4106 6204
258 307 329 364 27

1169 306 1229 367 S.
1272 308 1566 372 PETRUS
1604 309 1993 406 DAMIANUS
2036 311 2095 373 S.
2135 313 2205 374 Β.
2250 315 2314 373 Ε.
2359 315 2834 378 CARDINALIS.

3679 321 3751 379 ‘28

259 434 429 493 erunt
483 431 918 506 interpretandi.
979 433 1302 494 Fatendum
1364 443 1576 507 tamen,
1643 453 1829 512 usque
1888 436 2034 500 adA
2119 437 2193 495 II.
2245 441 2368 514 Age
2409 440 2604 517 itaque
2645 440 2832 515 primo
2879 457 3012 518 quae
3057 441 3241 515 magis
3284 442 3573 516 generalia
3615 452 3751 504 sunt

259 539 482 584 annum
531 521 638 582 989
688 529 743 581 et
795 521 901 582 990
945 523 1323 598 Ludulphum
1368 526 1494 584 sine
1543 532 1695 584 certa
1745 528 1962 600 regula,

257 614 508 690 simplici
546 614 723 675 ductu
766 613 1003 688 spiritus
1041 615 1154 685 sui,
1183 617 1497 690 discipulos
1525 617 1634 676 sibi
1661 619 1965 691 adjunctos

255 703 475 762 rexisse
519 725 530 758 :
576 707 710 760 tunc
742 702 899 760 enim
939 703 1220 760 duntaxat
1253 701 1407 776 apud
1452 703 1804 765 GatriamS.
1844 705 1960 764 Ro-

256 790 527 848 mualdus
550 790 850 863 habitavit,
873 807 906 848 a
929 807 1044 864 quo
1067 790 1126 850 S.
1152 790 1214 850 P.
1242 791 1535 850 Benedicti
1565 794 1824 866 regulam
1851 792 1964 852 Lu-

253 881 511 955 dulphus
540 879 775 953 accepit,
810 878 1100 953 simulque
1141 880 1447 953 perlectam
1479 882 1790 941 eremiticze
1828 883 1963 942 vitta

256 985 540 1040 normam,
591 977 645 1026 et
703 968 1110 1028 saluberrimas
1165 970 1556 1030 institutiones
1613 973 1830 1044 didicit,
1891 975 1964 1034 ad

257 1074 399 1131 quas
451 1057 717 1130 deinceps
768 1057 1039 1116 alumnos
1095 1073 1231 1116 suos
1283 1060 1555 1133 exigeret.
1608 1060 1752 1118 Cum
1805 1061 1963 1119 enim

255 1163 408 1210 anno
462 1151 566 1209 995
621 1149 902 1208 (llassensi
960 1151 1206 1209 abbatize
1258 1154 1564 1224 praefectus
1619 1152 1789 1211 fuerit
1844 1152 1961 1212 Ro-

259 1238 553 1307 mualdus,
598 1237 773 1310 idque
813 1242 910 1307 (ex
961 1236 1090 1295 Vita
1143 1253 1266 1311 cap.
1315 1239 1402 1311 2'2)
1457 1245 1589 1297 ante
1635 1240 1962 1313 quinquen-

255 1327 442 1398 nium,
506 1326 761 1398 adeoque
817 1342 971 1385 anno
1030 1325 1152 1395 990,
1218 1327 1304 1385 illi
1362 1329 1533 1387 fuerit
1589 1328 1872 1388 divinitus
1928 1346 1962 1387 a

256 1411 314 1471 S.
335 1411 658 1484 Apollinari
678 1413 1017 1483 revelatum,
1031 1415 1182 1487 quod
1203 1415 1441 1489 contigit
1466 1415 1786 1475 Romualdo
1807 1417 1961 1490 apud

257 1500 505 1558 Gatriam
541 1510 949 1575 commorante,
992 1511 1083 1576 (ex
1120 1506 1268 1564 Vita)
1300 1522 1422 1579 cap.
1480 1508 1557 1579 l9)
1607 1512 1845 1581 oportet,
1896 1515 1961 1567 ut

254 1606 406 1648 anno
451 1589 554 1648 989
598 1592 671 1649 ad
714 1592 917 1651 Catria3
947 1603 1199 1654 montem
1231 1612 1363 1654 cum
1395 1596 1724 1671 Ludulpho,
1769 1605 1822 1656 et
1866 1613 1958 1656 so-

251 1679 355 1737 ciis
388 1678 747 1740 Romualdus
782 1683 1136 1755 consisteret,
1169 1692 1223 1742 et
1259 1702 1411 1745 anno
1459 1687 1563 1746 990
1609 1689 1862 1747 monitus
1887 1688 1960 1746 ab

2042 541 2462 600 comparemus.
2492 529 2802 590 Romualdi
2823 530 3153 590 institutum
3178 531 3556 602 coenobiticas,
3579 540 3751 607 atque

2043 617 2350 678 eremiticas
2381 619 2516 678 vitae
2547 620 2949 695 conjunctione
2982 625 3414 698 comprehendi,
3447 623 3675 682 dissert.
3705 638 3745 698 ι,

2043 708 2224 780 capite
2273 708 2344 780 4,
2404 709 2819 782 probavimus,
2889 718 3060 786 atque
3126 713 3338 772 idcirco
3398 711 3456 771 S.
3523 712 3748 771 Patrem

2041 796 2330 870 plerisque
2376 799 2436 856 in
2480 799 2616 856 locis
2663 799 2925 858 omnobia
2971 802 3179 860 eremis
3226 801 3488 875 proxima
3531 801 3746 860 consti-

2042 887 2243 958 tuisse,
2289 893 2344 944 et
2393 894 2697 960 utramque
2741 889 2850 947 sub
2899 906 3014 948 uno
3060 897 3293 962 rectore,
3337 897 3452 948 tam
3497 891 3744 964 socialis,

2041 992 2216 1048 quam
2243 977 2513 1035 solitariae
2543 978 2864 1050 disciplinae
2892 979 3174 1038 familiam
3211 981 3514 1038 collocasse
3545 1001 3559 1038 :
3591 982 3746 1040 unde

2038 1065 2098 1123 in
2141 1067 2265 1140 ejus
2305 1065 2435 1124 Vita
2471 1083 2593 1140 cap.
2635 1065 2703 1124 30
2740 1067 3032 1137 docemur,
3081 1068 3236 1142 quod
3293 1090 3314 1119 α
3350 1068 3618 1142 praecepit
3648 1070 3750 1128 ab-

2039 1153 2178 1223 bati,
2234 1162 2294 1213 ut
2334 1153 2399 1211 in
2449 1170 2707 1212 eremum
2755 1154 3022 1214 secedens
3067 1170 3168 1227 per
3214 1161 3390 1213 totam
3437 1155 3749 1214 hebdoma-

2040 1241 2170 1300 dam
2229 1243 2291 1300 in
2347 1243 2490 1301 cella
2544 1245 2915 1316 consisteret,
2975 1244 3179 1302 diebus
3245 1261 3380 1302 vero
3438 1244 3754 1303 Dominicis

2041 1333 2244 1391 fratres
2287 1333 2358 1390 ad
2409 1333 2821 1392 monasterium
2868 1333 3108 1391 veniens
3157 1332 3436 1391 visitaret.
3479 1357 3500 1384 ιι
3533 1334 3663 1391 Jam
3708 1341 3762 1392 et

2039 1424 2192 1498 apud
2225 1424 2523 1482 Avellanaa
2553 1424 2926 1484 solitudinem
2965 1425 3283 1482 claustrum
3335 1425 3480 1498 erigi
3531 1426 3759 1483 curavit

2040 1513 2357 1572 Damianus
2410 1529 2511 1586 pro
2562 1515 2673 1583 his,
2722 1515 2823 1589 qui
2867 1514 3204 1572 cmnobitice
3248 1513 3445 1571 vivere
3489 1514 3754 1586 mallent,

2039 1611 2232 1676 atque,
2285 1617 2361 1659 ex
2413 1619 2523 1662 usu
2571 1603 3075 1674 monasteriorum,
3120 1603 3509 1675 processiones
3552 1604 3615 1661 in
3661 1620 3754 1662 so-

2041 1691 2436 1749 lemnitatibus
2507 1706 2676 1763 agere
2746 1691 3101 1763 gauderent,
3175 1697 3238 1748 ut
3316 1691 3438 1762 ipse
3513 1697 3754 1749 testatur

250 1767 450 1826 eodem
491 1777 687 1828 sancto
728 1769 1050 1845 Apollinari
1101 1773 1236 1832 inde
1284 1775 1616 1849 discederet,
1669 1776 2019 1857 ClassensiB
2043 1791 2177 1841 tom.
2207 1783 2310 1853 III,
2343 1798 2535 1856 opusc.
2572 1795 2700 1848 XIV,
2737 1782 2815 1839 ibi
2849 1802 2861 1840 :
2899 1807 2920 1834 αι
2952 1782 3285 1840 Claustrum
3328 1797 3557 1856 quoque
3580 1784 3748 1857 juxta

254 1859 517 1917 coenobio
547 1861 814 1934 proprius
840 1863 1134 1935 accedens,
1175 1865 1318 1922 dum
1352 1867 1756 1939 praefecturam
1792 1866 1956 1927 illius
2036 1871 2336 1932 ecclesiam
2378 1871 2636 1929 construi
2676 1872 2784 1929 hac
2824 1871 3144 1929 intentione
3196 1871 3550 1941 censuimus,
3593 1879 3655 1929 ut
3699 1872 3749 1929 si

252 1947 363 2005 sibi
393 1947 674 2008 divinitus
700 1946 1042 2009 destinatam
1067 1961 1436 2027 exspectaret.

905 2073 1148 2133 CAPUT
1179 2076 1282 2140 III.

259 2162 700 2220 Avellanitarum
750 2171 802 2221 et
876 2168 1372 2296 Camaldglensz‘um
1426 2173 1672 2229 instituti
1733 2189 1952 2245 compa-

1023 2258 1086 2295 ra
1138 2257 1187 2296 ο.

1023 2257 1187 2296 rana.

253 2319 862 2404 SYNOPSIS.7_Capiti_s
887 2328 1060 2404 huius
1091 2331 1468 2402 propositum.
1499 2333 1672 2404 Num.
1705 2333 1727 2390 1
1754 2331 1954 2404 biremi

317 2399 374 2478 et
411 2394 660 2478 ccenohii
695 2394 847 2468 apud
881 2394 1223 2478 Avellanam
1260 2403 1609 2478 conjunctio.
1650 2403 1702 2461 2.
1752 2402 1955 2478 Mona-

318 2464 564 2546 chorum
586 2474 666 2546 _et
694 2464 1108 2546 _eremitarum,
1157 2478 1333 2546 atque
1364 2464 1733 2546 inclusorum
1760 2474 1954 2546 insti-

321 2540 512 2615 tutum
567 2538 865 2615 Avellana}
917 2538 1122 2615 viguit.
1175 2538 1248 2599 3.’
1287 2544 1555 2615 Eremitis
1604 2545 1950 2615 obedientia,

321 2611 434 2686 tam
485 2608 638 2686 apud
686 2608 1063 2686 Anvellauitas,
1113 2629 1284 2686 quam
1336 2614 1826 2685 Camaldulenses,
1872 2608 1956 2672 in?

317 2677 556 2763 culcata.
595 2679 655 2763 ξ.
687 2680 986 2763 __Specialis
1027 2677 1620 2763 utriusqueinstituti
1666 2677 1956 2763 compara-

313 2749 412 2806 tio.
477 2749 527 2807 5.
591 2749 1168 2834 Qui_d:abstinentia,_
1212 2749 1283 2834 _et
1320 2757 1647 2834 jejunium,
1700 2749 1956 2834 biduana

320 2834 570 2904 quoque,
603 2829 657 2878 et
698 2824 981 2904 triduana,
1019 2824 1174 2898 apud
1210 2829 1274 2904 B_.
1320 2824 1694 2904 Bodulphum
1739 2830 1958 2904 Gamal-

318 2891 640 2976 d_ule:u.sem‘
680 2891 976 2976 pnrionrem,
1010 2891 1072 2955 et
1115 2902 1293 2976 apud
1324 2891 1556 2976 Petrum
1607 2902 1956 2976 Damianum

319 2963 665 3046 significent.
681 2963 748 3046 Β.
785 2963 1190 3046 Quotempore
1218 2973 1507 3046 jejunium
1541 2989 1614 3032 ex
1647 2973 1957 3046 Romualdi

320 3038 652 3114 praescripto
679 3038 752 3095 ab
779 3038 1292 3114 Avellane'nsibtis,
1316 3054 1370 3103 et
1414 3045 1958 3113 Gamaldulensibus

320 3106 741 3191 observaretur.
781 3112 832 3191 ἶ.
883 3112 989 3191 Per
1023 3121 1136 3191 tres
1175 3106 1402 3191 octavas
1447 3118 1518 3175 ab
1554 3106 1954 3191 utrisquere-

316 3177 624 3263 laxabatur
668 3180 1033 3263 abstinentia“.
1085 3188 1138 3263 βε
1191 3187 1332 3263 Quae
1380 3189 1590 3263 jejunii
1647 3177 1957 3263 disciplina

319 3248 586 3342 Paschali
607 3259 879 3342 tempore.
913 3255 964 3313 9.
1176 3248 1398 3342 rialiquo
1424 3248 1953 3342 annicursu‘apud

318 3326 592 3389 utrosque
628 3326 690 3381 in
725 3342 834 3384 usu
865 3336 1030 3385 esset.
1074 3330 1153 3387 10.
1190 3330 1269 3388 De
1303 3326 1703 3389 observatione
1736 3326 1953 3388 utrius-

320 3408 433 3475 αμθ
475 3395 969 3475 0μᾷῴᾶμῇωῇ
1018 3400 1076 3475 11
1127 3408 1180 3459 et
1200 3401 1318 3475 _12.
1352 3403 1444 3475 De
1482 3402 1714 3461 Sabbati
1757 3401 1954 3475 sancti

318 3470 384 3550 et
461 3465 1130 3550 A'igi‘liaei‘Nativitatis
1198 3472 1431 3550 Domini
1509 3473 1949 3550 consuetudine.

323 3534 564 3616 13‘.“De_'
587 3537 848 3616 lancibus
891 3541 960 3616 ad
1001 3544 1166 3614 panis
1217 3546 1444 3616 pondus
1487 3545 1842 3602 metiendum
1889 3544 1951 3600 in

319 3605 479 3684 cellis
505 3605 1058 3684 Camaldulepsium,
1087 3622 1140 3670 et
1164 3605 1644 3674 Avellanitarum.
1667 3617 1746 3674 14.
1764 3615 1954 3673 Librae

320 3677 634 3808 5611351.:
664 3681 972 3810 genedicto
1024 3677 1373 3761 praescripta)
1419 3702 1690 3746 mensura
1738 3703 1808 3746 ex
1861 3688 1955 3746 his

320 3839 365 3898 Ι.
417 3839 501 3896 Ne
540 3841 673 3912 quis
705 3848 899 3901 autem
945 3853 1120 3918 putet,
1169 3863 1325 3906 mere
1367 3849 1668 3906 arbitraria
1712 3847 1952 3920 scripto-

248 3942 382 3986 rum
413 3927 825 4002 imaginatione
855 3933 982 3999 niti,
1027 3935 1180 4006 quod
1224 3935 1288 3992 B.
1343 3936 1703 4008 Lodulphus,
1759 3943 1824 3992 ut
1869 3951 1957 3992 ca-

251 4018 366 4092 pite
405 4020 749 4091 praecedenti
795 4023 1192 4096 exposuimus,
1238 4025 1346 4083 sub
1387 4025 1689 4096 disciplina
1741 4025 1797 4084 S.
1848 4025 1957 4084 Ro-

249 4111 474 4170 mualdi
501 4116 797 4183 meruerit,
822 4117 896 4174 ab
921 4131 1107 4191 eoque
1136 4115 1428 4174 eremitice
1456 4116 1689 4174 vivendi
1725 4116 1955 4188 regulas

249 4203 592 4262 Avellanitis
622 4205 745 4263 suis
774 4206 1103 4276 tradendas,
1135 4205 1415 4279 acceperit
1447 4230 1460 4264 :
1487 4207 1654 4280 juvat
1682 4208 1956 4280 praesenti

250 4292 431 4364 capite
480 4299 795 4366 utrumque
845 4294 1178 4353 institutum
1237 4295 1520 4363 conferre,
1566 4309 1689 4368 quo
1747 4309 1956 4367 nempe

250 4377 481 4436 indubii
521 4380 790 4454 discipuli
842 4380 901 4440 S.
947 4383 1277 4453 Bomualdi,
1324 4383 1615 4456 primique
1652 4381 1956 4439 Camaldu-

254 4469 442 4526 lenses
480 4485 554 4526 ex
599 4485 716 4528 una
763 4477 942 4543 parte,
987 4487 1061 4529 ex
1097 4471 1210 4530 alia
1260 4487 1396 4531 vero
1437 4472 1503 4530 B.
1545 4471 1862 4545 Ludulphi,
1893 4487 2028 4573 acD

254 4558 405 4616 Petri
449 4557 716 4616 Damiani
759 4568 1078 4632 sectatores,
1132 4562 1412 4620 nimirum
1459 4569 1678 4620 veteres
1726 4561 1958 4619 Avella-

252 4647 412 4717 nitze,
444 4647 535 4705 usi
565 4655 740 4722 sunt;
775 4665 888 4724 quo
918 4651 1109 4708 statim
1135 4650 1434 4719 constabit,
1469 4650 1543 4708 ab
1569 4666 1688 4709 una
1727 4651 1957 4708 eadem-

252 4751 365 4810 que
387 4737 593 4806 radice,
617 4753 824 4811 nempe
850 4741 916 4797 D.
943 4739 1266 4799 Romualdo
1292 4741 1662 4798 eremitarum
1693 4739 1959 4797 omnium

255 4824 420 4898 duce,
477 4829 584 4886 hos
653 4834 710 4886 et
770 4827 905 4886 illos
957 4829 1170 4902 pariter
1218 4835 1573 4903 propagatos.
1630 4829 1702 4886 Et
1751 4845 1959 4903 quam-

255 4916 345 4973 vis
389 4916 496 4974 hoc
539 4917 734 4991 ipsum
783 4933 857 4975 ex
901 4917 1301 4976 dissertatione
1334 4921 1354 4975 1
1390 4919 1525 4975 satis
1572 4916 1810 4988 eluceat,
1857 4917 1960 4976 ubi

256 5003 575 5077 praesertim
606 5020 726 5079 cap.
757 5005 810 5076 4,
842 5020 1005 5063 num.
1051 5005 1086 5063 8
1116 5012 1171 5062 et
1207 5006 1298 5076 ‘21,
1348 5013 1520 5078 atque
1561 5003 1700 5062 alibi
1747 5005 1961 5078 passim

256 5093 637 5166 ostendimus,
669 5095 737 5153 D.
773 5092 1086 5154 Romualdi
1121 5093 1452 5152 institutum
1481 5093 1633 5166 apud
1663 5092 1962 5151 AVellanaa

258 5181 497 5253 fontem,
544 5196 712 5254 teque
756 5199 821 5240 ac
865 5183 1014 5257 apud
1063 5197 1281 5241 sacram
1320 5179 1644 5239 Camalduli
1677 5195 1961 5249 eremum,

259 5276 458 5329 exacte
506 5269 918 5330 observatum:
949 5274 1056 5330 hoc
1108 5271 1232 5330 loco
1290 5277 1481 5328 tamen
1538 5269 1597 5328 id
1658 5268 1963 5342 specialius

261 5361 368 5418 erit
401 5375 477 5417 ex
522 5360 676 5419 Petri
717 5350 1004 5433 Damiani,
1037 5367 1092 5420 et
1116 5361 1180 5420 Β.
1213 5360 1526 5434 Rodulphi,
1559 5358 1805 5431 aliisque
1836 5373 1964 5416 mo-

259 5453 573 5521 numentis,
619 5468 736 5511 non
778 5451 948 5526 longa
995 5453 1251 5526 quidem,
1299 5459 1353 5510 et
1398 5457 1659 5510 accurata
1712 5448 1963 5522 partium

259 5542 712 5612 enumeratione,
760 5541 853 5600 sed
903 5541 1061 5598 brevi
1104 5541 1304 5598 saltem
1335 5541 1763 5613 praecipuorum
1791 5553 1962 5596 cano-

262 5647 405 5693 num
435 5633 770 5708 specimine,
798 5632 1330 5692 demonstrandum.

2034 1981 2211 2040 quem
2265 1962 2455 2020 adhuc
2506 1961 2711 2020 inolita
2761 1961 3189 2020 monasterialis
3237 1961 3458 2020 ordinis
3511 1977 3751 2020 consue-

2033 2054 2174 2113 tudo
2201 2050 2460 2120 delectat,
2495 2048 2702 2107 habeat
2749 2049 2854 2107 ubi
2896 2048 2957 2105 in
2988 2048 3302 2122 praecipuis
3344 2049 3752 2109 festivitatibus

2035 2140 2370 2201 solemniter
2420 2153 2494 2195 ex
2550 2152 2707 2195 more
2759 2137 3026 2211 procedat
3083 2157 3094 2196 :
3148 2139 3241 2197 cui
3299 2144 3354 2196 et
3405 2139 3754 2212 processioni

2034 2244 2264 2290 crucem
2318 2233 2649 2299 argenteam
2702 2227 2840 2284 satis
2896 2226 3162 2285 idoneam
3209 2229 3668 2300 procuravimus.
3725 2250 3752 2282 ››

2035 2323 2117 2381 De
2153 2319 2367 2396 quibus
2411 2318 2708 2376 monachis
2738 2333 2911 2390 prope
2940 2318 3239 2374 ecclesiam
3279 2319 3618 2377 cmnobitice
3661 2320 3748 2377 vi-

2037 2411 2309 2470 ventibus
2351 2406 2617 2466 meminit
2659 2406 2832 2462 etiam
2877 2421 3069 2478 opusc.
3118 2417 3220 2475 xv,
3253 2420 3373 2478 cap.
3425 2407 3478 2476 7,
3532 2407 3633 2466 ubi
3687 2407 3760 2466 de

2038 2501 2231 2560 Servis
2280 2500 2404 2556 ait:
2444 2520 2467 2546 ιι
2501 2494 2784 2553 Nonnulli
2831 2509 3062 2567 quoque
3103 2494 3174 2550 ad
3228 2494 3546 2554 audiendas
3601 2497 3754 2569 psal-

2036 2591 2163 2648 terii
2219 2587 2446 2660 vigilias
2497 2585 2786 2643 maturius
2835 2588 3102 2654 surgunt,
3155 2598 3291 2641 cum
3343 2584 3432 2640 his
3491 2583 3756 2643 videlicet

2037 2679 2334 2744 fratribus,
2365 2675 2466 2750 qui
2493 2673 2644 2747 apud
2688 2672 2988 2730 ecclesiam
3021 2681 3470 2730 commorantur.
3505 2694 3533 2722 π

2105 2766 2210 2824 ΙΙΙ.
2253 2765 2323 2822 Et
2368 2780 2501 2821 cum
2548 2770 2658 2820 tres
2708 2761 2889 2819 veluti
2929 2760 3336 2829 religiosorum
3385 2762 3600 2835 species
3645 2761 3749 2818 Ca-

2039 2854 2397 2915 maldulense
2442 2851 2794 2922 institutum,
2842 2850 3151 2908 Romualdi
3197 2858 3365 2920 nutu,
3410 2851 3752 2924 complecta-

2037 2953 2152 3013 tur,
2206 2959 2412 3016 nempe
2459 2939 2792 3010 cmnobitas,
2854 2947 2911 2997 et
2957 2938 3227 2997 eremitas
3277 2946 3522 3012 apertos,
3579 2946 3752 3012 atque

2037 3034 2291 3095 reclusos
2333 3033 2723 3100 anachoretas,
2768 3039 2831 3089 ut
2875 3032 2997 3103 jam
3049 3029 3172 3087 loco
3219 3028 3388 3086 citato
3432 3027 3751 3085 declaravi-

1977 3130 2405 3218 Gmus,_patet_
2417 3122 2688 3218 profecto,
2728 3122 2834 3178 hos
2872 3122 3025 3218 ipsos
3056 3119 3218 3218 apud
3256 3116 3557 3218 Avellanze
3598 3117 3749 3175 Fon-

2041 3222 2152 3273 tem
2185 3215 2335 3272 Petri
2368 3213 2634 3271 Damiani
2666 3218 2916 3283 tempore
2942 3209 3200 3278 vixisse;
3230 3207 3384 3265 unde
3411 3223 3611 3280 opusc.
3640 3219 3747 3280 XV,

2039 3319 2160 3375 cap.
2203 3303 2262 3360 18
2306 3303 2411 3359 hos
2459 3308 2571 3358 tres
2618 3300 2834 3372 gradus
2882 3303 3230 3362 enumerat,
3276 3295 3416 3353 dum
3462 3297 3588 3353 ait:
3630 3321 3650 3346 ι
3681 3298 3749 3356 In

2039 3390 2179 3463 ipsis
2213 3397 2406 3448 autem
2445 3387 2671 3446 cellulis
2709 3402 3011 3460 nunquam
3051 3384 3364 3456 loquantur
3403 3383 3599 3454 alicui,
3637 3386 3751 3444 nisi

2039 3479 2184 3536 forte
2231 3485 2331 3536 aut
2379 3476 2618 3535 omnino
2667 3483 2966 3533 morentur
3003 3473 3236 3545 inclusi,
3279 3478 3381 3530 aut
3418 3471 3593 3528 etiam
3636 3474 3752 3532 sint

2034 3569 2204 3643 juxta
2244 3567 2659 3625 monasterium
2697 3563 3012 3622 constituti.
3052 3588 3072 3612 ι
3106 3564 3325 3636 Nempe
3377 3562 3450 3620 ab
3497 3563 3753 3620 eremitis

2040 3660 2254 3736 apertis
2293 3659 2591 3717 silentium
2638 3657 2699 3713 in
2745 3654 2887 3712 cella
2925 3654 3142 3712 servari
3183 3655 3545 3727 praecipiens,
3589 3668 3752 3710 secus

2041 3766 2218 3826 quam
2265 3764 2401 3807 cum
2444 3749 2682 3822 penitus
2721 3744 2930 3802 reclusi
2969 3743 3194 3809 vivunt,
3243 3744 3341 3818 qui
3389 3759 3448 3800 se
3491 3741 3752 3798 invisen-

2043 3842 2200 3900 tibus
2223 3839 2472 3909 colloqui
2498 3837 2561 3893 in
2592 3835 2714 3907 ipsa
2743 3832 2886 3891 cella
2914 3848 3030 3891 non
3062 3832 3462 3905 prohibentur,
3492 3837 3590 3887 aut
3618 3845 3751 3887 cum

2043 3931 2195 3987 inter
2241 3925 2556 3984 coenobitas
2623 3922 2858 3994 degunt,
2912 3934 3061 3992 quos
3111 3927 3227 3977 tam
3285 3918 3452 3992 rigidi
3511 3933 3751 3976 censura

2043 4016 2262 4075 silentii
2312 4029 2429 4071 non
2482 4011 2764 4083 astringit.
2830 4007 2898 4065 Et
2954 4024 3090 4066 sane
3157 4008 3467 4066 monachos
3519 4005 3753 4063 instruit

2046 4108 2248 4165 Petrus
2277 4103 2542 4162 Damiani
2567 4099 2848 4174 opusculo
2879 4111 3004 4167 x111,
3034 4097 3187 4172 quod
3213 4104 3297 4156 est
3321 4101 3401 4160 De
3423 4099 3754 4168 perfectione

2043 4198 2445 4257 monachorum,
2500 4191 2601 4249 ubi
2651 4196 2706 4247 et
2759 4189 2832 4246 de
2880 4189 3125 4246 diversis
3176 4186 3506 4244 monasterii
3551 4184 3755 4243 oﬂiciis

2046 4285 2299 4358 disputat
2333 4302 2345 4340 :
2379 4281 2646 4339 eremitas
2699 4277 2949 4336 instituit
2999 4275 3292 4349 opusculis
3349 4286 3455 4331 XIV
3515 4279 3571 4331 et
3627 4285 3751 4344 XV,

2045 4391 2248 4435 omnes
2285 4373 2663 4447 jejuniorum,
2705 4369 3071 4443 aliarumque
3102 4365 3498 4423 distritionum
3526 4363 3755 4436 regulas

2046 4472 2238 4538 aperte
2290 4463 2601 4537 disponens
2655 4484 2666 4517 :
2730 4458 2984 4516 reclusos
3037 4457 3255 4530 dirigit,
3314 4464 3433 4514 tum
3493 4454 3594 4511 lib.
3653 4466 3753 4523 VI,

2046 4554 2211 4628 epist.
2271 4552 2359 4622 30,
2415 4566 2546 4624 quae
2601 4553 2685 4606 est
2733 4545 2805 4604 ad
2861 4545 3256 4613 Theuzonem,
3322 4543 3503 4600 variis
3553 4555 3756 4600 eorum

2047 4643 2331 4716 exemplis
2379 4639 2666 4710 adductis,
2719 4645 2785 4696 ut
2834 4635 3066 4693 Martini
3129 4634 3397 4704 Storacis,
3435 4658 3456 4682 υ
3495 4633 3596 4706 qui
3634 4633 3757 4707 jam

2045 4750 2148 4809 per
2188 4734 2297 4790 tria
2349 4731 2528 4790 lustra
2583 4743 2699 4785 non
2753 4724 2984 4798 prodiit,
3032 4745 3053 4773 υ
3095 4724 3263 4796 Lupi,
3307 4747 3326 4772 ι
3371 4723 3472 4796 qui
3537 4737 3596 4778 se
3653 4737 3756 4794 pro

2046 4827 2263 4879 aeterna
2293 4820 2550 4877 libertate
2583 4841 2603 4867 η
2637 4815 2882 4888 propriae
2921 4813 3083 4871 cellae
3124 4835 3150 4862 ιι
3189 4810 3400 4868 carceri
3431 4809 3686 4878 inclusit,
3723 4833 3750 4860 ι)

2047 4911 2278 4979 Leonis,
2331 4916 2387 4966 et
2431 4907 2716 4975 aliorum;
2764 4910 2890 4961 tum
2941 4899 3218 4970 opusculo
3263 4899 3296 4957 9
3337 4901 3569 4971 docens,
3616 4896 3753 4954 soli-

2047 5000 2222 5058 tarios
2276 4998 2336 5054 in
2392 4995 2609 5054 divinis
2655 4992 2876 5061 ofﬁciis,
2931 4998 2986 5047 et
3033 4989 3210 5047 sacris
3263 4987 3554 5063 mysteriis
3602 4983 3752 5042 cele-

2047 5087 2306 5156 brandis,
2363 5082 2639 5141 formulas
2689 5081 2761 5138 ab
2813 5077 3065 5137 Ecclesia
3120 5085 3462 5152 usurpatas:
3496 5077 3755 5130 Dominus

2048 5178 2340 5232 vobiscum.
2373 5173 2507 5226 Jube
2533 5171 2724 5224 domne
2757 5169 3078 5232 benedicere,
3117 5174 3246 5237 etc.,
3280 5164 3412 5222 licet
3441 5160 3585 5219 alios
3614 5174 3759 5232 pras-

2048 5272 2237 5326 sentes
2279 5276 2599 5335 supponere
2637 5259 2964 5327 videantur,
3015 5259 3321 5316 immutare
3373 5267 3488 5311 non
3547 5266 3754 5324 posse:

2048 5355 2202 5430 quod
2268 5350 2614 5426 opusculum
2674 5372 2694 5397 u
2762 5348 2942 5406 Leoni
2994 5361 3188 5404 amore
3252 5356 3518 5415 superna:
3584 5339 3759 5397 liber-

2051 5445 2180 5502 tatis
2223 5440 2447 5500 incluso
2483 5463 2503 5489 »
2536 5437 2877 5497 inscribitur
2906 5461 2919 5495 :
2954 5442 3015 5495 ut
3053 5432 3394 5508 Opusculum
3429 5441 3533 5500 xv,
3582 5455 3607 5480 ι
3641 5430 3763 5488 Ste-

2051 5537 2244 5609 phano
2285 5546 2480 5590 amore
2527 5546 2796 5604 supernae
2847 5527 3138 5585 charitatis
3191 5523 3417 5580 incluso
3457 5547 3482 5570 »
3539 5538 3758 5580 nuncu-

2050 5631 2255 5695 patur,
2309 5637 2483 5697 quem
2543 5636 2616 5679 ex
2669 5635 2737 5678 eo
2795 5616 3007 5688 laudat,
3069 5613 3203 5687 quia
3235 5635 3261 5666 (ι
3298 5610 3759 5671 monasterialem
