4100 6210
250 293 324 352 29

1140 294 1721 362 PROLEGOMENA.
1763 332 1822 345 —
1869 302 1962 362 DE
2001 303 2405 368 INSTITUTO
2443 308 2876 374 CAMALDUL.

3684 318 3757 379 30

248 418 621 478 latitudinem
660 418 912 493 fugiens,
939 434 1085 516 more
1115 421 1340 516 fervido
1376 425 1604 500 spiritu,
1642 426 1872 486 cellula)
1900 436 2026 496 seA
2050 431 2175 491 haec
2212 432 2371 492 aliud
2425 437 2568 510 quid
2612 438 2861 509 additur,
2895 442 3211 513 perfectum
3249 441 3544 516 jejunium
3591 445 3748 510 (sive,

244 508 633 568 mrceralibus
658 508 943 582 angustiis
971 509 1318 571 inclusisset.
1354 534 1377 564 ι

2046 525 2108 578 ut
2138 523 2298 579 habet
2334 540 2516 596 opusc.
2554 538 2660 592 XV,
2695 546 2815 600 cap.
2856 526 2907 599 6,
2952 529 3013 587 in
3063 543 3255 588 eremo
3287 527 3598 602 jejunium)
3638 545 3752 588 non

317 596 421 655 IV.
457 597 685 657 Rursus
707 599 1199 693 quemadmodum
1229 602 1548 693 praecipuas
1585 620 1709 664 suae
1743 605 1961 664 sollici-
2049 617 2302 670 vocatur.
2338 636 2360 665 ι
2393 613 2598 690 Itaque
2637 596 2790 677 idem
2823 596 2987 678 sonat
3015 619 3168 693 apud
3214 596 3591 692 Bodulphum
3622 621 3749 676 abs-

244 686 472 744 tudinis
515 694 702 760 partes
752 703 817 746 eo
872 688 1090 748 direxit
1141 689 1521 764 Romualdus,
1555 698 1620 752 ut
1670 696 1958 770 eremitas,

238 774 389 831 olim
420 791 526 833 suo
553 775 811 849 ipsorum
837 777 1075 836 arbitrio
1104 779 1384 854 viventes,
1416 781 1485 839 ad
1521 783 1789 843 salutaris
1821 786 1956 844 obe-

236 862 486 922 dientiae
521 866 730 940 jugum
769 874 1078 938 revocaret,
1115 884 1220 928 nec
1257 871 1381 928 sine
1417 872 1639 944 praelati
1669 874 1958 951 jussione,

236 961 340 1010 aut
371 969 682 1023 consensu,
711 971 920 1027 magna
948 961 1322 1033 quantumvis
1364 977 1538 1035 opera
1583 963 1694 1022 sibi
1727 966 1799 1024 ad
1829 982 1955 1024 me-

236 1045 422 1104 ritum
493 1047 794 1120 profutura
865 1058 1178 1123 sperarent,
1239 1058 1304 1110 ut
1355 1053 1556 1113 disser.
1620 1069 1660 1126 Ι,
1717 1073 1839 1131 cap.
1895 1059 1950 1130 5,

232 1149 405 1191 num.
437 1134 472 1192 6
494 1144 549 1193 et
581 1152 740 1211 seqq.
770 1138 1163 1212 explicuimus
1198 1165 1210 1198 :
1243 1142 1322 1200 ita
1352 1143 1504 1202 nihil
1533 1147 1734 1222 magis,
1771 1163 1950 1222 quam

233 1226 385 1282 hanc
437 1224 623 1297 ipsam
669 1226 1012 1286 obedientize
1060 1230 1336 1290 virtutem
1388 1234 1644 1294 eremitis
1699 1237 1951 1296 inculcat

231 1315 441 1374 Petrus
475 1315 762 1387 Damiani,
797 1319 869 1376 de
905 1335 1022 1394 qua
1051 1336 1249 1393 opusc.
1285 1335 1392 1395 xv,
1423 1340 1546 1398 cap.
1594 1327 1656 1384 i8
1687 1328 1813 1386 haec
1844 1329 1946 1386 ha-

2044 705 2286 760 tinentiw
2318 720 2547 778 nomen,
2581 710 2733 782 quod
2770 711 2922 784 apud
2976 710 3326 769 Damianum
3366 712 3573 782 jejunii
3623 726 3750 785 per-

2045 793 2194 864 fecti,
2248 795 2370 853 sive
2413 798 2691 856 eremitici
2733 799 3080 859 vocabulum
3111 825 3122 858 :
3153 800 3255 859 ubi
3299 816 3434 858 vero
3480 800 3747 873 pulmen-

2042 887 2166 939 tum
2212 885 2496 956 quodvis,-
2522 888 2693 946 unica
2735 890 3044 948 refectione
3093 895 3336 957 servata,
3376 887 3683 960 amittitur,
3713 905 3748 946 a

2039 973 2346 1047 Rodulpho
2389 980 2627 1049 simplecc
2650 981 2946 1050 jejunium,
2977 997 3012 1037 a
3058 979 3225 1038 Petro
3267 980 3535 1038 Damiani
3582 985 3746 1037 unica

2034 1065 2256 1130 refectio
2330 1075 2717 1140 nuncupatur.
2776 1069 3000 1128 Rursus
3067 1074 3308 1141 quinque
3377 1073 3589 1127 dierum
3645 1089 3747 1144 per

2035 1152 2428 1211 hebdomadam
2465 1158 2744 1227 jejunium
2792 1160 2945 1232 apud
2991 1159 3223 1218 Petrum
3272 1160 3537 1218 Damiani
3588 1161 3743 1219 idem

2033 1247 2217 1311 sonat,
2263 1245 2419 1316 quod
2469 1249 2751 1313 triduana,
2806 1255 2862 1306 et
2909 1251 3151 1305 biduana
3189 1252 3521 1306 abstinentia
3565 1265 3743 1324 penes

2033 1331 2435 1406 Bodulphum;
2476 1353 2630 1409 nam,
2663 1345 2727 1396 ut
2772 1338 2962 1411 inquit
3006 1339 3223 1398 Paulus
3265 1340 3631 1399 Justinianus
3676 1341 3739 1398 in

226 1404 324 1462 bet
359 1424 371 1462 :
414 1427 435 1454 ι
468 1403 622 1462 Illud
653 1405 823 1477 plane
850 1422 1219 1482 summopere
1251 1417 1334 1469 est
1363 1415 1708 1485 cavendum,
1741 1431 1814 1474 ne
1839 1417 1947 1476 sub
2029 1403 2249 1493 Regula
2300 1403 2436 1484 vitae
2472 1403 2782 1486 eremiticze
2827 1403 2950 1502 cap.
3001 1429 3069 1485 27
3101 1447 3114 1486 :
3149 1452 3170 1478 σι
3221 1427 3503 1498 Biduana,
3530 1437 3585 1487 et
3635 1429 3740 1487 tri-

227 1493 420 1552 colore
471 1495 606 1568 quis
651 1495 964 1554 eremiticae
1017 1497 1172 1567 vitm,
1238 1501 1448 1574 jugum
1501 1503 1772 1564 detrectet
1815 1507 1946 1566 obe-
2027 1507 2219 1566 duana
2248 1517 2387 1570 tunc
2436 1507 2789 1574 vocabantur
2818 1517 3064 1590 jejunia,
3096 1532 3229 1575 cum
3279 1518 3418 1576 feria
3459 1518 3735 1588 secunda,

226 1581 502 1652 dieutiee;
578 1582 694 1640 imo
766 1590 920 1642 tanto
975 1601 1035 1643 se
1090 1587 1319 1646 arctiori
1396 1590 1740 1652 obedientiaa
1821 1594 1946 1668 lege
2030 1597 2211 1668 tertia,
2258 1607 2313 1657 et
2365 1611 2589 1674 quarta,
2645 1611 2699 1661 et
2748 1581 2941 1678 postea
2976 1581 3138 1663 scitta
3197 1605 3356 1676 feria,
3387 1612 3442 1663 et
3495 1605 3741 1664 Sabbato

227 1672 608 1744 constringat,
658 1680 874 1746 quanto
927 1674 1077 1732 hanc
1122 1676 1545 1739 institutionem
1598 1699 1941 1757 superexce-
2024 1687 2086 1744 in
2144 1703 2309 1761 pane,
2371 1672 2424 1748 et
2478 1707 2627 1766 aqua
2673 1692 3060 1766 jejunabant:
3103 1702 3165 1753 ut
3214 1694 3472 1768 priorum
3525 1695 3742 1754 scilicet

229 1758 363 1817 dere
399 1761 826 1820 cuenobitarum
864 1764 1128 1837 regulam
1169 1781 1284 1826 non
1324 1769 1567 1842 ignorat.
1606 1758 2203 1856 ObedientiaBtrium
2255 1777 2483 1838 dierum
2532 1758 2824 1852 triduana,
2884 1786 3252 1858 sequentium
3303 1799 3438 1842 vero
3488 1783 3739 1842 duorum

230 1848 465 1922 quippe,
508 1856 567 1907 et
605 1850 757 1910 bona
801 1859 994 1912 nostra
1037 1860 1418 1929 commendat,
1470 1868 1525 1919 et
1572 1848 2278 1938 negligentiae-biduana
2333 1870 2618 1931 diceretur
2661 1848 3028 1934 abstinentia.
3079 1897 3100 1927 ι
3140 1874 3282 1944 Quae
3329 1876 3564 1948 quidem
3621 1891 3739 1934 mo-

228 1935 479 1994 oﬂ'ensas
508 1947 765 1998 excusat.
799 1940 873 1999 Ut
912 1958 1048 2015 ergo
1085 1952 1277 2004 nostra
1305 1947 1376 2006 sit
1416 1935 1672 2022 remotio,
1707 1935 1797 2011 vel
1853 1955 1940 2013 af-
2023 1950 2223 2019 nuisse
2275 1964 2545 2035 oportuit,
2591 1980 2664 2023 ne
2715 1981 2787 2023 ex
2848 1966 3177 2025 diversitate
3229 1967 3355 2025 soni
3402 1967 3735 2039 verborum,

232 2027 410 2087 ﬂictio
469 2031 781 2102 fructuosa,
821 2033 1138 2094 salutiferae
1194 2038 1268 2096 sit
1316 2056 1542 2114 semper
1595 2045 1940 2106 obedientize

238 2116 355 2172 sale
392 2117 610 2176 condita
640 2143 654 2177 :
690 2128 746 2178 et
773 2136 1170 2198 quoscumque
1205 2125 1343 2185 boni
1373 2130 1561 2201 operis
1598 2133 1712 2190 vita
1745 2143 1940 2194 nostra

235 2222 427 2265 ramos
469 2211 776 2284 expandat,
818 2212 881 2270 in
933 2214 1121 2274 radice
1166 2232 1393 2289 semper
1431 2220 1778 2282 obedientize
1831 2242 1937 2284 ne-

230 2310 387 2352 cesse
414 2304 499 2354 est
523 2299 821 2357 coalescat.
856 2325 876 2351 ι
912 2301 1055 2372 Qum
1082 2303 1253 2376 plane
1286 2320 1538 2366 consona
1567 2317 1705 2369 sunt
1727 2310 1793 2369 B.
1824 2312 1937 2372 Ito-

103 2436 120 2454 ,
227 2385 435 2460 dulphi
489 2389 695 2460 prioris
734 2389 1194 2454 Camaldulensis
1244 2397 1498 2469 monitis,
1527 2400 1585 2456 in
1641 2402 1933 2461 constitut.

224 2476 363 2533 anni
399 2477 556 2548 1080,
585 2495 706 2553 cap.
741 2480 828 2550 40,
863 2481 944 2541 sic
991 2484 1282 2558 loquentis
1313 2506 1325 2546 :
1361 2507 1390 2540 α
1423 2487 1562 2547 Hmc
1606 2490 1793 2550 virtus
1843 2507 1934 2550 so-

225 2564 432 2624 litat-iis
472 2569 640 2626 valde
687 2560 1010 2630 necessaria
1056 2583 1159 2645 est,
1191 2584 1258 2635 ut
1304 2593 1418 2650 quo
1477 2579 1772 2640 duriorem
1824 2583 1934 2642 du-

220 2664 361 2712 cunt
417 2656 618 2728 vitam,
679 2675 746 2719 eo
796 2661 1113 2735 pleniorem
1165 2665 1468 2725 observent
1520 2669 1928 2730 obedientiam.

221 2742 476 2812 Quidam
505 2761 775 2821 namque,
803 2749 913 2807 sub
939 2751 1181 2810 obtentu
1213 2756 1515 2815 sanctioris
1543 2759 1697 2828 vitae,
1724 2761 1932 2832 jugum

219 2844 496 2893 recusant
531 2837 866 2899 obedientize
902 2861 916 2900 :
950 2851 1155 2914 putant
1190 2847 1347 2904 enim
1378 2863 1439 2906 se
1466 2847 1590 2923 lege
1627 2850 1935 2911 obediendi

219 2927 458 2994 solutos,
517 2941 584 2984 eo
633 2930 790 3002 quod
850 2931 1080 2990 arctiori
1144 2937 1454 2996 eremiticze
1535 2938 1680 3004 κόςδά
1712 2941 1931 3000 .studio

216 3029 274 3070 se
317 3023 540 3073 norunt
567 3017 846 3076 astrictos.
885 3019 995 3079 Sed
1027 3021 1108 3080 ibi
1160 3032 1311 3083 certe
1360 3027 1538 3100 major
1591 3026 1930 3096 debetncsea

2021 2061 2301 2108 sensuum
2331 2053 2682 2128 quandoque
2713 2055 2958 2114 varietas
2988 2063 3345 2129 argueretur.

2094 2136 2221 2196 VII.
2256 2139 2425 2198 Nunc
2472 2158 2587 2215 quo
2634 2143 2774 2201 anni
2819 2151 3073 2218 tempore
3121 2145 3249 2202 haec
3297 2144 3499 2214 tridui,
3540 2143 3721 2202 bidui-

2020 2241 2152 2296 que,
2183 2243 2283 2285 seu
2313 2229 2573 2302 quinque
2604 2246 2704 2304 per
2736 2231 3155 2290 hebdomadam
3189 2232 3415 2291 dierum
3447 2232 3736 2289 abstinen-

2021 2313 2099 2370 tia
2145 2317 2245 2384 (ex
2290 2315 2456 2372 dictis
2490 2316 2716 2374 dissert.
2750 2332 2790 2388 1,
2834 2334 2957 2390 cap.
2993 2318 3046 2388 3,
3086 2335 3248 2376 num.
3285 2319 3338 2389 3,
3385 2320 3458 2377 ab
3487 2320 3736 2394 ipsomet

2019 2401 2344 2460 Romualdo
2399 2406 2622 2462 cunctis
2670 2406 2981 2464 eremiticae
3017 2422 3140 2464 suae
3190 2407 3514 2479 disciplinae
3555 2413 3731 2463 secta-

2021 2489 2238 2547 toribus
2275 2491 2530 2564 przeﬁxa)
2573 2494 2725 2566 apud
2758 2493 3113 2553 Avellanitas
3151 2495 3453 2564 obtineret,
3499 2510 3574 2552 ex
3623 2494 3735 2552 Pe-

2019 2579 2090 2635 tri
2146 2580 2415 2638 Damiani
2470 2596 2667 2654 Opusc.
2720 2595 2826 2642 XIV
2862 2592 2919 2642 et
2955 2597 3063 2653 xv,
3117 2600 3238 2657 cap.
3294 2585 3347 2654 6,
3391 2584 3726 2641 discamus:

2019 2688 2046 2721 α
2079 2668 2170 2725 ΑΙ)
2217 2669 2436 2737 Idibus,
2488 2672 2698 2746 inquit,
2745 2672 3116 2746 Septembris,
3156 2689 3342 2747 usque
3393 2673 3464 2730 ad
3517 2673 3732 2731 Resur-

2015 2758 2326 2818 rectionem
2400 2761 2790 2834 Dominicam,
2849 2764 3110 2838 quinque
3164 2778 3263 2836 per
3315 2761 3732 2820 hebdomadam

2015 2848 2220 2906 diebus
2279 2857 2503 2909 tenetur
2557 2851 2651 2908 hic
2698 2867 2774 2908 ex
2829 2867 2988 2910 more
3028 2851 3344 2924 jejunium.
3403 2873 3424 2902 ι
3459 2849 3730 2919 Quandiu

2011 2940 2258 2999 ~vern.id
2311 2940 2681 3010 observarent
2727 2942 3218 3012 Camaldulenses,
3274 2941 3436 3000 docet
3485 2940 3548 2998 B.
3611 2940 3732 2998 Ro-

2012 3031 2268 3105 dntphns
2310 3033 2480 3105 princ
2509 3032 2923 3092 in-“tconstitut.
2981 3034 3100 3104 cit.,
3157 3049 3278 3106 cap.
3321 3032 3402 3103 ll,
3444 3030 3545 3089 ubi
3597 3031 3676 3088 ait
3710 3049 3723 3088 :

211 3101 522 3160 obediendi
574 3104 937 3166 observantia
983 3109 1088 3168 ubi
1140 3111 1474 3188 ferventior,
1532 3123 1588 3176 et
1643 3101 2040 3213 austeriorci
2087 3101 2139 3178 Α
2171 3121 2733 3196 principm'majoris
2781 3122 3247 3213 Quadragesimze
3285 3136 3477 3213 usque
3514 3119 3575 3213 in
3619 3118 3729 3213 Pa-

211 3200 292 3246 est
321 3191 567 3250 vivendi
594 3194 904 3253 cultura.»
1094 3210 1104 3216 ·
1345 3231 1354 3267 ε
1419 3213 1508 3270 ιέῖ
1579 3239 1597 3256 ι
1677 3234 1710 3261 ει
1759 3221 1914 3270 .τ·;’

277 3277 350 3334 V.
387 3277 519 3351 Sed,
555 3289 616 3339 ut
658 3284 733 3340 ad
776 3285 1048 3358 specialia
1098 3288 1923 3373 descendemus-confecerim,

212 3368 468 3438 obsecro,
521 3369 854 3445 Romualdi,
908 3376 1344 3455 priscorumque
1391 3368 1924 3447 Camaldulensium

211 3455 543 3530 disciplina,
584 3475 718 3518 cum
754 3461 908 3522 Petri
951 3465 1239 3540 Damiani,
1270 3479 1650 3549 veterumque
1687 3478 1923 3536 Avella-

209 3549 472 3606 nitarum
500 3551 736 3610 vivendi
780 3555 1000 3628 forma;
1047 3575 1114 3618 ac
1163 3561 1682 3639 deprehendemus,
1713 3569 1790 3628 ita
1834 3572 1920 3629 al-

214 3641 316 3697 teri
347 3643 581 3714 penitus
630 3647 964 3719 convenire,
1000 3657 1064 3708 ut
1088 3667 1236 3724 pene
1272 3655 1473 3714 eodem
1505 3659 1742 3730 calamo,
1773 3668 1922 3720 certe

209 3730 418 3825 eodem
464 3732 690 3825 spiritu,
731 3735 938 3825 dictata
983 3745 1230 3816 utraque
1270 3745 1534 3806 videatur
1568 3768 1580 3807 :
1613 3756 1666 3807 et
1711 3751 1758 3808 si
1808 3767 1923 3825 qua

206 3818 442 3876 intersit
488 3819 830 3894 differentia,
882 3825 1044 3886 illam
1083 3830 1226 3889 adeo
1271 3837 1505 3893 tenuem
1545 3853 1688 3910 esse,
1722 3845 1786 3896 ut
1818 3818 1921 3898 vix

209 3907 367 3964 inter
389 3909 652 3981 ejusdem
684 3913 1004 3974 individuaa
1040 3923 1501 3994 congregationis
1534 3907 1761 3986 diversa
1796 3945 1922 3987 mo-

210 3999 467 4054 nasteria
509 3997 699 4058 levius
747 4001 1058 4062 discrimen
1105 4011 1290 4067 notari
1343 4019 1533 4084 queat,
1579 4028 1687 4073 nec
1741 4019 1925 4092 major

2010 3209 2278 3267 schalem.
2302 3211 2743 3282 solemnitatem,
2773 3227 2874 3283 per
2911 3212 3172 3284 singulas
3211 3209 3598 3268 hebdomadas
3634 3207 3733 3265 tri-

2008 3298 2236 3371 duana,
2256 3308 2310 3356 et
2343 3300 2608 3359 bidnaaa
2637 3302 2695 3358 in
2721 3300 2844 3359 'hac
2875 3315 3068 3358 eremo
3099 3299 3318 3357 servari
3372 3297 3512 3356 solet
3550 3295 3728 3354 absti-

2009 3385 2224 3444 nentia.
2260 3389 2286 3436 ›3
2344 3387 2454 3456 Qui
2495 3395 2552 3445 et
2597 3387 2843 3462 cape”
2895 3387 3091 3446 subdit
3134 3407 3147 3445 :
3203 3408 3230 3441 ιι
3261 3387 3306 3444 Α
3366 3385 3730 3444 solemnitate

2007 3477 2071 3535 B.
2105 3477 2339 3536 Martini
2367 3493 2553 3554 usque
2592 3479 2661 3536 ad
2707 3478 3073 3537 Nativitatem
3107 3475 3439 3546 Salvatoris,
3473 3474 3724 3549 quadra-

2005 3566 2298 3638 gesimalis
2325 3567 2390 3624 iit
2436 3567 2818 3638 observantia,
2852 3567 3000 3626 sicut
3038 3568 3100 3625 in
3147 3567 3348 3661 majori
3393 3565 3728 3661 Quadragej

2006 3656 2152 3712 sima
2207 3655 2502 3727 praemissa
2550 3663 2651 3714 est.
2702 3679 2722 3706 ι
2763 3656 2834 3712 Et
2885 3655 2947 3713 in
3003 3654 3522 3748 Constitutionibus
3574 3654 3727 3748 “anni

2009 3741 2145 3802 1085
2195 3762 2207 3800 :
2253 3763 2280 3794 ‹‹
2332 3743 2399 3801 In
2452 3744 2566 3815 his,
2632 3743 2843 3817 inquit,
2904 3743 3193 3816 praedictis
3243 3738 3724 3814 Quadragesimis,

2004 3831 2266 3906 quinque
2289 3831 2413 3888 dies
2441 3832 2504 3888 in
2535 3848 2704 3904 pane,
2749 3839 2805 3890 et
2831 3847 3001 3905 aqua,
3033 3838 3090 3889 et
3119 3830 3256 3901 sale,
3290 3845 3416 3888 mos
3453 3833 3538 3887 est
3560 3827 3717 3903 jeju-

2003 3935 2161 3979 nare.
2199 3943 2220 3972 ι
2264 3920 2464 3995 Itaque
2508 3921 2743 3996 propius
2778 3923 2971 3992 etiam,
3006 3937 3185 3995 quam
3231 3919 3718 3988 Camaldulenses,

2003 4013 2348 4071 accedebant
2385 4013 2735 4072 Avellanitze
2783 4015 2847 4072 in
2894 4014 3006 4072 hoc
3052 4013 3340 4086 proposito
3386 4012 3458 4069 ad
3493 4011 3559 4068 D.
3597 4010 3716 4068 Ilo-

207 4100 306 4156 pro
347 4084 684 4146 diversitate
721 4090 978 4152 locorum
1031 4096 1211 4169 possit
1259 4099 1555 4159 observari
1593 4084 1915 4165 consensio.
2003 4103 2224 4160 mualdi
2261 4104 2612 4174 institutum,
2645 4103 2786 4162 dum
2828 4101 3535 4198 perfectumkeremiticum
3562 4099 3724 4198 jeju-

214 4173 230 4198 1
256 4190 478 4198 -..η-...-
512 4185 654 4198 ----Α
702 4178 781 4198 _:_
801 4180 917 4198 μ-Ι,
960 4197 979 4198 η
1042 4197 1045 4198 ,
1212 4186 1222 4196 ο
2051 4191 2059 4198 .
2259 4190 2290 4198 Α
2355 4192 2390 4198 _
2713 4193 2723 4198 -
2870 4193 2880 4198 -

205 4173 481 4246 Longum
508 4185 656 4235 esset
697 4178 928 4251 singula
958 4186 1227 4258 prosequi
1257 4205 1269 4244 :
1305 4202 1410 4246 nos
1452 4205 1682 4250 summa
1724 4209 1920 4253 rerum
2002 4191 2226 4288 niuma
2257 4190 2322 4288 Si
2337 4192 2519 4288 Patre
2548 4197 2647 4288 (83$
2672 4193 2802 4288 91113
2824 4173 2946 4250 Ima
2974 4208 3098 4288 (ἴδρ-
3130 4191 3178 4264 9)
3209 4191 3268 4248 iD
3295 4186 3718 4288 QBquPQhEb'

201 4263 387 4335 capita
439 4279 865 4338 percurremus,
899 4284 1033 4342 quae
1075 4287 1209 4330 cum
1261 4275 1491 4336 totidem
1532 4295 1680 4353 pene
1728 4283 1920 4341 verbis
2002 4280 2265 4340 domadte
2293 4281 2416 4340 dies
2446 4298 2548 4356 per
2577 4263 2872 4340 triduanas
2909 4289 2963 4340 et
2994 4263 3273 4340 biduanas
3318 4277 3714 4346 distributum,

202 4351 464 4409 invicem
532 4354 645 4411 sibi
698 4358 1043 4428 respondere
1098 4363 1436 4435 constiterit,
1489 4351 1644 4426 haud
1700 4370 1920 4429 diﬂicili
2002 4372 2220 4430 nedum
2247 4373 2308 4430 in
2357 4351 2601 4449 utraque
2625 4374 3072 4448 Quadragesima
3099 4379 3188 4442 (ut
3215 4371 3418 4439 nostri)
3445 4370 3718 4428 observa-

205 4441 438 4514 negotio
475 4443 548 4501 de
585 4446 806 4504 caeteris
850 4447 1027 4507 lector
1059 4452 1341 4524 conjiciat,
1375 4471 1508 4528 qute
1550 4459 1752 4519 saltem
1794 4459 2162 4558 san-“bant,
2220 4462 2316 4557 sed
2375 4441 2628 4558 amplius
2673 4479 2775 4537 per
2817 4463 2972 4558 duos
3029 4477 3258 4558 men-ses
3299 4467 3444 4558 ante
3485 4459 3715 4558 “festum

202 4547 270 4590 su
298 4533 687 4602 conveniunt;
711 4542 767 4593 et
794 4537 1028 4610 quidem
1055 4540 1128 4598 ab
1155 4517 1540 4616 abstinentiae,
1577 4563 1679 4608 seu
1706 4517 1982 4624 jejuniiD
2007 4546 2066 4604 S.
2097 4546 2350 4619 Martini,
2384 4556 2438 4606 et
2474 4550 2744 4624 deinceps
2780 4551 2853 4608 ab
2891 4558 3087 4609 octava
3120 4549 3446 4644 Nativitatis
3483 4545 3719 4644 Domini

203 4620 506 4644 tum,“
562 4639 681 4644 ψῃ
717 4625 801 4644 ω
1547 4640 1585 4644 __
1886 4643 1890 4644 ν
2014 4641 2020 4644 _
2313 4639 2362 4644 _-
2580 4640 2590 4644 _
2635 4639 2644 4644 .
2744 4640 2753 4644 _

199 4620 532 4695 disciplina,
557 4639 689 4698 qua:
717 4625 868 4685 inter
897 4631 1219 4692 eremiticas
1245 4620 1921 4715 consuetudines'praeci-
2008 4641 2199 4709 (quam
2227 4639 2460 4710 quidem
2494 4655 2528 4696 a
2569 4639 2794 4712 jejunio
2821 4647 3149 4712 exemptam
3179 4640 3432 4708 voluere,
3465 4643 3530 4696 ut
3567 4635 3718 4692 intra

201 4726 320 4782 pua
352 4717 460 4780 est,
489 4713 724 4772 initium
756 4716 1059 4789 ducemus;
1087 4722 1184 4780 sed
1207 4723 1393 4794 primo
1423 4713 1801 4788 terminorum
1828 4731 1922 4788 de-

203 4798 503 4858 ﬁnitiones
539 4803 810 4878 utrinque
835 4806 1038 4866 allatas
1071 4811 1400 4886 audiamus,
1437 4821 1560 4875 tum
1591 4817 1816 4892 reliqua
1845 4835 1921 4878 ex

198 4889 407 4947 ordine
437 4906 872 4966 prosequemur.

277 4977 377 5035 VI.
427 4979 528 5037 Ait
558 4997 692 5055 ergo
735 4983 800 5042 B.
842 4985 1185 5061 Rodulphus
1227 4999 1468 5067 quartus
1511 4993 1921 5055 Camaldulen—

205 5067 359 5125 sium
399 5069 560 5141 prior
592 5072 657 5129 in
692 5075 1196 5137 constitutionibus
1246 5085 1386 5140 anni
1433 5081 1589 5156 1080,
1639 5101 1761 5158 cap.
1810 5086 1867 5144 11
1903 5104 1916 5144 :

207 5178 234 5206 ε
283 5157 654 5219 Abstinentia
697 5161 762 5221 in
805 5165 914 5223 hoc
960 5167 1086 5226 loco
1129 5175 1265 5229 tunc
1310 5171 1540 5244 dicitur,
1591 5157 1725 5232 cum
1771 5175 1920 5234 nihil

205 5257 418 5321 prater
473 5266 706 5324 panem,
755 5260 812 5312 et
857 5271 1070 5330 aquam
1114 5267 1215 5318 aut
1271 5261 1346 5332 (si
1394 5263 1489 5321 cui
1536 5263 1740 5337 placet)
1784 5265 1920 5323 salis

207 5338 610 5410 adjectionem,
643 5341 948 5403 edentibus
995 5347 1377 5420 ministratur,
1410 5371 1438 5403 »
1486 5351 1690 5410 Petrus
1725 5358 1920 5410 autem

206 5423 478 5484 Damiani
530 5443 729 5501 opusc.
786 5443 912 5498 XIV,
967 5438 1045 5491 De
1102 5439 1292 5494 ordine
1335 5445 1680 5496 eremitarum
1734 5445 1921 5498 Fontis

207 5517 489 5581 Ascuam;
544 5517 780 5593 inquit:
817 5547 843 5571 α
890 5522 1163 5599 Jejunare
1211 5534 1405 5586 autem
1462 5529 1595 5588 illos
1649 5530 1916 5602 dicimus,

207 5604 304 5677 qui
340 5620 564 5679 panem
600 5623 734 5670 cum
762 5611 900 5685 sale,
935 5622 994 5674 et
1014 5631 1168 5689 aqua
1191 5619 1552 5694 percipiunt;
1586 5621 1688 5682 ubi
1712 5631 1922 5696 praeter

2008 4727 2241 4801 patebit)
2283 4728 2354 4785 ad
2411 4727 2647 4786 initium
2697 4729 2928 4802 majoris
2977 4729 3463 4803 Quadragesimaa,
3495 4724 3712 4783 scilicet

2005 4817 2246 4875 omnino
2293 4819 2364 4872 ab
2407 4817 2597 4874 Idibus
2635 4820 2965 4890 Septembris
3006 4836 3176 4890 usque
3215 4820 3288 4874 ad
3342 4817 3551 4872 Pascha
3603 4816 3713 4870 Do-

2004 4909 2162 4970 mini,
2195 4906 2556 4966 abstinentiae
2582 4909 2760 4983 hujus
2790 4909 2966 4982 rigori
2991 4908 3481 4983 supponebantur.

2078 4993 2232 5053 VIII.
2283 4995 2423 5054 Tres
2471 5012 2638 5069 porro
2690 4996 2935 5070 Octavae,
2982 4996 3459 5065 Resurrectionis,
3490 5002 3546 5053 et
3589 4994 3705 5052 Na-

2007 5084 2136 5142 talis
2179 5083 2433 5154 Domini,
2465 5100 2530 5143 ac
2583 5085 2962 5158 Pentecostes,
3003 5093 3057 5144 et
3110 5086 3203 5142 hae
3257 5082 3491 5157 quidem
3543 5083 3704 5152 solae,

2004 5178 2120 5232 tam
2159 5174 2314 5248 apud
2353 5176 2707 5234 Avellanitas
2743 5193 2921 5251 quam
2960 5174 3449 5244 Gamaldnlenses,
3478 5190 3512 5232 a
3548 5188 3707 5231 com-

2004 5265 2171 5324 muni
2199 5265 2549 5324 abstinentia
2587 5277 2640 5325 et
2673 5268 2898 5341 jejunio
2924 5264 3218 5326 eremitioo
3248 5265 3658 5322 eximebantur
3691 5281 3704 5321 :

2003 5353 2073 5411 de
2104 5354 2304 5427 primis
2332 5354 2492 5411 enim
2523 5355 2601 5412 ita
2627 5355 2824 5412 scribit
2855 5355 3057 5413 Petrus
3080 5353 3345 5412 Damiani
3373 5367 3566 5426 Opusc.
3599 5362 3706 5408 XIV

2007 5450 2063 5502 et
2087 5457 2188 5513 xv,
2221 5458 2344 5515 cap.
2375 5443 2406 5499 5
2439 5462 2452 5501 :
2488 5465 2514 5492 α
2544 5441 2685 5500 Tres
2718 5449 2910 5500 autem
2951 5443 3314 5502 solummodo
3345 5449 3559 5502 octasz
3603 5457 3706 5515 per

2006 5548 2226 5591 annum
2277 5531 2356 5589 ita
2397 5531 2776 5603 celebrantur,
2810 5539 2873 5592 ut
2915 5535 3176 5609 jejunare
3207 5534 3304 5592 hic
3341 5547 3511 5591 nemo
3547 5546 3706 5604 coga-

2001 5631 2119 5694 tur,
2145 5621 2205 5680 id
2233 5627 2319 5680 est
2354 5619 2675 5682 Dominicae
2705 5621 3186 5696 Resurrectionis,
3215 5629 3272 5682 et
3299 5627 3512 5681 sanctae
3549 5619 3704 5680 Pen-
