4106 6204
331 318 395 379 31
1245 314 1303 375 S.
1347 311 1636 373 PETRUS
1674 309 2068 371 DAMIANUS
2108 311 2168 370 S.
2209 310 2280 369 Β.
2321 310 2387 368 Ε.
2430 306 2908 369 CARDINALIS.

3755 293 3828 369 32

331 450 586 516 tecostes,
622 447 797 518 atque
824 440 1043 522 Natalis
1065 440 1331 510 Domini;
1362 451 1696 511 quanquam
1725 436 1787 494 in
1815 433 2300 511 octavisAusque
2354 434 2428 492 ad
2475 433 2616 492 Idus
2668 430 3041 522 Septembris,
3084 428 3377 522 tertiatet
3429 422 3633 496 quinta
3680 419 3827 522 feria

336 537 719 607 Pentecostes,
741 539 799 592 et
828 531 1210 591 ecclesiastica
1239 529 1488 600 traditio,
1515 534 1571 585 et
1590 526 1825 585 Patrum
1852 525 2037 584 decer-

332 632 433 685 nat
483 624 789 685 auctoritas
845 628 967 696 (pro
1019 628 1254 694 quatuor
1308 636 1495 692 nempe
1545 619 1894 691 temporibus)
1945 617 2034 691 je-

328 713 678 787 junandum,
729 714 793 771 in
844 711 1092 784 reliquis
1162 725 1300 768 vero
1364 708 1581 767 octavis
1645 704 2039 781 quarumlibet

334 801 731 871 festivitatum,
782 797 1230 858 ecclesiasticum
1280 796 1538 871 quidem,
1598 803 1770 869 prout
1816 794 2038 868 regula-

333 887 414 946 ris
463 888 602 947 ordo
653 886 920 961 postulat,
962 892 1228 943 tenemus
1281 883 1555 956 oﬂicium,
1590 890 1845 941 tenorem
1903 896 2037 941 vero

334 976 593 1034 consueti
630 974 843 1048 jejunii
887 987 1003 1030 non
1045 979 1362 1031 mutamus.
1409 995 1430 1021 »
1463 972 1546 1030 De
1590 971 1860 1031 secundis
1902 985 2039 1030 vero

336 1066 401 1125 B.
430 1064 776 1136 Rodulphus
818 1062 976 1136 prior
1023 1061 1085 1120 in
1141 1062 1381 1121 Constit.
1410 1062 1551 1120 anni
1604 1061 1764 1132 1085,
1793 1060 1876 1119 sic
1924 1067 2038 1118 tra-

339 1155 423 1213 dit
469 1179 481 1212 :
529 1176 559 1208 ‹‹
614 1152 738 1211 Mos
786 1158 871 1211 est
923 1168 1025 1225 per
1074 1167 1546 1226 unamquamque
1598 1151 2035 1223 hebdomadam,

333 1245 553 1317 absque
608 1249 806 1303 octava
857 1242 1075 1301 Natalis
1128 1242 1381 1314 Domini,
1436 1240 1677 1315 ejusque
1728 1240 2039 1299 Resurrec-

337 1333 534 1405 tionis,
565 1339 621 1390 et
665 1329 1045 1401 Pentecostes,
1071 1330 1135 1387 in
1179 1346 1343 1403 pane,
1384 1338 1441 1388 et
1477 1344 1647 1403 aqua,
1687 1334 1743 1387 et
1789 1329 1910 1386 sale
1948 1329 2038 1402 je-

329 1423 576 1496 junare:
611 1426 666 1478 et
698 1420 874 1478 aliam
914 1419 1139 1477 nullam
1175 1425 1433 1477 octavam
1470 1418 1551 1475 sic
1587 1416 1893 1489 celebrare,
1926 1416 2041 1475 nisi

331 1510 436 1568 has
465 1517 595 1580 tres,
629 1525 774 1583 quas
801 1524 974 1581 supra
998 1509 1095 1565 hic
1132 1507 1301 1566 modo
1329 1506 1609 1564 diximus.
1642 1527 1670 1559 »
1703 1506 1773 1562 Et
1810 1506 1872 1563 in
1909 1505 2041 1563 aliis

338 1598 642 1657 Constitut.
682 1598 824 1655 anni
859 1597 1014 1667 1080,
1049 1613 1171 1669 cap.
1211 1597 1295 1666 1?,
1334 1598 1456 1654 haec
1493 1595 1667 1654 habet
1702 1620 1714 1653 :
1761 1619 1788 1643 σι
1824 1594 1893 1652 In
1930 1594 2037 1651 Pa-

336 1686 515 1745 schali
536 1702 672 1745 vero
694 1687 1072 1757 hebdomade,
1091 1701 1207 1743 non
1223 1684 1412 1744 solum
1436 1685 1731 1743 relaxatur
1754 1682 2044 1741 abstinen-

2117 525 2256 582 bina
2297 522 2528 581 refectio
2573 524 2637 580 in
2682 521 2776 579 die
2818 526 3066 589 tenetur,
3094 514 3338 590 reliquis
3382 525 3519 570 vero
3573 514 3828 583 quatuor

2117 614 2323 673 diebus
2340 611 2636 687 jejunium
2659 626 2734 669 ex
2758 625 2917 669 more
2942 611 3222 668 servetur.
3255 626 3277 656 ι
3310 601 3418 662 Cui
3440 599 3525 658 sic
3553 602 3830 657 consonat

2117 703 2184 762 B.
2208 702 2550 775 Rodulphus
2596 700 2719 759 loco
2763 700 2884 769 cit.,
2930 713 3053 771 cap.
3086 696 3191 755 i3:
3228 712 3256 746 «
3305 689 3589 775 Deinceps
3631 691 3829 775 autem

2120 793 2208 863 (ab
2235 773 2425 847 octava
2459 790 2805 859 Pentecostes)
2834 801 3020 861 usque
3055 785 3118 842 in
3151 779 3519 841 festivitatem
3557 773 3616 833 S.
3651 773 3828 863 Joan-

2118 859 2231 951 nis,
2264 887 2516 955 quatuor
2556 878 2765 938 diebus
2797 878 2862 936 in
2910 859 3269 935 hebdomade
3312 862 3597 955 deputatis
3645 859 3829 918 absti-

2120 952 2356 1039 nentiae,
2389 968 2554 1026 tertia
2585 969 2727 1027 feria
2757 964 3096 1040 simpliciter
3116 962 3434 1035 jejunatur,
3460 952 3663 1028 quinta
3690 963 3827 1040 vero

2119 1036 2452 1133 geminatur
2476 1057 2726 1116 refectio.
2759 1056 2840 1114 De
2866 1036 3070 1112 caetero
3100 1062 3284 1123 usque
3308 1046 3444 1103 Idus
3475 1036 3829 1133 Septembris

2123 1130 2323 1209 eadem
2349 1156 2601 1223 quatuor
2629 1148 2859 1205 dierum
2887 1150 3151 1202 servatur
3176 1134 3544 1205 abstinentia,
3578 1130 3742 1189 tertia
3773 1132 3831 1187 et

2124 1241 2329 1314 quinta
2356 1239 2499 1296 feria
2524 1236 2775 1311 geminae
2804 1231 3102 1293 refectioni
3129 1225 3436 1302 deputatis.
3466 1243 3494 1314 η

2196 1331 2296 1389 XI.
2343 1328 2487 1388 Cum
2528 1307 2703 1405 igitur
2731 1324 3013 1402 ejusmodi
3041 1322 3324 1382 obtineret
3350 1313 3504 1389 apud
3530 1307 3831 1405 Avellani-

2125 1428 2231 1493 tas,
2256 1428 2430 1495 atque
2460 1399 2925 1478 Gamaldulenses
2952 1430 3051 1489 per
3080 1417 3264 1469 totum
3298 1406 3437 1465 anni
3467 1399 3832 1495 curriculum

2124 1488 2435 1570 ere'miticae
2464 1508 2830 1567 abstinentiaz
2873 1522 2908 1562 a
2951 1504 3010 1562 S.
3044 1496 3366 1560 Romualdo
3392 1492 3675 1552 institutas
3708 1488 3834 1544 dis-

2125 1598 2383 1669 tributio,
2441 1597 2565 1671 pari
2642 1591 3049 1654 moderationis
3104 1596 3302 1647 tenore
3374 1574 3832 1671 utrobique-ob-

2127 1664 2377 1760 servato,
2445 1664 2565 1761 qua
2647 1682 3000 1743 districtione
3066 1676 3313 1752 duplicis
3368 1664 3834 1761 Qua‘dragesimaz

334 1777 430 1843 tia,
459 1774 557 1833 sed
582 1775 753 1833 etiam
774 1774 1065 1848 jejunium
1095 1772 1358 1832 solvitur.
1389 1773 1455 1831 In
1482 1773 1812 1831 Pentecoste
1840 1771 2104 1859 eademB
2129 1752 2369 1837 cursum
2400 1752 2511 1833 tam
2544 1774 2627 1843 lli,
2658 1789 2830 1846 quam
2867 1770 2956 1829 illi
2986 1782 3257 1843 peragere
3288 1756 3716 1825 consueverint,
3746 1752 3832 1851 vi-

336 1865 627 1924 observari
657 1864 884 1934 debent,
919 1878 1051 1937 quae
1077 1862 1138 1920 in
1171 1861 1432 1921 Paschali
1471 1860 1833 1920 solemnitate
1881 1873 2042 1916 com-

340 1959 659 2011 memorata
695 1957 850 2021 sunt,
888 1957 1127 2024 excepto
1156 1950 1309 2024 quod
1353 1948 1573 2023 jejunia
1604 1953 1856 2021 quatuor
1898 1952 2045 2002 tem-

338 2057 544 2115 porum
574 2042 638 2099 in
663 2041 769 2098 hac
795 2039 1175 2109 hebdomada,
1201 2044 1364 2097 sexta
1392 2037 1535 2094 feria
1559 2035 1927 2094 abstinentiae
1952 2033 2049 2091 de-

338 2136 554 2204 putata,
587 2128 705 2187 ritu
756 2127 1155 2186 Ecclesiastico
1199 2126 1538 2199 simpliciter
1581 2125 1979 2183 observentur.
2018 2142 2041 2169 ο

340 2217 411 2274 Et
436 2232 573 2276 mox
600 2233 722 2292 cap.
760 2218 823 2275 15
856 2236 867 2275 ;
899 2239 926 2267 α
956 2216 1060 2275 Die
1081 2231 1313 2290 quoque
1340 2214 1523 2287 ipsius
1549 2211 1875 2270 Nativitatis
1900 2211 2048 2285 jeju-

338 2307 505 2365 nium
528 2305 794 2377 solvitur,
816 2305 1039 2363 caateris
1065 2319 1199 2363 vero
1223 2302 1428 2361 diebus
1454 2317 1556 2374 per
1576 2307 1752 2358 totam
1776 2298 2048 2359 Octavam

341 2399 463 2458 sola
492 2398 840 2457 abstinentia
872 2396 1189 2455 relaxatur.

412 2493 515 2550 IX.
568 2492 815 2562 Rursus,
854 2497 970 2549 toto
1026 2489 1289 2547 Paschali
1344 2495 1596 2563 tempore
1648 2492 1899 2561 quatuor
1944 2500 2046 2558 per

341 2580 761 2640 hebdomadam
786 2579 990 2638 diebus
1015 2579 1318 2650 duntaxat,
1351 2585 1468 2636 tum
1502 2577 1657 2650 apud
1681 2574 2042 2645 Avellanam,

340 2678 467 2729 tum
513 2668 668 2742 apud
704 2667 1130 2737 Camaldulum,
1155 2666 1364 2741 jejunii
1402 2681 1645 2724 censura
1685 2664 2043 2734 servabatur,

342 2759 525 2829 tertia,
553 2763 608 2816 et
635 2757 841 2832 quinta
889 2757 1049 2825 feria,
1080 2763 1289 2829 praeter
1334 2752 1702 2812 Dominicum
1741 2751 1917 2822 diem,
1946 2767 2044 2824 ge-

343 2847 520 2905 minas
593 2844 890 2904 refectioni
944 2844 1248 2918 deputatis.
1311 2842 1473 2901 Unde
1526 2841 1727 2899 Petrus
1781 2840 2048 2899 Damiani

342 2937 483 2996 locis
532 2951 704 3009 supra
742 2934 928 2992 citatis
964 2933 1081 2990 ait:
1120 2957 1141 2986 α
1177 2932 1268 2990 Ab
1325 2930 1557 3018 Octayis
1581 2945 1814 3018 .nempe
1841 2929 2074 3018 φορμ-ε

2127 1868 2387 1925 deamus.
2424 1864 2506 1922 De
2538 1842 2933 1922 S.Bomualdi
2973 1842 3275 1931 discipulis
3311 1851 3558 1940 legimus
3595 1846 3661 1940 in
3710 1842 3835 1940 ejus

2128 1955 2278 2027 Vita,
2311 1971 2434 2028 cap.
2467 1955 2521 2023 9,
2557 1953 2715 2028 quod
2745 1974 2757 2011 :
2796 1973 2824 2005 «
2856 1952 2923 2009 In
2979 1947 3207 2007 duabus
3261 1940 3400 2000 anni
3454 1934 3835 2028 Ουὶξάνθὲθεῖῖ

2128 2020 2407 2117 ωἰεξῐιοῇ
2462 2020 2647 2102 solum
2704 2044 2826 2115 ipse
2868 2035 3267 2108 (Romualdus),
3295 2031 3393 2089 sed
3432 2025 3695 2117 plerique
3744 2020 3837 2078 sui

2129 2114 2397 2208 discipuli
2451 2133 2629 2191 totius
2684 2114 3060 2188 hebdomadas
3093 2123 3246 2183 soliti
3302 2125 3465 2180 erant
3501 2114 3837 2208 continuare

2123 2197 2440 2297 jejunium.
2481 2247 2500 2271 ι
2553 2219 2814 2293 Idipsum
2857 2218 2928 2275 de
2969 2211 3268 2273 nonnullis
3311 2224 3417 2297 suo
3447 2212 3698 2297 tempore
3726 2197 3837 2296 Qa-

2130 2287 2590 2371 in-aldulensibus
2622 2287 2875 2365 eremitis
2917 2308 3153 2361 testatur
3194 2299 3261 2354 Β.
3295 2292 3637 2364 Rodulpbus
3681 2287 3837 2359 prior

2130 2400 2195 2458 in
2223 2395 2740 2458 Constitutionibus
2765 2392 2908 2451 anni
2941 2389 3097 2456 1085,
3128 2392 3183 2445 et
3207 2385 3409 2443 Petrus
3452 2375 3719 2438 Damiani
3765 2374 3836 2432 de

2132 2487 2496 2557 Avellanitis,
2524 2483 2803 2560 epuscnlo
2831 2493 2965 2553 XIV,
2996 2479 3077 2537 sic
3102 2475 3359 2550 loquitur
3390 2491 3402 2529 :
3441 2469 3578 2560 «De
3606 2464 3839 2560 duabus

2131 2577 2249 2636 illis
2271 2554 2757 2647 Quadragesimis,
2779 2586 2916 2644 quae
2936 2568 3031 2626 vel
3048 2564 3308 2624 Natalem
3326 2558 3580 2627 Domini,
3598 2554 3694 2614 vel
3709 2567 3840 2611 san-

2132 2671 2292 2724 ctum
2327 2662 2543 2721 Pascha
2566 2659 2921 2735 praecedunt,
2954 2655 3087 2713 licet
3117 2668 3220 2727 ego
3250 2658 3485 2715 taceam,
3514 2660 3619 2735 vos
3648 2650 3839 2735 tamen

2135 2754 2313 2826 scitis,
2339 2755 2477 2828 quia
2502 2728 2771 2811 nonnulli
2801 2749 2896 2806 hic
2923 2753 3079 2815 sunt,
3113 2742 3214 2818 qui
3242 2741 3462 2814 absque
3493 2734 3698 2828 diebus
3720 2728 3839 2828 ADo-

2133 2826 2385 2914 minicisi,
2416 2844 2634 2915 duplex
2662 2838 2810 2898 illud
2841 2829 3345 2907 Quadragesimale
3371 2826 3621 2915 spatium
3656 2826 3840 2879 totum

2129 2911 2467 3017 Ejunagdgg
2492 2911 2889 3017 @nscurrere
2937 2922 3143 2989 solent,
3203 2911 3841 3017 exceptisntribjus‘so:

341 3026 490 3084 nicas
530 2996 987 3083 Resurrectionis
1040 3036 1226 3094 usque
1271 3020 1345 3078 ad

2164 2996 2635 3097 ἆδῐωῖιὶεἰὶἧλξᾷδ.
2674 3014 2940 3073 videlicet
2968 3008 3236 3107 Andreae,
3266 3011 3323 3062 et
3355 3002 3413 3062 S.
3451 2996 3840 3107 Benedicti,ﬂet

339 3122 593 3187 tecostes,
636 3119 887 3190 quatuor
933 3113 1055 3170 dies
1102 3083 1203 3183 per
1258 3083 1675 3169 hebdél'naaam
1718 3083 2594 3190 jejdhalis'ik'Annun'tiatione
2644 3100 3023 3190 Dominical»
3070 3097 3141 3154 Et
3169 3109 3388 3190 ‘opusc.
3441 3101 3548 3157 xv,

582 3173 972 3263 'Dominicum
1009 3173 1145 3259 vero
1191 3199 1365 3282 diem,
1399 3199 1471 3282 de
1517 3173 2441 3282 cujus.relveyeptiayygﬁuabns
2458 3191 2808 3281 auﬁtejn‘illis
2831 3184 3317 3259 Quadragesimis,
3350 3196 3484 3282 quas
3517 3177 3607 3237 vel
3641 3173 3842 3282 Natale

584 3293 902 3363 addubitat,
934 3289 1098 3348 tertia
1134 3288 1300 3359 feria,
1988 3264 2395 3371 iung-Denisi;
2424 3264 2543 3346 rei"
2576 3264 2842 3343 sanctum
2892 3280 3109 3339 Pascha
3171 3272 3544 3374 praecedunt,
3569 3264 3841 3374 nonnulli

342 3355 436 3444 die
464 3383 717 3443 reﬁcitis.
751 3355 1050 3439 )l‘Sahbati
1107 3355 1667 3452 tamen-jejunium"
1702 3355 1832 3432 han“
1871 3355 2055 3447 perfe—
2088 3355 2105 3371 ι
2130 3355 2335 3436 fratres
2374 3355 2477 3434 hic
2524 3380 2680 3444 sunt,
2722 3371 2825 3447 qui
2862 3375 3036 3428 totam
3071 3362 3490 3425 hebdomadam
3506 3355 3842 3452 jejuoando

339 3481 515 3544 Otum.
548 3470 646 3530 69d
676 3467 929 3541 Simplex
954 3472 1097 3536 erat,
1125 3466 1298 3524 unica
1346 3443 1555 3536 ἧὲωρθ
1600 3443 1909 3520 Γεΐθεῐὶοῐιέ
1937 3460 2049 3518 Cir-
2131 3471 2556 3535 transcurrunt,
2589 3469 2645 3520 et
2671 3443 2953 3537 quotidie,
2985 3455 3242 3528 exceptis
3267 3452 3472 3511 diebus
3498 3443 3838 3513 Dominicis,

340 3559 776 3635 cumscriptum,
827 3556 928 3614 sed
975 3554 1136 3625 vino,
1161 3560 1216 3612 et
1260 3553 1562 3627 pulmento
1610 3549 1867 3609 eremitis
1919 3563 2051 3621 per-

343 3648 542 3719 misso,
597 3653 654 3704 et
726 3643 884 3703 enim
941 3640 1261 3701 Damianus
1311 3656 1507 3714 opusc.
1570 3652 1677 3710 xv,
1731 3642 1854 3711 c'ap.
1915 3635 1978 3694 15
2033 3660 2048 3694 :

346 3767 373 3792 α
411 3739 537 3798 Non
570 3753 745 3811 grave
788 3737 1053 3794 videatur
1095 3734 1259 3791 fratri
1297 3732 1472 3791 etiam
1513 3730 1760 3791 Sabbato
1786 3727 2054 3787 refectio-

342 3844 477 3887 nem
501 3828 575 3886 ad
600 3841 814 3885 nonam
848 3825 1054 3882 horam
1097 3838 1282 3896 usque
1332 3821 1563 3880 diﬂ‘erre
1594 3839 1607 3878 :
1644 3826 1711 3879 ut
1733 3818 1913 3877 semel
1934 3817 2056 3892 qui.

341 3919 474 3978 dem
520 3918 646 3990 ipso
697 3914 791 3973 die
839 3914 1154 3984 reficietur,
1199 3913 1298 3971 sed
1350 3919 1543 3970 tamen
1598 3910 1826 3980 vinum,
1880 3916 2056 3984 atque

341 4007 714 4083 pulmentum
749 4002 1041 4079 percipere
1081 4016 1157 4059 ex
1198 4000 1380 4073 hujus
1422 4005 1635 4058 nostrae
1672 3997 2055 4057 institutionis

340 4096 709 4173 indulgentia
758 4111 878 4154 non
926 4097 1167 4152 vetetur.
1203 4113 1224 4142 ι
1255 4089 1418 4160 Quod
1469 4090 1667 4162 ipsum
1710 4087 1777 4146 B.
1840 4087 2057 4147 Rodul-

340 4190 492 4263 phus
520 4185 676 4261 prior
721 4185 783 4242 in
811 4181 1115 4241 Constitut.
1147 4179 1268 4250 cit.,
1298 4195 1421 4253 cap.
1462 4178 1542 4249 l2,
1571 4178 1654 4236 sic
1681 4176 1920 4236 brevius
1950 4192 2053 4235 ex-

343 4276 543 4351 primit
577 4293 591 4331 :
631 4298 652 4326 ει
718 4271 1094 4332 Postmodum
1120 4284 1258 4328 vero
1279 4271 1362 4341 (ab
1392 4275 1584 4325 octava
1609 4269 1915 4337 Paschatz’s)
1949 4266 2050 4324 tri-

345 4366 455 4424 bus
509 4364 572 4421 in
624 4359 985 4420 hebdomade
1035 4357 1245 4416 diebus
1297 4360 1524 4430 (nempe
1575 4354 1718 4413 feria
1776 4355 2052 4427 secunda,

348 4461 570 4527 quarta,
598 4458 652 4509 et
681 4455 865 4517 sexta)
894 4463 1078 4521 usque
1130 4449 1501 4507 Pentecosten
1556 4444 1834 4519 repetitur
1877 4444 2050 4503 absti-

345 4540 580 4611 nentia;
614 4538 860 4599 Sabbata
887 4552 1024 4596 vero
1048 4536 1300 4610 simplici
1320 4534 1543 4610 jejunio
1574 4534 1905 4607 deputatur.
1936 4554 1963 4587 ››

416 4635 486 4694 Χ.
519 4635 651 4695 Jam
694 4632 768 4691 ab
817 4638 1017 4691 octava
1057 4631 1420 4690 Pentecostes
1448 4644 1636 4703 usque
1671 4628 1744 4687 ad
1772 4626 2057 4686 Nativita-

346 4732 463 4783 tem
506 4722 564 4783 S.
607 4720 848 4782 Joannis
886 4720 1158 4795 Baptista:
1198 4727 1445 4792 quatuor
1490 4716 1728 4790 quidem
1763 4715 1902 4775 solis
1929 4716 2055 4775 die-

342 4811 453 4869 bus
506 4806 870 4879 abstinentia,
912 4822 1015 4866 seu
1060 4806 1379 4880 perfectum
1415 4802 1708 4877 jejunium
1749 4803 2056 4877 utrobique

341 4901 407 4960 in
434 4916 548 4960 usu
588 4900 798 4969 fuerat,
826 4896 926 4956 sed
962 4904 1236 4970 praeterea
1287 4894 1430 4953 feria
1464 4892 1629 4951 tertia
1675 4892 1925 4967 simplici
1962 4894 2054 4967 je-

338 4988 506 5064 junio
554 4986 1012 5058 consecrabatur,
1043 5000 1177 5060 quae
1222 4983 1490 5056 deinceps
1524 4998 1560 5040 a
1610 4982 1750 5040 festo
1784 4982 1842 5042 S.
1877 4980 2055 5042 Joan-

348 5076 442 5135 nis
495 5093 682 5152 usque
735 5077 807 5135 ad
860 5075 998 5135 Idus
1052 5072 1406 5148 Septembris
1455 5070 1703 5145 geminae
1758 5070 2057 5131 refectioni

348 5164 573 5224 addicta
621 5171 762 5236 erat,
800 5179 1037 5240 prorsus
1085 5170 1151 5224 ut
1205 5160 1468 5222 Paschali
1514 5167 1765 5235 tempore
1813 5178 2055 5222 consue-

345 5255 499 5314 visse
525 5252 875 5312 notavimus.
908 5253 997 5311 En
1028 5252 1183 5312 Petri
1206 5250 1473 5309 Damiani
1499 5250 1675 5310 verba
1715 5266 1912 5325 opusc.
1947 5262 2055 5311 XIV

352 5353 409 5403 et
438 5355 544 5413 xv,
575 5358 697 5416 cap.
725 5343 759 5399 6
793 5364 806 5397 :
863 5363 892 5396 ‹‹
918 5342 1010 5400 Ab
1055 5350 1253 5400 octava
1300 5356 1437 5400 vero
1484 5339 1843 5400 Pentecostes
1870 5353 2057 5413 usque

348 5432 419 5489 ad
455 5430 824 5489 Nativitatem
870 5428 936 5487 B.
977 5429 1236 5503 Joannis,
1275 5430 1439 5488 tertia
1477 5430 1712 5502 quidem
1754 5431 1894 5487 feria
1921 5428 2053 5502 pul-

350 5526 612 5579 mentum
661 5517 937 5576 fratribus
985 5517 1125 5575 hora
1162 5533 1313 5575 nona
1363 5517 1653 5588 tribuitur,
1681 5518 1884 5591 quinta
1924 5533 2055 5575 vero

350 5608 493 5668 feria
538 5607 770 5668 refectio
805 5606 1067 5666 iteratur.
1105 5605 1279 5664 Porro
1309 5620 1344 5662 a
1386 5603 1692 5664 festivitate
1726 5605 1785 5665 S.
1816 5605 2059 5666 Joannis

2131 3555 2192 3613 in
2218 3570 2387 3628 pane,
2417 3561 2472 3611 et
2493 3566 2645 3626 aqua
2670 3551 2903 3609 vivunt.
2938 3568 2967 3601 »

2206 3622 2334 3702 XII.
2371 3622 2622 3715 Reliqui
2656 3645 2873 3709 autem,
2908 3635 3011 3711 qui
3052 3642 3167 3694 tam
3207 3629 3377 3705 rigidi
3411 3624 3622 3703 jejunii
3654 3622 3840 3715 conti-

2135 3732 2467 3791 nuationem
2516 3710 2666 3788 ferre
2696 3743 2813 3787 non
2853 3710 3133 3799 poterant,
3164 3720 3285 3781 sola
3334 3717 3623 3785 triduana,
3652 3718 3708 3770 et
3750 3710 3842 3768 bi-

2135 3824 2329 3881 duana
2372 3818 2719 3878 abstinentia
2747 3813 3025 3884 contenti,
3063 3835 3085 3865 ι
3117 3810 3295 3880 olera,
3328 3804 3423 3865 vel
3455 3804 3845 3880 quodcunque

2136 3911 2436 3984 liquamen
2470 3931 2490 3960 ι
2524 3907 2670 3966 feria
2696 3906 2918 3981 quinta,
2952 3910 3008 3962 et
3035 3896 3354 3960 Dominicis
3391 3896 3594 3954 diebus
3624 3891 3841 3984 utrius-

2135 3979 2249 4073 que
2288 3979 2753 4070 Quadragesimaa
2787 3994 2861 4052 ad
2899 3991 3272 4052 refectionem
3306 3984 3638 4073 addebant:
3679 3979 3842 4073 a_pi-

2136 4069 2329 4147 scibus
2386 4069 2603 4153 tamen,
2656 4092 2714 4141 et
2765 4083 2919 4152 vino,
2979 4076 3425 4138 solemoioribus
3489 4069 3842 4146 quibusdam

2135 4179 2342 4238 diebus
2370 4177 2644 4250 exceptis,
2674 4182 2798 4233 tum
2825 4170 3191 4241 Avellanitaa,
3222 4176 3345 4226 tum
3371 4160 3845 4250 Gamaldulenses

2137 4284 2337 4329 omnes
2380 4266 2593 4341 pariter
2639 4262 3027 4322 abstinebant.
3079 4260 3160 4317 De
3203 4256 3408 4331 primis
3450 4254 3609 4312 enim
3649 4249 3844 4341 inquit

2138 4360 2341 4418 Petrus
2383 4338 2665 4414 Damiani
2717 4359 2842 4411 tum
2892 4365 3086 4424 opusc.
3135 4359 3264 4416 le,
3293 4353 3416 4405 tum
3465 4354 3573 4413 xv,
3604 4355 3726 4413 cap.
3758 4338 3837 4397 6:

2142 4472 2165 4497 «
2199 4448 2265 4504 In
2299 4444 2586 4521 praedictis
2613 4442 2841 4501 duabus
2874 4435 3336 4511 Quadragesimis
3374 4428 3741 4521 consuetudo
3758 4434 3841 4484 te-

2142 4516 2381 4605 nuit,'ut
2410 4549 2599 4608 neque
2621 4529 2938 4600 monachis,
2967 4541 3155 4601 neque
3182 4523 3344 4583 laicis
3372 4520 3518 4590 vini,
3549 4519 3640 4579 vel
3668 4516 3844 4577 etiam

2136 4626 2309 4701 piscis
2383 4622 2669 4698 perceptio
2726 4619 3090 4689 concedatur,
3143 4614 3399 4687 exceptis
3456 4612 3547 4701 his
3594 4618 3845 4701 quatuor

2139 4697 2569 4782 festivitatibus,
2598 4709 2780 4769 sancti
2832 4707 3047 4766 scilicet
3100 4703 3370 4772 Andreae,
3397 4708 3451 4760 et
3484 4699 3565 4767 ,B.
3597 4697 3846 4757 Benedi-

2137 4802 2232 4874 cti,
2260 4809 2316 4860 et
2344 4799 2644 4860 Dominica
2678 4793 3029 4863 Palmarum,
3060 4798 3116 4850 et
3141 4791 3317 4849 C(ena
3347 4787 3602 4858 Domini,
3632 4786 3846 4859 quibus

2137 4890 2418 4949 nimirum
2470 4885 2872 4947 sacratissimis
2905 4882 3112 4941 diebus
3146 4879 3348 4953 pisces,
3378 4885 3435 4937 et
3472 4876 3699 4945 viuum,
3740 4888 3845 4931 ex-

2137 4981 2474 5040 cellentium
2527 4976 2957 5036 solemnitatum
3027 4971 3229 5029 laititia
3304 4969 3605 5035 invitante,
3662 4961 3847 5035 perci-

2138 5071 2324 5144 piunt.
2360 5093 2385 5121 ιο
2435 5069 2517 5127 De
2549 5066 2820 5127 secundis
2850 5070 3040 5123 autem
3099 5061 3170 5121 B.
3212 5059 3558 5144 Rodulphus
3591 5054 3749 5144 prior
3786 5054 3851 5112 in

2139 5141 2378 5216 Constit.
2417 5156 2559 5214 anni
2610 5154 2765 5224 1085,
2806 5152 2997 5226 inquit
3028 5171 3041 5210 :
3079 5177 3106 5200 κ
3138 5150 3262 5209 Mos
3298 5153 3382 5206 est
3411 5147 3472 5202 in
3505 5141 3662 5201 binis
3694 5141 3850 5211 Qua-

2140 5244 2476 5319 dragesimis
2523 5244 2706 5316 pisces
2755 5240 3093 5300 nullatenus
3141 5239 3326 5306 edere,
3359 5232 3449 5292 vel
3498 5231 3712 5288 vinum
3760 5231 3848 5287 bi-

2138 5336 2292 5404 bere,
2325 5331 2439 5391 nisi
2479 5333 2537 5390 ill
2574 5331 2937 5391 solemnitate
2976 5329 3035 5389 S.
3074 5328 3341 5395 Andreae,
3375 5330 3431 5380 et
3467 5320 3650 5379 sancti
3681 5319 3853 5377 Bene-

2141 5425 2296 5493 dicti,
2330 5430 2386 5482 et
2438 5430 2651 5482 sancta:
2702 5420 2920 5493 Mariae,
2961 5427 3015 5478 et
3068 5413 3366 5475 Dominica
3409 5413 3473 5469 in
3528 5409 3767 5478 Palmis,
3799 5407 3849 5463 si

2140 5516 2338 5589 aliqua
2381 5532 2453 5574 ex
2503 5521 2662 5590 parte
2706 5513 2990 5575 Dominus
3042 5503 3443 5575 transmiserit,
3470 5508 3526 5560 et
3570 5501 3630 5559 in
3676 5498 3853 5590 Ctena

2142 5604 2397 5664 Domini.
2461 5588 2956 5676 [Similiterque
2997 5599 3077 5675 in
3128 5594 3264 5655 aliis
3336 5588 3855 5657 Constitutionibus
