4106 6204
234 315 307 374 33

1121 305 1699 368 PBOLEGOMENA.
1750 340 1807 351 --
1851 306 1948 370 DE
1987 308 2390 372 INSTITUTO
2427 314 2861 376 CAMALDUL.

3674 326 3742 384 34

222 440 369 499 anni
403 436 561 507 1080,
590 451 715 510 cap.
741 435 831 506 tl,
853 434 934 493 ait
962 453 974 492 :
1008 454 1036 487 ‹‹
1069 433 1291 493 Vinum
1315 446 1547 506 quoque
1572 437 1697 504 post
1716 431 1951 491 initium
1973 436 2310 497 Amualdus
2356 439 2651 511 fragilitati
2691 442 2783 514 pie
2817 443 3188 517 compatiens.
3230 451 3521 504 consueta
3569 462 3734 506 men-

225 524 698 598 Quadragesima
751 537 999 595 magna,
1039 537 1105 580 ac
1156 521 1331 580 etiam
1374 520 1678 578 Adventus
1719 520 1953 579 Domini

226 630 345 674 non
378 615 553 672 datur
581 612 697 671 nisi
744 612 807 670 in
846 610 1149 670 Dominica
1189 609 1541 679 Palmarum,
1576 614 1632 668 et
1660 609 1819 667 festis
1853 610 1951 669 de-

228 704 482 771 claratis,
508 708 564 761 et
587 702 647 759 in
674 702 852 759 Cana
873 700 1105 759 Domini
1125 699 1187 757 in
1215 698 1621 759 festivitatibus
1637 700 1702 759 B.
1727 700 1945 768 Maria,

230 794 537 867 sanctique
569 791 888 851 Benedicti.
925 816 950 841 ν»

303 885 466 943 XIII.
506 883 815 958 Speciatim
848 890 1039 941 tamen
1072 884 1133 940 in
1164 882 1411 942 Sabbato
1441 891 1637 941 sancto
1665 890 1720 941 et
1750 882 1950 955 vigilia

233 975 455 1034 Natalis
481 974 719 1033 Domini
741 973 815 1032 ob
838 973 1063 1032 labores
1087 972 1270 1043 chori,
1305 975 1502 1031 vinum
1530 980 1585 1031 et
1608 990 1815 1046 panem
1844 975 1952 1032 lar-

233 1067 381 1139 giori
414 1081 692 1125 mensura
732 1079 964 1123 sumere
998 1064 1303 1138 utriusque
1340 1065 1451 1123 loci
1488 1065 1778 1124 institutio
1813 1082 1946 1139 per-

228 1156 495 1214 mittebat
525 1175 540 1212 :
572 1155 654 1213 sic
684 1154 844 1213 enim
870 1170 1068 1229 opusc.
1102 1166 1211 1213 XIV
1239 1163 1293 1213 et
1321 1168 1429 1225 xv,
1459 1171 1582 1229 cap.
1604 1156 1659 1225 6,
1692 1156 1947 1231 loquitur

223 1244 295 1302 de
331 1245 462 1304 suis
498 1242 848 1303 Avellanitis
885 1242 1201 1301 Damianus
1232 1266 1246 1301 :
1284 1267 1312 1295 ει
1344 1243 1413 1301 111
1457 1243 1706 1303 Sabbato
1750 1252 1944 1304 autem

208 1338 447 1403 sancto,
482 1348 589 1391 nec
614 1347 732 1391 non
760 1339 817 1390 et
844 1332 1047 1406 vigilia
1071 1331 1401 1390 Nativitatis
1421 1332 1672 1405 Domini,
1701 1342 1765 1392 ut
1787 1335 1946 1393 labor

224 1421 596 1481 ecclesiastici
642 1422 933 1480 relevetur
969 1422 1163 1493 oﬂicii,
1217 1429 1400 1481 totum
1436 1439 1647 1497 panem
1686 1425 1788 1498 qui
1838 1441 1951 1484 vo-'

225 1509 464 1581 luerint,
497 1511 834 1581 comedunt,
865 1510 1051 1569 alium
1081 1527 1220 1570 vero
1250 1512 1445 1570 cibum
1474 1512 1599 1571 sive
1629 1512 1783 1583 laici,
1819 1513 1945 1571 sive

227 1598 524 1671 monachi,
556 1598 791 1672 penitus
820 1613 935 1657 non
962 1598 1293 1657 admittunt.
1330 1622 1358 1649 ιι
1393 1599 1462 1657 Et
1492 1599 1558 1659 B.
1594 1599 1942 1673 Rodulphus

224 1688 380 1762 prior
437 1688 508 1746 de
556 1688 1100 1747 Camaldulensibus
1149 1689 1403 1746 eremitis
1448 1689 1531 1747 sic
1570 1689 1768 1749 statuit
1816 1690 1941 1749 loco

2037 540 2189 584 sura
2242 528 2521 600 quadram
2574 530 2875 602 paximatii
2926 532 3337 606 superaddidit,
3406 542 3461 593 et
3516 537 3598 595 sic
3653 538 3740 596 1a—

2035 612 2193 671 benti
2230 615 2351 687 jam
2389 616 2571 688 fratri,
2611 634 2686 675 ne
2721 619 2961 678 omnino
2999 620 3285 695 deﬁceret,
3326 623 3739 683 misericordia

2037 719 2280 763 manum
2312 707 2568 780 tetendit,
2604 732 2629 758 »
2662 700 2791 781 etc,
2818 720 2882 768 ut
2910 711 3156 785 legimus
3182 713 3243 771 in
3268 713 3580 773 Romualdi
3607 715 3739 774 Vita

2035 809 2156 865 cap.
2190 795 2242 853 8.

2106 882 2227 941 XV.
2278 885 2473 942 Obiter
2509 894 2702 945 autem
2754 890 2938 947 notari
2971 892 3155 962 juvat,
3196 908 3271 949 ex
3315 891 3579 952 Damiani
3618 895 3738 953 loco

2033 971 2206 1044 paulo
2233 980 2401 1032 antea
2435 975 2661 1034 laudato
2692 976 2821 1035 erui
2847 993 3012 1050 posse
3044 980 3340 1052 pracisam
3371 983 3539 1053 panis
3571 999 3735 1042 men-

2033 1078 2228 1158 suram
2256 1079 2299 1158 a
2318 1063 2809 1158 S._P.__Benedicto
2833 1084 2955 1140 cap.
2990 1069 3057 1158 §9
3086 1067 3308 1158 Regula
3338 1072 3734 1146 prascriptam

2032 1148 2115 1206 ibi
2148 1171 2161 1205 :
2200 1170 2228 1203 ε(
2260 1149 2432 1208 Panis
2458 1151 2605 1210 libra
2632 1168 2751 1211 una
2778 1148 3057 1228 prepensa
3095 1155 3339 1214 sufﬁciat
3365 1159 3427 1215 in
3457 1158 3570 1228 die,
3610 1160 3734 1219 sive

2031 1254 2150 1297 una
2177 1239 2251 1297 sit
2278 1237 2531 1312 refectio,
2564 1242 2687 1299 sive
2719 1242 2965 1315 prandii,
3007 1249 3062 1301 et
3101 1259 3304 1304 cana.
3342 1270 3368 1298 ν
3402 1247 3562 1317 Quod
3593 1251 3732 1324 qui-

2031 1327 2164 1385 dem
2190 1327 2357 1386 libra
2385 1330 2614 1403 pondus
2640 1330 2820 1391 simul
2845 1347 2980 1390 cum
3007 1348 3278 1393 mensura
3304 1336 3557 1396 hemina
3582 1340 3729 1410 vini,

2030 1415 2186 1475 idem
2212 1416 2272 1476 8.
2303 1418 2647 1479 Benedictus
2674 1421 2739 1479 B.
2767 1421 2968 1481 Mauro
2997 1423 3058 1480 in
3086 1421 3302 1483 Gallias
3330 1426 3571 1487 dimisso
3600 1444 3733 1487 con-

2030 1504 2299 1578 signavit,
2350 1513 2414 1565 ut
2462 1514 2659 1567 narrat
2706 1509 2951 1569 Faustus
2994 1512 3056 1570 in
3101 1513 3228 1586 ejus
3269 1513 3398 1573 Vita
3432 1518 3587 1591 apud
3625 1518 3732 1577 Su-

2028 1595 2184 1653 rium
2215 1615 2228 1653 :
2259 1597 2357 1655 sed
2395 1602 2452 1655 et
2488 1598 2855 1659 Cassinenses
2888 1603 3180 1672 monachi,
3218 1604 3732 1679 Longobardorum

2028 1682 2423 1744 incursionem
2466 1688 2774 1761 fugientes,
2812 1687 2969 1747 idem
3013 1689 3260 1764 pondus,
3302 1700 3359 1750 et
3394 1710 3729 1755 mensuram

228 1779 498 1852 proxime
535 1777 709 1837 citato
738 1793 860 1851 cap.
908 1777 968 1836 11
1002 1797 1015 1837 :
1051 1800 1077 1827 α
1117 1776 1433 1836 Sabbatum
1469 1792 1608 1836 vero
1645 1781 1936 1849 (sanctum)
1961 1788 2223 1853 Bsecum
2268 1774 2515 1833 Romam
2565 1784 2949 1851 asportarunt,
2999 1794 3075 1836 ex
3126 1780 3320 1838 Leone
3370 1782 3617 1843 Ostiensi
3666 1786 3729 1844 in

224 1870 370 1928 sacri
420 1870 695 1943 baptismi
747 1867 1112 1928 abstinentia
1149 1866 1415 1940 deputari
1466 1866 1654 1939 debet,
1695 1868 1795 1927 sed
1841 1885 1945 1942 pro

224 1956 423 2016 labore
457 1957 634 2016 ofﬁcii
662 1957 961 2031 sequentis
989 1955 1243 2024 Pascha,
1278 1955 1562 2015 biseoctus
1588 1956 1776 2029 panis,
1808 1973 1943 2016 cum

227 2048 423 2106 sobria
458 2048 823 2122 perceptione
853 2047 1001 2118 vini,
1032 2052 1214 2120 potest
1245 2045 1522 2106 fratribus
1551 2045 1875 2120 indulgeri;
1911 2070 1940 2097 1»

224 2142 278 2194 et
311 2152 460 2195 mox
483 2152 603 2209 cap.
638 2137 723 2209 14,
753 2136 835 2194 ait
865 2155 877 2193 :
922 2158 944 2187 ι
979 2136 1051 2193 Ι11
1081 2134 1282 2207 vigilia
1310 2149 1448 2193 vero
1476 2134 1797 2194 Dominica
1824 2137 1942 2196 Na-

224 2226 470 2286 tivitatis
522 2228 675 2286 idem
727 2226 1157 2287 observandum
1210 2232 1319 2297 est,
1374 2225 1531 2298 quod
1582 2225 1646 2283 in
1695 2225 1942 2286 Sabbato

225 2322 420 2374 sancto
450 2315 715 2375 diximus
742 2315 1056 2375 observari.
1088 2338 1117 2366 υ

288 2404 447 2462 XIV.
495 2404 633 2463 Ideo
669 2410 860 2464 autem
892 2409 1061 2461 totum
1084 2419 1286 2476 panem
1316 2406 1591 2472 integrum
1621 2400 1940 2460 Damianus

222 2507 408 2567 aque,
444 2509 511 2551 ac
540 2492 889 2566 Rodulphus
917 2491 1214 2565 speciatim
1244 2496 1443 2550 notant
1473 2489 1690 2563 pravio
1718 2488 1939 2547 Resur-

218 2583 512 2655 rectionis,
547 2590 604 2641 et
643 2582 864 2641 Natalis
892 2581 1184 2641 Dominici
1221 2581 1315 2640 die
1365 2581 1649 2639 duntaxat
1691 2579 1939 2653 permis-

218 2687 373 2741 sum,
404 2673 546 2745 quia
571 2672 797 2730 cateris
818 2669 1029 2744 jejunii
1058 2668 1267 2728 diebus
1305 2669 1563 2741 quinque
1594 2675 1817 2726 tantum
1848 2682 1939 2739 pa-

216 2760 313 2817 nis
365 2767 639 2830 octantes,
692 2765 845 2817 certa
901 2774 1208 2829 mensura,
1267 2757 1625 2832 praﬁxoque
1686 2754 1938 2829 pondere

2026 1860 2311 1921 Chronico
2338 1865 2552 1923 montis
2577 1865 2823 1939 Cassini,
2857 1867 2954 1925 lib.
2982 1880 3023 1939 I,
3054 1884 3175 1943 cap.
3209 1871 3263 1942 2,
3293 1871 3593 1946 Reginone
3617 1875 3658 1932 l.
3686 1888 3726 1934 I.

2026 1950 2237 2010 Chron.
2292 1951 2589 2026 Sigeberto
2623 1953 2696 2011 ad
2740 1970 2963 2013 annum
3006 1956 3218 2015 Christi
3268 1959 3392 2019 596.
3441 1962 3557 2020 Nec
3611 1977 3731 2022 non

2026 2041 2294 2099 monachi
2323 2058 2358 2099 a
2387 2041 2781 2101 Theodemaro
2829 2043 3156 2103 Cassinensi
3193 2047 3396 2107 abbate
3446 2051 3610 2109 missi
3655 2053 3729 2111 ad

2024 2130 2293 2190 Carolum
2326 2147 2611 2205 magnum
2651 2132 2715 2190 in
2751 2131 2993 2206 Gallias,
3039 2138 3371 2196 monastica
3403 2138 3729 2213 disciplina

2023 2217 2419 2278 instauranda
2439 2234 2628 2290 causa,
2662 2219 2891 2293 pondus
2912 2222 2945 2279 4
2976 2222 3277 2297 librarum,
3308 2242 3731 2304 mensurasque

2022 2308 2269 2380 prandii,
2326 2314 2381 2364 et
2436 2322 2619 2365 coena
2672 2324 2868 2367 secum
2922 2310 3272 2370 detulerunt.
3329 2313 3488 2371 Licet
3534 2323 3729 2373 autem

2021 2396 2084 2453 in
2132 2396 2596 2471 Aquisgranensi
2639 2398 2885 2457 concilio
2927 2415 3054 2457 can.
3105 2399 3174 2456 57
3225 2400 3483 2460 decisum
3532 2402 3728 2473 fuerit,

2026 2509 2053 2538 α
2089 2485 2161 2544 Ut
2212 2486 2364 2545 libra
2396 2488 2578 2562 panis
2630 2487 2700 2547 30
2755 2488 2955 2548 solidis
3008 2505 3108 2564 per
3166 2491 3232 2549 12
3282 2490 3549 2550 denarios
3604 2506 3728 2550 me-

2024 2573 2217 2645 tiatur,
2259 2597 2280 2627 »
2314 2576 2455 2635 dum
2507 2582 2700 2635 tamen
2746 2577 3083 2636 eorumdem
3132 2577 3452 2637 solidorum
3499 2579 3724 2653 pondus

2022 2679 2139 2721 non
2172 2664 2500 2736 innotescit,
2535 2682 2702 2741 aque
2724 2667 2784 2724 in
2816 2668 3060 2726 obscuro
3090 2674 3347 2727 remanet
3372 2675 3596 2728 vetusta
3625 2668 3725 2727 illa

2020 2752 2327 2812 monastici
2382 2755 2549 2828 panis
2621 2770 2915 2814 mensura.
2969 2759 3045 2814 At
3095 2773 3171 2815 ex
3223 2756 3520 2831 pramisso
3574 2755 3726 2816 Petri

216 2848 479 2917 libratos,
534 2849 724 2907 unica
773 2864 897 2907 sua
949 2846 1247 2906 refectioni
1292 2844 1720 2919 impendebant.
1772 2843 1938 2902 Unde
2016 2842 2286 2899 Damiani
2341 2850 2521 2914 textu,
2584 2844 2689 2902 hoc
2739 2844 2943 2902 saltem
2992 2845 3244 2918 elicitur,
3294 2846 3420 2918 ejus
3470 2853 3722 2921 tempore

216 2938 421 2997 Petrus
462 2939 732 2998 Damiani
765 2955 965 3013 opusc.
1004 2952 1110 3009 xv,
1144 2953 1265 3011 cap.
1297 2939 1350 3007 8,
1384 2939 1464 2995 ait
1497 2960 1509 2994 ε
1548 2958 1576 2989 ι(
1615 2936 1789 2994 Panis
1826 2952 1935 2994 au-
2018 2930 2281 3005 quinque
2326 2931 2662 3005 bujusmodi
2703 2934 2878 2994 libras
2922 2934 3047 2992 ovis
3080 2951 3355 2993 anserum
3404 2936 3471 2994 24
3509 2936 3724 3009 aquali

216 3034 331 3085 tem
357 3028 563 3087 eadem
591 3029 655 3086 in
685 3045 901 3101 eremo,
933 3045 1064 3104 qua
1090 3033 1146 3087 et
1176 3028 1237 3085 in
1266 3015 1614 3085 monasterio
1644 3034 1734 3085 est
1768 3042 1933 3084 men-
2018 3020 2269 3092 pondere
2299 3021 2759 3095 correspondisse
2789 3041 2800 3079 :
2832 3038 2967 3080 cum
3000 3024 3157 3081 enim
3192 3030 3448 3095 testetur,
3500 3049 3525 3076 ιι
3565 3042 3722 3084 eam—

217 3132 386 3187 sura;
452 3118 561 3176 hac
600 3125 794 3176 tamen
836 3117 1180 3175 discretione
1231 3121 1473 3186 servata,
1516 3123 1580 3174 ut
1618 3116 1679 3172 in
1726 3115 1930 3172 diebus
1951 3108 2146 3187 ﬁdem
2176 3114 2363 3177 (EXIN!
2386 3109 2594 3181 ieiunii
2619 3108 2762 3179 dies)
2787 3111 2849 3167 in
2880 3126 3090 3180 eremo.
3123 3128 3255 3185 quae
3285 3112 3344 3170 in
3375 3113 3724 3172 monasterio

216 3205 455 3277 quidem
484 3205 830 3273 refectionis,
862 3205 984 3263 sive
1014 3203 1284 3277 singula,
1316 3202 1439 3260 sive
1462 3202 1637 3273 bina,
1668 3201 1718 3259 si
1744 3208 1927 3260 totum
1952 3198 1995 3217 “
2015 3212 2349 3255 mensuram
2382 3198 2546 3271 panis
2598 3219 2625 3251 »
2682 3199 2743 3256 111
2778 3215 2889 3259 usu
2925 3200 3125 3270 fuisse,
3158 3208 3332 3276 atque
3366 3204 3534 3272 hanc,
3570 3204 3722 3277 jeju-

216 3294 339 3352 vult
364 3295 542 3352 frater
560 3295 879 3365 comedere,
907 3292 1341 3367 reprehensioni
1358 3307 1475 3350 non
1496 3292 1720 3364 cogitur
1744 3291 1929 3365 subja-
2014 3285 2246 3346 nierum
2274 3292 2546 3360 tempore,
2584 3302 2703 3347 uno
2727 3290 3065 3362 quadrante,
3099 3299 3154 3349 et
3182 3291 3421 3351 dimidio
3446 3292 3724 3354 imminu-

215 3397 356 3441 cere.
388 3382 459 3440 In
488 3383 698 3442 diebus
724 3398 863 3441 vero
888 3382 1123 3456 jejunii,
1154 3380 1294 3455 quia
1320 3381 1727 3454 unusquisque
1754 3380 1929 3437 frater
2013 3381 2129 3433 tam
2190 3398 2213 3426 σι
2269 3377 2508 3450 (quadra
2540 3377 2802 3436 videlicet
2833 3388 3168 3439 remanente
3197 3382 3423 3455 integra
3453 3383 3648 3457 semis)
3692 3407 3721 3437 υ

213 3469 406 3530 lances
430 3472 605 3530 habet
630 3473 695 3530 in
724 3472 889 3542 cella,
920 3470 1039 3529 illis
1065 3484 1292 3543 semper
1321 3467 1491 3526 librat
1516 3467 1681 3541 quod
1696 3466 1925 3525 sibimet
2012 3480 2117 3524 seu
2145 3464 2217 3522 ad
2244 3466 2508 3540 quinque
2539 3474 2795 3527 octantes
2820 3469 3132 3541 redactam,
3188 3494 3210 3521 ι
3276 3473 3633 3532 tantumdem
3657 3489 3725 3532 ac

216 3568 551 3621 amaturus
587 3568 853 3637 apponat.
895 3560 1165 3619 Mensura
1200 3563 1395 3637 autem
1427 3556 1530 3615 illa
1560 3549 1715 3615 hunc
1755 3556 1925 3615 habet
2013 3554 2121 3612 tria
2153 3570 2426 3613 anserum
2454 3570 2564 3614 ova
2593 3557 2857 3630 pendisse
2879 3558 3119 3629 asserit;
3174 3580 3203 3613 »
3254 3560 3457 3634 utique
3481 3576 3721 3620 mensu-

214 3648 476 3718 modum,
516 3655 583 3708 ut
624 3649 990 3723 superaddito
1021 3648 1258 3721 quadra
1287 3646 1531 3705 dimidio
1561 3647 1689 3717 (hoc
1715 3653 1801 3704 est
1828 3662 1924 3705 oc-
2010 3659 2133 3701 iam
2171 3642 2331 3700 illam
2369 3644 2652 3718 integram
2693 3646 2942 3719 pondere
2970 3647 3254 3720 aqualem
3292 3648 3471 3706 fuisse
3506 3649 3722 3707 indicat

216 3744 346 3795 tava
372 3741 558 3811 parte)
592 3737 904 3796 dimidium
935 3736 1214 3796 buccella
1247 3736 1421 3794 totius
1446 3735 1750 3809 appendat,
1779 3750 1925 3808 qua-
2010 3734 2277 3806 quinque
2305 3733 2644 3806 bujusmodi
2668 3736 2815 3805 ovis,
2843 3735 3070 3809 dempta
3095 3743 3254 3810 parte
3280 3737 3458 3796 unius
3478 3736 3713 3810 quinta:

212 3822 315 3881 dra
360 3823 629 3883 videlicet
665 3833 1000 3884 remanente
1027 3825 1252 3898 integra
1276 3823 1451 3883 semis
1482 3843 1511 3877 »
1546 3822 1681 3891 (hoc
1706 3829 1792 3882 est
1822 3823 1923 3881 tri-
2012 3822 2272 3895 adeoque
2300 3822 2552 3894 integras
2597 3823 2861 3897 quinque
2893 3825 3239 3885 monasticas
3266 3826 3434 3899 panis
3476 3842 3714 3887 mensu—

212 3913 321 3969 bus
350 3911 677 3970 octantibus
700 3912 987 3982 residuis).
1022 3934 1047 3962 α
1082 3912 1146 3969 Et
1172 3918 1236 3970 ut
1267 3909 1430 3969 nulla
1457 3910 1720 3969 dubietas
1748 3926 1925 3984 super
2011 3927 2105 3969 ras
2132 3911 2259 3968 ovis
2309 3910 2376 3968 24
2406 3910 2822 3983 aquivalcntes
2862 3912 3058 3983 fuisse,
3109 3920 3175 3973 ut
3220 3914 3384 3974 facile
3431 3914 3715 3975 subducto

211 4000 553 4074 bujusmodi
587 4016 860 4059 mensura
892 4007 1206 4072 remaneat,
1251 4015 1460 4059 novem
1501 3998 1790 4070 ornicum,
1831 3999 1923 4058 vel
2011 3998 2230 4057 calculo
2281 4006 2539 4058 constare
2586 4006 2787 4073 potest.
2843 4000 3061 4062 Verum
3109 4004 3182 4062 ad
3235 4004 3368 4076 alia,
3418 4014 3713 4079 resumpto

214 4090 315 4148 tria
352 4105 634 4149 anserum
677 4106 786 4149 ova
822 4090 1047 4149 libratis
1075 4089 1342 4149 lancibus
1387 4090 1744 4147 tantumdem
1787 4103 1925 4161 pen-

210 4187 355 4237 ant.
424 4203 446 4231 ι
511 4180 582 4237 Et
611 4179 674 4238 B.
706 4180 1051 4254 Bodulphus
1080 4180 1239 4254 prior
1262 4180 1326 4239 111
1355 4180 1580 4239 constit.
1611 4179 1753 4238 anni
1786 4178 1922 4238 1085

207 4269 479 4328 similiter
524 4271 641 4328 ait:
670 4293 697 4322 α
728 4270 1142 4345 Unusquisque
1194 4271 1367 4329 frater
1417 4271 1611 4329 lances
1667 4270 1731 4328 in
1776 4269 1923 4330 cella

204 4360 399 4432 habet,
463 4376 598 4419 cum
658 4361 873 4435 quibus
925 4367 1125 4434 pensat
1169 4366 1281 4420 tres
1335 4377 1530 4435 panes,
1582 4376 1727 4435 quos
1774 4361 1921 4419 acci-

203 4448 281 4519 pit
333 4464 546 4507 omnes
586 4447 707 4507 dies
756 4448 1107 4520 Dominicos,
1154 4456 1211 4507 et
1251 4451 1452 4524 quinta
1496 4449 1657 4507 feria.
1693 4470 1720 4501 »
1755 4447 1921 4532 Quod

2012 4088 2293 4160 tantisper
2317 4088 2546 4163 spiritu,
2585 4096 2964 4150 transeamus.

2677 4230 2921 4292 CAPUT
2949 4227 3049 4292 IV.

2080 4339 2227 4395 Alia
2282 4338 2745 4407 Avellanita-rum,
2801 4347 2852 4397 et
2902 4342 3400 4401 Camaldulensz’um
3446 4362 3639 4402 conve—

2740 4432 2977 4488 nitentia.

198 4513 395 4608 ipsum
456 4544 738 4596 testantur
789 4539 959 4596 etiam
1006 4513 1223 4597 Paulus
1268 4513 1638 4596 :lustinianus
1691 4513 1918 4596 inv‘Re-
1937 4513 1988 4572 D
2007 4538 2302 4617 SYNOPS‘ISA.
2333 4574 2400 4617 -_-
2424 4542 2643 4617 Similis
2655 4544 2807 4617 apud
2827 4544 3207 4617 Avellanitas,
3232 4553 3288 4604 et
3304 4546 3707 4607 Camalduleno

196 4628 330 4700 gula
388 4628 532 4687 vita
585 4628 896 4687 eremitica
948 4645 1070 4703 cap.
1133 4629 1221 4699 29,
1282 4635 1339 4687 et
1395 4628 1711 4687 Fortunius
1762 4626 1915 4688 Hist.

195 4714 462 4774 Camald.
510 4734 566 4792 p.
619 4730 661 4788 I,
704 4717 743 4775 l.
800 4731 840 4789 1,
890 4734 939 4777 c.
985 4717 1075 4776 58.
1128 4718 1309 4792 quue
1362 4724 1544 4777 totum
1603 4733 1677 4775 ex
1726 4715 1786 4775 S.
1846 4715 1909 4774 P.

190 4805 511 4866 Romualdi
563 4807 933 4867 institutione
986 4808 1300 4869 deductum
1359 4815 1491 4879 est,
1550 4808 1652 4884 qui
1704 4808 1785 4865 ita
1841 4808 1914 4866 ad

190 4902 407 4954 certam
458 4911 796 4955 mensuram
839 4897 1235 4971 jejunantium
1273 4905 1663 4957 commeatum
1704 4898 1913 4969 exerit,

190 4990 250 5041 ut
271 4984 436 5042 intra
466 4984 697 5044 dimidii
723 4986 1027 5059 paximatii
1060 4986 1179 5059 (seu
1204 4986 1374 5059 panis
1402 4986 1661 5059 biscocti)
1692 4986 1911 5046 medie-

189 5079 358 5133 tatem
387 5089 530 5133 suos
561 5074 878 5149 discipulos
908 5075 1097 5149 primo
1127 5075 1466 5144 contineret,
1502 5081 1626 5133 tum
1656 5073 1912 5135 uberiori

186 5163 308 5223 cibo
334 5164 748 5239 indigentibus
772 5164 1156 5239 quadrantem
1185 5164 1443 5237 ejusdem
1475 5166 1644 5239 panis
1672 5165 1912 5239 insuper

189 5249 519 5323 indulserit,
562 5250 1056 5326 quemadmodum
1083 5252 1148 5310 B.
1181 5252 1347 5310 Petro
1376 5252 1615 5311 Urseolo
1642 5252 1901 5326 contigit.

194 5337 334 5398 Nam
362 5348 680 5415 postquam
708 5342 758 5400 is
793 5339 852 5400 8.
882 5340 1068 5400 Patris
1088 5341 1333 5415 pedibus
1361 5341 1678 5401 advolutus
1708 5357 1906 5402 neces-

195 5428 413 5489 sitatem
442 5446 611 5491 suam
640 5431 864 5505 aperuit
894 5449 907 5487 :
941 5452 969 5482 ι
1000 5429 1184 5501 Pater,
1218 5429 1429 5504 inquit,
1458 5430 1598 5503 quia
1629 5446 1908 5505 magnum

198 5531 395 5593 corpus
449 5519 637 5579 habeo
681 5534 786 5593 pro
832 5519 1075 5594 peccatis
1118 5518 1287 5593 meis,
1328 5535 1405 5579 ex
1451 5519 1560 5579 hac
1603 5519 1909 5594 paximatii

199 5609 495 5668 medietate
547 5613 873 5669 sustentare
915 5624 1010 5668 me
1058 5623 1178 5669 non
1229 5621 1487 5683 possum.
1544 5609 1752 5670 Statim
1799 5611 1904 5673 Ro-

2067 4629 2158 4688 ses
2176 4614 2679 4688 viniabstinentia.
2693 4614 2874 4674 Num.
2908 4617 2955 4673 1.
2983 4614 3200 4675 Eadem
3217 4633 3519 4677 servorum
3539 4620 3707 4688 disci-

2066 4685 2248 4766 plina.
2283 4687 2334 4766 2.
2373 4685 2858 4766 Ρίιιχνὶεἰιὶἓπαιη
2895 4688 3301 4766 οιρεθςνεηηίει.Δ
3324 4689 3376 4747 3.
3413 4690 3557 4766 Item
3586 4685 3703 4766 tes:

2066 4757 2256 4814 torum
2277 4757 2564 4815 discretio.
2587 4757 2645 4814 7i.
2677 4757 2906 4834 Qua_in
2931 4759 3091 4834 [cstis
3110 4759 3524 4834 transferendis
3548 4760 3704 4834 apud

2064 4830 2757 4904 utrosque__consuetudo.
2805 4829 2858 4887 5.
2913 4829 3181 4904 quualis
3211 4830 3529 4904 nudipedii
3573 4829 3701 4904 cul-

2063 4905 2209 4974 tu_r_a.
2245 4897 2304 4957 '6.
2343 4899 2459 4974 Nec
2484 4915 2601 4974 non
2630 4897 3426 4974 metanaarumdisciplina,
3454 4908 3515 4974 et
3544 4902 3703 4974 capia

2060 4970 2168 5029 tuli
2203 4986 2364 5053 usus.
2398 4971 2450 5028 7.
2484 4970 2990 5052 Flagellationum,
3017 4970 3397 5053 aliorumque.
3411 4970 3700 5053 ejusmodi

2060 5044 2470 5116 exercitiorum
2517 5042 2793 5116 mensura
2841 5042 3210 5116 singulorum
3253 5042 3511 5116 arbitrio
3550 5052 3703 5104 utro-

2058 5112 2238 5194 bique
2267 5113 2517 5194 relicta.
2542 5113 2595 5171 8.
2637 5112 3261 5194 DiscretaL‘etﬁocculta
3302 5129 3440 5189 erga
3460 5114 3699 5194 debiles

2060 5183 2341 5259 relaxatio
2379 5185 2589 5259 pariter
2625 5191 2867 5258 recepta.
2906 5184 2958 5259 9.
3002 5183 3318 5259 Disciplina
3335 5183 3635 5259 psallendi
3662 5203 3696 5245 a

2057 5253 2673 5335 anygldo‘utrisgue
2699 5253 3046 5335 praescripta.
3081 5253 3176 5335 ως
3199 5254 3266 5313 Β.
3296 5253 3496 5316 Maria
3524 5259 3699 5335 virgi-

2058 5327 2153 5402 nis
2177 5326 2515 5402 Qﬂiciuma
2542 5326 3001 5402 P’etro'Damia’ni
3032 5326 3296 5402 utrisque
3323 5326 3699 5402 propositum.

2065 5398 2148 5456 11.
2180 5398 2291 5456 Par
2323 5397 2633 5470 utrobique
2650 5411 2785 5469 erga
2804 5395 3114 5471 defunctos
3134 5395 3342 5471 pietas:
3377 5395 3461 5459 12.
3494 5400 3697 5461 Somni

2057 5474 2183 5543 post
2237 5467 2609 5543 nocturnum
2677 5467 2922 5543 aqualis
2964 5467 3324 5543 declinatio.
3390 5470 3476 5529 i3.
3536 5471 3697 5530 Idem

2058 5538 2506 5625 silentiinrigor.‘
2523 5540 2645 5625 '14,;
2685 5538 2910 5625 §imilis
2958 5540 3373 5625 instabilitatis,
3410 5547 3468 5625 et
3518 5557 3697 5625 vaga-

2060 5610 2238 5672 tionis
2283 5610 2443 5686 fuga.
2488 5611 2575 5671 15.
2606 5610 2782 5672 Cella
2820 5627 2965 5676 usus
3002 5614 3264 5690 utrisque
3306 5610 3692 5688 pariformiter
