4106 6204
299 340 370 398 35

339 488 344 502 σ
372 441 826 519 commendatus.
860 456 947 515 16.
975 453 1420 514 Perseverantiae

1216 332 1274 392 S.
1318 326 1610 390 PETRUS
1652 323 2044 384 DAMIANUS
2086 324 2148 385 S.
2191 325 2260 384 Β.
2302 325 2369 383 Ε.
2413 322 2891 384 CARDINALIS.
3740 321 3809 379 36

1505 450 1713 508 retium
1746 448 2227 521 utrisqueAtum
2256 447 2410 521 apud
2449 446 2878 519 Camaldulum,
2911 452 3034 504 tum
3081 445 3236 518 apud
3279 443 3623 502 Avellanam
3667 457 3806 501 con-

378 531 755 611 ἷηῼυίθδίυω·
792 530 875 610 ¹.7ο
919 528 1050 611 Alia
1087 526 1145 586 δ’
1197 521 1506 583 Βοωυθωί
1547 523 1763 578 Πῖοηίίίλ
1809 521 1919 591 his:
1959 527 2015 576 et
2093 545 2438 608 sueverant;
2485 553 2674 611 neque
2710 536 2810 594 illa
2856 536 3158 604 duntaxat,
3204 550 3339 606 quae
3384 533 3682 592 communi
3735 534 3808 591 ab

374 603 495 661 illis
521 601 874 660 communia.
920 598 1002 657 l8.

380 723 424 780 Ι.
470 720 745 792 Reliquos
776 725 1037 776 veterum
1079 713 1538 771 Avellanitarum
1575 728 1782 783 mores,
1813 717 1869 772 et
1898 727 2017 770 cor-

306 810 717 884 respondcntes
750 806 1119 866 eremitarum
1153 801 1690 860 Camaldulensium
1719 807 2020 860 consuetu-

308 901 475 960 dines
512 902 619 959 hoc
646 898 827 972 capite
864 909 1317 968 prosequemur;
1363 892 1626 966 illudque
1657 899 1790 949 ante
1819 891 2015 949 omnia

308 989 656 1058 notabimus,
700 1000 875 1044 usum
906 983 1029 1040 vini
1065 982 1250 1055 primo
1288 982 1518 1054 penitus
1551 980 1809 1055 utrisque
1848 979 2013 1052 igno-

308 1084 453 1149 tum,
503 1093 640 1135 mox
687 1075 876 1132 sobria
924 1087 1192 1129 mensura
1232 1073 1414 1142 (extra
1459 1071 1582 1128 dies
1627 1068 2012 1136 abstinentiae,

309 1185 411 1227 seu
442 1168 687 1241 perfecto
711 1165 934 1238 jejunio
955 1163 1189 1232 dicatos,
1215 1162 1285 1219 de
1311 1162 1529 1234 quibus
1554 1167 1744 1235 supral
1777 1160 2015 1234 permis-

307 1270 459 1313 sum.
496 1254 575 1311 De
613 1252 670 1310 S.
703 1251 1012 1310 Bomualdi
1049 1249 1200 1322 apud
1236 1248 1470 1308 Sitriam
1503 1248 1806 1321 discipulis
1844 1252 2015 1305 testa-

308 1353 401 1404 tur
423 1347 543 1419 ipse
567 1343 882 1402 Damianus
905 1343 964 1400 in
988 1341 1115 1415 ejus
1135 1340 1265 1399 Vita
1286 1357 1407 1415 cap.
1439 1342 1526 1404 64,
1551 1341 1702 1416 quod
1737 1365 1764 1388 -<
1796 1339 2015 1397 Vinum

306 1433 389 1492 ibi
443 1449 613 1492 nemo
657 1437 914 1502 noverat,
965 1447 1069 1489 nec
1119 1431 1168 1488 si
1213 1431 1384 1488 etiam
1433 1429 1837 1502 gravissimam
1885 1426 2016 1500 quis

307 1520 714 1596 aegritudinem
747 1525 1052 1592 pateretur.
1091 1543 1115 1566 υ
1153 1517 1286 1575 Mox
1315 1534 1349 1574 a
1385 1517 1442 1575 Β.
1466 1517 1773 1588 Rodulpho
1796 1513 2018 1572 Gamal-

307 1612 536 1671 dulensi
563 1610 751 1684 priore
769 1610 829 1667 in
851 1609 1078 1666 constit.
1109 1608 1252 1665 anni
1287 1606 1441 1676 1080,
1473 1622 1594 1680 cap.
1627 1605 1696 1663 23
1727 1605 2013 1663 sancitum

306 1701 558 1776 legitur:
598 1726 625 1750 «
657 1699 878 1758 Vinum
909 1698 1147 1772 quidem
1184 1696 1256 1754 ab
1300 1696 1553 1754 eremitis
1589 1696 1848 1753 alienum
1891 1709 2015 1752 esse

2096 628 2367 686 omnibus
2411 626 2636 700 jejunio
2687 625 3077 700 excipiuntur,
3128 622 3227 681 sed
3269 622 3369 680 illa
3414 623 3610 690 etiam,
3669 637 3804 694 quae

2097 717 2386 791 geminam
2422 732 2495 775 ex
2534 717 2805 775 Ecclesiae
2832 721 3113 789 praacepto
3141 711 3508 770 refectionem
3538 725 3656 768 non
3681 725 3808 784 pro-

2096 808 2314 871 hibent,
2369 812 2433 866 ut
2485 824 2544 865 se
2600 806 2772 864 habet
2840 805 3040 878 vigilia
3106 801 3466 876 Epiphanize,
3526 817 3630 858 nec
3687 815 3808 858 non

2100 896 2202 956 SS.
2237 895 2488 969 Philippi
2529 903 2584 954 et
2619 893 2814 954 Jacobi
2843 893 3253 968 apostolorum.
3292 890 3458 949 Unde
3487 890 3552 947 B.
3584 889 3806 948 Rodul-

2098 987 2248 1060 phus
2283 985 2441 1058 prior
2466 985 2526 1042 in
2555 985 2780 1043 constit.
2812 983 2905 1041 cit.
2942 997 3063 1056 cap.
3111 981 3195 1051 17,
3241 979 3432 1053 inquit
3465 1002 3476 1036 :
3517 1001 3542 1027 α
3577 977 3807 1051 Vigiliae

2099 1080 2449 1142 sanctorum,
2483 1088 2616 1146 qua:
2653 1073 2712 1129 in
2745 1070 2996 1130 Ecclesia
3030 1073 3256 1127 statuta:
3286 1073 3442 1134 sunt,
3471 1072 3523 1123 et
3552 1065 3804 1138 Epipha-

2099 1166 2332 1223 niorum
2358 1177 2609 1237 quoque,
2642 1168 2812 1236 atque
2841 1165 3168 1218 sanctorum
3201 1155 3473 1229 Philippi,
3501 1161 3555 1212 et
3584 1154 3801 1224 Jacobi,

2099 1255 2232 1313 licet
2257 1254 2318 1311 in
2345 1269 2455 1312 usu
2481 1252 2852 1310 saacularium
2881 1265 2994 1308 non
3023 1248 3366 1315 habeantur,
3394 1245 3456 1302 in
3483 1245 3588 1302 hac
3615 1258 3803 1301 eremo

2099 1342 2576 1413 (Camaldulensi)
2635 1338 3000 1398 abstinentiae
3048 1333 3392 1410 deputandze
3443 1338 3597 1390 sunt.
3652 1353 3678 1382 υ
3737 1331 3807 1388 Et

2100 1434 2307 1492 Petrus
2364 1431 2626 1490 Damiani
2686 1438 2822 1488 tom.
2881 1429 2928 1498 Ι,
2988 1427 3089 1485 lib.
3151 1438 3232 1495 VI,
3291 1439 3379 1496 ep.
3444 1423 3510 1479 35
3563 1422 3631 1479 ad
3692 1436 3812 1479 suae

2100 1521 2558 1596 congregationis
2598 1520 2864 1578 eremitas
2911 1518 2981 1575 de
3031 1521 3154 1575 octo
3205 1511 3540 1586 vigiliarum
3587 1509 3813 1582 jejunio

2101 1611 2376 1682 scribens,
2415 1625 2550 1669 cum
2588 1608 2731 1668 alias
2767 1604 3198 1673 commendans,
3233 1609 3356 1660 tum
3384 1600 3516 1658 illas
3553 1597 3810 1672 Epipha-

2100 1701 2237 1771 nia,
2278 1707 2333 1757 et
2373 1697 2476 1758 SS.
2519 1697 2794 1771 Philippi,
2841 1704 2898 1755 et
2932 1694 3130 1754 Jacobi
3176 1690 3483 1768 specialius
3535 1687 3810 1758 inculcat,

308 1789 695 1865 cognoscitur,
727 1788 824 1846 sed
848 1786 986 1861 quia
1015 1786 1279 1855 defectio,
1321 1791 1376 1844 et
1412 1784 1597 1872 nostri
1626 1783 1918 1872 temporis,
1951 1798 2016 1840 ac
2036 1791 2300 1872 Bdicens
2326 1810 2339 1850 ε
2374 1812 2400 1844 α
2435 1789 2895 1865 Epiphaniamm
2931 1801 3162 1861 quoque
3192 1781 3442 1856 vigilias,
3477 1780 3551 1838 ob
3586 1777 3812 1851 magni-

255 1877 258 1880 ’
306 1883 533 1937 naturae
561 1874 826 1933 debilitas
845 1873 903 1930 id
930 1873 1170 1931 omnino
1199 1887 1317 1930 non
1345 1871 1577 1946 patitur,
1602 1885 1731 1928 raro
1754 1868 2016 1944 quidem,

311 1972 367 2025 et
415 1964 603 2024 sobrie
641 1963 978 2037 bujusmodi
1031 1966 1234 2036 potum
1259 1962 1549 2038 percipere
1583 1960 1786 2032 solent,
1819 1966 1889 2020 ut
1917 1960 2020 2035 qui

310 2063 610 2132 nequeunt
645 2072 782 2115 cum
827 2055 1048 2114 Joanne
1089 2054 1431 2113 abstemiam
1475 2054 1864 2127 frugalitatem
1896 2070 2017 2113 ser-

307 2162 464 2217 vare,
487 2143 581 2204 vel
603 2160 738 2204 cum
763 2143 1064 2202 Timotheo
1090 2142 1278 2200 sobria
1301 2142 1570 2216 parcitate
1594 2148 1852 2200 utantur.
1886 2166 1912 2190 »
1950 2141 2022 2199 Et

312 2235 514 2294 Petrus
543 2233 863 2292 Damianus
891 2230 1351 2305 congregationis
1381 2245 1505 2288 suae
1533 2231 1797 2288 instituta
1821 2244 2020 2288 recen-

313 2343 465 2397 sens,
502 2334 626 2384 tum
650 2341 848 2398 opusc.
876 2335 1006 2394 XIV,
1040 2339 1204 2381 num.
1239 2324 1322 2392 15,
1354 2337 1477 2394 cap.
1510 2323 1542 2376 b‘
1572 2321 1657 2378 sic
1681 2323 1893 2394 pariter
1926 2320 2024 2378 ha-

312 2418 408 2475 bet
438 2439 451 2474 :
487 2440 513 2464 α
553 2416 605 2472 Α
645 2415 784 2472 vino
816 2421 1031 2482 autem,
1070 2419 1135 2470 ut
1183 2411 1383 2482 nostis,
1423 2409 1724 2484 aliquanto
1772 2415 2021 2482 tempore

314 2504 732 2571 continuimus,
771 2503 849 2558 ita
888 2507 954 2558 ut
1012 2515 1200 2573 neque
1248 2499 1395 2570 laici,
1439 2515 1626 2571 neque
1660 2499 2023 2556 extrinsecus

315 2593 630 2663 venientes,
662 2590 756 2648 vel
788 2589 961 2646 etiam
1012 2590 1072 2646 in
1114 2588 1330 2645 Pascha
1375 2587 1629 2658 Domini,
1667 2587 1890 2659 aliquid
1929 2585 2022 2643 hic

313 2693 520 2761 praeter
548 2700 756 2758 aquam
798 2683 1062 2740 biberent
1093 2701 1104 2739 :
1136 2696 1328 2754 neque
1370 2680 1577 2738 vinum
1613 2679 1724 2749 hic,
1762 2678 1876 2736 nisi
1921 2691 2022 2749 pro

317 2776 598 2833 sacrificio
648 2775 974 2833 haberetur.
1027 2770 1135 2830 Sed
1171 2770 1448 2843 quoniam
1497 2775 1552 2826 et
1598 2768 1691 2825 hic
1724 2771 2024 2825 manentes

316 2871 615 2939 cmperunt
641 2868 984 2937 aegrotantes
1014 2861 1273 2930 deiicere,
1301 2865 1359 2916 et
1387 2858 1628 2932 quidam
1658 2858 1728 2914 ad
1759 2871 2021 2914 eremum

319 2955 561 3012 transire
595 2954 912 3027 cupientes,
947 2949 1125 3024 hujus
1153 2948 1358 3021 rigoris
1387 2947 1815 3006 observantiam
1859 2944 2023 3018 peni-

316 3052 406 3103 tus
431 3043 741 3103 abhorrere
768 3065 780 3099 :
809 3042 1099 3109 fraterna},
1133 3038 1276 3107 sive,
1309 3044 1374 3096 ut
1402 3038 1597 3095 verius
1623 3036 1834 3105 dicam,
1861 3049 2022 3091 com-

2105 1881 2370 1939 tudinem
2409 1877 2808 1946 solemnitatis,
2848 1877 2910 1934 in
2949 1890 3065 1950 qua
3100 1872 3367 1931 videlicet
3402 1875 3483 1927 tot
3519 1869 3580 1926 in
3621 1881 3811 1926 unum

2105 1975 2460 2028 sacramenta
2513 1971 2884 2034 concurrunt,
2942 1963 3189 2035 dignum
3237 1964 3321 2017 est
3353 1957 3649 2031 jejunare;
3689 1977 3717 2004 η
3759 1961 3816 2013 et

2103 2060 2288 2118 infra:
2318 2083 2344 2107 «
2375 2057 2539 2117 Unde
2559 2064 2616 2114 et
2640 2055 2789 2114 illud
2814 2052 3066 2128 graviter
3093 2050 3356 2118 ferimus,
3389 2046 3527 2121 quia
3553 2044 3816 2119 plerique

2105 2147 2330 2216 fratres,
2388 2145 2531 2204 dum
2582 2143 2849 2217 jejunare
2925 2142 2990 2200 in
3061 2141 3355 2199 beatorum
3431 2133 3816 2209 apostolorum

2109 2234 2382 2308 Philippi,
2440 2240 2495 2291 et
2535 2231 2731 2291 Jacobi
2769 2230 2989 2306 vigiliis
3033 2229 3499 2303 perhorrescunt,
3550 2219 3819 2308 solemni-

2109 2305 2283 2378 tatem
2305 2305 2672 2378 Pentecostes
2701 2318 2758 2373 in
2791 2315 3224 2372 excusationem
3267 2325 3389 2368 suae
3419 2305 3817 2365 dissolutionis

2106 2415 2426 2484 opponunt,
2499 2406 2796 2464 dicentes:
2831 2418 2947 2460 non
3022 2399 3231 2458 debere
3295 2412 3648 2470 quemquam
3709 2395 3816 2452 sub

2101 2497 2463 2574 jejuniorum
2516 2500 2658 2552 tunc
2709 2506 2953 2550 censura
3002 2485 3341 2559 constringi,
3399 2501 3536 2544 cum
3588 2491 3817 2556 tempus

2107 2570 2280 2644 dictet
2334 2583 2703 2659 paschalibus
2757 2580 2949 2655 potius
2995 2576 3226 2654 gaudiis
3282 2575 3528 2649 epulari.
3569 2599 3594 2622 ››
3649 2570 3814 2641 Quod

2109 2677 2287 2736 variis
2315 2674 2682 2749 postmodum
2721 2671 3062 2740 rationibus,
3108 2675 3163 2727 et
3199 2665 3483 2740 exemplis
3518 2662 3577 2722 S.
3622 2662 3816 2719 doctor

2108 2767 2384 2825 confutat.

2183 2857 2280 2914 lV.
2329 2857 2404 2912 At
2443 2854 2491 2912 si
2539 2851 2758 2924 vigiliae
2805 2849 3052 2922 perfecto
3095 2844 3262 2919 panis
3311 2850 3365 2900 et
3404 2857 3572 2915 aquae
3597 2835 3817 2913 jejunio

2111 2943 2613 3013 consecrabantur,
2666 2939 2924 2997 vicissim
2979 2934 3108 2994 festi
3167 2934 3288 2990 dies
3336 2932 3408 2988 ab
3462 2928 3623 2987 omni
3695 2933 3818 2982 tum

2113 3033 2478 3101 abstinentia,
2525 3039 2648 3089 tum
2693 3027 2939 3100 simplici
2974 3025 3197 3099 jejunio
3225 3019 3548 3080 refectionis
3576 3016 3753 3074 unius
3780 3029 3814 3069 a

316 3133 482 3193 muni
547 3131 932 3190 imbecillitati
1004 3105 1419 3202 dispensatorie
1501 3123 2089 3202 condescendentesn
2114 3120 2386 3181 Paschate
2426 3133 2611 3191 usque
2655 3115 2727 3173 ad
2773 3114 2913 3172 Idus
2967 3109 3318 3184 Septembris
3365 3105 3811 3202 eximebantur;

321 3223 700 3292 indulsimus,
731 3229 797 3280 ut
824 3222 1029 3279 vinum
1065 3194 1178 3289 hic,
1212 3224 1436 3276 servato
1467 3217 1794 3276 sobrietatis
1825 3214 2025 3272 mode-
2045 3194 2089 3224 υ
2109 3211 2182 3269 ab
2215 3209 2418 3268 Idibus
2448 3223 2584 3266 vero
2617 3204 2969 3280 Septembris
3017 3203 3089 3260 ad
3131 3201 3366 3292 Pascha,
3404 3197 3526 3256 sola
3567 3194 3817 3292 panisAet

321 3314 565 3383 ramine,
607 3311 905 3369 biberetur
931 3333 943 3367 :
973 3317 1037 3367 ut
1069 3307 1222 3382 quod
1254 3322 1388 3364 cum
1416 3306 1641 3363 Joanne
1669 3319 1787 3361 non
1817 3318 2024 3376 possu-
2109 3316 2277 3377 aquae
2316 3295 2665 3356 abstinentia
2711 3293 3011 3362 vacabant,
3061 3290 3158 3350 sed
3208 3289 3395 3347 unicte
3439 3290 3625 3342 tamen
3667 3283 3815 3342 refe-

323 3418 454 3461 mus
497 3419 570 3460 ex
608 3406 724 3460 toto
754 3371 1103 3474 relinquere,
1137 3397 1337 3456 saltem
1363 3411 1497 3453 cum
1525 3371 1836 3453 Timotheo
1859 3393 2024 3452 Pauli
2109 3371 2318 3460 ctioni,-
2335 3387 2646 3463 praecipuis
2669 3384 3024 3458 quibusdam
3052 3376 3513 3439 solemnitatibus
3541 3371 3812 3446 exceptis,

320 3490 605 3564 discipulo
630 3464 967 3548 studeamus
995 3464 1230 3546 infirmo
1259 3485 1553 3542 stomacho
1578 3482 1788 3554 sobrie,
1824 3491 1878 3541 et
1913 3483 2025 3540 hu-
2110 3484 2575 3560 deputabuntur;
2648 3479 2728 3536 ait
2797 3476 2956 3535 enim
3015 3474 3078 3532 B.
3136 3470 3485 3544 Rodulphus
3541 3466 3701 3540 prior
3753 3464 3816 3520 in

320 3557 539 3638 militer
569 3579 942 3648 ministrare;
981 3582 1037 3634 et
1066 3575 1166 3650 qui
1202 3589 1436 3648 prorsus
1462 3572 1726 3630 abstemii
1754 3587 1881 3631 esse
1908 3585 2027 3629 non
2111 3557 2338 3634 constit.
2371 3572 2512 3630 anni
2557 3569 2692 3628 1080
2736 3582 2858 3640 cap.
2911 3565 2975 3623 l3
3008 3587 3021 3622 ε
3060 3586 3087 3614 α
3124 3561 3189 3618 In
3222 3557 3630 3618 festivitatibus
3660 3567 3815 3650 vero,

320 3681 656 3740 possumus,
691 3681 814 3724 esse
840 3664 1041 3724 saltem
1070 3662 1247 3722 sobrii
1278 3661 1632 3720 studeamus.
1667 3685 1696 3709 κ

392 3758 468 3816 ΙΙ.
501 3758 584 3816 Ne
611 3757 744 3831 quis
771 3772 909 3815 vero
941 3755 1204 3825 miretur,
1229 3752 1374 3812 olim
1401 3759 1456 3811 et
1485 3752 1657 3810 laicos
1687 3749 1845 3824 ipsos
1875 3749 2032 3824 apud

320 3846 661 3906 Avellanam
700 3862 734 3903 a
777 3846 918 3903 vino
956 3843 1328 3914 abstinuisse,
1359 3839 1833 3915 quandoquidem
1873 3844 1928 3896 et
1959 3836 2032 3895 ad

321 3938 476 4010 ipsos
502 3933 770 4004 famulos,
802 3940 927 3991 tum
952 3932 1056 4003 ibi,
1094 3939 1217 3990 tum
1240 3929 1392 4003 apud
1424 3928 1861 3998 Romualdinos,
1887 3926 2034 4000 jeju-

326 4026 412 4083 nii
458 4039 701 4083 censura
749 4020 1265 4094 exporrigebatur;
1324 4033 1458 4076 nam
1505 4017 1570 4074 in
1626 4015 1756 4072 Vita
1813 4013 1871 4074 S.
1925 4014 2034 4072 Bo-

326 4113 546 4172 mualdi
597 4127 720 4184 cap.
775 4109 864 4181 64,
915 4114 1218 4183 postquam
1253 4105 1571 4164 districtam
1612 4101 2032 4176 discipulorum

327 4202 522 4262 Sitriae
550 4200 785 4259 vivendi
816 4199 1100 4258 rationem
1121 4195 1514 4269 descripsisset
1540 4191 1882 4261 Damianus,
1908 4190 2034 4247 haec

333 4290 528 4350 subdit
559 4313 571 4347 :
607 4315 634 4338 «
669 4289 780 4347 Sed
829 4304 932 4347 cur
972 4303 1077 4360 ego
1115 4285 1186 4343 de
1228 4285 1529 4342 monachis
1561 4283 1784 4356 loquor,
1813 4295 1948 4338 cum
1979 4285 2035 4337 et

327 4380 436 4455 ipsi
465 4378 883 4437 monachorum
914 4375 1144 4446 famuli,
1174 4374 1286 4448 ipsi
1315 4388 1546 4449 quoque
1577 4370 1843 4430 custodes
1867 4384 2034 4443 peco-

327 4485 460 4528 rum
508 4465 882 4542 jejunarent?
917 4492 942 4515 »ι
983 4473 1088 4525 etc.
1119 4465 1340 4539 Deque
1391 4461 1800 4523 Avellanensis
1849 4462 2031 4519 eremi

329 4559 512 4617 servis
552 4573 745 4632 Opusc.
779 4569 887 4627 xv,
931 4572 1052 4630 cap.
1086 4557 1141 4626 7,
1175 4557 1258 4613 sic
1285 4554 1496 4628 pariter
1525 4552 1827 4627 loquitur:
1867 4578 1893 4602 ‹‹
1924 4552 2032 4609 Fa-

330 4649 479 4708 muli
527 4663 779 4721 quoque,
808 4648 913 4720 qui
945 4645 1082 4704 huic
1110 4644 1231 4703 loco
1257 4643 1616 4714 deserviunt,
1649 4643 1721 4700 ab
1747 4640 2037 4714 assignato

2111 3679 2247 3739 quae
2276 3679 2310 3720 a
2339 3660 2553 3720 Pascha
2582 3672 2765 3731 usque
2792 3655 2864 3713 ad
2907 3654 3067 3711 hunc
3093 3649 3404 3739 terminum
3433 3645 3684 3739 (iduum.
3713 3640 3813 3739 Se-

2115 3729 2406 3827 ptembris)
2457 3729 2793 3812 occurrunt,
2844 3745 2900 3799 et
2943 3736 3293 3827 abstinentia
3322 3733 3557 3827 remitti,
3587 3736 3642 3788 et
3664 3729 3820 3827 jeju:

2116 3816 2284 3898 nium
2319 3816 2462 3895 solet
2489 3833 2730 3892 absolvi.
2781 3830 2914 3889 Post
2950 3827 3089 3886 Idus
3143 3822 3492 3899 Septembris
3526 3833 3710 3893 usque
3751 3816 3822 3874 ad

2118 3922 2645 3997 Quadragesimam,
2702 3934 2832 3993 quae
2891 3917 3044 3975 infra
3100 3916 3208 3972 hoc
3249 3912 3498 3985 spatium
3558 3905 3822 3997 accidunt

2119 3994 2473 4082 festivitates,
2505 4009 2916 4069 abstinentiam
2947 4005 3184 4081 quidam
3218 4003 3482 4060 relaxant
3526 3994 3821 4070 jejunium

2115 4119 2254 4164 vero
2278 4102 2520 4161 minime
2545 4099 2796 4158 solvunt.
2826 4123 2854 4147 »
2882 4095 2953 4152 Et
2974 4094 3181 4151 Petrus
3201 4088 3470 4150 Damiani
3495 4100 3688 4159 opusc.
3715 4091 3821 4151 XV,

2117 4207 2238 4264 cap.
2301 4189 2379 4249 6:
2419 4215 2446 4239 «
2509 4187 2580 4246 In
2639 4183 3046 4244 festivitatibus
3120 4179 3429 4239 duodecim
3484 4172 3821 4264 lectionum,

2117 4257 2486 4356 quascunque
2511 4277 2756 4337 veniunt
2791 4275 2864 4333 ab
2891 4272 3096 4331 Idibus
3127 4267 3731 4356 Septembris‘usque
3751 4257 3823 4315 ad

2118 4349 2618 4430 Piesurrectionem
2649 4363 2900 4434 Domini,
2938 4361 3117 4420 semel
3150 4365 3378 4417 tantum
3417 4351 3677 4412 reficiant
3705 4349 3820 4406 fra-

2122 4468 2256 4530 tres,
2287 4457 2553 4534 oexceptis
2587 4453 2857 4513 videlicet
2894 4452 2988 4509 bis
3024 4443 3505 4512 solemnitatibus,
3556 4436 3824 4498 omnium

2049 4522 2100 4582 θ
2123 4522 2488 4617 Sanctorum,
2515 4545 2575 4605 S.
2610 4542 2866 4613 Martini,
2900 4565 2926 4591 κ
2957 4545 3064 4598 etc.

2194 4639 2261 4698 V.
2309 4638 2427 4697 Nec
2463 4645 2656 4695 tamen
2699 4633 2840 4691 adeo
2887 4631 3214 4704 frequentes
3261 4618 3638 4681 occurrebant
3692 4621 3830 4673 tunc

330 4736 439 4796 sibi
486 4706 722 4795 vivendi
750 4706 955 4793 ordine
985 4749 1102 4792 non
1129 4731 1404 4791 recedunt
1434 4754 1445 4788 :
1482 4706 1911 4804 qui'nimirum
1937 4743 2040 4802 per
2122 4729 2397 4804 temporis
2434 4725 2775 4785 festivitates
2813 4719 3117 4780 duodecim
3156 4713 3472 4773 lectionum
3509 4706 3697 4804 ofﬁcio
3747 4719 3830 4762 ce-

329 4827 506 4885 totius
533 4824 762 4883 annalis
795 4823 966 4897 spatii
999 4837 1237 4896 cursum
1272 4820 1458 4879 tribus
1482 4796 1583 4893 per
1613 4796 2039 4876 hebdomadam
2123 4796 2440 4888 lebrandaa,
2479 4832 2546 4875 ac
2586 4830 2742 4873 nunc
2778 4809 2990 4886 passim
3030 4805 3335 4873 habemus,
3373 4799 3472 4859 sed
3511 4796 3696 4897 multo
3737 4807 3831 4893 ra-

330 4916 536 4974 diebus
593 4920 793 4973 tenent
841 4929 912 4972 ex
973 4891 1134 4972 more
1182 4911 1498 4986 jejunium.
1554 4908 1622 4966 In
1671 4906 1791 4965 illis
1845 4910 2040 4966 autem
2124 4912 2324 4982 riores,
2355 4884 2527 4983 atque
2557 4908 2650 4965 ha;
2678 4884 2820 4979 ipsas
2849 4916 2966 4960 non
2999 4913 3226 4971 semper
3253 4895 3314 4953 in
3343 4906 3560 4954 eremo.
3591 4888 3738 4984 sicut
3764 4884 3828 4983 in

334 5005 564 5063 duabus
619 5003 1086 5078 Quadragesimis
1138 4971 1388 5076 quatuor
1435 4999 1559 5058 dies
1604 4998 1830 5072 jejunio
1878 4997 2042 5056 dedi-
2125 4971 2472 5062 monaéterib
2518 4971 2823 5058 obseréare
2858 4992 3300 5057 consueverant,
3351 4984 3452 5043 sed
3506 4981 3578 5078 ad
3615 4971 3829 5078 jejunii

333 5105 485 5170 cant,
535 5121 562 5146 »
598 5105 704 5156 etc.
767 5095 1088 5171 Superﬂuit
1142 5101 1335 5153 autem
1389 5093 1601 5152 iterum
1651 5107 2038 5162 commonere,
2127 5088 2572 5156 observantiam,
2622 5082 2725 5142 ubi
2758 5081 2820 5138 in
2856 5078 3060 5138 feriam
3097 5070 3480 5171 abstinentia),
3499 5067 3828 5171 deputatam

325 5187 556 5262 jejunia
596 5186 658 5244 in
703 5150 944 5258 paueret
971 5201 1121 5260 aqua
1155 5183 1249 5242 hic
1281 5197 1507 5256 semper
1539 5180 1880 5256 signiﬁcari,
1926 5150 2045 5239 non
2127 5177 2478 5246 incidebant,
2511 5174 2574 5230 in
2605 5167 3075 5244 opportuniorem
3101 5165 3257 5222 diem
3295 5150 3827 5262 translegebantur;

335 5240 472 5337 'vero
499 5276 570 5335 de
595 5275 772 5334 unica
798 5240 1084 5334 duntaxat
1101 5272 1314 5332 diurna
1336 5240 1686 5332 comestidne
1715 5240 2046 5330 sermonem
2129 5269 2209 5328 ait
2259 5267 2417 5326 enim
2467 5240 2592 5321 loco
2644 5240 2742 5317 cit.
2804 5258 3006 5317 Petrus
3059 5250 3328 5314 Damiani
3361 5266 3374 5305 :
3410 5266 3433 5297 ε
3493 5240 3830 5337 Notandum

334 5385 479 5428 esse.
2131 5363 2347 5426 autem,
2386 5353 2525 5427 quia
2562 5363 2681 5409 non
2719 5362 2940 5418 omnes,
2981 5360 3116 5420 quae
3148 5343 3209 5400 in
3244 5331 3612 5428 monasterio,
3654 5329 3830 5428 etiam

559 5460 637 5517 At
678 5459 887 5532 praeter
929 5455 1084 5529 illos,
1113 5457 1215 5533 qui
1239 5471 1341 5532 per
1365 5457 1627 5532 singulas
1654 5451 2048 5514 hebdomadas
2133 5448 2195 5506 in
2222 5421 2420 5506 eremo
2443 5441 2811 5502 celebrantur
2847 5435 3222 5533 festivitates:
3251 5421 3834 5533 et‘bm,‘qute‘ill‘iqc

334 5547 652 5624 praescripti
679 5507 932 5620 lfuerant,
958 5507 1640 5620 ejusmodirabswtinle’dtize
1654 5507 2054 5617 Eiésj'éﬁétb-
2133 5536 2302 5609 ﬁunt,
2354 5534 2701 5624 plerumque
2725 5525 3220 5624 _transmutantur,
3273 5520 3340 5576 ut
3384 5519 3486 5624 aut
3528 5512 3606 5612 in.
3646 5507 3830 5624 tertia,

337 5600 468 5698 rum
517 5600 690 5698 etiam
732 5600 1034 5712 pervigilia
1089 5635 1286 5694 eadem
1339 5634 1696 5696 districtione
1748 5600 2046 5698 celebrari,
2137 5631 2239 5686 aut
2277 5600 2778 5702 in-quinta'feria
2819 5604 3498 5680 celebrenturzexceptis
3546 5600 3834 5661 nimirum
