4106 6204
229 271 295 330 37

1113 257 1694 320 PROLEGOMENA.
1738 288 1804 299 —
1843 256 1940 314 DE
1979 253 2383 315 INSTITUTO
2421 255 2854 316 CAMALDUL.

3670 259 3740 318 38

228 395 540 474 praecipuis
577 389 1165 462 fcstivitatibus,quze
1213 386 1286 444 ob
1327 380 2248 474 reverentiam_digni-Apublice
2299 381 2355 474 in
2386 382 2661 474 capitulo
2712 382 3113 456 suscipiendis,
3171 389 3295 441 tum
3346 382 3617 456 privatim
3668 384 3730 440 in
3809 374 3811 376 ’

227 469 380 554 tatis,
408 469 652 540 —mutari
699 494 816 536 non
871 481 1132 550 possunt.
1165 499 1192 522 »
1241 473 1351 532 Cui
1396 477 1670 531 consonat
1718 470 1785 528 B.
1841 469 1950 528 Ro-

227 574 486 648 dulphus
514 571 668 644 prior
697 565 950 627 Camald.
983 565 1045 622 in
1076 565 1302 623 constit.
1332 563 1474 619 anni
1505 562 1662 634 1085,
1697 561 1896 618 dicens
1934 584 1945 617 ε

235 688 257 712 ι
300 663 361 721 Si
403 676 557 730 vero,
609 664 674 716 ut
725 656 952 726 assolet,
1012 654 1315 723 festivitas,
1367 652 1437 709 de
1480 667 1594 725 qua
1644 649 1950 708 duodecim

231 753 508 810 lectiones
547 763 714 821 agere
762 751 1000 818 oportet,
1043 744 1102 800 in
1152 743 1245 801 his
1295 741 1452 799 feriis
1502 741 1742 814 (jejunio
1794 738 1951 797 scili-

232 851 323 900 cet
381 838 681 914 deputatis)
740 835 982 905 venerit,
1040 848 1199 891 more
1264 832 1430 890 solito
1485 832 1566 889 sic
1627 830 1811 887 facere
1868 833 1954 886 est

235 928 594 990 consuetudo
628 947 639 984 :
671 927 720 984 si
776 923 948 983 fuerit
997 924 1058 980 in
1115 921 1362 978 secunda
1421 920 1580 989 toria,
1639 917 1952 992 perducere

237 1035 363 1077 eam
409 1018 467 1074 in
525 1015 750 1073 tertiam
797 1012 1040 1069 feriam:
1073 1010 1120 1066 si
1166 1010 1388 1066 venerit
1438 1006 1495 1065 in
1548 1015 1750 1081 quarta
1786 1006 1950 1064 feria.

239 1109 553 1182 perducere
607 1106 666 1162 in
720 1103 986 1176 quintam
1023 1109 1118 1160 :et
1167 1101 1214 1157 si
1263 1098 1437 1158 fuerit
1479 1098 1540 1154 in
1595 1104 1758 1155 sexta
1787 1097 1951 1167 feria,

235 1197 523 1255 deducere
571 1195 631 1252 in
691 1192 1028 1262 Sabbatum,
1083 1197 1138 1248 et
1196 1190 1496 1264 pulmento
1553 1189 1658 1258 uti,
1703 1193 1756 1245 et
1795 1187 1950 1244 vino.

233 1285 364 1344 Hoc
391 1292 582 1343 autem
613 1282 830 1340 factum
859 1287 941 1339 est
962 1286 1192 1354 propter
1217 1277 1508 1352 jejunium
1542 1275 1954 1334 celebrandum

233 1376 296 1433 in
343 1373 620 1439 secunda,
652 1379 708 1429 et
736 1377 961 1444 quarta,
991 1375 1045 1426 et
1073 1374 1238 1425 sexta
1275 1367 1437 1424 feria.
1478 1365 1597 1423 Has
1628 1369 1824 1422 autem
1872 1364 1954 1420 ie-

238 1464 540 1532 stivitates,
573 1459 628 1517 id
675 1467 759 1518 est
803 1458 982 1516 sancti
1033 1454 1364 1526 Salvatoris,
1406 1461 1656 1529 quatuor
1697 1452 1954 1526 ejusdem

239 1551 570 1620 Genitricis,
599 1555 728 1619 etc.,
754 1563 1056 1621 nunquam
1089 1552 1333 1604 mutare.
1371 1565 1398 1596 »

309 1639 410 1697 VI.
443 1636 622 1716 Atde
649 1634 1016 1694 abstinentiae
1037 1635 1258 1692 ratione
1283 1633 1439 1692 satis.
1471 1633 1554 1692 De
1579 1633 1821 1707 reliquis
1848 1632 1955 1689 Ca-

2032 470 2240 529 cellula
2289 470 2521 529 sibimet
2569 473 2901 542 inferendis,
2937 474 3238 546 utriusque
3286 473 3461 531 eremi
3495 489 3742 532 consen-

2033 561 2118 618 sio
2173 559 2446 630 explicari
2506 561 2607 618 vix
2656 568 2856 634 potest.
2933 562 3106 619 Enim
3166 577 3295 620 vero
3349 578 3422 619 cx
3479 561 3739 636 ejusdem

2035 653 2186 711 Petri
2226 651 2490 708 Damiani
2521 650 2795 722 epistolis,
2826 657 2881 708 et
2917 650 3212 723 opusculis
3252 649 3402 708 nihil
3442 651 3624 724 magis
3651 666 3740 708 re-

2034 743 2205 812 lucet,
2237 756 2412 816 quam
2454 741 2777 814 disciplinae
2820 744 2910 809 (ut
2945 744 3171 808 vocant)
3207 741 3583 808 consuetudo,
3625 740 3742 796 fer-

2035 833 2186 891 vidis
2242 833 2367 904 ejus
2421 831 2933 901 admonitionibus,
2987 836 3432 903 sanctorumque
3487 829 3742 902 discipu-

2036 925 2226 983 lorum
2265 936 2524 991 suorum,
2556 920 2616 976 in
2653 920 2854 992 primis
2895 935 3025 977 vero
3064 919 3350 976 Dominici
3392 917 3658 988 Loricati,
3687 923 3745 976 et

2036 1011 2334 1084 Rodulphi
2375 1008 2670 1082 Eugubini
2700 1008 2951 1081 episcopi
2988 1008 3075 1078 (de
3112 1007 3327 1081 quibus
3357 1007 3459 1064 lib.
3500 1019 3541 1078 I,
3575 1006 3738 1079 epist.

2035 1101 2108 1159 ad
2155 1098 2556 1158 Alexandrum
2605 1096 2658 1154 II
2707 1097 2894 1155 fusius
2937 1095 3076 1168 agit)
3129 1095 3413 1168 exemplis
3467 1095 3739 1165 stabilita,

2038 1190 2271 1248 dilatata
2302 1195 2358 1246 et
2382 1187 2658 1245 adversus
2686 1184 3088 1243 obtrectatores
3118 1182 3402 1256 quoslibet
3433 1184 3744 1255 vindicata,

2040 1276 2578 1338 Camaldulensibus
2607 1290 2742 1332 vero
2777 1274 2929 1331 hanc
2959 1272 3170 1347 pariter
3207 1273 3267 1330 in
3298 1287 3408 1330 usu
3441 1273 3618 1331 fuisse
3648 1289 3748 1346 pa-

2041 1378 2136 1443 tet,
2169 1377 2292 1428 tum
2323 1385 2398 1426 ex
2429 1367 2558 1425 Vita
2593 1367 2650 1426 S.
2682 1365 2992 1424 Romualdi
3031 1380 3152 1437 cap.
3187 1365 3274 1433 38,
3311 1364 3411 1422 ubi
3453 1365 3516 1422 B.
3560 1363 3751 1424 Guido

2045 1460 2294 1534 «jussus
2350 1460 2538 1517 fuerat
2593 1472 2626 1514 a
2680 1455 2870 1530 priore
2914 1453 3107 1513 nescio
3156 1462 3295 1528 quot
3347 1471 3543 1528 scopas
3597 1453 3745 1511 acci—

2040 1567 2202 1626 pere;
2238 1571 2266 1604 »
2291 1555 2346 1608 et
2369 1565 2491 1622 cap.
2527 1546 2594 1605 64
2635 1547 2736 1604 ubi
2764 1545 2857 1605 vel
2889 1534 3054 1619 «'ipsi
3093 1546 3512 1605 monachorum
3537 1542 3751 1601 famuli

2043 1639 2378 1714 disciplinas
2443 1638 2595 1694 inter
2649 1651 2709 1693 se
2773 1635 3025 1693 invicem
3091 1633 3404 1703 faciebant;
3461 1638 3620 1691 notum
3675 1647 3750 1689 ex

243 1727 722 1794 maldulensium,
796 1723 1376 1797 Avellanitarumque
1441 1721 1733 1780 exercitiis
1807 1725 2547 1798 non-Bconsmutionibus
2618 1725 2758 1782 anni
2838 1722 2976 1781 1080
3043 1723 3106 1782 B.
3180 1722 3476 1795 Bodulphi
3543 1720 3756 1795 prioris

247 1820 405 1879 nulla
457 1819 676 1892 pariter
723 1815 1084 1873 adnotemus.
1145 1812 1367 1871 Pedum
1414 1813 1736 1871 nuditatem
1785 1826 1818 1867 a
1871 1807 1958 1867 di-
2039 1837 2163 1896 cap,
2207 1818 2293 1889 19,
2343 1815 2443 1874 ubi
2483 1817 2750 1886 habetur,
2796 1815 2951 1890 quod
2991 1814 3245 1873 eremitag
3283 1811 3757 1872 Camaldulenses

241 1908 478 1982 scipulis
519 1906 578 1965 S.
613 1903 924 1964 Romualdi
954 1903 1336 1973 observatam,
1369 1907 1527 1959 notat
1557 1899 1872 1958 Damianus
1896 1896 1957 1955 in
2043 1933 2072 1967 α
2097 1910 2258 1971 omni
2297 1907 2598 1967 Dominico
2635 1905 2728 1964 die
2759 1907 2823 1963 in
2861 1905 3111 1978 capitulo
3143 1903 3571 1974 convenientes,
3611 1919 3758 1976 prae-

241 2000 368 2072 eius
423 1996 591 2065 Vita;
641 2009 780 2051 nam
835 1999 889 2049 οἱ
937 1993 994 2049 in
1054 1991 1230 2050 Ρθπθο
1286 1989 1420 2048 “103
1472 1988 1641 2047 ηοῦίε
1689 1986 1961 2045 describit
2041 2001 2218 2060 missa
2250 1995 2651 2056 exhortatione
2694 1994 2966 2065 fraterna,
3009 2010 3068 2053 se
3110 1993 3366 2052 invicem
3402 1993 3614 2052 debent
3658 2007 3754 2050 ac-

239 2101 368 2158 cap.
401 2081 479 2141 26
510 2104 524 2142 ι
559 2105 583 2134 α
618 2081 897 2150 Inclusos,
930 2079 1316 2150 discalceatos,
1351 2077 1634 2148 incultos;
1671 2097 1696 2129 »
1728 2083 1784 2134 et
1807 2074 1955 2148 apud

2074 2103 2244 2148 usare
2286 2085 2624 2144 charitative
2660 2103 2672 2141 :
2711 2088 2994 2156 postremo
3051 2084 3348 2142 communi
3393 2083 3758 2141 confessione

246 2174 484 2234 Sitriam
534 2178 768 2230 ῐθείᾶῐιπ
813 2185 934 2243 (³³9·
989 2169 1057 2226 64
1111 2187 1124 2226 ε
1172 2190 1198 2217 α
1247 2167 1462 2225 omnes
1506 2165 1682 2224 nUdiS
1721 2163 1961 2236 Pedibus
2041 2177 2360 2251 praemissa,
2391 2173 2696 2233 verberum
2741 2173 2890 2231 ictus
2927 2187 3100 2245 super
3137 2172 3293 2231 nuda
3321 2173 3582 2230 membra
3627 2187 3755 2230 sus-

244 2264 597 2331 incedentes,
630 2268 804 2334 atque
841 2258 1091 2318 incultos
1123 2279 1150 2312 »
1187 2257 1488 2315 mansisse.
1528 2255 1713 2329 quue
1752 2252 1962 2311 reclusi
2043 2266 2288 2340 cipiunt,
2318 2279 2435 2321 non
2477 2269 2593 2320 iam
2629 2277 2803 2321 causa
2831 2261 3127 2318 cruciandi
3173 2276 3426 2334 corpora,
3477 2276 3612 2318 cum
3642 2260 3754 2318 sibi

244 2353 450 2412 saltem
476 2347 763 2408 ’θΐεωίῐὶθ
806 2349 876 2406 ad
934 2348 1058 2405 11ch
1109 2363 1293 2420 usque
1351 2352 1607 2418 tempora
1658 2344 1962 2401 Observare
2044 2351 2308 2427 graviora
2343 2351 2403 2407 in
2439 2348 2666 2406 cellulis
2706 2347 2990 2420 supplicia
3037 2347 3318 2421 inﬂigant,
3349 2363 3526 2420 quam
3565 2347 3755 2406 studio

241 2441 521 2514 iubentur
565 2439 627 2496 in
658 2436 881 2510 Regula
922 2434 1070 2494 Vitae
1104 2434 1414 2493 eremiticm
1449 2432 1616 2490 Pauli
1646 2429 1961 2490 Justiniani
2044 2441 2263 2499 divina
2304 2437 2610 2513 passionis,
2658 2444 2712 2493 et
2761 2437 3110 2494 humilitatis
3158 2437 3425 2510 exempla
3475 2435 3752 2506 sectandi,

246 2547 364 2604 cap-
407 2529 500 2599 54,
533 2527 614 2585 ibi
648 2545 660 2582 ε
706 2548 731 2577 (ί
771 2525 956 2584 Nlldis
1007 2523 1251 2598 Pedibus
1299 2539 1523 2596 semper
1564 2523 1960 2594 permaneant.
2045 2530 2117 2588 ad
2146 2529 2550 2588 confusionem
2587 2527 2769 2596 illius,
2807 2527 2911 2599 qui
2941 2534 3025 2585 est
3053 2542 3157 2585 rex
3185 2527 3472 2601 superbiae
3493 2546 3508 2598 ;
3544 2547 3571 2580 »
3602 2533 3658 2584 et
3689 2527 3758 2584 de

248 2634 434 2691 υειιυε
473 2623 666 2674 tamen
709 2614 780 2671 ad
821 2613 962 2670 ίῧίοε
1006 2611 1218 2684 caligas
1262 2611 1412 2670 ferre
1449 2613 1736 2683 ΡοῑθιἮῐιίν
1770 2607 1818 2664 Si
1858 2607 1967 2664 hoc
2046 2622 2237 2695 priore
2273 2619 2727 2677 Camaldulensis
2763 2619 2940 2676 eremi
2973 2617 3054 2676 sic
3097 2619 3293 2677 statuit
3331 2635 3454 2692 cap.
3489 2615 3556 2676 53
3588 2641 3601 2675 :
3637 2643 3661 2668 «ι
3693 2616 3761 2673 In

249 2708 426 2767 fuerit
482 2706 596 2764 Sibi
647 2722 680 2762 ἃ
733 2703 948 2775 majore
997 2717 1100 2776 ΡΓο
1149 2701 1348 2776 aliqua
1395 2715 1567 2758 causa
1603 2712 1962 2766 Concessum,
2049 2709 2299 2782 capitulo
2333 2724 2466 2766 cum
2504 2709 2779 2766 fratribus
2808 2724 2956 2782 smpe
2999 2710 3321 2778 conveniat,
3352 2714 3408 2766 et
3444 2707 3763 2781 praemissis

247 2795 570 2854 dummOdO
626 2793 990 2852 discalceaios
1047 2807 1272 2864 semper
1333 2789 1574 2847 οῐηηίηο
1630 2787 1802 2861 Ρθάθε
1859 2786 1964 2842 ha"
2050 2799 2367 2870 metanzeis,
2415 2813 2550 2856 suos
2591 2799 2928 2856 conﬁteatur
2965 2813 3258 2869 excessus,
3291 2805 3355 2856 ut
3383 2798 3508 2872 ipse
3544 2795 3762 2855 avitiis

246 2884 439 2942 beant
476 2906 505 2936 υ
549 2881 759 2941 omnes
813 2897 972 2952 vero,
1023 2880 1196 2937 etiam
1246 2884 1472 2952 apertos
1519 2877 1807 2945 θΓθωῘίθε»
1840 2875 1964 2932 die‘
2051 2889 2150 2946 ﬁat
2187 2888 2541 2952 emendatus,
2577 2894 2632 2945 et
2660 2886 2790 2945 aliis
2828 2887 3246 2946 emendationis
3285 2888 3531 2946 formam
3569 2892 3763 2946 osten-

249 2974 356 3032 bUS
418 2970 790 3039 abstinentia)
853 2968 1157 3042 depumtiS,
1229 2967 1600 3026 Υθῖθοῐίοηθῐη
1676 2963 1965 3037 SUSCiPel‘e
2051 2976 2167 3035 dat.
2201 2997 2229 3030 »
2261 2977 2366 3034 Cui
2394 2993 2512 3034 non
2540 2975 2822 3034 dissimile
2865 2982 2951 3035 est
2988 2974 3140 3034 Petri
3171 2974 3436 3033 Damiani
3471 2975 3762 3034 monitum

252 3062 625 3123 CODSUGViSSB
663 3062 723 3118 in
765 3075 935 3135 1)ΓοοΓ
939 3059 1010 3117 iis
1049 3058 1210 3117 cellis
1243 3079 1270 3112 ί(
1300 3057 1474 3154 mli}?
1511 3055 1755 3154 Pedibus
1792 3069 1966 3153 3119??
1990 3066 2121 3154 cad
2154 3065 2456 3124 Avellanm
2494 3065 2744 3139 priorem
2773 3081 2971 3139 opusc.
3022 3077 3130 3135 xv,
3175 3081 3297 3138 cap.
3338 3065 3425 3135 3t,
3471 3064 3575 3122 ubi
3626 3064 3706 3121 ait
3750 3090 3764 3125 :

248 3153 581 3227 pavimento
611 3151 892 3221 sedentes,
930 3170 958 3202 »
992 3149 1156 3207 docet
1188 3148 1253 3206 B.
1289 3145 1635 3219 Rodulphus
1663 3144 1722 3201 in
1751 3144 1955 3201 consti-

2074 3156 2231 3214 iAut
2273 3171 2596 3231 nunquam,
2643 3160 2745 3214 aut
2789 3171 2916 3213 raro
2959 3154 3279 3229 capitulum
3318 3169 3453 3213 cum
3487 3153 3764 3211 fratribus

250 3247 352 3300 tut.
380 3241 526 3300 anni
571 3239 726 3310 1080,
755 3255 880 3312 cap.
915 3237 1006 3310 20,
1034 3238 1302 3309 idemque
1332 3234 1696 3294 Justinianus
1731 3234 1836 3292 100.
1867 3233 1964 3291 Cit.
2051 3245 2387 3315 celebretur,
2419 3261 2535 3318 quo
2563 3245 2739 3303 missa
2774 3251 3075 3315 metanaga,
3106 3250 3162 3302 te
3188 3259 3307 3302 non
3345 3259 3596 3302 accuses,
3629 3269 3655 3291 κ

250 3346 370 3402 cap.
402 3331 473 3388 3‘2
502 3333 557 3386 et
596 3328 664 3387 38
704 3329 1025 3386 confirmat.
1070 3326 1151 3384 De
1191 3323 1542 3383 Avellanitis
1587 3327 1780 3380 autem
1807 3337 1964 3380 eam-
2124 3334 2279 3392 V111.
2341 3335 2640 3408 Ejusmodi
2691 3351 2858 3410 pom,
2905 3335 3180 3394 exercitia
3230 3334 3492 3406 uirisque
3534 3348 3650 3392 ηοη
3695 3348 3770 3392 εχ

251 3421 381 3479 dem
427 3419 790 3494 (liSCiplinam
833 3417 1001 3476 [radii
1038 3417 1241 3476 Ρθῐΐυε
1281 3415 1598 3473 Πδῐηίίιῐιιιε
1632 3427 1826 3486 OPUSC-
1863 3423 1969 3470 XIV
2051 3423 2296 3498 imperio
2343 3425 2765 3492 indicebantur,
2799 3424 2896 3482 sed
2944 3424 3203 3498 cujusvis
3238 3422 3475 3481 arbitrio
3512 3421 3769 3497 relinqui

254 3517 308 3568 et
355 3522 465 3579 xv,
495 3525 617 3581 cap.
663 3509 748 3578 il.
787 3507 1032 3565 dicens:
1077 3528 1103 3558 τι
1136 3503 1293 3562 Illud
1341 3504 1512 3562 etiam
1558 3518 1678 3561 non
1723 3501 1971 3560 minima
2053 3519 2491 3572 consueverant.
2518 3513 2662 3570 Nam
2701 3511 2773 3568 de
2800 3513 2921 3569 suis
2947 3510 3295 3569 Avellanitis
3331 3509 3412 3568 ait
3449 3509 3770 3568 Damianus

255 3615 385 3673 pars
416 3598 774 3672 ptenitentize
801 3603 907 3668 est,
926 3594 1076 3669 quod
1110 3593 1270 3652 omni
1300 3599 1574 3667 tempore,
1603 3590 1725 3649 sive
1752 3597 1946 3650 aestate

2074 3618 2250 3676 )pusc.
2284 3613 2390 3672 XV,
2423 3616 2546 3674 cap.
2605 3600 2671 3659 t8
2712 3620 2724 3661 :
2761 3622 2790 3654 «
2834 3599 3022 3674 Super
3057 3601 3358 3658 metanaeis
3396 3615 3552 3670 vero,
3593 3600 3771 3657 disci-

256 3692 378 3748 sive
429 3688 645 3758 hieme,
695 3703 811 3746 non
873 3686 1099 3757 calceis,
1159 3701 1275 3744 non
1351 3683 1532 3742 ocreis
1601 3689 1849 3742 utuntur
1907 3683 1971 3741 in
2052 3690 2254 3764 plinis,
2303 3696 2477 3763 atque
2521 3688 2807 3763 palmatis,
2862 3689 2986 3747 sive
3039 3687 3214 3748 etiam
3263 3687 3518 3747 brachiis
3565 3694 3772 3747 exten-

253 3778 514 3849 cellulis,
577 3779 672 3837 sed
739 3776 914 3837 nudis
979 3792 1204 3850 semper
1271 3775 1540 3833 cruribus
1608 3780 1664 3831 et
1728 3773 1974 3847 pedibus
2055 3779 2261 3838 dendis
2323 3778 2385 3837 in
2443 3779 2817 3862 orationibus,
2879 3777 3216 3851 czeterisque
3285 3779 3467 3836 sancti
3528 3777 3770 3850 fervoris

255 3867 622 3926 consuetudo
663 3871 745 3925 est
787 3880 1146 3940 permanere,
1193 3862 1446 3937 exceptis
1492 3861 1606 3934 bis,
1663 3863 1768 3936 qui
1809 3862 1976 3936 gravi
2055 3868 2368 3938 exercitiis,
2422 3868 2585 3927 nulla
2635 3868 2867 3926 fratrem
2915 3867 3040 3941 lege
3086 3866 3562 3940 constringimus,
3625 3869 3770 3942 quin

260 3960 527 4017 molestia
556 3957 906 4016 infirmitatis
941 3960 1302 4030 urgentur.»
1551 3992 1558 3998 ο
2057 3959 2246 4032 potius
2297 3975 2418 4018 sure
2465 3959 2875 4017 committenda
2924 3959 3273 4032 provisionis
3326 3959 3564 4017 arbitrio
3609 3958 3768 4031 judi-

333 4046 460 4105 VH-
516 4048 584 4106 III
646 4046 951 4106 metaDIBiS
1002 4051 1217 4114 amem,
1273 4045 1562 4119 PalmaliS,
1633 4039 1974 4115 ᾱὶεοίριὶηίε,
2057 4063 2277 4106 camus.
2308 4047 2457 4106 Sunt
2485 4047 2662 4120 enim,
2691 4047 2902 4120 quibus
2925 4049 3136 4106 horum
3162 4047 3374 4122 aliqua:
3406 4063 3524 4105 non
3553 4062 3768 4104 conve-

265 4135 505 4211 aliisque
537 4136 651 4209 piis
688 4133 1024 4210 huiusmodi
1060 4133 1351 4192 exercitiis
1382 4139 1638 4208 quantus
1669 4130 1978 4204 utrobique
2059 4137 2264 4206 niunt;
2304 4140 2478 4210 atque
2508 4137 2636 4193 ideo
2684 4141 2874 4194 tutum
2917 4135 3162 4208 videtur,
3195 4143 3370 4210 atque
3412 4134 3670 4203 liberius,
3704 4140 3769 4193 ut

267 4227 452 4285 fervor
503 4232 672 4292 esset,
727 4224 1112 4298 intelligimus
1164 4240 1239 4282 ex
1291 4223 1598 4296 Rodulpho
1665 4222 1856 4295 priore
1915 4220 1979 4277 in
2059 4227 2121 4285 in
2158 4225 2370 4283 talibus
2412 4225 2595 4298 magis
2640 4224 2791 4298 optio
2835 4230 3206 4298 proponatur,
3249 4241 3426 4298 quam
3467 4223 3771 4282 definitiva

270 4314 776 4374 constitutionibus
816 4314 957 4372 anni
1007 4313 1142 4372 1085
1174 4314 1244 4372 de
1287 4313 1408 4373 suis
1437 4308 1981 4372 Camaldulensibus
2061 4315 2280 4390 regulae
2306 4314 2587 4373 sententia
2606 4313 3029 4387 prazscribatur.
3066 4335 3093 4367 »
3124 4315 3205 4373 De
3232 4314 3773 4374 Camaldulensibus

267 4405 349 4462 sic
375 4405 648 4479 loquente
679 4423 694 4460 :
728 4424 755 4457 α
784 4403 931 4461 Nam
973 4403 1108 4477 quis
1154 4403 1328 4475 digne
1370 4417 1611 4461 narrare
1655 4399 1840 4458 valeat
1891 4414 2198 4479 eamvero
2245 4405 2400 4463 idem
2446 4403 2790 4476 Bodulphus
2825 4404 2946 4462 loco
2982 4404 3076 4462 cit.
3127 4421 3248 4478 cap.
3298 4405 3386 4476 35,
3419 4404 3500 4464 sic
3527 4405 3770 4464 scribit:

261 4510 397 4567 quze
445 4495 626 4569 hujus
678 4493 858 4552 eremi
907 4494 1107 4552 fratres
1159 4508 1261 4565 per
1314 4509 1484 4552 omne
1527 4498 1751 4563 tempus
1789 4488 2044 4547 solent”
2069 4520 2091 4548 ι
2124 4497 2193 4554 In
2225 4495 2523 4554 metanieis
2563 4510 2719 4566 vero,
2753 4500 2808 4552 et
2844 4494 3129 4568 palmetis,
3156 4496 3248 4553 vel
3292 4512 3598 4570 scoparum
3647 4496 3774 4553 icti—

258 4600 454 4659 agere,
502 4585 788 4643 bonorum
835 4583 1050 4642 scilicet
1089 4599 1365 4657 operum;
1415 4583 1473 4641 id
1521 4590 1606 4642 est
1647 4582 1798 4641 ictus
1849 4595 1977 4638 sco-
2066 4587 2198 4658 bus,
2222 4585 2469 4659 aliisque
2510 4583 2801 4642 similibus
2845 4583 3158 4660 obsequiis,
3193 4584 3286 4642 vel
3331 4586 3620 4658 operibus,
3672 4599 3778 4641 seu

259 4689 494 4746 parum,
532 4673 918 4732 discurrentes
953 4673 1258 4747 lacrymas,
1297 4670 1757 4732 innumerabiles
1798 4675 1976 4727 meta-

257 4778 449 4829 nzeas,
513 4763 776 4822 cordium
847 4763 1118 4836 suspiria,
1177 4765 1514 4822 continuam
1578 4760 1977 4838 psalmodiam,

257 4852 597 4912 orationum
641 4853 995 4925 instantiam,
1052 4870 1242 4912 sacras
1286 4852 1569 4926 vigilias?
1605 4873 1632 4905 »
1663 4856 1768 4910 etc.
1802 4851 1873 4908 Et
1906 4865 1980 4908 ex

263 4942 436 5000 Petro
485 4940 752 4999 Damiani
799 4958 997 5016 opusc.
1051 4956 1155 5002 XIV
1203 4944 1273 5001 de
1320 4943 1665 5002 Avellanitis
1715 4943 1798 5000 sic
1839 4939 1981 5000 scri-

263 5031 437 5090 bente
478 5053 490 5086 :
535 5051 563 5082 α
613 5029 681 5087 In
721 5032 942 5090 caeteris
970 5036 1167 5090 autem
1205 5032 1525 5106 spiritualis
1555 5031 1816 5090 exercitii
1858 5036 1981 5088 stu-

265 5121 398 5190 diis,
424 5136 560 5194 quze
611 5120 682 5178 sit
726 5122 990 5181 continui
1031 5123 1273 5181 iervoris
1313 5123 1606 5193 instantia,
1642 5138 1776 5197 quze
1821 5120 1985 5179 solli-

263 5210 487 5280 citudo,
547 5225 723 5283 quam
792 5210 934 5284 vigil
1000 5218 1056 5270 et
1111 5227 1350 5284 operosa
1409 5213 1752 5288 frequentia,
1812 5211 1986 5271 timeo

265 5297 579 5356 dicere.....
625 5299 735 5357 hoc
777 5306 969 5357 tamen
1008 5300 1154 5358 mihi
1197 5298 1384 5372 liceat,
1416 5301 1556 5374 quia
1586 5307 1743 5358 tanta
1782 5306 1868 5358 est
1906 5299 1989 5358 di-

272 5385 514 5459 ligentia
540 5386 600 5444 in
639 5386 995 5447 ﬂexionibus
1026 5403 1322 5462 genuum,
1343 5388 1406 5447 in
1438 5388 1760 5462 disciplinis
1788 5403 1988 5461 scopa-

275 5489 426 5545 rum,
479 5481 536 5533 et
581 5478 806 5536 czeteris
854 5471 1217 5550 huiusmodi,
1259 5498 1291 5534 io
1341 5485 1446 5538 etc.
1500 5478 1809 5552 Speciatim
1851 5491 1990 5538 vero

274 5570 493 5634 quanta
551 5563 729 5624 fuerit
781 5566 845 5625 in
897 5567 1243 5628 voluntariis
1291 5566 1816 5640 verberationibus,
1865 5573 1992 5628 tum

2068 4673 2342 4745 artiﬁciis,
2375 4673 2620 4747 quisque
2661 4672 2829 4731 debet
2872 4673 3150 4745 exerceri,
3181 4681 3350 4747 prout
3398 4673 3638 4731 facultas
3688 4678 3777 4729 tu-

2067 4765 2220 4836 lerit,
2245 4765 2334 4824 vel
2361 4764 2581 4823 utilitas
2604 4763 2866 4832 suaserit,
2895 4779 2999 4822 seu
3028 4764 3229 4823 divina
3255 4762 3622 4837 inspiraverit
3645 4778 3778 4835 gra-

2070 4853 2146 4911 tia
2178 4877 2190 4910 :
2222 4853 2284 4910 in
2318 4851 2527 4910 talibus
2562 4851 2720 4909 enim
2748 4851 3075 4910 voluntaria
3097 4853 3371 4910 suadetur
3398 4849 3630 4920 oblatio,
3660 4865 3780 4907 non

2069 4941 2283 5000 coactio
2303 4941 2622 5014 imponitur
2644 4958 2659 5010 ;
2688 4941 3095 5015 unusquisque
3117 4939 3177 4997 in
3199 4941 3305 4997 hac
3323 4945 3479 5012 parte
3499 4953 3634 4996 suas
3659 4954 3779 4996 me-

2071 5031 2247 5090 tiatur
2271 5033 2440 5102 vires,
2470 5036 2758 5103 computet
2788 5035 3075 5103 sumptus,
3104 5028 3429 5086 moderetur
3459 5027 3715 5086 affectus.
3752 5047 3778 5078 ι)

2142 5121 2242 5178 ΙΧ.
2300 5120 2441 5190 Quae
2502 5136 2638 5178 vero
2679 5119 2933 5177 eremitis
2970 5118 3280 5190 utriusque
3320 5115 3780 5190 congregationis

2072 5211 2372 5268 communi
2397 5211 2519 5283 lege
2553 5208 2884 5281 praescripta
2925 5211 3108 5276 erant,
3138 5205 3338 5264 eadem
3369 5205 3777 5277 nihilominus,

2074 5297 2421 5356 debiliorum
2469 5303 2748 5369 respectu,
2780 5294 3024 5352 discreta
3061 5295 3482 5368 dispensatione
3524 5309 3626 5367 pro
3677 5309 3782 5352 su-

2072 5387 2316 5461 perioris
2356 5385 2593 5444 arbitrio
2637 5384 3104 5458 temperabantur
3150 5405 3162 5444 :
3210 5385 3432 5444 occulte
3479 5383 3783 5441 nihilomi-

2075 5492 2209 5546 nus,
2239 5475 2468 5534 etclam
2504 5473 2744 5546 caeteris,
2771 5488 2846 5533 ne
2882 5479 3168 5547 receptam
3199 5473 3487 5547 plerisque
3513 5472 3786 5531 solitariis

2075 5565 2443 5642 disciplinam
2476 5580 2794 5642 paucorum
2833 5566 3117 5640 exemptis
3152 5565 3482 5626 labefactari
3511 5571 3566 5623 et
3590 5563 3656 5623 in
3681 5563 3784 5622 de-
