4100 6210
333 264 401 322 39

334 477 652 536 Damianus
683 493 880 551 opusc.
929 487 1036 546 xv,
1075 491 1198 548 cap.
1257 475 1357 532 16:
1391 473 1511 532 «Si
1555 488 1728 543 unus,
1775 481 1878 532 aut
1929 475 2042 532 for-

335 577 482 624 tasse
533 567 729 640 plures
778 566 1060 636 indigent,
1093 565 1245 638 quod
1289 565 1352 631 ii,
1383 565 1485 636 qui
1517 563 1839 622 incolumes
1889 569 2042 630 sunt,

339 670 569 713 necesse
607 672 724 714 non
767 655 1000 723 habent,
1052 655 1200 710 clam
1252 651 1534 716 videlicet,
1591 660 1646 708 et
1697 652 1913 710 occulte
1963 652 2048 708 sic

336 745 585 802 infirmis
626 745 720 818 pia
747 745 1090 802 exhibentur
1126 742 1476 812 humanitas,
1511 750 1575 800 ut
1614 742 1888 812 valentes,
1920 741 2047 798 sine

337 834 575 891 invidiae
628 834 883 899 stimulo,
935 832 996 888 in
1042 830 1132 888 sui
1185 831 1394 901 rigoris
1452 838 1824 903 permaneant
1873 830 2046 888 disci-

333 922 536 995 plina:
570 938 758 995 neque
809 921 963 977 enim
998 935 1228 977 necesse
1271 926 1374 990 est,
1410 919 1564 992 quod
1616 919 1720 976 uni
1765 935 1932 977 casus
1975 920 2049 975 ir-

335 1023 514 1085 rogat,
546 1009 700 1071 illico
741 1011 1008 1082 regulare
1051 1012 1324 1069 omnibus
1364 1012 1482 1069 fiat.
1512 1032 1538 1063 »
1568 1010 1673 1069 Cui
1719 1011 1784 1068 B.
1837 1011 2052 1070 Rodul-

336 1104 489 1176 phus
540 1103 620 1160 sic
665 1108 940 1160 consonat
993 1101 1056 1158 in
1107 1107 1288 1159 const.
1339 1100 1482 1157 anni
1537 1100 1692 1172 1080,
1739 1118 1862 1175 cap.
1921 1101 1990 1162 30
2031 1125 2043 1163 :

343 1216 367 1238 «
402 1190 701 1248 Debilibus
754 1197 968 1259 autem,
1016 1196 1069 1246 et
1119 1188 1502 1248 tenerioribus
1559 1189 1608 1247 si
1655 1206 1772 1263 qua
1826 1189 2051 1264 dispen-

338 1279 480 1337 satio
554 1279 618 1336 in
692 1278 1004 1350 alimentis,
1083 1284 1183 1336 aut
1244 1278 1501 1336 vestibus
1573 1282 1891 1337 necessaria
1953 1281 2046 1348 sit,

340 1369 628 1442 sapienter
676 1374 731 1425 et
782 1374 946 1426 caute
996 1367 1125 1424 ﬁeri
1179 1367 1364 1438 debet,
1421 1375 1481 1426 ut
1528 1369 1607 1426 ita
1653 1368 2052 1442 indigentibus

338 1458 684 1517 exhibeatur
729 1458 822 1532 pia
870 1457 1155 1524 discretio,
1206 1473 1280 1515 ne
1320 1457 1457 1516 inde
1502 1457 1837 1517 fortioribus
1873 1460 2051 1517 noxia

339 1554 644 1618 generetur
687 1547 990 1606 dissolutio
1025 1571 1036 1603 :
1078 1562 1214 1604 nam
1259 1546 1544 1620 specialis,
1600 1547 1690 1604 vel
1739 1547 2052 1622 singularis

341 1637 633 1696 concessio
680 1652 796 1695 non
827 1636 993 1693 debet
1022 1635 1172 1694 trahi
1202 1635 1273 1692 ad
1302 1635 1773 1708 consequentiam
1814 1641 2051 1694 caetero-

1240 259 1298 318 S.
1344 258 1635 319 PETRUS
1681 259 2072 320 DAMIANUS
2112 259 2172 320 S.
2215 260 2285 322 Β.
2329 261 2392 322 Ε.
2439 262 2923 323 CARDINALIS.
3765 278 3826 336 40

332 385 699 445 suetudinem
775 385 1053 458 paulatim
1113 384 1273 441 abire
1326 384 1698 456 contingeret.
1759 384 2385 458 AudiaturApsalmis,
2467 393 2603 444 tunc
2669 385 2881 444 dicitur

2925 411 2938 444 :
3017 390 3088 443 Te
3139 392 3308 444 Deum
3358 394 3576 449 Patrem
3632 399 3824 465 ingeni-

2133 483 2266 542 tum,
2307 482 2377 533 Te
2417 481 2620 534 Filium
2663 482 3025 548 unigenitum,
3063 483 3135 534 Te
3163 482 3438 551 Spiritum
3468 490 3711 542 sanctum
3731 507 3826 559 pa-

2129 569 2411 631 racletum,
2442 575 2688 623 sanctam
2722 573 2773 622 et
2801 569 3151 624 individuam
3179 573 3524 638 Trinitatem,
3554 580 3661 630 toto
3690 581 3829 634 corde

2132 661 2182 710 et
2232 674 2320 710 ore
2367 661 2697 727 conﬁtemur,
2753 660 3044 714 laudamus
3096 665 3262 729 atque
3315 662 3695 728 benedicimus,
3740 669 3830 721 tibi

2131 750 2308 814 gloria
2358 752 2415 802 in.
2466 752 2683 806 saecula.
2725 751 2918 806 Amen.
2960 753 3204 812 Domine,
3238 755 3378 806 Deus
3419 756 3477 806 in
3507 754 3829 823 adjutorium

2131 853 2306 890 meum
2357 839 2593 900 intende,
2645 842 2868 893 Domine
2917 839 2992 892 ad
3041 839 3421 907 adjuvandum
3467 857 3549 895 me
3597 843 3828 908 festina;

2135 925 2553 992 Confundantu-r
2609 933 2659 981 et
2712 932 3061 982 revereantur
3097 931 3312 983 inimici
3364 933 3488 992 mei,
3530 932 3628 998 qui
3699 946 3833 1000 qua:-

2133 1018 2263 1067 runt
2308 1017 2550 1069 animam
2586 1032 2778 1071 meam.
2831 1016 3076 1084 Adjutor
3120 1033 3289 1080 meus,
3323 1022 3374 1072 et
3416 1017 3674 1073 liberator
3700 1034 3834 1071 meus

2134 1107 2262 1166 esto,
2303 1106 2546 1169 Domine,
2587 1121 2653 1158 ne
2697 1105 3027 1162 tarda-veris.
3078 1105 3269 1160 Gloria
3310 1108 3487 1169 Patri,
3521 1111 3571 1160 et
3606 1107 3759 1169 Filio,
3790 1113 3838 1160 et

2133 1191 2374 1260 Spiritui
2427 1197 2632 1248 sancto.
2695 1190 2819 1260 Quo
2876 1190 3064 1261 ﬁnito,
3123 1207 3329 1251 rursus
3383 1189 3595 1250 dicitur
3658 1215 3670 1249 :
3723 1193 3839 1247 Ad-

2127 1278 2399 1346 jutorium
2465 1283 2708 1334 nostrum
2772 1284 2833 1335 in
2906 1283 3122 1336 nomine
3174 1283 3416 1336 Domini.
3475 1279 3616 1338 Haec
3673 1279 3841 1352 igitur

2133 1381 2236 1439 per
2276 1367 2642 1442 quinquenos
2682 1367 2932 1440 psalmos
2978 1367 3307 1426 alternatim
3349 1383 3576 1440 semper
3623 1367 3842 1428 addun-

2136 1463 2253 1523 tur,
2309 1454 2490 1512 donec
2530 1455 2890 1529 psalterium,
2940 1471 3075 1514 cum
3129 1456 3318 1516 tribus
3368 1455 3841 1525 Dominicalibus,

2135 1559 2242 1602 nec
2289 1559 2405 1602 non
2454 1552 2509 1604 et
2564 1544 2739 1604 totius
2789 1545 3168 1604 hebdomadas
3217 1545 3478 1617 canticis,
3527 1547 3840 1620 expleatur.

2135 1631 2243 1690 His
2270 1633 2442 1690 etiam
2478 1649 2596 1692 non
2631 1634 2924 1707 neglectis,
2960 1649 3094 1708 quas
3123 1635 3185 1692 in
3213 1634 3329 1693 fine
3360 1634 3615 1707 psalterii
3644 1634 3844 1693 viden-

342 1743 496 1798 rum,
529 1744 601 1785 ne
624 1728 696 1786 de
723 1728 900 1785 unius
928 1727 1020 1784 vel
1052 1741 1371 1799 paucorum
1395 1725 1754 1798 indulgentia
1784 1728 2236 1802 nascaturBtur
2288 1723 2526 1796 adjecta,
2573 1723 2841 1782 videlicet
2892 1743 2905 1781 :
2963 1728 3033 1780 Te
3083 1729 3250 1782 Deum
3303 1727 3635 1793 laudamus;
3692 1729 3846 1783 Nunc

340 1816 729 1890 plurimorum
751 1817 1082 1874 enormitas.
1121 1841 1143 1866 ιι

424 1907 495 1964 Χ.
554 1907 681 1965 Non
740 1906 932 1964 minor
981 1905 1044 1961 in
1091 1904 1397 1979 disciplina
1435 1907 1718 1980 psallendi
1755 1906 2056 1966 consensio

343 2001 652 2070 utriusque
678 1994 918 2053 familia}
949 1994 1242 2052 observari
1272 2001 1472 2067 potest.
1503 1995 1734 2068 Duplex
1764 1996 1883 2054 illis
1908 1994 2057 2068 psal-

344 2087 538 2146 modia
589 2085 652 2142 in
685 2099 797 2142 usu
839 2089 977 2153 erat,
1009 2083 1250 2155 privata,
1279 2089 1334 2139 et
1381 2082 1631 2156 publica.
1680 2082 1786 2140 Illa
1830 2083 2058 2142 duobus

344 2174 634 2251 psalteriis
653 2171 1076 2240 continebatur,
1099 2187 1347 2244 quorum
1363 2170 1608 2229 alterum
1630 2187 1733 2245 pro
1762 2171 1910 2230 vivis
1923 2187 2056 2230 cum

344 2258 764 2335 adjectionibus
815 2258 1135 2327 nonnullis,
1168 2274 1312 2330 quas
1359 2258 1417 2317 S.
1453 2258 1812 2318 Romualdus
1847 2260 2057 2333 apponi

343 2355 612 2427 jusserat,
647 2345 904 2420 quotidie
945 2345 1280 2417 recitabant,
1309 2347 1556 2406 alterum
1604 2363 1705 2420 pro
1750 2348 2054 2418 defunctis,

349 2437 694 2513 quandoque
716 2441 918 2503 totum,
932 2434 1282 2506 quandoque
1305 2452 1380 2492 ex
1398 2442 1578 2508 parte,
1591 2433 1838 2506 singulis
1856 2435 2060 2495 diebus

347 2525 562 2597 singuli
589 2524 652 2580 in
683 2521 804 2580 suis
827 2521 1052 2580 cellulis
1079 2521 1502 2594 persolvebant;
1534 2523 1614 2580 ait
1655 2522 1813 2580 enim
1841 2523 1906 2581 B.
1941 2524 2056 2582 Ro-

343 2616 600 2687 dulphus
639 2610 699 2668 in
729 2609 952 2666 constit.
999 2611 1140 2667 anni
1203 2610 1355 2680 1080,
1403 2627 1524 2683 cap.
1573 2611 1688 2668 35:
1734 2633 1755 2661 ε
1787 2611 1914 2670 Duo
1959 2612 2062 2669 ita-

350 2719 464 2778 que
511 2698 776 2776 psalteria
818 2714 952 2756 cum
989 2697 1408 2771 adjectiouibus
1462 2700 1586 2758 suis
1636 2699 1742 2770 (ha:
1790 2701 1931 2772 quid
1979 2717 2062 2758 es-

349 2799 475 2850 sent
523 2805 599 2847 ex
645 2787 924 2845 Damiano
963 2788 1116 2844 infra
1155 2787 1566 2861 intelligemus)
1611 2804 1710 2861 per
1756 2795 2062 2862 utramque

352 2878 854 2952 Quadragesimam
888 2877 1136 2949 quisque
1166 2877 1335 2934 frater
1366 2893 1467 2950 per
1493 2877 1752 2949 singulos
1781 2877 1902 2935 dies
1932 2894 2060 2951 per-

353 2968 538 3027 solvat
577 2993 588 3023 :
639 2967 701 3024 in
730 2964 863 3022 aliis
912 2980 1048 3022 vero
1098 2965 1471 3036 temporibus,
1526 2981 1711 3024 unum
1758 2981 1860 3039 pro
1911 2967 2063 3025 vivis

2143 1813 2382 1870 dimittis
2429 1830 2642 1869 servum
2704 1819 2897 1881 tuum;
2952 1814 3160 1870 duobus
3203 1815 3516 1883 Symbolis;
3557 1815 3742 1869 Gloria
3786 1815 3846 1866 in

2146 1905 2372 1958 excelsis
2442 1907 2592 1971 Deo,-
2660 1906 2824 1959 Pater
2893 1908 3089 1968 noster,
3164 1920 3282 1959 cum
3359 1905 3468 1974 ﬁde
3541 1903 3843 1966 catholica;

2145 1999 2432 2063 postremo
2475 1995 2710 2048 Litaniae
2751 2006 2886 2050 cum
2934 1993 3268 2048 orationibus
3313 1991 3440 2048 haec
3480 1990 3675 2050 omnia
3708 2003 3847 2047 con-

2146 2084 2310 2138 sueto
2334 2080 2450 2138 fine
2479 2078 2854 2139 concludunt.
2892 2103 2914 2130 ι

2219 2167 2320 2224 ΧΙ.
2373 2167 2654 2226 Praeterea
2702 2183 2777 2225 ex
2821 2165 3185 2226 institutione
3227 2164 3490 2239 ejusdem
3543 2163 3693 2223 Petri
3739 2164 3852 2222 Da-

2147 2257 2351 2327 miani,
2412 2257 2480 2318 Β.
2531 2257 2728 2315 Marias
2785 2257 3031 2330 virginis
3088 2256 3378 2327 Ofﬁcium,
3432 2255 3525 2314 vel
3575 2255 3635 2312 in
3685 2256 3852 2313 choro

2148 2349 2559 2418 communiter,
2592 2348 2684 2405 vel
2719 2347 3128 2420 unusquisque
3164 2347 3436 2420 privatim
3471 2347 3532 2404 in
3563 2361 3667 2406 sua
3692 2346 3852 2415 cella,

2149 2437 2408 2510 quotidie
2471 2435 2785 2494 recitabant
2848 2437 3155 2510 utriusque
3232 2437 3339 2495 loci
3411 2443 3733 2509 sectatores,
3794 2443 3856 2494 ut

2148 2524 2440 2598 colligitur
2493 2541 2568 2582 ex
2617 2525 2875 2598 ejusdem
2914 2525 3182 2584 Damiani
3220 2525 3350 2583 Vita
3392 2541 3514 2599 cap.
3562 2527 3646 2594 15,
3680 2533 3736 2584 et
3785 2541 3858 2583 ex

2149 2613 2312 2686 epist.
2343 2613 2412 2672 32
2439 2612 2574 2671 libri
2603 2625 2684 2683 VI,
2714 2613 2816 2672 ubi
2838 2620 2893 2671 et
2912 2613 3330 2673 monasterium
3355 2612 3410 2672 S.
3446 2614 3737 2672 Vincentii
3769 2613 3858 2690 di-

2148 2703 2375 2763 vinitus
2415 2704 2691 2763 afflictum
2744 2711 2958 2777 narrat,
2988 2705 3062 2762 ob
3113 2705 3508 2764 intermissum
3549 2705 3614 2763 B.
3665 2705 3860 2763 Marize

2150 2791 2395 2865 virginis
2416 2793 2818 2866 quotidianum
2845 2792 3110 2852 Officium
3135 2793 3206 2850 ab
3228 2793 3349 2867 ipso
3372 2793 3730 2862 institutum,
3760 2808 3863 2851 nec

2150 2879 2265 2936 nisi
2304 2887 2428 2952 post
2456 2889 2740 2954 peractam
2774 2879 3018 2952 neglecti
3046 2881 3220 2953 hujus
3246 2881 3409 2954 pensi
3437 2880 3860 2954 paenitentiam,

2152 2975 2207 3028 et
2244 2970 2452 3026 seriam
2499 2969 2935 3028 consuetudinis
2975 2970 3151 3043 hujus
3201 2970 3470 3043 deinceps
3514 2968 3863 3027 inviolabili-

352 3061 519 3118 debet
546 3054 1241 3155 celebrarepsalteriuin,
1271 3072 1371 3152 pro
1407 3055 1726 3128 defunctis}
1747 3063 1942 3116 autem
1980 3065 2061 3116 to-
2087 3095 2131 3155 Ο
2155 3063 2238 3114 ter
2263 3057 2639 3155 observandae
2657 3057 3126 3155 promissionem,
3159 3058 3420 3130 pristinm
3458 3055 3865 3155 tranquillitati

353 3155 496 3215 tum,
528 3156 628 3205 aut
656 3135 991 3210 dimidium,
1027 3142 1118 3200 vel
1152 3143 1222 3200 ad
1271 3143 1468 3201 minus
1509 3146 1731 3202 tertiam
1763 3152 1999 3217 partem.
2036 3171 2062 3194 »

357 3237 558 3294 Petrus
587 3240 780 3292 autem
819 3229 1138 3289 Damianus
1169 3247 1366 3306 opusc.
1411 3243 1543 3302 xxv,
1575 3232 1656 3290 sic
1685 3233 1856 3290 habet
1883 3257 1895 3291 :
1931 3255 1960 3286 «
1988 3233 2070 3290 De

352 3322 670 3399 psalmodia
722 3336 854 3378 vero
892 3319 1250 3378 consuetudo
1287 3327 1390 3389 est,
1421 3326 1485 3378 ut
1533 3336 1668 3379 cum
1712 3321 1828 3380 duo
1865 3322 2070 3379 fratres

356 3413 532 3473 simul
573 3417 1002 3470 commorantur
1054 3409 1113 3466 in
1158 3408 1323 3480 cella,
1351 3409 1466 3468 duo
1507 3409 1835 3482 persolvant
1874 3411 1937 3468 in
1975 3410 2070 3468 die

354 3503 645 3580 psalteria,
683 3517 875 3561 unum
915 3516 1014 3574 pro
1044 3500 1216 3570 vivis,
1247 3500 1496 3560 alterum
1529 3518 1628 3575 pro
1656 3501 1965 3561 defunctis.
1999 3501 2071 3559 Et

357 3593 503 3654 illud
536 3591 771 3666 quidem
803 3590 956 3663 quod
995 3596 1079 3647 est
1108 3589 1376 3648 vivorum
1402 3605 1536 3649 cum
1577 3590 1694 3648 illis
1723 3590 1938 3650 dicitur
1965 3590 2070 3648 ad-

361 3681 711 3749 ditamentis,
741 3694 874 3752 qum
912 3675 977 3734 B.
1022 3675 1381 3736 Romualdus
1413 3677 1676 3751 apposuit
1710 3698 1722 3736 :
1755 3678 1907 3752 quod
1936 3693 2070 3736 vero

360 3786 464 3844 pro
504 3768 791 3826 defunctis
831 3781 968 3824 cum
995 3781 1206 3823 novem
1245 3766 1586 3825 lectionibus
1623 3767 1855 3838 dicitur,
1888 3767 2071 3826 tribus

356 3860 641 3916 nimirum
670 3871 770 3928 per
807 3854 1250 3927 quinquagenos
1298 3855 1570 3928 psalmos.
1614 3856 1724 3924 Qui
1753 3862 1950 3914 autem
1978 3872 2070 3914 so-

359 3949 453 4006 lus
490 3951 765 4014 moratur,
797 3941 1133 4015 psalterium
1165 3942 1401 4015 quidem
1441 3943 1711 4000 vivorum
1753 3949 1935 4001 totum
1973 3958 2072 4015 per

358 4036 619 4108 singulos
651 4034 774 4090 dies
798 4029 1108 4105 adimplet;
1143 4030 1548 4090 defunctorum
1577 4038 1772 4090 autem
1801 4033 1925 4089 sive
1948 4047 2070 4089 me-

359 4125 543 4192 dium,
579 4123 700 4180 sive
731 4129 936 4192 totum,
963 4121 1133 4194 juxta
1159 4119 1313 4193 quod
1350 4119 1567 4178 virium
1597 4119 1946 4193 possibilitas
1977 4120 2073 4178 ad-

358 4215 662 4272 ministrat.
707 4233 735 4265 »
785 4209 925 4278 Qua)
973 4209 1169 4268 omnia
1221 4208 1423 4282 repetit
1467 4224 1662 4282 Opusc.
1715 4222 1825 4281 xv,
1869 4226 1989 4284 cap.
2037 4211 2071 4268 9

358 4303 642 4360 duntaxat
684 4299 921 4357 uberius
958 4298 1256 4370 explicans
1296 4297 1686 4355 additamenta
1725 4297 1826 4356 illa
1852 4299 1918 4357 B.
1954 4300 2072 4358 Ro-

360 4389 603 4460 mualdi,
667 4387 789 4445 sive
859 4386 1224 4459 adjectiones,
1282 4393 1347 4443 ut
1409 4385 1750 4459 Bodulphus
1803 4389 2067 4464 appellat,

361 4478 628 4555 psalterio
667 4474 939 4531 vivorum
977 4473 1410 4546 conjungendas
1443 4497 1455 4530 :
1494 4475 1574 4531 ait
1611 4475 1770 4533 enim
1803 4495 1816 4533 :
1860 4497 1888 4528 «
1922 4476 2074 4533 Illud

361 4568 598 4646 quidem
626 4562 1007 4637 (psalterium)
1035 4563 1188 4636 quod
1227 4571 1311 4621 est
1340 4564 1631 4635 vivorum,
1659 4579 1795 4622 cum
1838 4563 1956 4621 illis
1984 4563 2074 4622 di—

361 4660 510 4717 citur
544 4651 968 4721 additamentis,
998 4666 1132 4725 quae
1167 4651 1232 4709 B.
1267 4651 1628 4711 Romualdus
1655 4653 1909 4726 apponit,
1941 4669 2074 4726 quae

365 4748 537 4807 etiam
591 4761 696 4804 nos
739 4759 857 4802 non
898 4757 1209 4815 gravemur
1247 4743 1519 4812 inserere,
1553 4758 1624 4799 ne
1670 4757 1775 4800 nos
1820 4758 2077 4816 conque-

329 4835 523 4893 ratur
568 4833 713 4892 forte
756 4829 1030 4901 novitius,
1063 4845 1195 4903 quas
1239 4830 1351 4888 sibi
1391 4845 1738 4904 magnopere
1787 4831 2078 4890 noscenda

368 4929 524 4994 sunt,
582 4921 919 4996 praeterisse.
969 4918 1238 4976 Decursis
1288 4919 1458 4992 plane
1501 4920 1762 4993 quinque
1812 4919 2076 4994 psalmis,

366 5011 632 5083 protinus
689 5007 1050 5068 subinfertur
1079 5031 1092 5066 :
1123 5010 1311 5065 Gloria
1375 5011 1497 5074 tibi,
1566 5013 1828 5076 Trinitas,
1891 5028 2077 5082 aequa-

373 5104 442 5156 lis
496 5115 606 5155 una
638 5101 834 5165 deitas,
888 5107 939 5156 et
979 5106 1104 5157 ante
1147 5118 1300 5157 omne
1345 5104 1619 5166 secutum,
1651 5109 1701 5158 et
1749 5121 1911 5173 nunc,
1942 5109 1993 5158 et
2021 5107 2079 5160 in

361 5193 684 5262 perpetuum
704 5207 722 5255 ;
777 5189 938 5245 Orate
986 5208 1090 5262 pro
1148 5193 1322 5256 nobis,
1379 5208 1558 5247 omnes
1611 5195 1791 5248 sancti
1841 5196 1958 5258 Dei,
2019 5200 2082 5250 ut

369 5281 528 5348 digni
582 5280 888 5348 efﬁciamur
952 5283 1402 5350 promissionibus
1477 5286 1698 5340 Domini
1753 5287 1852 5340 Dei
1907 5288 2086 5342 nostri

368 5373 494 5427 Iesu
551 5372 791 5439 Christi;
821 5372 985 5425 Pater
1034 5377 1232 5430 noster.
1283 5373 1390 5441 His
1439 5374 1704 5449 expletis,
1768 5389 1908 5433 mox
1955 5375 2085 5434 sub-

370 5456 575 5514 ditur:
625 5457 983 5527 Adjutorium
1038 5465 1282 5516 nostrum
1332 5463 1394 5516 in
1437 5466 1652 5520 nomine
1704 5466 1941 5528 Domini,
1985 5466 2083 5534 qui

367 5548 499 5631 fecit
555 5547 762 5616 caelum,
825 5551 877 5606 et
931 5551 1152 5608 terram.
1211 5547 1283 5606 Et
1331 5547 1582 5610 evolutis
1633 5549 1767 5612 aliis
1819 5551 2084 5626 quinque

2154 3144 2481 3202 cmnobium
2537 3144 2828 3202 redditum
2896 3145 3074 3202 fuisse
3138 3152 3469 3229 asseverat;
3530 3151 3706 3219 atque
3763 3143 3868 3200 hoc

2154 3232 2349 3306 ipsum
2373 3231 2654 3290 diurnum
2681 3233 2955 3290 horarum
2982 3231 3046 3289 B.
3081 3231 3335 3304 Virginis
3361 3248 3630 3305 pensum,
3661 3231 3735 3291 ad
3763 3245 3870 3289 nos

2155 3321 2507 3380 beereditatis
2586 3321 2822 3380 nomine
2891 3323 3315 3393 transmissum,
3379 3321 3699 3382 bodiedum
3768 3321 3870 3380 ob-

2156 3410 2319 3480 tinet,
2361 3410 2431 3468 de
2469 3425 2585 3483 quo
2621 3410 3058 3468 constitutiones
3093 3413 3509 3470 monachorum
3559 3411 3871 3470 Camaldu-

2156 3501 2409 3560 lensium
2456 3501 2565 3560 sub
2615 3501 2716 3559 Pio
2771 3501 2840 3572 V,
2889 3517 3013 3574 cap.
3070 3502 3156 3575 18,
3199 3503 3282 3562 sic
3338 3503 3594 3562 habent:
3654 3499 3872 3560 «Illud

2156 3598 2290 3651 ante
2344 3591 2540 3651 oculos
2587 3597 2812 3650 nostros
2864 3607 3076 3666 ponere
3130 3592 3324 3651 Patres
3375 3596 3721 3660 statuerunt,
3776 3589 3874 3646 ni-

2158 3685 2378 3743 mirum
2420 3700 2517 3744 eos
2559 3698 2764 3743 omnes
2799 3684 3085 3758 professos
3121 3684 3441 3743 mortaliter
3475 3699 3728 3757 peccare,
3767 3680 3876 3755 qui

2159 3789 2275 3832 non
2318 3773 2574 3846 legitime
2620 3773 2881 3847 impediti
2935 3775 3194 3834 officium
3240 3781 3358 3832 tam
3401 3773 3583 3847 ipsius
3611 3771 3875 3842 Domini,

2161 3877 2337 3934 quam
2364 3863 2564 3920 matris
2591 3863 2738 3935 ejus,
2772 3862 2864 3919 vel
2894 3863 2955 3919 in
2986 3869 3192 3933 totum,
3223 3862 3315 3920 vel
3345 3862 3405 3918 in
3434 3868 3652 3933 partem
3679 3858 3877 3915 scien-

2162 3957 2247 4007 ter
2290 3951 2478 4008 dicere
2526 3950 2844 4007 omittunt:
2891 3949 2998 4006 hoc
3046 3956 3128 4007 est
3172 3949 3330 4005 enim
3371 3954 3569 4004 contra
3617 3950 3877 4002 veterem

2161 4045 2217 4096 et
2284 4036 2636 4096 laudabilem
2705 4035 3206 4104 consuetudinem,
3285 4041 3402 4091 tam
3469 4033 3876 4104 eremitarum,

2161 4142 2336 4200 quam
2372 4125 2787 4183 monachorum
2830 4129 3044 4181 nostrae
3083 4123 3561 4196 congregationis,
3594 4120 3696 4196 qui
3728 4137 3885 4179 sem-

2161 4232 2263 4290 per
2312 4221 2622 4287 utrumque
2670 4211 2926 4271 ofﬁcium
2979 4211 3325 4286 persolvere,
3374 4217 3429 4268 et
3485 4209 3687 4268 devote
3731 4209 3883 4268 cele-

2161 4305 2329 4362 brare
2363 4302 2550 4361 conati
2579 4309 2731 4360 sunt.
2767 4322 2794 4354 »
2835 4299 2977 4358 Haec
3007 4299 3199 4357 Patres
3242 4299 3446 4370 nostri,
3479 4314 3595 4356 non
3633 4298 3880 4370 quidem

2164 4407 2374 4450 novam
2430 4392 2606 4465 hujus
2659 4390 2852 4449 oneris
2905 4389 3315 4462 obligationem
3356 4389 3738 4461 imponentes,
3781 4388 3884 4446 sed

2164 4490 2434 4550 veterem,
2470 4496 2603 4556 quas
2642 4481 2700 4538 vi
2732 4480 2989 4553 antiquae
3039 4478 3494 4546 consuetudinis,
3525 4477 3692 4550 cujus
3728 4479 3885 4536 locu-

2158 4569 2464 4644 pletissimi
2510 4574 2680 4626 testes
2721 4575 2876 4636 sunt,
2925 4566 3269 4636 invaluerat,
3323 4565 3654 4624 authentica
3695 4565 3891 4624 decla-

2160 4659 2380 4717 ratione
2421 4663 2798 4732 exponentes,
2857 4669 3128 4728 responso
3171 4670 3346 4712 sacrae
3383 4653 3501 4712 Rit.
3548 4669 3748 4726 congr.
3793 4653 3890 4712 die

2166 4747 2232 4807 1‘2
2280 4745 2472 4804 Martii
2527 4745 2661 4804 1616
2714 4741 3030 4802 novissime
3076 4744 3428 4812 confirmata,
3464 4741 3566 4800 ubi
3615 4743 3744 4798 haec
3771 4741 3890 4800 duo

2162 4835 2598 4894 decernuntur:
2626 4831 2833 4907 primo,
2879 4851 2906 4884 «
2934 4831 3024 4887 Ex
3055 4829 3570 4889 constitutionibus
3613 4845 3738 4887 suae
3796 4847 3892 4888 re-

2162 4923 2338 4998 gulze,
2384 4923 2493 4982 sub
2545 4937 2717 4994 poena
2766 4919 2980 4993 peccati
3033 4917 3294 4976 mortalis
3350 4919 3530 4977 teneri
3571 4920 3894 4978 monachos

2165 5011 2637 5073 Camaldulenses
2669 5007 2740 5066 ad
2779 5005 3140 5066 recitandum
3167 5007 3428 5082 quotidie
3456 5007 3714 5065 ofﬁcium
3749 5023 3892 5080 par-

2165 5117 2308 5161 vum
2354 5101 2420 5159 B.
2481 5097 2678 5157 Mariae
2740 5095 2999 5170 virginis.
3035 5121 3062 5145 ››
3112 5094 3398 5165 Secundo,
3455 5094 3525 5152 ad
3581 5093 3640 5150 id
3699 5096 3895 5153 teneri

2172 5215 2194 5244 ι
2253 5192 2427 5251 etiam
2482 5194 2609 5264 post
2659 5186 3107 5260 acceptationem
3160 5184 3442 5245 Breviarii
3489 5181 3891 5257 Benedictini,

2168 5288 2336 5357 prout
2382 5286 2549 5338 antea
2589 5275 2950 5335 tenebantur.
2985 5299 3013 5327 ι
3063 5276 3180 5335 Nec
3226 5281 3375 5332 certe
3413 5269 3626 5329 minori
3673 5270 3896 5332 sollici-

2169 5373 2372 5431 tudine
2439 5367 2767 5428 Marianum
2839 5365 3093 5426 ofﬁcium
3166 5363 3332 5422 nobis
3409 5361 3666 5435 quotidie
3735 5363 3895 5420 reci-

2172 5461 2412 5520 tandum
2471 5461 2825 5532 incumbere,
2888 5467 3265 5534 supposuerat
3317 5465 3483 5520 antea
3541 5459 3657 5519 Leo
3709 5457 3761 5516 X
3822 5475 3895 5518 ac

2171 5549 2485 5625 ipsummet
2519 5548 2793 5612 divinum
2820 5547 3110 5623 Ofﬁcium,
3139 5547 3284 5610 dum
3321 5549 3394 5610 ab
3420 5549 3530 5610 hoc
3557 5549 3896 5623 dispensari
