4106 6204
244 356 299 421 il

1118 352 1694 414 PROLEGOMENA.
1735 382 1803 395 --
1841 349 1936 409 DE
1976 345 2378 408 INSTITUTO
2417 349 2850 415 CAMALDUL.

3666 365 3739 424 42

242 502 394 563 posse
436 501 539 559 per
582 486 764 544 nostri
795 484 1016 544 ordinis
1046 483 1314 558 praelatos
1350 481 1665 552 constituit,
1715 478 1788 536 ab
1828 477 1935 534 illo
1956 475 2163 544 Anox,
2187 475 2287 533 vel
2316 476 2572 551 quolibet
2601 482 2770 540 modo
2795 498 3000 555 graves
3030 485 3306 546 videntur
3333 504 3456 548 esse
3490 491 3727 565 vigiliae,

245 592 352 635 non
382 576 517 633 item
552 592 565 631 :
602 574 684 632 sic
722 575 881 633 enim
925 573 1098 633 habet
1127 572 1188 630 in
1228 571 1378 630 butt.
1416 591 1428 628 :
1461 576 1532 628 Et
1563 573 1613 627 .ςί
1640 588 1675 625 ιι
1702 584 1933 632 summo,

2020 566 2272 635 repetere
2292 564 2623 625 accubitum
2649 568 2809 641 licet;
2828 579 2954 644 post
2978 581 3329 635 nocturnum
3349 564 3589 638 omnino
3613 597 3729 640 non

245 664 362 740 ΞἸΟ
390 688 403 722 :
434 687 463 717 (ι
488 664 572 720 Ac
595 664 749 737 quod
780 663 870 722 illi
897 678 970 722 ex
1004 660 1263 736 praefatis
1302 661 1625 730 monachis,
1662 659 1768 733 qui
1797 657 1939 718 adeo

2058 658 2171 710 .cet.
2233 674 2261 707 »
2320 652 2506 723 Unde,
2559 662 2614 713 et
2668 663 2804 716 tom.
2885 660 2935 731 Ι,
2990 661 3090 720 lib.
3145 676 3226 735 VI,
3287 682 3374 739 ep.
3446 668 3530 737 17,
3581 670 3662 727 ait
3719 690 3732 730 :

247 755 717 814 monasteriorum
764 769 1004 814 suorum
1055 752 1259 811 ofﬁciis
1290 752 1567 825 occupari,
1597 758 1726 821 etc”
1766 750 1941 807 dum-
2025 761 2053 794 ι(
2083 740 2211 799 Non
2237 756 2520 802 canonem
2550 744 2718 803 solvit
2744 748 2845 820 qui
2884 750 3144 823 psallens
3172 762 3336 813 nocte.
3364 756 3659 816 redormit.
3693 779 3721 812 ››

248 846 408 906 modo
450 846 511 903 in
560 845 737 903 sacris
782 860 899 902 non
947 843 1061 901 sint
1106 840 1412 902 ordinibus
1459 839 1779 910 constituti,
1812 837 1944 896 licet

2092 830 2244 889 XIV.
2276 832 2359 889 De
2388 832 2605 892 silentii
2637 850 2903 909 censura,
2938 848 3134 914 utpote
3182 846 3555 905 eremitarum
3606 864 3732 921 pro-

248 934 651 1013 professionem
706 933 1048 1007 emiserint;
1104 941 1295 993 tamen
1358 935 1430 992 ad
1483 930 1941 1007 persolvendum
2020 920 2163 1013 prta,
2197 936 2316 980 non
2355 928 2441 980 est
2485 925 2638 997 quod
2691 925 2939 985 addam:
3002 937 3229 991 tantum
3290 935 3561 994 audiatur
3608 920 3732 996 Ro-

250 1010 420 1085 totum
464 1024 757 1097 integrum
794 1022 1061 1083 Ofﬁcium
1098 1023 1367 1083 divinum
1414 1023 1659 1080 minime
1704 1027 1942 1079 tenean-
2022 1010 2280 1085 dulpbus
2326 1013 2785 1073 Camaldulensis
2814 1016 2974 1090 prior
3020 1019 3083 1077 in
3128 1024 3357 1081 constit.
3390 1025 3530 1083 anni
3574 1026 3733 1096 1080,

253 1121 356 1186 tur,
384 1114 482 1173 sed
510 1129 713 1172 eorum
742 1113 980 1188 praelati,
1017 1113 1211 1172 habita
1250 1113 1680 1187 suppositorum
1707 1127 1947 1171 suorum

2058 1118 2149 1176 ap.
2197 1101 2285 1173 21,
2318 1101 2401 1160 sic
2444 1103 2876 1177 praecipientis:
2932 1126 2961 1160 ‹‹
2990 1108 3288 1169 Exeuntes
3332 1113 3402 1169 de
3466 1114 3649 1186 cellis,
3683 1125 3739 1177 et

249 1205 696 1265 consideratione
743 1205 918 1276 (ultra
952 1203 1221 1264 Ofﬁcium
1248 1202 1314 1263 Β.
1356 1203 1554 1261 Marize
1583 1201 1847 1275 virginis,
1876 1201 1950 1259 ad

250 1296 400 1370 quod
446 1295 680 1367 obligati
733 1299 1091 1361 remaneant)
1115 1293 1286 1366 juxta
1337 1290 1823 1365 dispensationem
1865 1288 1950 1347 eis

252 1383 530 1453 traditam,
577 1383 627 1440 si
683 1397 885 1440 eorum
942 1381 1253 1440 animabus
1308 1380 1583 1455 expedire
1629 1377 1949 1449 videbitur,

249 1472 462 1548 aliquid
489 1471 804 1531 dicendum
826 1471 1133 1545 injungaot
1164 1472 1318 1546 quod
1355 1486 1491 1530 cum
1517 1467 1703 1529 animi
1734 1467 1948 1528 alacri-

248 1568 353 1620 tate
382 1561 610 1620 valeant
635 1560 958 1635 adimpleri.
1000 1582 1027 1612 ››

309 1652 437 1711 XII.
495 1652 743 1731 Insuper
777 1649 967 1709 debita
1015 1665 1149 1723 erga
1190 1649 1438 1724 propriae
1490 1648 1950 1723 congregationis

248 1740 544 1799 defunctos
598 1741 800 1815 pietas,
856 1749 971 1799 tam
1025 1739 1181 1815 apud
1215 1738 1711 1808 Camaldulenses,
1773 1752 1951 1811 quam

2030 1194 2099 1253 ad
2126 1192 2278 1269 ipsas
2303 1194 2641 1267 redeuntes,
2674 1197 2884 1256 silendi
2914 1215 3162 1259 censura
3191 1202 3402 1262 debent
3433 1206 3689 1267 cohiberi
3720 1229 3732 1268 :

2029 1282 2094 1341 in
2144 1284 2410 1357 oratorio,
2450 1291 2506 1343 et
2555 1285 2617 1343 in
2667 1286 2968 1346 refectorio
3029 1288 3229 1362 regula
3304 1294 3517 1353 silentii
3574 1299 3736 1356 omni

2033 1376 2287 1445 tempore
2320 1373 2660 1432 intemerata
2692 1383 2971 1434 servetur.
3012 1399 3039 1429 »
3072 1378 3179 1437 Cui
3218 1391 3492 1442 consonat
3524 1385 3587 1443 B.
3626 1385 3734 1445 Pe-

2035 1464 2159 1519 trus
2213 1460 2498 1532 Damiani,
2542 1470 2664 1521 tum
2707 1480 2903 1537 opusc.
2953 1478 3081 1539 XIV,
3114 1475 3238 1527 tum
3278 1482 3383 1541 xv,
3418 1488 3539 1546 cap.
3578 1475 3635 1532 11
3688 1482 3742 1533 et

2039 1551 2107 1610 18
2143 1575 2155 1610 :
2190 1552 2313 1610 «In
2360 1553 2628 1625 capitulo,
2664 1555 2725 1612 in
2775 1556 3041 1626 oratorio,
3071 1557 3131 1615 in
3174 1559 3473 1619 refectorio
3505 1566 3734 1638 regula-

2037 1657 2161 1700 rem
2187 1642 2667 1701 consuetudinem
2704 1658 2821 1701 non
2852 1652 3214 1719 postponant,
3248 1656 3311 1707 ut
3353 1665 3489 1709 cum
3539 1654 3733 1727 hospi-

2039 1729 2195 1788 tibus
2214 1746 2330 1788 non
2364 1730 2712 1805 loquantur;
2742 1739 2917 1807 atque
2945 1734 3075 1793 ideo
3121 1751 3154 1793 a
3190 1736 3417 1795 cellulis
3450 1755 3637 1814 usque
3663 1743 3738 1801 ad

252 1830 602 1889 Meuanitas
656 1831 892 1906 paribus
946 1831 1240 1890 exercitus
1294 1830 1595 1899 enitebat;
1657 1830 1736 1888 ait
1795 1819 2338 1905 euimBecclesiam
2369 1818 2490 1878 sive
2536 1820 2849 1893 venientes,
2894 1822 3016 1881 sive
3065 1822 3372 1884 redeuntes
3424 1844 3459 1885 a
3497 1844 3765 1890 censura.

251 1920 587 1993 Damianus,
622 1938 819 1997 opusc.
851 1934 959 1981 XIV
985 1930 1041 1979 et
1070 1933 1176 1992 xv,
1215 1936 1338 1995 cap.
1375 1920 1439 1978 12
1469 1941 1482 1978 :
1522 1945 1543 1970 ι
1579 1919 1726 1978 Cum
1780 1918 1956 1975 frater

253 2009 538 2084 quispiam
580 2025 656 2067 ex
684 2010 896 2070 nostris
926 2009 1153 2080 obierit,
1189 2009 1291 2083 qui
1334 2007 1602 2066 videlicet
1651 2006 1955 2065 nobiscum

256 2096 490 2168 degunt,
537 2112 639 2169 pro
687 2113 755 2155 eo
812 2096 1217 2169 unusquisque
1271 2101 1487 2168 septem
1536 2094 1658 2153 dies
1710 2092 1956 2166 jejunat,

255 2192 473 2259 septem
527 2186 864 2261 disciplinas
912 2204 1045 2246 cum
1089 2187 1344 2245 millenis
1388 2202 1693 2259 scoparum
1747 2184 1959 2241 ictibus

253 2274 476 2348 accipit,
537 2277 923 2351 septingentas
993 2284 1307 2335 metanmas
1379 2275 1532 2345 facit,
1586 2272 1819 2345 triginta
1876 2269 1965 2327 in-

255 2380 428 2439 super
467 2365 738 2439 psalteria
783 2381 859 2424 ex
909 2382 1068 2425 more
1124 2367 1404 2435 decantat,
1454 2371 1511 2422 et
1554 2361 1962 2435 unusquisque

258 2454 519 2513 sacerdos
564 2463 782 2529 septem
833 2456 1039 2519 missas
1090 2455 1182 2513 illi
1235 2471 1335 2528 pro
1381 2469 1486 2514 sua
1536 2467 1780 2526 persona
1833 2463 1965 2521 per-

258 2540 446 2605 solvit,
506 2540 666 2601 salvo
735 2558 823 2613 eo,
880 2543 1033 2617 quod
1084 2542 1377 2601 continuis
1412 2545 1665 2616 quoque
1732 2537 1967 2610 triginta

260 2630 463 2690 diebus
489 2648 592 2706 pro
620 2649 689 2692 eo
732 2634 1043 2693 missarum
1073 2634 1356 2693 solemnia
1394 2632 1457 2690 in
1487 2637 1777 2689 conventu
1806 2640 1965 2685 com-

259 2723 519 2781 muniter
540 2724 922 2785 celebrantur.
954 2747 981 2779 »
1016 2725 1358 2798 Rodulphus
1403 2731 1598 2783 autem
1626 2722 1688 2779 in
1737 2717 1966 2778 constit.

254 2813 403 2871 anni
442 2812 594 2881 1080,
630 2829 750 2887 cap.
783 2814 871 2883 35,
902 2829 1019 2872 non
1050 2813 1363 2893 admodum
1404 2812 1631 2869 diversa
1687 2806 1967 2877 decernit,

259 2900 401 2958 dum
432 2901 708 2976 praecipit,
738 2902 896 2976 quod
939 2922 950 2960 :
986 2924 1013 2955 (ι
1047 2902 1157 2960 Pro
1194 2901 1535 2974 migratione
1564 2898 1967 2972 cujuscunque

258 2990 453 3048 fratris
504 2992 566 3049 in
600 3007 814 3061 eremo,
844 2991 938 3049 vel
975 2991 1039 3049 in
1084 2991 1266 3050 Fonte
1320 2991 1469 3049 bono
1526 2988 1811 3057 defuncti,
1866 2987 1970 3044 tri-

258 3078 422 3152 ginta
465 3077 751 3151 psalteria,
800 3079 893 3137 vel
933 3080 1136 3138 missas
1169 3079 1337 3137 debet
1376 3078 1781 3153 unusquisque
1824 3091 1958 3149 per-

2042 1907 2262 1967 silentii
2290 1924 2407 1968 non
2432 1911 2719 1968 recedant.
2752 1932 2779 1965 »

2113 1998 2238 2058 XV.
2272 1998 2383 2057 Sed
2407 2006 2463 2057 et
2488 2000 2653 2073 quies
2680 2002 2986 2077 omnisque
3012 2006 3334 2079 vagationis
3352 2009 3490 2082 fuga
3522 2010 3744 2071 utrius-

2043 2098 2159 2175 que
2208 2085 2387 2175 eremi
2439 2088 2815 2146 sectatoribus
2858 2090 2982 2164 pari
3036 2091 3339 2152 sedulitate
3393 2096 3743 2175 injungitur,

2046 2188 2080 2229 a
2124 2174 2432 2247 Rodulpho
2481 2175 2719 2248 quidem
2762 2176 2866 2234 loc.
2914 2178 3035 2249 cit.,
3064 2196 3187 2254 cap.
3224 2182 3313 2252 3'2,
3350 2184 3477 2243 illis
3508 2188 3702 2247 verbis
3733 2174 3745 2248 ὲ

2052 2288 2078 2312 ‹‹
2108 2263 2328 2321 Vitium
2377 2280 2611 2339 quoque
2660 2266 3000 2338 vagationis,
3032 2277 3089 2327 et
3132 2269 3526 2332 instabilitatis
3558 2277 3745 2337 taliter

2050 2352 2249 2442 fugiat,
2282 2360 2484 2442 utnon
2514 2355 2701 2412 solum
2734 2356 3012 2426 exterius,
3036 2373 3171 2416 cum
3200 2359 3367 2431 Dina,
3395 2361 3516 2422 ﬁlia
3544 2365 3745 2442 Jacob,

2048 2456 2168 2498 non
2201 2440 2365 2498 facile
2402 2443 2685 2500 discurrat
2710 2466 2722 2514 ;
2753 2445 2852 2502 sed
2896 2445 3070 2503 etiam
3101 2447 3163 2505 in
3194 2448 3318 2522 ipsa
3343 2450 3486 2509 cella
3528 2440 3749 2516 stabilis

2050 2531 2320 2606 fixusque
2370 2541 2702 2606 permaneat
2752 2554 2765 2591 :
2822 2542 3010 2608 posset
3064 2536 3223 2596 enim
3274 2540 3428 2600 intra
3492 2548 3753 2609 eamdem

2052 2622 2585 2698 cellam,.tanquam
2636 2624 2938 2696 cujusdam
2985 2625 3244 2700 impulsu
3300 2630 3622 2708 Vertumni,
3655 2656 3758 2698 va-

2052 2712 2418 2787 gationisque
2457 2714 2664 2788 spiritu
2715 2722 2825 2773 tota
2856 2716 2949 2773 die
2976 2717 3239 2778 circuire.
3281 2743 3303 2773 ιι
3336 2724 3384 2780 Α
3432 2724 3597 2787 Petro
3642 2730 3756 2788 Da-

2056 2802 2249 2859 miano
2287 2811 2500 2873 autem,
2530 2820 2725 2878 opusc.
2764 2818 2870 2876 XII,
2900 2823 3023 2880 cap.
3055 2808 3123 2866 24
3160 2834 3172 2868 :
3215 2811 3425 2871 «Illud
3474 2832 3590 2875 non
3635 2836 3758 2878 me-

2053 2891 2323 2950 diocriter
2377 2892 2659 2965 displicet,
2719 2895 2873 2967 quod
2938 2898 3111 2957 etiam
3189 2902 3329 2975 ipsis
3383 2907 3762 2970 sanctissimis

2054 2981 2309 3039 eremitis
2337 2982 2572 3055 quidam
2605 2983 2876 3043 videntur
2911 2986 3166 3060 admisti,
3207 3007 3352 3065 quos
3383 2993 3538 3053 idem
3580 3001 3757 3071 pesti-

2054 3074 2191 3130 feree
2223 3072 2542 3143 vagationis
2581 3075 2818 3133 morbus
2848 3077 3120 3151 exagitat,
3153 3089 3206 3137 et
3240 3082 3304 3151 (si
3351 3082 3543 3143 dicere
3580 3086 3763 3163 liceat)
3815 3126 3818 3129 ι

260 3166 524 3238 solvere;
566 3183 669 3241 pro
722 3168 814 3225 his
862 3183 1014 3237 vero,
1057 3166 1159 3243 qui
1197 3185 1299 3241 per
1336 3168 1447 3226 alia
1486 3168 1610 3225 loca
1650 3180 1965 3238 congrega-
1998 3164 2220 3260 cquasi
2286 3162 2661 3234 Vertumnus,
2722 3167 3011 3240 quoddam
3070 3169 3285 3230 scilicet
3342 3162 3765 3238 daemoniorum

262 3256 440 3315 tionis
460 3258 728 3328 obierint,
762 3257 867 3315 tria
896 3259 1163 3331 psalteria
1190 3258 1279 3317 vel
1307 3258 1499 3316 missa:
1522 3258 1595 3315 ab
1623 3271 1974 3330 unoquoque
2008 3256 2264 3329 wgenus,
2324 3264 2515 3315 vexat.
2584 3257 2888 3318 Vertumni
2944 3261 3231 3337 siquidem
3285 3268 3436 3339 apud
3494 3271 3767 3344 antiquos

260 3344 506 3404 dicenda
558 3358 735 3417 sunt;
792 3348 851 3406 in
908 3348 1209 3407 metanmis
1305 3362 1460 3415 vero,
1519 3346 1806 3420 palmatis,
1874 3345 1967 3403 vel

259 3449 567 3508 scoparum
597 3436 808 3494 ictibus
842 3436 1089 3510 aliisque
1130 3435 1421 3494 similibus
1448 3435 1762 3509 obsequiis,
1795 3434 1961 3507 quis-

261 3539 379 3597 que
406 3525 593 3593 debet,
624 3534 795 3599 prout
822 3526 1063 3585 facultas
1092 3525 1308 3596 tulerit,
1343 3524 1618 3583 exerceri.
1654 3545 1681 3578 »

337 3614 499 3673 XIII.
556 3605 902 3674 Psalmodize
950 3632 1086 3675 vero
1138 3615 1385 3690 publicae
1440 3630 1584 3673 usus
1636 3614 1795 3672 idem
1845 3629 1972 3686 pro-

259 3703 437 3774 fecto,
487 3720 603 3762 non
659 3705 829 3764 modo
882 3706 1038 3779 apud
1092 3712 1400 3779 utramque
1456 3705 1609 3762 hanc
1660 3702 1975 3762 Romualdi

261 3795 575 3865 familiam,
608 3797 703 3854 sed
754 3796 907 3870 apud
952 3812 1154 3854 omnes
1203 3796 1515 3854 monachos
1560 3795 1690 3866 fuit,
1724 3804 1791 3853 ut
1844 3795 1981 3852 hinc

263 3884 446 3944 nulla
492 3885 746 3958 specialis
795 3886 1099 3947 consensio
1135 3886 1410 3946 reluceat.
1444 3884 1837 3944 Nihilominus
1878 3885 1985 3942 hoc

266 3977 482 4036 saltem
537 3977 840 4036 observare
896 3978 1048 4051 licet,
1109 3978 1264 4053 quod
1311 3985 1393 4047 ut,
1428 3976 1807 4047 Romualdus,
1837 3976 1984 4033 refe-

270 4074 436 4126 rente
462 4067 743 4126 Damiano
770 4069 834 4126 in
874 4068 998 4143 ejus
1042 4066 1174 4126 Vita
1202 4084 1324 4142 cap.
1359 4066 1394 4125 9
1427 4086 1439 4125 :
1494 4089 1521 4119 «
1548 4066 1791 4141 Vigilias
1831 4073 1983 4124 tem-

269 4166 487 4232 perate,
520 4164 736 4217 etcum
778 4176 984 4233 magna
1015 4160 1360 4219 discretione
1404 4160 1695 4218 faciendas
1730 4159 1988 4217 maxime

275 4248 571 4318 suadebat,
632 4264 708 4305 ne
765 4249 861 4306 cui
920 4250 1155 4307 fortasse
1211 4249 1588 4320 contingeret,
1652 4254 1718 4305 ut
1773 4245 1988 4320 sopori,

279 4337 520 4409 peractis
556 4338 858 4395 nocturnis
902 4338 1125 4409 ofﬁciis,
1157 4336 1506 4396 consentiret
1540 4361 1553 4395 :
1589 4357 1615 4388 ι)
1649 4335 1788 4410 quia
1825 4332 1989 4392 vide-

273 4422 416 4482 licet
460 4446 489 4479 ‹‹
518 4425 806 4498 ejusmodi
837 4442 1108 4485 somnum
1137 4426 1230 4485 vir
1260 4433 1493 4484 sanctus
1521 4424 1582 4482 in
1630 4431 1855 4481 tantum
1884 4423 1990 4479 ha-

271 4512 452 4571 bebat
479 4530 745 4585 exosum,
780 4514 911 4574 utsi
945 4516 1077 4591 quis
1102 4516 1157 4574 ei
1186 4516 1577 4586 confiteretur,
1608 4518 1734 4587 post
1772 4511 1992 4571 duode-

2010 4564 2059 4622 D

2061 3346 2398 3405 dicebantur
2471 3347 2783 3418 daemones,
2833 3365 3083 3423 quorum
3158 3353 3434 3415 instinctu
3506 3359 3773 3420 homines

2062 3436 2126 3495 in
2194 3437 2476 3508 vertigine
2552 3439 2722 3511 positi
2793 3440 3180 3499 reddebantur
3231 3443 3546 3505 instabiles.
3603 3470 3629 3502 »
3705 3451 3776 3509 Et

2065 3542 2261 3601 opusc.
2284 3539 2390 3596 XV,
2422 3543 2544 3599 cap.
2590 3526 2655 3583 18
2683 3551 2696 3583 :
2731 3551 2752 3577 ι
2790 3527 2969 3586 Ponat
2996 3537 3188 3587 autem
3220 3534 3492 3606 (eremita)
3513 3537 3682 3610 juxta
3714 3555 3774 3597 se

2067 3628 2320 3689 qumque
2366 3613 2476 3670 sibi
2536 3616 2672 3672 sunt
2727 3615 3069 3674 familiarius
3118 3621 3457 3690 necessaria,
3516 3638 3588 3680 ne
3641 3641 3777 3684 cum

2069 3718 2248 3760 usum
2274 3702 2482 3759 horum
2506 3703 2813 3761 necessitas
2833 3705 3101 3777 postulat,
3128 3706 3249 3778 ipse
3276 3708 3346 3764 ad
3372 3709 3777 3772 exhibendum

2071 3792 2182 3851 sibi
2232 3792 2590 3865 frequentius
2636 3801 2853 3866 surgat.
2914 3794 3231 3868 Tantopere
3288 3799 3501 3874 quippe
3553 3805 3779 3875 vagatio

2071 3891 2156 3938 est
2183 3880 2440 3949 vitanda,
2471 3888 2533 3939 ut
2579 3897 2685 3940 nec
2729 3899 2829 3957 per
2860 3883 3047 3958 ipsam
3078 3886 3349 3946 cellulam
3396 3890 3631 3963 spatiari
3664 3892 3785 3952 ina-

2073 3974 2225 4032 niter
2249 3972 2435 4032 liceat.
2470 3995 2498 4027 »

2146 4063 2296 4122 XVI.
2330 4064 2403 4122 Ut
2430 4078 2565 4121 vero
2595 4064 2821 4123 facilius
2851 4067 2912 4124 in
2943 4067 3087 4125 cella
3127 4068 3427 4142 quiescere
3454 4083 3788 4135 assuescant

2077 4154 2337 4225 solitarii,
2367 4155 2473 4212 hoc
2510 4170 2684 4213 aureo
2723 4155 2942 4215 monito
2972 4156 3104 4217 illos
3143 4158 3487 4234 Rodulphus
3516 4163 3620 4223 loc.
3667 4165 3788 4238 cit.,

2079 4262 2203 4319 cap.
2258 4246 2345 4315 36,
2407 4246 2749 4304 confirmare
2801 4255 3044 4307 conatur
3090 4272 3103 4307 :
3164 4270 3190 4303 ε(
3221 4251 3520 4323 Praeterea,
3569 4255 3794 4313 studeat

2081 4336 2374 4396 solitarius
2411 4338 2473 4395 in
2509 4337 2654 4395 cella
2681 4338 2906 4412 jugem,
2949 4348 3003 4404 et
3043 4342 3381 4400 continuam
3430 4343 3794 4404 sedulitatem

2082 4426 2312 4497 habere,
2368 4434 2432 4485 ut
2476 4442 2572 4499 per
2626 4430 2872 4500 gratiam
2930 4428 3048 4498 Dei,
3109 4437 3164 4488 et
3217 4430 3618 4491 assiduitatem
3671 4450 3795 4491 ma-

2084 4513 2284 4584 nendi,
2334 4512 2511 4584 possit
2572 4515 2623 4571 ei
2684 4514 2961 4574 habitatio
3020 4516 3181 4576 cella:
3245 4518 3594 4578 dulcescere.
3648 4520 3795 4578 Nam

272 4603 399 4662 cim
430 4605 785 4677 psalmorum
822 4606 1056 4680 vigilias
1083 4613 1137 4665 et
1175 4607 1431 4664 maxime
1456 4606 1607 4663 circa
1636 4603 2059 4672 diluculum,”
2085 4604 2236 4663 sicut
2282 4604 2545 4677 inquieto
2589 4611 2645 4662 et
2684 4604 2943 4663 instabili
2992 4608 3292 4679 monacho,
3325 4609 3504 4669 instar
3532 4610 3795 4681 carceris,

275 4710 658 4767 nequaquam
714 4703 903 4770 posset
948 4712 1013 4755 eo
1056 4697 1172 4765 die,
1214 4713 1347 4755 cum
1396 4697 1524 4769 ejus
1561 4692 1813 4763 licentia,
1843 4707 2003 4750 sacra

277 4781 603 4841 missarum
632 4787 912 4845 solemnia
938 4785 1243 4844 celebrare.
1283 4807 1311 4840 »
1369 4784 1535 4853 Quod
1580 4786 1694 4842 hoc
1732 4782 1856 4856 ipso
1884 4780 2002 4839 Ito-

276 4874 520 4934 mualdi
570 4877 871 4949 exemplo,
928 4874 1184 4934 eremitis
1241 4874 1495 4932 inculcat
1545 4875 1763 4933 Paulus
1819 4871 2002 4931 Justi-

276 4965 509 5023 nianus
559 4964 620 5021 in
670 4965 868 5036 regula
922 4964 1214 5023 eremitica
1269 4979 1391 5037 cap.
1443 4963 1532 5023 40.
1596 4964 1680 5021 Ita
1751 4960 2001 5021 similem

274 5054 479 5112 somni
506 5053 928 5122 discretionem,
959 5053 1198 5125 ejusque
1246 5061 1368 5125 post
1415 5052 1736 5110 matutinas
1770 5049 1999 5123 vigilias

269 5142 484 5212 fugam
538 5141 882 5201 Avellanitis
933 5141 1055 5199 suis
1101 5140 1304 5199 indicit
1360 5142 1560 5200 Petrus
1614 5142 1929 5199 Dainianus
1987 5158 2000 5207 ;

272 5229 485 5287 scribit
507 5231 665 5288 enim
689 5246 889 5303 opusc.
923 5242 1029 5301 xv,
1059 5245 1181 5305 cap.
1222 5232 1283 5289 16
1316 5249 1328 5287 :
1369 5251 1394 5283 «
1424 5230 1507 5288 De
1537 5246 1739 5288 somno
1768 5243 2003 5303 quoque

274 5332 409 5374 non
455 5325 567 5374 tam
607 5320 752 5377 dura
796 5318 1150 5392 quibusdam
1200 5318 1480 5376 districtio
1533 5318 1854 5376 necessaria
1898 5325 2000 5385 est,

276 5404 508 5464 melius
544 5409 757 5482 quippe
794 5416 880 5467 est
917 5426 1190 5469 somnum
1221 5409 1381 5468 carni
1413 5416 1722 5482 temperata
1749 5410 2000 5483 quadam

274 5493 721 5566 dispensatione
756 5499 1067 5558 concedere
1105 5504 1161 5556 et
1198 5500 1484 5557 ferventer
1526 5499 1892 5572 postmodum
1941 5500 2004 5555 in

273 5584 395 5642 Dei
440 5583 710 5645 laudibus
761 5588 1067 5648 excubare.
1102 5589 1432 5649 Notandum
1473 5594 1668 5647 autem
1700 5588 1838 5662 quia
1872 5595 2005 5646 ante

273 5681 596 5734 nocturnae
634 5677 875 5748 synaxis
907 5677 1185 5749 cilicium,
1216 5678 1266 5738 si
1294 5678 1388 5738 vel
1432 5675 1771 5751 profundior
1807 5676 2004 5738 adhuc

581 5791 840 5853 PATROL.
873 5791 1120 5853 CXLIV.

2086 4710 2257 4769 pmna
2306 4693 2581 4767 ergastuli
2641 4694 2969 4754 aﬂlictionis
3037 4698 3336 4757 materiam
3392 4708 3661 4773 praestat;
3718 4701 3796 4759 ita

2088 4784 2283 4858 quieto
2337 4792 2391 4841 et
2444 4787 2855 4857 perseveranti,
2924 4787 3228 4846 suavitatis
3278 4790 3666 4864 refrigerium,
3715 4792 3796 4849 si-

2088 4873 2336 4932 lentium
2356 4873 2747 4944 beatitudinis,
2782 4882 3056 4949 tanquam
3081 4880 3402 4952 portionem
3433 4880 3672 4939 exhibet
3704 4897 3800 4954 pa-

2088 4963 2286 5021 radisi.
2320 4986 2346 5013 »
2374 4961 2536 5032 Quod
2569 4965 2721 5022 idem
2742 4976 3062 5025 asseruerat
3093 4966 3430 5039 Damianus,
3462 4986 3658 5043 opusc.
3688 4983 3795 5036 xu,

2089 5068 2213 5125 cap.
2272 5052 2383 5109 25:
2445 5052 2628 5112 «Huc
2670 5054 2907 5117 accedit,
2940 5056 3095 5128 quod
3142 5055 3230 5126 iis,
3262 5057 3363 5128 qui
3413 5058 3591 5116 vitam
3633 5074 3800 5117 suam

2092 5141 2200 5198 sub
2255 5142 2363 5199 hac
2418 5140 2798 5200 inconstantia
2874 5145 3209 5203 mutationis
3259 5144 3567 5219 alternant,
3623 5165 3689 5206 eo
3736 5148 3803 5205 fit

2094 5230 2212 5287 vita
2261 5231 2595 5289 remotionis
2638 5231 2938 5301 austerior,
2981 5249 3097 5304 quo
3141 5235 3349 5293 molita
3378 5236 3625 5308 vagandi
3661 5253 3800 5294 con-

2092 5319 2399 5378 suetudine
2450 5320 2843 5389 retrahuntur,
2904 5320 2983 5377 ita
3043 5330 3104 5381 ut
3167 5325 3461 5382 eremitica
3520 5324 3804 5385 districtio

2091 5410 2452 5484 gravissimae
2499 5408 2843 5479 difficultati,
2883 5409 3030 5469 cella
3066 5413 3189 5485 ipsa
3229 5414 3345 5473 illis
3374 5415 3639 5474 videatur
3668 5417 3807 5475 hor-

2094 5499 2228 5557 rori.
2263 5498 2626 5557 Consuetudo
2657 5499 2813 5556 enim
2859 5500 2993 5559 facit
3035 5503 3324 5562 monacho
3358 5503 3635 5563 cellulam
3672 5504 3806 5565 dul-

2093 5603 2237 5656 cem,
2291 5589 2517 5661 vagatio
2572 5588 2758 5646 videri
2816 5590 2951 5647 facit
3022 5591 3381 5650 horribilem.
3449 5593 3807 5667 Vagantibus

2094 5674 2304 5736 cellula
2332 5691 2522 5735 carcer
2542 5682 2645 5749 est,
2672 5678 3150 5750 permanentibus
3178 5694 3360 5739 suave
3390 5680 3748 5739 cubiculum.
3776 5700 3805 5735 »

3496 5793 3528 5823 ἢ

3499 5832 3530 5850 δ
