4106 6204
305 397 376 458 43

1223 393 1284 453 s.
1328 389 1617 451 PETRUS
1657 375 2046 450 DAMIANUS
2086 387 2146 447 s.
2191 382 2258 446 Β.
2301 383 2370 445 E.
2410 380 2886 446 CABDINALIS.

3735 384 3804 448 44

370 521 552 580 XVII.
609 519 856 588 Rursus,
912 517 1405 592 quemadmodum
1481 513 1861 584 Romualdus,
1938 512 2404 586 exAulriusque
2454 513 2704 572 instituti
2757 512 3223 574 convenientiam
3279 513 3592 574 ostendunt
3632 521 3806 589 atque

299 612 426 686 ejus
463 609 611 694 Vita,
644 625 769 682 cap.
800 607 834 666 9
868 623 880 662 :
917 628 944 661 ‹‹
976 606 1457 694 Parvipendebat,
1497 605 1543 663 si
1603 604 1738 694 quis
1765 603 1841 694 ad
1868 609 2010 661 tem-

297 716 410 774 pus
467 691 746 773 magnum
801 695 944 770 quid
991 694 1293 768 inciperet,
1323 693 1372 750 si
1423 707 1540 751 non
1592 693 1766 750 etiam
1828 691 1888 750 in
1949 707 2014 750 eo

299 787 707 864 longanimiter
736 789 1127 859 perseveraret
1159 806 1171 840 :
1209 802 1236 835 »
1281 783 1359 840 ita
1383 781 1646 838 eamdem
1673 780 2017 837 Avellanitis

297 877 780 954 perseverantiam
835 872 1160 932 inculcabat
1239 872 1580 939 Damianus,
1641 886 1836 944 Opusc.
1905 881 2013 941 XV,

299 984 423 1042 cap.
466 967 556 1037 27,
587 965 784 1023 dicens
816 983 828 1021 :
863 983 891 1016 ι(
927 961 1078 1020 Vitae
1123 961 1384 1030 modum,
1431 967 1609 1032 quetn
1655 957 1832 1017 semel
1866 956 2014 1014 arri-

297 1059 515 1133 pueris,
546 1060 976 1131 perseveranter
1007 1059 1154 1120 tene,
1187 1057 1514 1109 constanter
1559 1046 1898 1122 exsequere,
1944 1062 2018 1104 ne

299 1149 544 1214 scenica,
593 1144 748 1219 quod
782 1142 950 1210 absit,
1000 1157 1033 1198 a
1077 1139 1376 1212 temetipso
1431 1137 1682 1196 videaris
1729 1135 2017 1209 vertigine

299 1236 638 1310 discrepare.
663 1232 971 1292 Persevera
995 1229 1192 1303 itaque
1217 1229 1276 1286 in
1302 1243 1368 1286 eo
1390 1225 1548 1300 quod
1577 1225 1839 1299 coeperis,
1857 1232 1914 1282 et
1935 1242 2019 1282 re-

297 1332 444 1384 ctam
469 1328 760 1383 consuetae
783 1319 916 1376 vitae
942 1317 1155 1375 lineam
1183 1324 1330 1384 tene,
1365 1331 1437 1372 ne
1465 1321 1518 1371 te
1545 1329 1762 1372 novum
1791 1328 2019 1386 semper

301 1413 537 1472 variata:
552 1410 684 1471 vitae
700 1407 1002 1466 diversitas
1017 1405 1231 1474 reddat,
1247 1404 1345 1462 sed
1367 1403 1429 1460 in
1452 1409 1663 1460 sanctae
1680 1401 2017 1460 constantiae

297 1499 675 1560 fundamento
701 1491 964 1568 przeﬁxaa
997 1491 1212 1565 regulae
1242 1489 1600 1548 consuetudo
1643 1488 1908 1546 stabiliat.
1949 1508 1978 1540 »

369 1586 581 1646 XVIII.
621 1585 884 1658 Denique
921 1579 1206 1655 quidquid
1258 1579 1626 1636 beatissimus
1656 1575 2017 1636 Romualdus

300 1676 570 1736 eremitas
599 1689 736 1733 suos
775 1672 848 1730 ad
873 1673 999 1744 ejus
1028 1669 1232 1728 cellam
1268 1668 1328 1726 in
1369 1683 1561 1725 eremo
1588 1665 2018 1725 Camaldulensi

298 1767 401 1825 con
414 1766 708 1824 venientes
737 1761 999 1819 docuisse
1027 1759 1238 1818 dicitur
1259 1757 1332 1815 ab
1357 1755 1718 1830 Hieronymo
1741 1755 2015 1828 Pragensi

2093 602 2396 676 utriusque
2445 601 2684 661 familiae
2729 602 3192 669 constitutiones.
3240 609 3438 678 utpote
3489 603 3804 675 similibus,

2095 699 2194 749 aut
2247 706 2454 766 parum
2513 691 2758 750 diversis
2819 691 3120 765 praeceptis
3170 692 3654 766 circumscriptus,
3688 693 3807 751 imo

2099 779 2330 838 totidem
2360 779 2704 855 plerumque
2735 779 2946 851 verbis,
2977 788 3032 837 et
3058 779 3266 838 iisdem
3297 780 3565 840 formulis
3599 796 3806 838 exara-

2095 875 2200 938 tas,
2261 868 2461 926 eodem
2516 869 2765 927 dictante
2831 868 3036 942 spiritu
3114 877 3438 941 conceptas,
3494 877 3670 944 atque
3731 868 3803 926 ab

2095 956 2296 1016 eodem
2364 955 2675 1015 Bomualdi
2736 959 2890 1014 fonte
2938 957 3223 1016 derivatas
3271 957 3452 1015 fuisse
3507 972 3802 1015 common-

2095 1051 2295 1102 strant.
2340 1042 2494 1101 Hinc
2529 1059 2643 1102 non
2674 1043 2964 1102 immerito
2995 1061 3190 1120 parem
3218 1043 3614 1104 auctoritatem
3645 1052 3804 1102 utra-

2095 1148 2209 1206 que
2251 1133 2448 1206 regula
2500 1133 2653 1206 apud
2706 1141 2980 1208 utrosque
3023 1134 3296 1204 obtinuit,
3349 1140 3404 1192 et
3453 1133 3614 1192 nullo
3659 1148 3804 1206 pene

2093 1219 2429 1279 discrimine
2461 1222 2583 1280 sive
2616 1237 2651 1280 a
2689 1221 3033 1294 Romuatdo,
3067 1221 3190 1280 sive
3235 1239 3269 1280 a
3315 1221 3484 1281 Petro
3523 1221 3802 1279 Damiano

2095 1316 2323 1379 statuta,
2363 1311 2674 1368 eremiticas
2708 1311 2846 1369 vitae
2887 1311 3169 1368 rationem
3217 1311 3637 1380 concernentia,
3669 1325 3800 1382 per-

2093 1399 2230 1456 inde
2279 1399 2722 1474 recipiebautur,
2753 1407 2818 1459 ut
2853 1399 3068 1458 mirum
3111 1417 3226 1459 non
3262 1400 3336 1458 sit
3356 1391 3801 1474 'Hieronymum

2096 1485 2443 1560 Pragensem
2483 1487 2625 1555 loco,
2659 1504 2836 1562 quem
2884 1489 3167 1563 superiori
3207 1491 3413 1562 capite,
3449 1503 3616 1548 num.
3669 1487 3798 1557 ult.,

2094 1577 2498 1650 allegavimus,
2563 1575 2887 1635 Bomualdo
2933 1577 3275 1652 paraenesim
3323 1577 3674 1650 ascripsisse,
3727 1591 3803 1634 ex

2095 1665 2556 1724 Avellanitarum
2600 1665 2798 1738 regula
2829 1665 2900 1723 ad
2949 1667 3191 1738 verbum
3235 1682 3381 1741 pene
3417 1667 3801 1740 desumptam.

2165 1757 2240 1815 Π.
2286 1755 2440 1815 Sane
2482 1754 2635 1814 haud
2694 1756 3052 1831 frequentior
3095 1763 3182 1814 est
3226 1755 3382 1828 apud
3419 1754 3805 1829 Rodulphum

297 1856 450 1929 apud
497 1845 845 1912 Bollandum
901 1849 974 1906 ad
1027 1848 1185 1906 diem
1237 1849 1269 1906 7
1329 1845 1656 1914 Februarii,
1715 1845 1897 1903 multa
1949 1843 2588 1932 inBCamalduIensem
2641 1844 2889 1918 priorem
2927 1859 3102 1918 quam
3138 1843 3292 1917 apud
3336 1843 3528 1916 ipsum
3566 1841 3803 1900 Damia-

299 1957 566 2004 sermone
611 1940 684 1999 de
733 1939 792 1998 S.
827 1937 1172 2006 ltomualdo,
1219 1951 1344 2010 cap.
1399 1935 1457 1992 lt
1498 1929 2067 2006 (quemadmodum‘
2095 1951 2242 1994 num
2271 1934 2581 1994 Romualdi
2619 1933 2857 2002 mentio,
2888 1935 2959 1991 ad
2990 1933 3440 1992 consuetudines
3476 1929 3804 1990 eremiticas

297 2041 354 2093 et
379 2032 512 2101 alia,
546 2047 668 2104 cap.
703 2028 736 2087 6
769 2036 826 2088 et
864 2028 898 2086 9
935 2026 1190 2100 inserta),
1221 2031 1407 2084 totum
1440 2023 1646 2092 ferme,
1675 2038 1742 2080 ac
1779 2021 2010 2092 iisdem,
2095 2027 2221 2100 ejus
2267 2025 2600 2082 auctoritate
2636 2021 2952 2080 lirmandas
2995 2042 3008 2080 :
3046 2023 3315 2097 inprimis
3353 2022 3510 2080 enim
3562 2021 3802 2094 privata:

297 2127 390 2184 vel
436 2120 731 2181 similibus
760 2117 1026 2178 formulis
1073 2131 1414 2190 expressum
1453 2115 1515 2172 in
1564 2113 1843 2172 Damiano
1875 2128 2013 2172 suos
2095 2111 2432 2186 psalmodiaa
2462 2127 2661 2180 usuin,
2687 2119 2754 2168 ut
2781 2126 2905 2184 cap.
2934 2109 3174 2183 prmced.
3202 2125 3369 2168 num.
3403 2108 3488 2177 10,
3522 2107 3800 2178 vidimus,

295 2212 655 2273 Avellanitas
702 2207 1026 2266 instruente
1071 2204 1375 2278 reperitur,
1418 2219 1626 2277 nempe
1671 2203 1827 2277 quod
1883 2217 2008 2274 cap.
2096 2216 2173 2259 ex
2237 2199 2297 2259 S.
2356 2199 2667 2259 Romualdi
2758 2199 3122 2258 institutione
3176 2197 3400 2257 derivat
3485 2195 3805 2252 Damianus

296 2305 416 2368 cit.,
457 2315 622 2360 num.
665 2298 755 2368 69,
812 2296 1025 2356 dicitur
1075 2295 1156 2354 De
1192 2294 1407 2368 quiete,
1463 2293 1711 2362 silentio,
1763 2301 1818 2350 ct
1855 2293 2010 2366 jeju—
2095 2307 2290 2364 opusc.
2309 2303 2451 2349 XIV:
2489 2288 3064 2362 «Psalterium,quod
3087 2293 3171 2346 est
3199 2287 3491 2354 vivorum,
3521 2300 3658 2342 cum
3679 2283 3802 2342 illis

263 2377 400 2453 [nio
480 2389 736 2449 eremitis
819 2386 1188 2458 necessario;
1244 2385 1482 2444 totidem
1562 2384 1755 2442 verbis
1841 2385 2013 2442 habet

294 2482 630 2548 Damianus,
668 2492 865 2551 opusc.
919 2488 1026 2546 xv,
1065 2490 1186 2547 cap.
1239 2475 1290 2531 5.
1343 2473 1504 2544 Quod
1539 2472 1758 2532 ibidem
1815 2473 2010 2531 subdit

295 2570 691 2642 Hieronymus
728 2570 824 2635 (ex
873 2581 972 2623 ore
1023 2561 1360 2633 Romualdi)
1417 2561 1500 2620 De
1559 2563 1808 2620 vestium
1863 2575 2010 2633 pau-

294 2666 530 2735 pertate,
581 2663 637 2716 et
692 2655 910 2714 vilitate
972 2653 1244 2722 amanda,
1297 2667 1501 2711 rursus
1556 2651 1765 2710 iisdem
1819 2650 2012 2710 verbis

293 2749 612 2808 Damianus
656 2745 910 2806 inculcat
954 2743 1060 2802 Ioc.
1114 2745 1236 2814 cit.,
1287 2758 1412 2814 cap.
1461 2742 1548 2800 21.
1603 2742 1767 2812 Quod
1815 2742 2013 2801 subdit

291 2837 392 2898 ille
446 2852 608 2894 num.
662 2833 752 2905 70,
809 2833 891 2892 De
946 2831 1321 2891 venientibus
1375 2846 1450 2889 ex
1497 2831 1714 2888 saeculo
1763 2830 1835 2888 ad
1885 2846 2010 2888 ere-

290 2944 499 2998 Inum,
563 2925 718 2985 idem
790 2924 1111 2998 eodemque
1173 2923 1481 2981 verborum
1548 2930 1766 2991 tenore,
1814 2929 2010 2980 monet

290 3017 388 3076 hic
447 3013 671 3090 praefati
746 3011 1017 3087 opusculi
1071 3027 1193 3084 cap.
1253 3010 1344 3068 ‘29.
1401 3009 1560 3080 Quod
1620 3009 1856 3069 demum
1911 3010 2012 3068 ille

289 3121 456 3164 num.
500 3105 589 3175 7l,
618 3103 896 3172 decernit,
934 3100 1014 3158 De
1061 3098 1176 3168 his,
1219 3098 1324 3174 qui
1371 3114 1446 3157 ex
1483 3098 1822 3157 cmnobitica
1871 3113 2009 3157 con-

289 3193 613 3252 versatione
669 3190 736 3248 ad
795 3203 1058 3248 eremnm
1109 3187 1410 3257 accedunt,
1467 3185 1574 3244 iste
1628 3186 1861 3260 pariter,
1907 3186 2071 3285 ubiC

288 3297 462 3354 supra
491 3296 612 3352 cap.
663 3278 752 3350 30,
800 3275 1110 3350 ipsissitnis
1157 3275 1398 3334 vocibus
1443 3274 1831 3348 formulisque
1873 3291 2008 3348 pro-

285 3373 470 3447 ponit,
503 3378 570 3430 ut
591 3369 826 3445 perinde
857 3368 952 3439 sit,
977 3368 1098 3426 sive
1126 3367 1286 3436 hinc,
1316 3365 1439 3423 sive
1467 3365 1602 3422 inde
1631 3365 2005 3436 transcribas,

2093 2377 2306 2436 dicitur
2333 2377 2738 2434 additamentis
2776 2392 2908 2450 quae
2950 2374 3016 2432 B.
3045 2373 3408 2434 Romualdus
3429 2372 3737 2447 apposuit;
3771 2392 3799 2426 »

2093 2473 2148 2524 et
2185 2466 2397 2523 iterum
2427 2479 2623 2538 opusc.
2658 2476 2765 2536 xv,
2807 2481 2930 2538 cap.
2963 2465 2996 2522 9
3029 2483 3041 2522 :
3083 2492 3100 2513 ι
3141 2463 3511 2532 Psalterium,
3539 2463 3692 2535 quod
3721 2469 3805 2520 est

2093 2556 2363 2614 vivorum
2401 2571 2538 2614 cum
2587 2555 2706 2614 illis
2735 2555 2948 2614 dicitur
2972 2554 3404 2700 adﬁtamentis,
3445 2569 3578 2628 quae
3593 2552 3658 2610 Β.
3686 2551 3802 2609 Ro-

2093 2643 2367 2700 mnaldus
2412 2645 2667 2700 apponit.
2703 2666 2723 2695 ι
2775 2659 2911 2700 qua;
2963 2649 3054 2700 tan
3165 2641 3565 2700 sollicitudine
3603 2639 3800 2698 obser-

2093 2643 2367 2704 mualdus
2412 2645 2667 2718 apponit,
2703 2666 2723 2695 ι
2775 2659 2911 2718 quas
2963 2639 3116 2700 tan!
3165 2641 3565 2700 sollicitudine
3603 2639 3800 2698 obser-

2096 2733 2283 2792 vanda
2311 2749 2435 2791 esse
2461 2740 2620 2790 notat
2649 2740 2712 2791 ut
2752 2733 2904 2790 inter
2939 2748 3055 2802 cas,
3087 2746 3220 2804 quae
3246 2731 3504 2788 maxime
3535 2729 3802 2788 omnium

2093 2823 2369 2887 intererit,
2404 2829 2470 2881 ut
2498 2821 2793 2881 addiscant
2821 2820 3051 2888 novitii,
3075 2825 3478 2890 connumeret,
3504 2818 3578 2876 iis
3610 2818 3802 2876 verbis

2093 2911 2288 2972 statim
2320 2909 2808 2984 subsequentibus
2841 2929 2852 2968 :
2913 2934 2938 2960 ιι
2968 2908 3110 2978 Quae
3139 2907 3314 2966 etiam
3361 2923 3466 2966 nos
3499 2923 3616 2964 non
3666 2921 3801 2979 gra-

2094 3017 2302 3060 vemur
2349 2999 2622 3068 inserere,
2662 3015 2735 3056 ne
2766 3013 2872 3056 nos
2917 3004 3304 3070 conqueratur
3334 2997 3477 3052 forte
3516 2995 3799 3064 novitius,

2095 3105 2228 3162 quae
2282 3088 2394 3146 sibi
2435 3103 2780 3161 magnopere
2819 3085 3123 3144 noscenda.
3151 3090 3308 3154 sunt,
3366 3081 3734 3156 praeteriisse.
3771 3103 3799 3134 »

2097 3177 2212 3235 Nec
2249 3177 2493 3236 minoris
2533 3176 2812 3236 momenti
2861 3190 3002 3238 esse,
3038 3172 3109 3230 ad
3146 3172 3519 3230 cremitarum
3557 3185 3801 3230 suorum

2091 3265 2552 3336 instructionem,
2584 3263 2861 3338 quaslibet
2898 3261 3207 3321 Romnaldi
3240 3262 3484 3331 monita,
3511 3259 3800 3332 exempla,

2089 3354 2352 3424 consilia,
2382 3355 2520 3413 satis
2543 3353 2778 3424 indicat,
2807 3351 2947 3410 dum
2976 3352 3237 3424 ejusdem
3261 3348 3530 3422 opusculi
3559 3363 3684 3421 cap.
3713 3346 3798 3417 16,

284 3438 418 3521 cum
453 3438 570 3520 non
591 3438 784 3518 ’ωοᾱο
817 3438 1043 3528 sensus,
1077 3455 1174 3514 sed
1217 3454 1391 3512 verba
1431 3462 1488 3510 et
1537 3453 1678 3512 ordo
1712 3453 1836 3526 ipse
1880 3471 2010 3511 ver.-
2089 3444 2160 3501 ad
2190 3443 2594 3501 discretionem
2625 3445 2687 3500 in
2716 3439 3068 3500 moderanda
3101 3438 3466 3498 subditorum
3497 3438 3620 3496 vita
3649 3451 3802 3510 pra)-

285 3551 494 3612 boru.n
524 3550 828 3622 utrobique
857 3548 1202 3606 immutatus
1227 3549 1506 3603 occurrat.

969 3657 1212 3720 CAPUT
1259 3655 1330 3714 V.

1008 3759 1278 3808 SYNOPSIS
1287 3788 1300 3802 .

396 3845 893 3907 Camaldulensz’um
922 3846 973 3896 et
1001 3839 1448 3894 Avellanitarum
1485 3837 1744 3905 afﬁnitas
1773 3837 1904 3889 aliis

811 3911 1094 3968 momentis
1145 3910 1492 3963 illustratur.

296 4006 597 4067 SY-NOPSIS.
627 4037 693 4047 —
740 4003 1055 4073 Utriusque
1082 3995 1191 4073 loci
1218 3995 1422 4073 regula
1456 3993 1718 4073 utrisque
1746 4007 2014 4073 commu-

371 4063 682 4136 nisiNutn.
721 4076 764 4132 l.
795 4063 1176 4145 Freqtientior
1199 4063 1350 4145 apud
1383 4063 2013 4145 Petrum'Datnianum,

366 4134 540 4218 quam
573 4134 742 4220 apud
791 4134 1164 4220 Rodiilphum
1201 4134 1460 4220 priorem
1477 4134 2016 4220 “Camaldulepsem

369 4205 744 4279 Sillomualdi
763 4205 1394 4272 mentioi‘ZAuctbritas
1409 4205 1787 4279 S.ROI_nnald_i
1801 4222 1834 4262 a
1851 4205 2018 4279 Petro

369 4276 635 4350 Damiani
663 4298 1055 4358 saeperusnrpa
1067 4291 1137 4358 ta.
1173 4279 1366 4358 3‘Vire
1388 4293 1550 4358 versa
1569 4277 1727 4358 .Petr‘i
1748 4276 2020 4358 Daniiani

373 4348 681 4420 auctoritas
712 4348 772 4414 iii
805 4348 1363 4429 Gatital'dylensiutn
1389 4349 1614 4429 statutis
1651 4348 1915 4429 adducta.
1963 4348 2016 4429 4_.

384 4417 691 4491 Erretiiitica
717 4427 911 4496 regula
942 4426 999 4484 S.
1032 4423 1181 4496 Petri
1205 4419 1467 4496 Damjagi
1495 4420 1552 4496 i_n
1584 4435 1778 4496 eremo
1805 4417 2022 4496 Damal-

2089 3531 2222 3590 latis
2270 3531 2706 3606 injungendam,
2739 3529 2804 3588 B.
2845 3528 3160 3588 Romualdi
3207 3526 3525 3603 sententias
3566 3527 3630 3584 in
3680 3539 3800 3582 me-

2004 3663 2008 3667 .
2091 3621 2256 3682 dium
2295 3619 2582 3694 producit,
2610 3635 2786 3693 seque
2828 3618 2948 3676 illis
2985 3617 3282 3676 adhaarere
3316 3618 3544 3676 fatetur.
3587 3638 3610 3666 α
3656 3613 3798 3672 Nos-

2091 3711 2496 3785 approbamus,
2547 3709 2646 3778 ait,
2691 3707 2846 3780 quod
2885 3708 3008 3766 suis
3049 3723 3199 3781 saepe
3251 3705 3552 3780 discipulis
3588 3703 3658 3762 B.
3695 3702 3806 3762 Ro-

2093 3802 2364 3862 mualdus
2404 3800 2623 3860 dixisse
2676 3799 3020 3874 perhibetur
3064 3823 3077 3856 :
3135 3796 3534 3866 «Dummodo,
3589 3792 3801 3867 inquit,

2093 3895 2270 3952 frater
2323 3892 2568 3966 quilibet
2623 3890 2829 3948 cellam
2889 3904 3007 3948 non
3065 3888 3318 3958 deserat,
3378 3886 3550 3945 etiam
3603 3897 3804 3942 carnes

2093 3983 2460 4059 permittatur
2506 3997 2583 4040 ex
2623 3979 2968 4039 discretione
3008 3980 3330 4047 comedere,
3359 3978 3412 4034 si
3451 3983 3565 4032 tam
3613 3973 3800 4030 inevi-

2095 4073 2290 4131 tabilts
2327 4071 2588 4130 videatur
2635 4070 2942 4128 necessitas
2979 4067 3303 4126 imminere.
3341 4084 3368 4117 »
3405 4061 3667 4121 Addebat
3708 4061 3802 4118 in-

2096 4176 2268 4234 super
2299 4184 2312 4218 :
2368 4181 2396 4212 «
2427 4158 2566 4218 Tale
2609 4157 2768 4215 enim
2827 4153 3244 4229 propemodum
3273 4157 3360 4209 est
3397 4149 3468 4208 de
3509 4163 3703 4208 eremo
3729 4145 3802 4205 ad

2099 4247 2514 4308 monasterium
2560 4245 2788 4314 reverti,
2833 4243 3004 4319 quale
3045 4243 3116 4300 de
3162 4237 3561 4299 monasteriali
3602 4235 3804 4294 ordine

2099 4341 2171 4398 ad
2202 4338 2481 4397 saeculum
2509 4335 2808 4410 asportari.
2841 4357 2861 4385 ι
2892 4334 2961 4392 Et
2984 4331 3156 4408 paulo
3181 4337 3306 4406 post
3337 4327 3532 4388 subdit
3563 4348 3624 4384 εει
3658 4325 3804 4384 Nam

2099 4437 2164 4487 ut
2191 4427 2346 4486 idem
2383 4427 2449 4484 B.
2483 4423 2868 4495 Romnaldus,
2901 4431 2964 4480 ut
2991 4421 3084 4480 sui
3123 4423 3552 4480 consueverunt
3597 4415 3808 4473 referre

377 4489 606 4588 dft‘tlen‘si
643 4499 756 4588 vim
778 4489 929 4588 legis
953 4495 1205 4588 obtinuit
1225 4509 1294 4588 ωε
1323 4491 1384 4549 Β.
1411 4490 1714 4588 IIfod‘ulpho
1739 4489 1949 4563 priore.
1967 4489 2018 4546 5.

2132 4514 2392 4588 iiscipuli,
2419 4515 2501 4572 sic
2529 4512 2714 4571 zestivi
2747 4489 3018 4583 temporis
3046 4506 3438 4566 hebdomadas
3467 4503 3805 4570 alternabat,

405 4572 567 4644 Quod
610 4563 949 4644 ostenditur.
993 4571 1027 4628 6
1063 4575 1118 4644 et
1165 4567 1225 4644 Ζ.
1261 4567 1307 4621 Α
1333 4563 1738 4644 vellanitarum
1779 4574 2086 4644 (‘ongre-D

377 4633 549 4715 gatio.
599 4660 672 4699 ex
712 4641 1006 4715 Ludovico
1047 4637 1294 4715 du_Ptn,
1337 4634 1554 4715 species
1585 4633 2010 4715 eratejusdgm

379 4703 752 4772 eremitarum
781 4711 1010 4780 generis
1047 4728 1080 4767 a
1125 4703 1455 4780 Bonitialdo
1485 4703 1756 4780 instituti.
1784 4703 1845 4780 '8.
1903 4703 2015 4758 Ea-

383 4789 515 4845 detn
554 4773 880 4850 Romualdi,
923 4798 1059 4855 quae
1106 4775 1560 4855 l'etri‘Dam'i‘ani
1606 4773 1910 4855 institutio,
1941 4788 2018 4830 ex

389 4843 681 4917 Ludovico
724 4843 1122 4912 Ttioma'ssino.
1167 4851 1220 4906 9.
1263 4847 1391 4920 Ipse
1423 4843 2020 4920 _Pe_t_ruspD_amianus

388 4929 666 5004 ejusmodi
718 4926 1055 5004 affinitatem
1091 4917 1348 5004 testatur.
1383 4918 1466 5004 10:
1493 4917 1772 5004 _Ilospitii,
1815 4917 2022 5004 et‘suf-

391 4986 704 5068 fragiorum
737 4995 1071 5068 communio
1098 4994 1246 5050 inter
1273 4986 1742 5068 (_}_amaldulens_es
1775 4999 1828 5068 et
1860 4986 2024 5068 Avel-

396 5057 603 5130 lanitas
630 5067 1034 5126 vetustissimis
1066 5060 1420 5138 temporibus
1462 5059 1623 5138 inita.
1670 5057 2024 5138 _1_1._Avella-

395 5129 648 5201 ullarum
693 5139 924 5197 habitus
955 5140 1143 5196 colore
1173 5129 1229 5192 et
1268 5135 1453 5190 forma
1491 5129 2026 5201 UatnaIdulensium

396 5197 653 5271 vestibus
690 5209 1046 5268 simillimus.
1098 5206 1177 5264 1'2.
1221 5203 1398 5262 Iidem
1435 5201 1689 5272 cingulo,
1724 5207 1787 5257 ut
1826 5197 2026 5262 nostri,

2103 4611 2159 4662 et
2201 4619 2378 4662 unam
2408 4602 2646 4677 quidem
2678 4617 2712 4658 a
2744 4599 3048 4660 Dominica
3080 4597 3143 4656 in
3174 4593 3537 4658 Dominicam
3568 4593 3630 4650 in
3663 4607 3810 4666 pane

2101 4705 2167 4753 ut
2213 4709 2363 4766 aqua
2397 4690 2716 4764 jejunando
2763 4688 3116 4758 transigeret,
3149 4685 3390 4743 alterius
3418 4699 3556 4742 vero
3584 4681 3806 4741 hebdo-

2105 4783 2292 4843 madas
2323 4783 2689 4856 pulmentum
2716 4779 2918 4852 quinta
2947 4775 3090 4834 feria
3123 4772 3512 4832 manducaret.
3549 4795 3571 4825 ι

2179 4883 2281 4942 ΙΙΙ.
2340 4880 2624 4940 Similiter
2681 4877 2838 4935 idem
2889 4873 3210 4933 Damiauus
3260 4880 3400 4931 tom.
3464 4871 3510 4942 Ι,
3567 4868 3668 4927 lib.
3724 4877 3804 4936 Vt,

2109 4975 2276 5046 epist.
2329 4971 2420 5038 26,
2473 4977 2539 5028 ut
2587 4965 2928 5027 modestiam
2978 4964 3043 5022 in
3099 4963 3452 5022 feminarum
3509 4957 3814 5033 colloquiis

2111 5063 2336 5123 Marino
2365 5062 2642 5118 monacho
2671 5054 2916 5130 patrueli
2942 5071 3047 5114 suo
3073 5054 3454 5121 commendet,
3475 5049 3814 5120 exemplum

2112 5151 2172 5210 Β.
2201 5148 2534 5218 Romualdi,
2564 5145 3031 5224 quidiscipulum
3063 5144 3265 5202 nimite
3293 5137 3640 5200 curiositatis
3673 5151 3816 5207 pru-

2113 5240 2314 5298 denter
2339 5236 2653 5310 redarguit,
2693 5234 2782 5292 illi
2809 5237 2884 5292 ob
2919 5234 3116 5293 oculos
3149 5230 3328 5306 ponit,
3363 5243 3428 5284 ac
3465 5223 3636 5298 paulo
3667 5229 3816 5296 post,

398 5285 727 5344 utebantur.
757 5280 876 5338 ibid
933 5281 1131 5337 Petrus
1165 5273 1426 5346 Damiani
1456 5271 1882 5346 potioriadliuc
1899 5271 2031 5343 jure
2113 5271 2303 5346 υιῗυισξ
2339 5271 3127 5346 ¹Ῠῗςξξεξξξξζιιχξηξζις¹ξξ
3151 5271 3606 5346 νυιξτηὴζξητδζςζς

446 5310 727 5342 ttmumur.
761 5310 876 5338 IUlu
935 5310 1045 5337 rcu
1069 5310 1131 5334 am
1165 5310 1426 5334 uuuuutu
1459 5310 1658 5346 μυιιυιι
1691 5310 2031 5343 ιιυιιυιιδυιν
2508 5327 2516 5334 .
3596 5310 3606 5320 ,

441 5371 572 5414 uani
627 5351 821 5410 caeteri
866 5351 1228 5416 AvellanitzB,
1267 5350 1336 5404 ad
1386 5344 1886 5403 Camalduleusem
1937 5356 2030 5399 or—
2117 5339 2182 5389 ut
2233 5328 2303 5386 ad
2368 5326 2734 5416 sobrietatem
2787 5322 3280 5416 servandam}.
3321 5317 3672 5416 hypgcnsgm
3727 5310 3819 5416 ξιι-

629 5398 883 5498 ξῖῖεδιξηθ
907 5398 1246 5478 οίῇθηᾱὶῐωῖ.
1285 5417 1369 5474 13.
1567 5398 1816 5402 "rimi
1949 5398 1952 5399 ν

2132 5418 2388 5491 ζῘΘΠάἱΠῐΙ
2432 5414 2703 5474 eumdem
2748 5413 2980 5478 excitet,
3045 5405 3306 5498 subdit':
3367 5422 3396 5456 (ί
3427 5400 3569 5498 ῌθο.
3595 5398 3824 5498 ineptus

401 5525 450 5585 Ι.
506 5523 648 5594 Ome
701 5518 934 5578 duobus
993 5513 1445 5590 praecedentibus
1493 5510 1778 5584 capitibus
1820 5507 2036 5566 cursim
2119 5487 2368 5580 applices
2399 5527 2418 5556 ιι
2470 5505 2576 5562 hoc
2615 5513 2702 5561 est
2755 5517 2871 5560 non
2897 5499 3076 5557 otiose
3115 5493 3343 5562 audias,
3375 5489 3477 5548 sed
3515 5487 3827 5594 seriornin-

330 5576 578 5676 delibata
608 5615 748 5669 sunt
773 5608 925 5665 circa
947 5576 1272 5662 nostrorum
1305 5576 1840 5658 Catnatdutenstum
1869 5606 2038 5670 atque
2125 5576 2325 5657 lendas
2374 5618 2402 5648 «
2433 5596 2586 5671 quod
2631 5609 2785 5668 saepe
2830 5589 2954 5650 suis
2985 5583 3284 5676 discipulis
3314 5582 3406 5640 vir
3432 5576 3665 5676 Domini
3705 5576 3824 5634 Ro-

335 5703 798 5766 Avellanitarum
871 5708 1129 5756 veterum
1201 5691 1433 5751 vivendi
1503 5706 1742 5758 morem,
1807 5687 2041 5746 abunde
2127 5686 2394 5746 mualdus
2437 5669 2626 5744 aiebat
2679 5701 2691 5741 :
2735 5680 2986 5751 Fratres,
3025 5671 3238 5749 inquit,
3275 5683 3412 5731 cum
3453 5669 3517 5728 in
3551 5679 3828 5740 quorum-
