4106 6204
321 411 399 471 45

1138 406 1143 407 ί
1213 408 1789 471 PROLEGOMENA.
1832 443 1900 455 —
1939 406 2038 469 DE
2076 404 2479 473 INSTITUTO
2516 400 2950 473 CAMALDUL.

3771 410 3842 481 46

323 540 469 599 libet
518 547 807 597 conventu
861 538 1116 610 reficitis,
1151 539 1389 597 intentis
1431 539 1503 597 ad
1552 539 1750 598 cibum
1800 537 2041 608 caeteris,
2069 538 2345 602 Aducare
2388 537 2459 595 ad
2504 554 2785 610 mensam,
2835 538 2972 612 quia
3018 553 3318 613 nunquam
3378 556 3500 600 mos
3556 542 3651 601 hic
3700 546 3833 617 fuit,

322 630 393 687 in
427 630 548 702 ipso
579 630 904 688 nefectiouis
930 630 1101 687 initio
1132 629 1341 702 parcite
1372 648 1387 701 ;
1421 638 1475 687 et
1501 647 1635 688 cum
1658 631 1781 703 jam
1824 630 1940 688 illis
1973 647 2048 689 ex

322 727 492 791 parte
533 719 890 776 satisfactum
945 718 1142 791 fuerit,
1186 734 1287 776 vos
1337 718 1622 791 inclioate,
1660 727 1947 795 quatenus
1996 726 2052 777 et

326 809 656 882 hypocrisis
693 817 887 867 notam
928 809 1156 882 possitis
1190 809 1454 874 evadere,
1494 817 1550 867 et
1595 809 1916 868 sobrietatis
1957 827 2047 869 re-

325 900 533 970 gulam
580 899 707 956 sine
752 898 1069 956 offensione
1122 914 1369 956 servare.
1406 920 1433 951 »
1465 899 1536 955 Et
1568 899 1770 957 eodem
1829 899 1929 957 lib.
1964 912 2047 972 VI,

328 991 501 1065 epist.
534 989 619 1059 30,
655 990 727 1047 ad
755 990 1127 1048 Theuzonem
1157 988 1476 1059 eremitam,
1508 999 1699 1047 narrat
1731 989 2051 1048 rationibus

327 1079 599 1153 sepositis
630 1078 702 1136 ad
733 1081 1132 1138 auctoritatem
1164 1076 1222 1136 S.
1258 1077 1567 1136 Romualdi
1607 1094 1667 1135 se
1703 1078 2047 1149 confugisse,

328 1177 395 1228 ut
454 1170 747 1226 intentum
801 1169 1137 1227 evinceret:
1187 1193 1213 1217 α
1246 1167 1527 1238 Tandem,
1560 1168 1769 1240 inquit,
1797 1183 1934 1226 cum
1988 1167 2050 1225 in

328 1265 494 1315 arcto
549 1258 748 1331 positi,
798 1256 1211 1330 multiplicium
1263 1258 1652 1333 objectionum
1704 1258 2052 1316 vallaremur

327 1345 639 1418 angustiis,
668 1347 770 1404 ubi
820 1346 1194 1405 ratiocinandi
1234 1347 1394 1419 copia
1424 1354 1724 1419 suppetere
1757 1345 1946 1416 desiit,
1978 1344 2051 1402 ad

329 1441 669 1492 sanctorum
709 1450 849 1493 mox
890 1435 1157 1508 exempla
1185 1434 1575 1507 confugimus,
1607 1442 1669 1491 ut
1700 1432 1817 1490 illis
1846 1433 2045 1491 saltem

326 1523 481 1579 ﬁdes
529 1523 838 1592 habeatur,
869 1539 1120 1596 quorum
1171 1522 1478 1582 auctoritas
1527 1525 1597 1581 ad
1653 1521 2050 1596 probationem

325 1614 737 1688 cujuscunque
766 1615 976 1688 negotii
1000 1615 1401 1673 incunctanter
1419 1614 1761 1672 admittitur.
1787 1612 2050 1686 Cumque

327 1714 515 1772 super
563 1699 814 1773 quodam
861 1699 1287 1773 disceptationis
1324 1700 1565 1759 articulo
1598 1700 1657 1759 S.
1688 1700 2050 1761 Itomualdus

330 1788 399 1845 in
434 1788 829 1846 testimonium
858 1788 1183 1858 duceretur,
1221 1810 1241 1839 ι
1276 1795 1384 1847 etc.
1524 1796 1527 1799 ‘

2131 627 2223 686 vel
2253 633 2474 698 caetera,
2502 645 2635 703 quae
2662 630 2836 703 hujus
2870 629 3048 688 eremi
3077 630 3281 688 usibus
3317 630 3588 690 videntur
3611 643 3837 692 contra-

2131 714 2236 786 ria,
2264 731 2444 790 eaque
2480 715 2728 774 breviter
2758 715 3170 788 descripsimus
3199 718 3257 775 in
3293 718 3395 776 hac
3432 722 3660 793 pagina,
3693 738 3842 795 pra)-

2132 804 2541 873 termittantur,
2564 805 2859 878 quoniam,
2893 813 2956 863 ut
2983 806 3092 878 ipsi
3122 806 3349 878 videtis,
3383 810 3674 881 praecipua
3700 819 3841 869 sunt

2131 893 2275 965 haec,
2315 901 2368 951 et
2417 895 2659 952 arctiora
2680 914 2696 965 ;
2731 903 2904 968 atque
2941 894 2998 952 in
3042 897 3148 953 hac
3194 912 3386 955 eremo
3422 901 3694 973 primitus
3732 904 3836 961 ob-

2131 991 2351 1041 servata
2393 999 2564 1055 quam
2600 982 2720 1056 ipsa
2750 982 2968 1055 Regula
3010 985 3185 1041 fuisse
3219 985 3519 1061 descripta.
3556 989 3667 1047 Sed
3700 991 3837 1048 reli-

2130 1089 2245 1146 qua
2294 1073 2512 1143 omnia,
2543 1087 2675 1147 quae
2722 1072 2901 1144 hujus
2949 1072 3123 1130 eremi
3167 1074 3371 1133 usibus
3407 1078 3832 1151 convenientia,

2131 1168 2187 1219 et
2214 1162 2451 1232 similia,
2477 1169 2532 1218 et
2566 1160 2813 1233 qualiter
2856 1161 3017 1219 docet
3044 1177 3150 1219 nos
3178 1162 3238 1220 in
3281 1164 3507 1231 cellula,
3539 1174 3594 1223 et
3623 1168 3838 1226 deforis

2129 1266 2488 1324 permanere,
2514 1266 2619 1308 nec
2647 1266 2762 1308 non
2794 1251 2955 1308 intus
2987 1251 3267 1320 resistere,
3293 1259 3349 1310 et
3376 1257 3618 1313 virtutes
3644 1258 3838 1330 acqui-

2132 1355 2274 1409 rere,
2303 1346 2359 1396 et
2413 1339 2815 1396 discretionem
2864 1338 2921 1395 in
2975 1339 3248 1398 omnibus
3294 1357 3521 1415 semper
3566 1343 3833 1417 retinere,

2131 1426 2407 1485 debemus
2454 1427 2688 1500 jugiter,
2743 1426 2965 1484 Christo
3018 1427 3347 1500 adjuvante,
3399 1429 3721 1501 observare,
3781 1442 3836 1497 et

2130 1532 2435 1590 nunquam
2502 1515 2559 1575 S.
2619 1515 2926 1575 Romualdi
2988 1521 3044 1573 et
3100 1524 3440 1576 caeterorum
3506 1530 3833 1581 nostrorum

2129 1614 2260 1665 ante
2274 1622 2553 1664 :essorum
2585 1606 2745 1679 pium
2773 1621 2948 1663 usum
2977 1605 3399 1680 derelinquere.
3435 1634 3460 1657 ››

2201 1693 2300 1751 VI.
2336 1693 2648 1751 Enimvero
2696 1694 2844 1750 hanc
2897 1715 2923 1746 ‹‹
2978 1695 3332 1753 eremiticam
3374 1698 3718 1769 regulam,»
3764 1701 3835 1759 de

2130 1799 2246 1858 qua
2265 1783 2616 1856 Rodulphus
2658 1782 2932 1855 loquitur,
2962 1782 3137 1840 aliam
3176 1799 3300 1841 esse
3329 1800 3446 1842 non
3472 1802 3656 1859 posse,
3683 1804 3832 1861 pra:-

408 1875 511 1934 IV.
549 1875 812 1934 Vicissim
870 1893 1005 1935 vero
1050 1877 1315 1935 Damiani
1359 1879 1670 1938 auctoritas
1706 1880 1765 1937 in
1814 1877 2107 1957 Camal-B
2136 1879 2217 1931 ter
2260 1874 2429 1954 illam
2462 1873 2615 1931 Petri
2654 1872 2939 1943 Damiani,
2972 1888 3147 1947 quam
3188 1874 3406 1933 Paulus
3466 1876 3837 1939 Justiniauus

329 1964 674 2023 dulensium
720 1965 948 2023 statutis
991 1967 1206 2039 saepius
1244 1966 1565 2027 invocatur.
1602 1967 1696 2027 Sic
1732 1969 1795 2026 in
1834 1967 2048 2026 consti—

333 2055 582 2123 tutione,
616 2070 795 2127 quam
837 2055 1104 2115 Placidus
1157 2058 1336 2115 eremi
1377 2058 1835 2116 Uamaldulensis
1873 2057 2048 2131 prior,

336 2151 403 2201 et
453 2143 735 2201 Martinus
792 2145 1053 2218 ejusdem
1116 2147 1294 2204 eremi
1350 2148 1633 2220 provisor,
1687 2148 1861 2205 unico
1926 2154 2051 2220 post

330 2230 407 2290 B.
442 2231 817 2305 Rodulphum
856 2235 1089 2303 saeculo,
1121 2236 1586 2308 promulgarunt,
1628 2235 1843 2291 silentii
1873 2235 2053 2291 disci-

330 2322 525 2396 plina,
556 2321 797 2394 ejusque
822 2324 1128 2380 necessitas
1160 2325 1499 2381 contirmata
1522 2322 1753 2397 igitur,
1779 2323 1939 2397 quia,
1968 2322 2055 2379 in-

330 2408 575 2481 quiunt,
608 2432 627 2456 ο
664 2407 866 2467 Petrus
895 2409 1211 2469 Damianus
1235 2410 1314 2468 ait
1345 2435 1357 2467 :
1388 2410 1659 2469 Eremita:
1691 2410 1945 2469 oﬂicium
1971 2415 2055 2467 est

325 2495 563 2567 jejunio
611 2496 958 2571 silentioque
1009 2498 1324 2572 quiescere.
1362 2519 1389 2551 »
1421 2500 1492 2557 Et
1535 2499 1597 2556 in
1637 2498 1928 2558 eremitica
1962 2514 2053 2556 re-

330 2584 498 2657 gula,
526 2599 703 2658 quam
742 2586 955 2645 Paulus
990 2586 1357 2646 Justiniauus
1394 2587 1591 2658 edidit,
1637 2595 1758 2647 tum
1794 2604 1916 2662 cap.
1964 2588 2052 2656 47,

331 2669 535 2728 verbis
557 2672 679 2744 jam
705 2672 932 2731 dissert.
962 2675 1009 2744 l,
1035 2691 1158 2749 cap.
1185 2675 1239 2745 4,
1270 2690 1433 2733 num.
1468 2676 1551 2744 l’t,
1577 2675 1861 2745 adductis,
1894 2697 1914 2724 ι
1948 2674 2053 2732 Pe-

337 2762 414 2818 tri
446 2760 714 2819 Damiani
745 2784 772 2815 »
800 2763 1106 2827 auctoritas
1142 2766 1293 2822 circa
1332 2763 1701 2837 disciplinam
1743 2764 2059 2836 suscipien-

339 2849 561 2908 dorum
586 2851 955 2909 saecularium
983 2852 1044 2910 in
1075 2868 1268 2911 eremo
1322 2852 1699 2926 proponitur;
1745 2860 1864 2912 tum
1918 2852 2059 2910 alibi

338 2940 585 3014 passim,
645 2947 706 2999 ut
763 2941 913 2999 circa
967 2941 1179 3015 prioris
1239 2942 1419 3000 eremi
1475 2943 1779 3016 qualitates
1831 2943 2060 3016 aliaque

344 3028 558 3097 multa,
588 3028 659 3086 ad
685 3028 940 3102 ejusdem
972 3051 1000 3084 «
1030 3030 1182 3088 Petri
1210 3031 1476 3089 Damiani
1514 3055 1534 3083 ι»
1569 3031 1893 3089 sanctiones
1927 3047 2060 3103 pro—

346 3126 612 3186 vocatur,
643 3133 777 3176 cum
832 3119 1069 3193 insuper
1121 3142 1148 3174 α
1188 3121 1541 3179 eremiticam
1596 3119 1854 3193 regulam
1910 3119 2062 3178 Petri

346 3207 623 3265 Damiani
674 3230 702 3259 »
758 3224 830 3266 ex
876 3210 1099 3283 integro
1155 3210 1343 3281 edere,
1376 3219 1431 3268 et
1483 3212 1699 3281 regulae
1751 3210 2060 3269 eremitica:

347 3293 413 3354 S.
447 3294 759 3355 Romualdi
795 3296 972 3355 simul
1005 3297 1373 3372 conjungere,
1405 3298 1723 3371 eodemque
1762 3300 2060 3373 complecti

346 3385 676 3456 volumine,
710 3386 860 3443 idem
890 3384 1256 3445 Justiniauus
1290 3403 1406 3445 non
1441 3387 1809 3456 dubitaverit,
1839 3390 2061 3447 czeteris

344 3473 486 3529 licet
550 3472 1099 3531 Camaldulensibus
1159 3474 1668 3532 constitutionibus
1744 3474 2059 3548 ΙὶοιίυΙρὶιί,

345 3560 589 3629 Placidi,
625 3559 929 3633 Gherardi,
959 3561 1191 3619 Martini
1243 3563 1483 3621 omnino
1518 3562 1867 3636 postpositis,
1896 3565 2063 3636 quasi

343 3648 635 3706 nimirum
654 3647 1021 3722 intelligeret,
1047 3650 1107 3707 in
1127 3650 1264 3709 solis
1281 3650 1431 3709 Petri
1456 3650 1724 3709 Damiani
1755 3651 2058 3721 institutis,

342 3738 638 3813 quidquid
685 3738 744 3797 in
795 3740 1059 3798 omnium
1104 3740 1212 3798 PP.
1262 3749 1588 3800 nostrorum
1665 3741 2060 3800 sanctionibus

342 3834 696 3897 continetur,
728 3835 999 3903 tanquam
1028 3828 1091 3886 in
1118 3844 1224 3887 suo
1255 3829 1431 3901 fonte,
1472 3830 1707 3901 melius,
1738 3838 1794 3887 et
1823 3830 2061 3889 uberius

343 3916 588 3989 reperiri
617 3939 630 3987 ;
681 3934 789 3975 nec
817 3918 954 3975 satis
982 3921 1291 3992 perfectam
1329 3930 1488 3979 ratus
1516 3938 1708 3992 suam,
1743 3938 1814 3979 ex
1849 3920 1906 3979 S.
1944 3923 2060 3980 Ro-

340 4006 568 4065 mualdi
654 4007 1093 4079 traditionibus,
1152 4018 1206 4067 et
1282 4018 1710 4070 antecessorum
1794 4013 2060 4071 omnium

341 4096 618 4167 scriptis;
671 4095 762 4153 vel
818 4112 918 4169 per
960 4113 1167 4156 manus
1212 4099 1484 4156 traductis
1537 4099 2061 4158 consuetudinibus

341 4185 665 4253 collectam,
698 4185 959 4256 regulam
1016 4187 1388 4258 eremiticam,
1418 4188 1532 4246 nisi
1584 4187 1737 4245 Petri
1791 4188 2060 4247 Damiani

340 4279 587 4344 cognato
620 4272 815 4329 libello
852 4296 872 4324 ι
922 4273 996 4331 De
1043 4291 1165 4333 sum
1214 4274 1673 4349 congregationis
1716 4275 1999 4334 institutis
2036 4299 2058 4329 ι

344 4362 616 4419 tractanti
664 4362 1050 4438 copularetur,
1084 4383 1117 4423 a
1161 4381 1275 4439 quo
1322 4366 1628 4439 majorem,
1660 4371 1715 4423 et
1767 4366 1977 4439 lucem,
2008 4375 2063 4427 et

340 4452 682 4510 firmitatem
705 4454 1007 4527 acciperet.

422 4541 492 4601 V.
522 4542 645 4601 Imo
703 4543 946 4616 ipsamet
988 4567 1009 4594 ι
1046 4542 1199 4602 Petri
1235 4543 1507 4602 Damiani
1557 4546 1852 4604 eremitica
1887 4561 2059 4618 regu-

343 4630 400 4688 la
434 4652 462 4683 ι)
504 4630 565 4687 in
613 4646 804 4688 eremo
851 4630 1284 4689 Camaldulensi
1334 4632 1455 4690 sola
1504 4633 1575 4691 ad
1626 4634 2056 4693 observandum

339 4718 686 4792 aliquandiu
738 4720 1026 4792 proposita
1081 4720 1324 4793 exstitit,
1358 4722 1624 4781 videlicet
1681 4740 1863 4798 usque
1915 4723 2058 4781 dum

340 4807 409 4866 B.
442 4808 790 4881 Rodulphus
820 4810 977 4882 prior
1025 4826 1159 4869 suas
1197 4812 1388 4869 ederet
1419 4815 1881 4875 constitutiones.
1915 4814 2053 4884 Qui-

339 4895 455 4954 bus
497 4902 684 4954 tamen
733 4913 847 4954 non
888 4906 1185 4972 propterea
1217 4901 1345 4974 ejus
1383 4903 1473 4958 vis
1512 4903 1744 4975 penitus
1786 4902 2059 4975 abrogata

336 4993 446 5054 est,
475 4984 575 5041 sed
625 5001 761 5054 uno,
796 4985 884 5043 vel
935 4987 1114 5045 altero
1164 4988 1449 5048 duntaxat
1501 4992 1745 5050 articulo
1794 4998 2053 5065 excepto,

335 5071 403 5129 in
445 5073 690 5145 reliquis
723 5074 914 5133 adhuc
947 5092 1218 5151 expresse
1254 5080 1562 5152 approbata
1604 5082 1814 5139 mansit
1838 5081 1910 5139 ab
1958 5097 2055 5139 eo-

339 5158 476 5215 dem
521 5158 850 5234 Rodulpho,
887 5164 989 5235 qui
1041 5164 1101 5221 in
1147 5166 1661 5225 constitutionibus
1702 5168 1841 5225 anni
1896 5168 2054 5239 1083,

339 5250 425 5308 sic
454 5249 571 5308 ait:
610 5275 629 5303 α
670 5251 1093 5327 Unusquisque
1132 5256 1307 5312 frater
1346 5256 1539 5315 lances
1579 5259 1639 5315 in
1680 5257 1823 5315 cella
1864 5258 2054 5328 habet,

2132 1969 2260 2036 post
2302 1961 2739 2019 constitutiones
2781 1977 2916 2020 suas
2953 1962 3237 2021 edendam
3274 1965 3517 2035 censuit,
3550 1967 3840 2039 colligitur

2135 2052 2343 2125 primo,
2378 2051 2517 2125 quia
2555 2050 2655 2108 illa
2694 2050 2814 2124 ipsa
2846 2057 2950 2123 est,
2980 2067 3113 2125 qua:
3156 2074 3179 2105 (ι
3223 2052 3293 2110 de
3332 2052 3595 2113 lancibus
3634 2058 3844 2117 haben-

2136 2143 2225 2201 dis
2256 2144 2315 2201 in
2347 2143 2487 2202 cella
2517 2143 2588 2200 ad
2627 2142 2792 2216 panis
2831 2158 3166 2201 mensuram
3201 2144 3650 2218 ponderandam,
3691 2170 3713 2200 ι
3758 2150 3840 2208 lo-

2137 2233 2338 2305 quitur
2396 2248 2591 2305 opusc.
2651 2245 2757 2301 xv,
2815 2247 2935 2304 cap.
2984 2230 3039 2300 8,
3081 2234 3250 2305 cujus
3297 2240 3519 2292 textum
3573 2240 3843 2311 superius

2136 2320 2491 2377 adduximus
2518 2336 2639 2392 cap.
2669 2320 2721 2389 3,
2755 2335 2917 2378 num.
2948 2318 3030 2376 14.
3062 2320 3224 2377 Idem
3247 2321 3539 2393 colligitur
3565 2328 3838 2399 secundo,

2140 2425 2213 2467 ex
2241 2424 2355 2482 quo
2381 2407 2482 2465 illa
2510 2408 2631 2481 ipsa
2662 2408 2755 2480 sit,
2783 2423 2916 2481 qua)
2946 2429 2973 2461 (ι
3008 2406 3238 2466 Sabbati
3264 2410 3578 2483 jejunium,
3615 2437 3637 2465 ιι
3674 2426 3840 2477 extra

2140 2497 2640 2568 Quadragesimas,
2687 2514 2912 2571 semper
2964 2504 3081 2555 tam
3132 2504 3349 2571 aestate,
3404 2518 3580 2576 quam
3630 2505 3841 2574 hieme,

2140 2594 2371 2661 prepter
2406 2586 2725 2645 imbecilles
2762 2586 3141 2644 relaxandum
3181 2588 3464 2663 indulget,
3492 2607 3558 2648 ac
3599 2592 3846 2668 simplici

2140 2676 2437 2735 refectioni
2468 2692 2605 2734 cum
2634 2676 2956 2749 pulmento,
2988 2682 3043 2735 et
3075 2678 3209 2736 vino
3240 2678 3660 2755 deputandum,
3690 2688 3847 2759 quod

2141 2764 2329 2835 ipsum
2372 2761 2617 2835 intelligi
2651 2762 2833 2821 voluit
2862 2763 3203 2837 Rodulphus
3237 2781 3302 2823 ea
3347 2766 3636 2828 formula:
3686 2796 3712 2822 α
3768 2773 3849 2830 De

2144 2853 2236 2909 die
2273 2850 2506 2910 Sabbati
2542 2851 2889 2909 manducare
2930 2851 3001 2909 ad
3037 2867 3295 2910 mensam
3326 2872 3338 2923 ;
3376 2875 3401 2907 »
3442 2857 3521 2913 ait
3577 2859 3734 2918 enim
3789 2863 3849 2918 in

2143 2943 2371 3001 constit.
2397 2943 2539 3000 anni
2584 2942 2737 3013 1080,
2769 2959 2891 3016 cap.
2923 2943 2992 3003 ‘20
3025 2968 3036 3000 :
3077 2965 3103 2996 «
3136 2944 3222 3001 Ad
3256 2961 3511 3005 mensam
3548 2965 3683 3008 vero
3720 2969 3849 3010 om-

2146 3031 2319 3089 nibus
2366 3030 2570 3090 diebus
2625 3031 2876 3105 gemina)
2924 3032 3275 3106 refectionis,
3326 3041 3426 3093 aut
3481 3037 3849 3111 simplicis,»

2146 3120 2428 3179 nimirum
2488 3136 2601 3179 non
2652 3120 2884 3194 perfecti
2946 3146 2970 3171 «ι
3021 3121 3231 3194 jejunii
3293 3127 3680 3184 communiter
3716 3130 3852 3187 refi-

2084 3209 2309 3308 Gciunt
2362 3210 2612 3279 fratres;
2654 3234 2674 3260 ι
2727 3224 2861 3266 nam
2913 3208 3117 3267 diebus
3166 3210 3534 3272 abstinentia:
3590 3218 3756 3288 panis
3802 3229 3859 3278 et

2148 3315 2315 3373 aqum
2374 3298 2592 3373 singuli
2631 3298 2692 3356 in
2732 3298 2892 3355 cellis
2945 3299 3087 3369 suis,
3125 3320 3151 3352 ‹‹
3186 3300 3361 3359 nudis
3399 3305 3644 3375 pedibus
3682 3324 3856 3382 super

2148 3386 2498 3460 pavimemto
2547 3386 2809 3443 sedentes
2856 3386 3188 3460 librumque
3235 3405 3413 3447 sacrm
3453 3392 3713 3452 lectionis
3764 3397 3858 3452 in-

2148 3480 2391 3543 tuentes,
2428 3497 2454 3527 »
2492 3473 2916 3541 reficiebantur,
2953 3482 3015 3531 ut
3067 3475 3283 3533 ibidem
3340 3478 3681 3554 Bodulphus
3739 3486 3858 3554 ait;

2145 3564 2225 3621 ait
2276 3563 2435 3621 enim
2494 3562 2809 3621 Damianus
2857 3562 3006 3620 dicto
3055 3567 3333 3637 opusculo
3392 3581 3498 3634 XV,
3558 3586 3683 3642 cap.
3748 3574 3855 3632 15:

2150 3675 2177 3705 (ι
2212 3651 2511 3710 Credimus
2552 3666 3032 3724 unumquemque
3072 3654 3299 3711 fratrem
3342 3654 3401 3711 in
3437 3656 3650 3715 cellula
3702 3675 3862 3718 com-

2147 3749 2487 3811 morantem,
2520 3741 2630 3798 nisi
2660 3742 2901 3798 omnino
2947 3750 3196 3814 mgrotus
3245 3742 3463 3814 sit,rita
3514 3754 3578 3804 ut
3628 3749 3865 3811 decum-

2145 3829 2242 3887 bat
2295 3829 2531 3903 quidem
2597 3828 2658 3886 in
2718 3827 2957 3896 lectulo,
3019 3834 3133 3887 toto
3194 3832 3337 3890 anni
3390 3839 3682 3909 tempore,
3739 3841 3862 3900 sive

2148 3924 2345 3975 aestate
2385 3915 2671 3985 videlicet,
2705 3915 2827 3973 sive
2856 3917 3062 3987 hieme,
3098 3916 3281 3975 tribus
3308 3934 3410 3991 per
3440 3923 3857 3987 hebdomadam

2148 4006 2360 4064 diebus
2391 4006 2661 4079 jejunare
2702 4005 2758 4062 in
2806 4021 2949 4077 pane
2984 4014 3037 4062 et
3070 4021 3219 4079 aqua
3251 4023 3387 4065 cum
3438 4010 3537 4069 Dei
3575 4015 3860 4087 adjutorio

2150 4097 2425 4154 facillime
2464 4111 2648 4169 posse,
2685 4102 2741 4153 et
2770 4095 3045 4169 quoniam
3098 4096 3343 4155 Sabbato
3388 4103 3650 4174 jejunare
3698 4122 3867 4167 cano-

2150 4187 2296 4245 nicm
2344 4186 2667 4245 traditionis
2713 4186 3112 4244 authenticum
3154 4193 3256 4255 est,
3295 4205 3409 4247 non
3450 4208 3625 4265 grave
3666 4197 3862 4255 videa-

2150 4282 2242 4334 tur
2294 4276 2457 4334 fratri
2511 4276 2682 4333 etiam
2766 4275 3012 4334 Sabbato
3077 4278 3442 4339 refectionem
3508 4290 3576 4342 ad
3647 4302 3861 4346 nonam

2147 4365 2349 4423 horam
2405 4380 2590 4440 usque
2643 4364 2895 4434 differre,
2952 4372 3014 4423 ut
3067 4366 3243 4424 semel
3300 4370 3537 4443 quidem
3594 4374 3717 4448 ipso
3770 4379 3863 4435 die

2150 4456 2460 4526 reﬁciatur,
2519 4455 2617 4513 sed
2696 4462 2885 4513 tamen
2964 4456 3172 4516 vinum
3248 4467 3419 4534 atque
3490 4466 3857 4537 pulmentum

2150 4546 2441 4620 percipere
2496 4563 2571 4604 ex
2630 4546 2806 4620 hujus
2860 4553 3069 4604 nostra;
3123 4548 3504 4609 institutionis
3555 4553 3863 4628 indulgen-

2150 4638 2226 4695 tia
2283 4654 2396 4696 non
2458 4644 2701 4696 vetetur.
2756 4638 2826 4694 Et
2885 4638 2989 4696 hoc
3042 4639 3277 4713 quidem
3339 4649 3554 4715 mstate,
3597 4662 3733 4705 nam
3787 4650 3859 4706 ab

2143 4726 2343 4786 Idibus
2419 4726 2760 4801 septembris
2816 4741 2999 4801 usque
3052 4728 3121 4786 ad
3190 4729 3460 4790 Paschale
3530 4736 3856 4806 gaudium,

2143 4825 2392 4889 quatuor
2439 4833 2541 4891 per
2594 4815 3014 4874 hebdomadam
3066 4817 3270 4876 diebus
3318 4820 3540 4877 noverit
3581 4821 3853 4895 jejuna“-

2144 4904 2327 4973 dum;
2362 4904 2461 4962 sed
2515 4910 2568 4961 et
2618 4906 2667 4961 si
2714 4904 3029 4977 aliquando
3072 4911 3224 4963 tanta
3261 4905 3527 4965 debilitas
3560 4910 3852 4981 acciderit,

2144 4990 2387 5047 hiberno
2436 4990 2607 5047 etiam
2672 4996 2925 5064 tempore
2978 4991 3072 5049 die
3126 4992 3391 5062 Sabbati,
3447 5002 3548 5053 aut
3602 4996 3857 5071 legumi-

2144 5078 2317 5136 nibus
2369 5079 2598 5149 infusis,
2629 5085 2729 5137 aut
2780 5079 3091 5136 herbarum
3151 5080 3457 5152 radicibus,
3509 5083 3631 5143 sive
3679 5090 3852 5146 etiam

2145 5169 2351 5243 pomis,
2387 5172 2622 5230 solitum
2682 5171 2877 5229 licebit
2929 5169 3349 5245 aliquantisper
3406 5181 3721 5248 temperare
3763 5181 3852 5254 je-

2138 5258 2376 5330 junium
2410 5279 2421 5316 :
2456 5259 2535 5317 ita
2592 5268 2802 5327 tamen,
2837 5265 2897 5315 ut
2956 5258 3000 5313 si
3055 5273 3241 5316 unum
3289 5262 3585 5335 quodlibet
3642 5266 3849 5328 borum

339 5356 477 5397 cum
520 5342 736 5414 quibus
791 5352 990 5416 pensat
1035 5352 1146 5403 tres
1173 5362 1385 5429 panes,
1422 5364 1566 5422 quos
1606 5349 1813 5423 accipit
1854 5366 2055 5408 omnes
2146 5356 2355 5416 sumat,
2389 5350 2569 5421 aliud,
2609 5348 2720 5405 nisi
2754 5364 2904 5405 νίψω
2946 5349 3297 5408 necessitatis
3331 5366 3503 5411 causa
3530 5354 3849 5432 dictaverit,

339 5428 850 5529 diesuDeminicos
894 5440 950 5529 et
1003 5433 1210 5507 quinta
1254 5436 1416 5492 feria.
1454 5436 1524 5492 Et
1565 5437 1678 5494 alia
1730 5437 1912 5496 multa
1962 5439 2055 5496 his
2149 5458 2262 5500 non
2300 5443 2546 5516 adjiciat.
2591 5443 2884 5502 Postremo
2923 5452 3134 5517 tamen,
3169 5456 3397 5523 propter
3426 5428 3847 5529 pusillanimes,

338 5520 621 5617 fratribus
653 5522 993 5619 necessaria,
1025 5539 1158 5598 qua:
1184 5526 1380 5583 omnia
1416 5527 1686 5619 prudenti
1716 5528 1912 5587 lectori
1941 5547 2059 5588 ere-
2146 5531 2194 5589 si
2232 5532 2339 5589 hoc
2374 5533 2683 5590 necessitas
2723 5536 2963 5595 omnino
3006 5520 3339 5611 poposcerit,
3377 5520 3514 5615 qua:
3548 5542 3671 5603 fieri
3721 5520 3850 5619 per;

337 5608 539 5666 mitica
592 5610 794 5683 regula
834 5611 973 5670 satis
1020 5614 1393 5673 demonstrat.
1440 5614 1551 5673 Sed
1604 5618 2059 5687 prmcavendum
2149 5622 2321 5679 missa
2373 5629 2459 5679 est
2508 5621 2567 5679 in
2633 5630 2849 5693 aestate,
2899 5608 3099 5685 eadini
3146 5608 3526 5688 Sabbatorum
3584 5608 3853 5694 discretio

341 5704 427 5753 est
464 5713 535 5754 nc
582 5713 684 5771 per
714 5699 827 5772 hoc
863 5701 1018 5773 quod
1049 5701 1151 5761 illa
1187 5702 1345 5777 dicit,
1375 5703 1447 5762 de
1483 5704 1577 5763 die
1618 5705 1849 5766 Sabbati
1891 5722 2060 5765 man-
2146 5710 2485 5768 servetnrin
2522 5711 2783 5770 hieme.»
2813 5711 2976 5771 Hanc
2996 5731 3129 5788 ergo
3151 5717 3435 5775 duntaxat
3464 5718 3849 5783 Sabbatorum
