4106 6204
268 328 340 386 47
594 278 601 281 ’
1193 328 1253 387 s.
1290 325 1579 386 vernus
1619 324 1889 386 DAMIAI

2157 326 2222 387 Β.
2266 326 2331 385 E.
2375 326 2852 390 CAitDINALIS.
3169 308 3179 317 ’
3708 340 3778 400 48

266 457 384 510 tam
434 450 759 525 generalem
815 451 1219 510 remissionem
1270 453 1331 510 in
1387 467 1546 510 sacra
1603 468 1795 513 eremo
1851 467 1967 511 non
1992 451 2292 526 Aquaient
2317 452 2387 511 de
2416 453 2662 527 grandes
2688 455 3010 529 austerités,
3041 462 3099 515 et
3130 458 3398 519 faisaient
3427 460 3532 521 des
3567 463 3774 525 choses

266 538 655 614 recipiendam
689 539 1035 615 Bodulphus
1075 541 1295 611 statuit,
1334 546 1528 615 utpote
1565 541 1692 615 ejus
1732 556 1980 599 consue-
2061 542 2171 600 fort
2198 544 2706 606 extraordinaires.
2743 568 2769 601 »

269 629 459 688 tudini
530 629 875 689 contrariam
910 677 925 700 ,
985 629 1196 704 quippe
1268 629 1554 688 duntaxat
1629 650 1656 683 «
1716 628 1976 687 Paschali
2131 632 2229 690 IX.
2266 632 2374 692 Sed
2426 642 2480 693 et
2524 635 2890 696 doctissimus
2941 637 3276 700 Ludovicus
3331 643 3776 708 Thomassimus

272 725 559 790 tempore,
619 740 644 771 ››
705 726 770 777 ut
823 726 1041 777 constat
1095 736 1170 776 ex
1225 718 1351 793 ejus
1400 718 1627 778 constit.
1685 719 1978 792 prioribus
2058 721 2123 779 in
2164 723 2341 781 veteri
2390 731 2445 782 et
2492 741 2643 785 nova
2675 728 2946 788 Ecclesia:
2989 730 3298 805 disciplina
3348 733 3428 792 De
3476 735 3775 798 beneﬁciis

268 822 391 881 cap.
431 806 515 877 12,
551 824 695 881 quas
733 824 905 882 supra
946 808 1253 867 retulimus
1284 826 1407 882 cap.
1452 808 1503 876 3,
1548 824 1710 866 num.
1750 806 1802 878 9,
1860 831 1880 858 ι
1923 815 1978 865 et
2056 819 2201 884 part.
2248 825 2287 883 I,
2344 814 2443 873 lib.
2489 829 2571 886 III,
2612 833 2733 892 cap.
2769 819 2857 889 25,
2889 835 3051 881 num.
3099 821 3154 891 7,
3202 822 3358 880 idem
3406 826 3597 885 fuisse
3654 828 3770 887 Ro-

269 897 332 955 in
371 898 588 955 octavis
620 908 965 965 sanctorum,
1008 904 1063 953 et
1103 897 1308 955 diebus
1345 897 1771 971 phlebotomite,
1812 920 1833 947 ι
1878 904 1975 955 aut
2057 903 2301 973 mualdi,
2334 920 2398 962 ac
2448 905 2597 965 Petri
2644 908 2910 967 Damiani
2956 909 3288 970 institutum
3329 913 3590 988 indicat;
3634 934 3767 977 nam

277 1013 304 1038 ‹‹
329 989 402 1049 ob
428 1005 720 1048 accessum
750 989 999 1063 alicujus
1030 990 1270 1047 celebris
1298 1005 1579 1063 personze,
1614 1014 1633 1041 ι
1661 990 1783 1048 sive
1815 1012 1834 1041 ι
1867 1005 1974 1048 ex-
2055 1001 2183 1066 post
2212 1003 2496 1054 narratam
2533 999 2843 1058 eremiticze
2894 1000 3027 1060 vitae
3075 1002 3523 1077 restitutionem,
3551 1014 3606 1065 et
3634 1024 3766 1067 cum

270 1077 633 1137 traordiuarii
666 1076 876 1136 laboris
913 1078 1148 1144 intuitu,
1185 1085 1239 1135 et
1270 1078 1329 1135 in
1364 1077 1631 1159 [Sabbatis
1668 1086 1974 1151 utramque
2055 1081 2424 1144 Benedictina
2448 1089 2642 1162 regula
2668 1091 3131 1164 conjunctionem
3159 1110 3193 1151 a
3222 1076 3550 1155 Bomualdo
3576 1096 3633 1155 in
3660 1097 3769 1157 Ita-

268 1164 778 1239 Quadragesimam
808 1164 1280 1238 prmcedentibus,
1312 1171 1580 1240 -;poterat
1611 1166 1842 1225 Sabbati
1868 1166 1972 1225 ab-
2054 1170 2134 1229 lia
2166 1176 2455 1248 praecipue
2487 1178 2713 1249 factam,
2745 1180 2826 1237 ait
2871 1187 3068 1239 contra
3098 1183 3207 1241 hoc
3236 1182 3576 1243 institutum
3606 1186 3763 1244 obla-

264 1257 535 1315 stinentia
570 1256 834 1328 relaxari,
874 1273 949 1314 ex
977 1257 1101 1332 ejus
1129 1256 1423 1316 constitut.
1459 1257 1635 1328 citat.,
1668 1273 1791 1331 cap.
1828 1258 1911 1317 16.
2054 1266 2268 1321 trantes
2298 1281 2331 1322 a
2364 1264 2527 1325 Petro
2576 1267 2855 1327 Damiano
2909 1285 3263 1346 compressos
3303 1289 3391 1347 ep.
3431 1274 3514 1345 12,
3548 1273 3648 1332 lib.
3679 1285 3763 1346 VI,

336 1347 463 1407 VII.
498 1348 659 1407 Idem
698 1348 870 1437 etiam
919 1349 1083 1437 tertio
1124 1349 1464 1419 ostenditur,
1497 1366 1569 1407 ex
1603 1365 1717 1423 quo
1766 1352 1970 1409 eremi-
2053 1350 2155 1409 ubi
2184 1355 2433 1426 profecto
2468 1372 2528 1414 se
2567 1362 2623 1415 et
2661 1374 2795 1417 suos
2824 1360 3146 1432 prmsertim
3182 1368 3375 1421 tuetur
3397 1378 3431 1420 a
3461 1363 3757 1437 cujusdam

266 1435 374 1495 tica
418 1436 656 1511 regula,
715 1436 785 1494 de
833 1453 958 1528 qua
996 1436 1252 1528 loquitur
1297 1437 1662 1528 Bodulphus,
1720 1444 1973 1512 tempore
2049 1438 2271 1499 abbatis
2333 1443 2788 1519 impugnatione,
2840 1450 2942 1523 qui
2994 1457 3343 1524 conquestus
3403 1435 3545 1523 erat,
3606 1453 3762 1528 quod

262 1526 386 1597 ipso
449 1524 599 1582 inter
666 1524 1125 1583 Camaldulensis
1199 1527 1378 1585 eremi
1444 1526 1840 1585 fundationem
1915 1534 1971 1585 et
2050 1532 2402 1590 monachum
2458 1550 2531 1592 ex
2587 1551 2695 1594 suo
2751 1540 3096 1597 monasterio
3167 1556 3459 1614 egressum
3493 1588 3508 1612 ,
3566 1524 3761 1600 contra

258 1612 551 1702 Bodulphi
595 1619 825 1673 {etatem
867 1614 1056 1673 medio
1112 1615 1425 1689 composita
1469 1622 1610 1687 erat,
1651 1615 1731 1673 ibi
1770 1636 1782 1674 :
1833 1640 1852 1666 ι
1896 1615 1967 1674 In
2052 1617 2415 1681 S.Benedicti
2436 1625 2695 1699 regulam
2722 1629 3061 1702 recepisset:
3093 1654 3118 1681 α
3147 1612 3511 1689 Sdccensetis
3528 1630 3755 1701 enim,»

254 1700 363 1759 hac
399 1718 589 1761 eremo
626 1703 898 1777 primitus
934 1720 967 1761 a
1005 1704 1217 1762 sanctis
1248 1705 1390 1762 viris
1426 1705 1661 1763 fuerunt
1700 1705 1822 1763 haec
1860 1704 1962 1763 ob-
2045 1705 2257 1781 inquit,
2297 1733 2318 1763 ι
2355 1728 2420 1770 ac
2454 1728 2561 1772 nos
2594 1700 3012 1789 conquerentes
3054 1718 3298 1792 arguitis
3335 1718 3472 1793 quia
3503 1734 3622 1777 non
3652 1700 3754 1776 de-

254 1798 497 1862 servata,
527 1808 701 1866 quam
729 1792 849 1868 ipsa
895 1793 1096 1867 regula
1142 1793 1347 1854 fuisset
1383 1794 1688 1868 descripta.
1724 1817 1745 1846 »
1789 1795 2283 1877 NullaBbuimus
2338 1809 2557 1861 vestros
2611 1806 2923 1864 monachos
2973 1804 3034 1864 in
3093 1823 3284 1865 eremo
3332 1792 3529 1866 contra
3585 1807 3648 1866 B.
3684 1808 3748 1867 P.

249 1887 463 1950 autem,
498 1880 613 1938 nisi
663 1880 815 1940 Petri
858 1881 1121 1940 Damiani
1166 1883 1539 1943 eremitarnm
1573 1883 1774 1957 regula
1809 1884 1958 1944 dicto
2040 1889 2220 1947 nostri
2264 1891 2558 1951 Benedicti
2595 1904 2877 1970 przecepta
2922 1896 3228 1971 suscipere.
3268 1920 3289 1948 ι
3340 1896 3599 1956 Ostendit
3640 1913 3748 1957 au-

248 1976 501 2044 tempore
543 1977 775 2031 eXarata
803 1981 903 2043 est,
936 1974 1105 2048 cujus
1152 1973 1388 2046 quidem
1431 1974 1695 2033 notitiam
1743 1975 1957 2034 habea-
2041 1983 2156 2036 tem
2191 1982 2635 2042 sanctissimum
2694 1984 3075 2058 legislatorem
3135 1993 3396 2045 nostrum
3460 1987 3748 2061 vagationi

241 2076 393 2133 mus,
426 2062 617 2136 itaque
653 2063 777 2121 haec
816 2063 940 2136 ipsa
981 2069 1085 2135 est,
1118 2079 1251 2137 quae
1298 2063 1769 2123 Camaldulenses
1797 2067 1951 2141 apud
2034 2066 2320 2128 duntaxat
2358 2088 2431 2130 ex
2464 2089 2582 2131 uno
2613 2073 2675 2131 in
2704 2073 2867 2133 aliud
2912 2074 3243 2133 ccenobium
3293 2091 3593 2133 occurrere
3644 2093 3749 2135 vo-

241 2149 507 2208 eremitas
553 2149 613 2207 in
656 2166 770 2209 usu
800 2156 1038 2210 eatenus
1093 2154 1299 2227 fuerat,
1329 2161 1383 2211 et
1419 2154 1707 2228 deinceps,
1746 2156 1807 2213 in
1836 2156 1947 2229 his,
2032 2156 2214 2215 luisse
2244 2178 2259 2230 ;
2299 2176 2412 2217 non
2466 2162 2769 2234 prohibere
2798 2170 3010 2230 autem,
3044 2162 3162 2220 imo
3190 2178 3391 2221 omnes
3421 2164 3658 2235 hortari,
3684 2171 3748 2223 ut

236 2254 369 2313 quae
404 2240 817 2300 vetustioribus
862 2242 1042 2300 eremi
1089 2243 1252 2302 illius
1298 2244 1503 2302 usibus
1544 2260 1658 2302 non
1700 2248 1947 2303 contrai-
2030 2262 2105 2303 ex
2136 2248 2475 2308 cmnobitica
2502 2251 2572 2309 ad
2601 2252 2996 2325 perfectiorem
3043 2253 3416 2311 eremitarum
3469 2253 3647 2311 vitam
3685 2268 3744 2311 se

230 2336 400 2399 rent,
466 2329 825 2389 observanda
879 2331 1072 2390 adhuc
1121 2348 1155 2390 a
1203 2331 1514 2407 I’todulpho
1579 2334 1943 2407 proponitur.
2030 2340 2391 2398 transferant.
2426 2341 2613 2411 Quare
2661 2342 2803 2401 adeo
2841 2342 3111 2400 eoincidit
3166 2342 3481 2401 Romualdi
3527 2349 3582 2402 et
3629 2344 3744 2402 Da-

228 2414 440 2484 Quarto
467 2417 719 2493 denique
761 2418 1035 2478 doctrinae
1084 2419 1224 2493 ipsae
1256 2444 1277 2471 α
1310 2419 1382 2477 de
1412 2420 1578 2477 cellae
1624 2429 1944 2494 sequestra-
2026 2426 2207 2485 miani
2237 2428 2589 2501 institutum,
2629 2438 2694 2490 ut
2727 2430 2906 2490 unius
2956 2430 3214 2490 defensio
3258 2432 3497 2491 alterius
3528 2433 3745 2506 pariter

229 2507 401 2578 tione,
447 2510 519 2568 de
556 2511 989 2570 conversatione
1042 2519 1205 2570 extra
1256 2510 1487 2583 cellam,
1527 2511 1598 2570 de
1654 2515 1939 2572 virtutum
2021 2517 2283 2592 apologia
2344 2527 2664 2579 censeatur.
2737 2520 2879 2579 Ecce
2947 2520 3318 2580 Thomassini
3373 2523 3549 2582 verba
3626 2523 3745 2582 loco

224 2598 636 2671 acquisitione,
685 2600 755 2658 de
802 2598 1144 2660 discretione
1201 2600 1464 2674 prmlati,
1497 2623 1524 2652 υ
1586 2617 1720 2675 αυξτ)
1792 2603 1940 2661 inibi
2021 2607 2163 2665 cit.:
2220 2631 2242 2658 ι
2282 2607 2522 2683 Scripsit
2566 2609 2879 2669 Romualdi
2924 2610 3103 2670 vitam
3152 2611 3357 2671 Petrus
3395 2612 3737 2683 Damianus,

174 2688 180 2693 ’
221 2688 516 2747 continere
557 2696 918 2761 asseruntur,
970 2691 1157 2764 reipsa
1204 2690 1267 2748 in
1314 2690 1599 2763 opusculo
1636 2691 1788 2751 Petri
1833 2692 1939 2750 Da-
2017 2695 2245 2770 scripsit
2275 2705 2330 2756 et
2359 2699 2705 2773 apologiam,
2735 2701 3036 2759 confestim
3058 2702 3216 2761 enim
3242 2702 3335 2760 his
3364 2704 3743 2763 anachoretis

216 2779 397 2838 miani
426 2787 758 2851 occurrunt,
791 2788 855 2839 ut
886 2780 1211 2854 legentibus
1256 2787 1421 2853 patet.
1457 2780 1646 2850 Quare
1691 2782 1933 2842 omnino
2017 2800 2263 2845 summie
2296 2788 2366 2846 ad
2396 2789 2760 2862 perfectionis
2789 2789 3055 2849 columen
3091 2790 3481 2850 eluctantibus
3513 2792 3739 2850 obtrec-

213 2869 517 2928 conlicitur
561 2868 856 2942 Bodulphi
918 2876 1172 2941 tempore
1220 2867 1406 2940 ipsam
1451 2868 1601 2927 Petri
1662 2868 1932 2929 Damiani
2014 2875 2121 2932 tari
2150 2882 2401 2949 emptum
2428 2884 2532 2948 est,
2567 2878 2723 2952 quod
2778 2878 3044 2937 semitam
3090 2884 3374 2946 tenerent,
3416 2896 3591 2953 quam
3621 2895 3737 2938 non

211 2958 472 3032 regulam
503 2958 565 3017 in
601 2974 759 3017 sacra
794 2956 1217 3017 Gamaldulensi
1252 2973 1465 3029 eremo,
1493 2959 1733 3031 perinde
1772 2976 1837 3018 ac
1865 2960 1927 3018 in
2013 2970 2528 3038 praemonstrasset,
2560 2983 2677 3025 non
2721 2968 2997 3026 tenuisset
3039 2967 3103 3025 Β.
3150 2967 3517 3040 Benedictus,
3551 2966 3734 3042 quod-

212 3047 512 3106 Avellanze
542 3047 874 3120 solitudine,
904 3053 1188 3122 receptam
1217 3047 1398 3107 fuisse
1449 3055 1621 3122 atque
1662 3064 1735 3106 ex
1771 3049 1922 3107 inte-
2010 3067 2124 3125 que
2152 3069 2256 3112 suo
2294 3055 2467 3113 cmtui
2513 3062 2887 3130 aggregarent
2933 3056 3417 3114 monasteriorum
3449 3055 3515 3114 B.
3547 3055 3734 3116 Bene-

212 3153 314 3209 gro
338 3153 485 3211 pene
512 3137 895 3196 observatam.
1948 3139 2145 3240 Cdicti
2187 3143 2520 3202 desertores.
2554 3144 2659 3201 His
2699 3160 2797 3203 ora
2830 3145 3140 3203 obturabal
3179 3144 3380 3203 Petrus
3410 3144 3731 3205 Damianus

280 3235 438 3294 VIII.
464 3236 605 3295 Jnre
630 3235 809 3309 igitur
849 3234 1171 3309 meritoque
1198 3234 1353 3292 idem
1382 3233 1920 3293 Camaldulensium
1954 3232 2121 3289 “hoc
2163 3248 2434 3305 responso
2468 3257 2480 3291 :
2517 3233 2717 3293 Caveri
2776 3252 2809 3292 a
2862 3233 2927 3293 Β.
2978 3234 3307 3305 Benedicto,
3374 3252 3448 3294 ne
3497 3234 3733 3296 abbates

208 3336 263 3386 et
301 3326 761 3386 Avellanitarum
796 3325 1133 3384 institutum
1166 3342 1200 3383 a
1241 3325 1299 3384 S.
1335 3324 1396 3383 Ρ.
1431 3324 1754 3383 Romualdo
1790 3340 1921 3397 pro-
2007 3320 2106 3379 alii
2140 3324 2387 3381 aliorum
2417 3324 2728 3382 monachos
2764 3323 3153 3395 admitterent,
3184 3323 3333 3383 dum
3375 3324 3590 3398 cogniti
3620 3324 3732 3382 sibi

211 3421 429 3477 fectum
480 3418 680 3475 haberi
726 3416 910 3488 debet,
946 3416 1103 3475 unde
1140 3415 1231 3473 vir
1265 3415 1692 3474 eruditissimus
1734 3414 1923 3473 Ludo-
2008 3416 2213 3468 mutuo
2232 3417 2423 3468 essent
2449 3410 2700 3483 (Caveat,
2740 3436 2759 3461 -
2799 3410 2996 3484 inquit
3035 3427 3177 3483 reg.,
3218 3427 3340 3484 cap.
3375 3411 3465 3482 61,
3502 3435 3521 3460 ο
3554 3409 3730 3469 abbas

205 3507 375 3566 vicus
425 3505 603 3564 Ellies
648 3507 739 3564 Du
783 3505 907 3575 Pin,
938 3505 1000 3562 in
1028 3504 1190 3562 Nova
1227 3503 1583 3563 Bibliotheca
1610 3509 1922 3561 auctorum
2006 3514 2079 3556 ne
2130 3498 2441 3572 aliquando
2502 3500 2572 3558 de
2629 3508 2763 3559 noto
2816 3500 3165 3559 monasterio
3248 3501 3601 3559 monachum
3656 3499 3726 3559 ad

206 3594 721 3655 ecclesiasticarum
771 3600 907 3651 tom.
961 3593 1114 3664 VIII,
1144 3600 1288 3665 part.
1332 3604 1394 3662 II,
1446 3592 1647 3650 saeculi
1697 3602 1761 3648 X1
1811 3590 1920 3648 Ec—
2005 3586 2384 3647 habitandum
2436 3590 2730 3665 suscipiat,
2763 3590 2889 3648 sine
2934 3603 3227 3648 consensu
3275 3588 3504 3647 abbatis
3556 3588 3670 3658 sui)
3711 3608 3722 3647 :

204 3684 416 3756 clesize,
459 3699 582 3757 cap.
646 3683 733 3752 14,
779 3686 811 3756 §
862 3683 942 3754 10,
990 3688 1293 3756 postquam
1341 3680 1563 3739 ordinis
1614 3678 1917 3737 Camaldu-
2005 3678 2105 3737 sed
2178 3680 2398 3753 priores
2464 3683 2945 3742 anachoretarum
3012 3698 3087 3741 ex
3142 3681 3533 3758 prohibitione
3606 3698 3722 3742 non

204 3773 383 3833 lensis
435 3773 835 3833 fundationem
883 3791 915 3831 a
973 3771 1298 3832 ltomualdo
1355 3772 1562 3829 factam
1596 3769 1917 3843 descripsit,
2004 3767 2313 3841 implicari.
2353 3794 2374 3821 ι»

205 3865 286 3923 ait
361 3864 534 3922 aliam
606 3865 913 3938 specialem
972 3863 1475 3936 congregationem
1549 3860 1919 3918 eremitarum
2075 3858 2147 3917 Χ.
2181 3859 2351 3917 Porro
2405 3860 2552 3918 hanc
2605 3861 2789 3935 ipsam
2843 3860 3179 3920 communis
3232 3861 3482 3921 instituti
3540 3862 3717 3921 socie-

210 3957 525 4030 «ejusdem
578 3956 809 4030 generis
868 3978 888 4006 ι
940 3970 973 4011 a
1024 3953 1189 4011 Petro
1238 3951 1520 4009 Damiano
1571 3949 1915 4008 institutam.
2003 3952 2195 4017 tatem,
2222 3962 2296 4005 ne
2339 3948 2462 4022 ipse
2500 3949 2737 4031 quidem
2768 3949 2973 4010 Petrus
3001 3950 3328 4008 Damianus
3371 3948 3523 4007 inter
3549 3966 3629 4021 se,
3662 3957 3717 4008 et

207 4047 296 4106 En
340 4048 562 4121 integra
593 4047 846 4106 auctoris
889 4043 1063 4103 verba
1093 4066 1105 4101 :
1142 4064 1169 4097 «
1198 4042 1246 4099 Il
1288 4058 1349 4099 se
1380 4042 1486 4099 mit
1514 4041 1916 4111 (ltomualdus)
2005 4035 2064 4094 S.
2097 4034 2408 4095 Romualdi
2437 4038 2749 4112 discipulos
2780 4039 3169 4098 intercessisse
3187 4037 3494 4108 dilIitetur;
3526 4037 3714 4098 enim-

208 4154 342 4197 sous
376 4139 431 4196 la
465 4138 733 4197 conduite
782 4137 921 4194 d’un
971 4134 1121 4193 saint
1171 4134 1393 4202 ermite,
1428 4135 1659 4191 nommé
1709 4132 1913 4204 Mai-in,
2002 4141 2136 4185 vero
2160 4127 2221 4184 in
2243 4128 2476 4202 prologo
2498 4128 2646 4187 Vitas
2679 4128 2939 4202 ejusdem
2968 4130 3149 4189 sancti
3177 4129 3362 4188 Patris
3383 4128 3714 4201 Romualdi,

209 4226 315 4300 qui
345 4225 665 4285 demeurait
708 4224 851 4281 dans
896 4221 949 4278 le
996 4237 1137 4295 pays
1182 4220 1253 4278 de
1284 4220 1515 4290 Venise,
1546 4227 1600 4276 et
1626 4220 1919 4278 embrassa
2002 4222 2066 4273 ut
2113 4232 2175 4274 se
2224 4216 2298 4275 ab
2340 4218 2605 4290 egregiis,
2634 4219 2739 4292 qui
2785 4220 3117 4292 superstites
3154 4225 3336 4290 erant,
3378 4219 3559 4276 sancti
3607 4219 3717 4278 viri

208 4316 266 4374 1a
313 4317 407 4375 vie
452 4313 814 4386 eremitique,
852 4310 996 4386 qu’il
1049 4310 1275 4368 rétablit
1314 4325 1389 4368 en
1441 4308 1731 4368 Occident.
1766 4310 1919 4368 Leur
1999 4304 2300 4380 discipulis
2348 4309 2713 4382 compulsum
2761 4308 2833 4366 ad
2871 4309 2995 4382 ejus
3023 4317 3179 4383 gesta
3216 4307 3717 4367 commemoranda

208 4405 436 4464 institut
466 4403 660 4462 n’était
690 4417 789 4473 pas
815 4400 885 4457 de
915 4401 1076 4458 vivre
1110 4399 1264 4458 seuls
1306 4399 1449 4456 dans
1486 4398 1586 4457 des
1614 4399 1914 4472 solitudes,
2000 4394 2303 4468 signiﬁcet,
2363 4419 2384 4449 ι
2438 4397 2775 4466 multorum,
2836 4397 3066 4470 inquit,
3122 4397 3366 4457 fratrum
3425 4398 3714 4472 precibus,

211 4508 434 4552 comme
477 4490 560 4548 les
595 4489 831 4547 anciens
880 4488 1133 4560 ermites,
1166 4488 1314 4546 mais
1349 4487 1419 4544 de
1460 4486 1765 4547 demeurer
1789 4488 2059 4563 plu-“et
2101 4501 2375 4558 germana
2421 4488 2697 4547 charitate
2741 4485 3065 4557 devinctus,
3115 4488 3272 4561 quod
3322 4487 3393 4545 de
3442 4488 3715 4560 pra'dicto

212 4540 433 4552 wn..."
477 4540 559 4548 η-
595 4540 830 4547 πω---
885 4540 1133 4560 --ω---η
1166 4540 1311 4546 ..η-
1355 4540 1415 4544 μ-
1465 4540 1753 4547 -η----η
1832 4540 1892 4549 --
2011 4540 2055 4542 η
2101 4540 2375 4558 (γη-πα
2427 4540 2693 4547 πων-η
2746 4540 3065 4557 _-.-_--_-,
3121 4540 3272 4561 ν--
3327 4540 3390 4545 _-
3442 4540 3711 4560 την-Μ

212 4584 397 4641 sieurs
426 4578 723 4638 ensemble
768 4578 913 4636 dans
937 4594 1019 4637 un
1047 4581 1236 4636 nieme
1266 4575 1517 4647 endroit,
1547 4579 1774 4652 separes
1789 4540 1917 4637 rdes
1937 4540 1987 4601 D
2006 4573 2259 4633 mirabili
2292 4575 2416 4635 viro
2439 4575 2512 4635 ab
2541 4575 2785 4649 egregiis
2805 4577 2930 4650 ejus
2959 4574 3261 4649 discipulis
3293 4574 3493 4647 didici,
3522 4592 3717 4649 aggre-

212 4680 404 4732 autres
451 4670 731 4739 hommes,
766 4677 822 4727 et
863 4668 1010 4726 dans
1053 4668 1155 4726 des
1205 4667 1446 4728 cellules
1495 4666 1913 4741 particulieres,
2004 4665 2151 4739 diar,
2204 4667 2321 4726 Deo
2376 4675 2625 4738 auctore,
2680 4667 3039 4736 describere;
3095 4688 3122 4721 »
3184 4666 3467 4724 nimirum
3515 4666 3718 4726 eodem

209 4775 345 4818 sons
372 4756 426 4816 1a
448 4757 717 4817 conduite
742 4756 883 4815 d’un
913 4760 1099 4814 meme
1133 4756 1453 4830 superieur,
1489 4774 1557 4816 en
1588 4756 1919 4831 pratiquaut
2005 4758 2304 4833 religionis
2371 4760 2584 4819 fcedere
2633 4776 2692 4818 se
2739 4759 2854 4817 illis
2898 4756 3279 4831 conjunctum
3327 4758 3713 4827 considerans,

212 4850 269 4907 1a
314 4852 500 4907 meme
549 4847 722 4921 regle.
770 4846 875 4904 Ges
924 4852 1105 4904 sortes
1160 4847 1231 4904 de
1287 4849 1638 4906 monasteres
1694 4848 1917 4921 s’appe-
2004 4864 2118 4922 quo
2151 4871 2177 4903 «
2208 4850 2469 4922 germani
2500 4857 2556 4907 et
2585 4850 2787 4907 fratres
2821 4868 2846 4901 »
2892 4848 2964 4905 ab
2998 4847 3199 4906 eodem
3240 4855 3401 4922 patre
3431 4848 3715 4923 progeniti

212 4938 391 4995 laient
437 4936 881 4995 anciennement
930 4935 1139 4993 laures.
1172 4933 1336 4994 Saint
1378 4935 1663 4995 Romuald
1692 4952 1763 4994 en
1794 4940 1917 4994 eta-
2003 4936 2213 4995 debent
2254 4939 2507 4996 invicem
2544 4936 2898 5011 quibusdam
2929 4939 3145 4996 amoris
3183 4942 3241 4997 et
3270 4938 3567 4997 charitatis
3592 4938 3718 4996 vin-

212 5028 318 5087 blit
353 5043 435 5085 un
464 5027 782 5101 tres-grand
820 5026 1059 5085 nombre
1090 5042 1162 5084 en
1191 5023 1373 5084 Italie.
1411 5025 1501 5084 Un
1538 5027 1637 5085 des
1664 5024 1794 5100 plus
1826 5025 1916 5083 fa-
2003 5029 2152 5089 culis
2176 5029 2423 5101 alligari.

211 5135 391 5178 meux
439 5120 527 5177 fut
570 5119 721 5177 celui
764 5117 863 5192 qui
910 5120 1001 5176 fut
1037 5116 1149 5174 bati
1199 5133 1299 5175 sur
1344 5115 1675 5191 l’Apenuin,
1710 5116 1918 5189 proche
2072 5117 2173 5176 XI.
2229 5117 2537 5191 Reciproce
2607 5132 2743 5176 vero
2802 5132 2836 5174 a
2891 5117 3105 5176 nostris
3168 5112 3712 5175 Camaldulensibus

209 5208 499 5278 d’Arezzo,
528 5206 671 5264 dans
717 5223 798 5265 un
862 5209 981 5266 lieu
1031 5206 1132 5282 qui
1180 5205 1307 5265 lcur
1356 5208 1441 5264 fut
1478 5206 1670 5263 donne
1702 5221 1803 5277 par
1833 5220 1914 5262 un
2001 5207 2345 5265 Avellanita)
2400 5207 2511 5282 ipsi
2569 5215 2630 5267 ut
2687 5230 2707 5259 ι
2768 5208 2991 5280 fratres,
3022 5232 3047 5259 ι
3104 5208 3306 5279 habiti,
3334 5213 3389 5264 et
3435 5213 3710 5277 tanquam

211 5299 447 5357 homme
494 5296 695 5371 appelé
748 5296 1002 5367 Mandol,
1034 5296 1167 5355 d’oii
1221 5294 1426 5354 l’ordre
1462 5313 1493 5353 a
1534 5296 1653 5369 pris
1693 5294 1744 5351 le
1777 5309 1911 5351 nom
1999 5302 2257 5367 cognatae
2331 5296 2527 5370 stirpis
2581 5314 2615 5354 a
2669 5296 3039 5369 Romualdo,
3100 5297 3261 5354 velut
3325 5310 3357 5352 a
3409 5293 3708 5351 communi

209 5390 280 5449 de
320 5388 662 5447 Camaldole.
727 5387 887 5446 Saint
934 5387 1219 5446 Romuald
1256 5390 1425 5445 vecut
1458 5395 1586 5443 cent
1615 5401 1718 5443 aus
1751 5386 1916 5458 apres
2001 5392 2203 5443 trunco
2259 5394 2604 5460 propagatae,
2637 5388 2899 5460 germina
2956 5384 3300 5444 considerati
3349 5389 3503 5454 sunt,
3530 5386 3707 5441 etiam

211 5493 272 5537 sa
308 5476 625 5551 profession
672 5475 1000 5548 religiense,
1032 5483 1087 5533 et
1123 5474 1197 5532 vit
1249 5489 1354 5531 son
1397 5473 1563 5532 ordre
1604 5474 1911 5533 ﬂorissant.
1997 5482 2300 5551 postquam
2351 5475 2423 5533 ab
2474 5476 2765 5535 eremitica
2819 5474 3121 5548 disciplina
3174 5473 3245 5532 ad
3306 5471 3705 5531 caenobiticam

210 5566 405 5625 Pierre
450 5564 689 5624 Damien
730 5562 968 5623 institua
997 5562 1154 5622 aussi
1186 5578 1302 5620 une
1335 5563 1533 5634 espece
1562 5562 1633 5620 de
1671 5564 1913 5637 congré-
1996 5564 2494 5624 conversationem
2548 5565 2808 5625 translati
2854 5570 3009 5635 sunt,
3037 5569 3211 5637 atque
3241 5561 3339 5621 ubi
3367 5578 3401 5621 a
3429 5563 3701 5634 primaeva

205 5659 399 5735 gation
429 5659 718 5719 d'ermites
745 5658 817 5717 de
844 5661 1031 5715 meme
1065 5671 1253 5729 genre.
1297 5654 1402 5712 Ges
1449 5654 1681 5713 ermites
1731 5654 1903 5728 prati-
1999 5656 2060 5715 S.
2119 5654 2458 5728 Romualdi,
2520 5655 2787 5729 Petrique
2841 5652 3111 5714 Damiani
3166 5651 3528 5712 institutione
3574 5652 3696 5725 jam
