4106 6204
353 272 428 333 49

1250 281 1826 343 PROLEGOMENA.
1859 311 1927 323 —
1965 281 2060 340 DE
2099 276 2502 342 INSTITUTO
2540 280 2969 341 GAMALDUL.
3786 286 3858 346 50

350 398 734 472 desciverant,
754 408 951 463 contra
981 404 1237 479 ejusdem
1273 406 1422 466 Petri
1452 406 1716 467 Damiani
1756 406 2061 472 monitum,
2083 404 2329 479 Aplacet
2365 405 2539 479 quod,
2574 421 2708 464 cum
2746 406 2981 465 habitus
3016 406 3545 467 Camaldulensium
3575 426 3608 467 a
3633 411 3858 471 caeteris

346 505 466 562 quo
504 489 635 548 illos
673 495 951 565 opusculo
991 508 1114 566 xxv,
1153 498 1262 555 sub
1302 498 1474 557 ﬁnem
1508 496 1847 572 gravissime
1874 496 2064 554 incre-

350 585 634 651 paverat:
679 606 705 629 «ι
740 580 867 640 Non
917 584 1111 657 itaque
1157 585 1228 644 ad
1275 586 1737 646 monasterialem
1785 584 2065 644 laxitudi-

350 684 488 726 nem
511 667 583 726 ab
611 672 902 730 eremitica
930 690 1033 733 vos
1059 676 1232 735 libeat
1253 676 1610 736 districtione
1639 678 1999 745 descendere,
2035 702 2060 724 »

350 757 414 816 in
473 760 603 831 hoc,
660 762 925 837 inquam,
982 766 1195 839 pariter
1259 775 1409 827 statu
1469 768 1837 838 Avellanitaa,
1899 767 2064 841 quasi

349 862 649 919 germanae
699 851 995 911 charitatis
1058 857 1465 915 communione
1528 857 1695 916 nobis
1746 856 2059 931 conjuncti,

351 937 598 1008 perinde
649 955 716 997 ac
774 944 1045 1002 monachi
1101 944 1578 1005 Vallisumbrosze
1634 964 1665 1005 a
1721 946 1779 1005 S.
1844 946 2065 1005 Joanne

351 1024 667 1087 Gualberto
714 1030 780 1089 D.
836 1030 1145 1092 Romualdi
1202 1036 1486 1111 discipulo
1541 1036 1808 1106 instituti,
1864 1035 2063 1093 eodem

350 1116 591 1191 hospitii
640 1121 773 1193 jure
824 1122 888 1179 in
949 1124 1161 1182 nostris
1214 1126 1576 1185 monasteriis
1641 1126 1702 1185 in
1766 1126 2065 1185 refectorio

349 1206 594 1279 suscipi,
634 1208 878 1284 ejusque
915 1213 1376 1285 congregationis
1409 1215 1810 1274 defunctorum
1852 1216 2064 1273 animm

351 1294 599 1368 paribus
654 1299 997 1359 Christianae
1046 1300 1270 1375 pietatis
1315 1304 1607 1378 suffragiis
1647 1304 1872 1379 expiari
1924 1320 2063 1364 con-

350 1392 703 1456 sueverunt;
762 1403 893 1446 nam
946 1388 1005 1446 in
1056 1391 1567 1452 constitutionibus
1621 1410 1775 1452 anno
1838 1394 1993 1466 1253,
2030 1411 2064 1452 a

347 1473 420 1534 B.
450 1474 699 1534 Martino
746 1476 831 1536 III
873 1480 1126 1550 generali
1176 1481 1366 1551 editis,
1418 1482 1518 1541 lib.
1566 1496 1648 1556 III,
1702 1500 1825 1559 cap.
1865 1483 1951 1549 23,
1984 1484 2065 1541 sic

345 1564 699 1639 praecipitur
740 1583 755 1622 :
801 1593 827 1617 «
870 1568 1211 1641 Statuimus,
1256 1579 1319 1631 ut
1358 1573 1560 1631 fratres
1600 1574 1780 1632 nostri
1821 1572 2063 1643 ordinis,

348 1658 851 1729 Vallumbrosani,
878 1668 934 1720 et
989 1669 1198 1723 sancta;
1249 1665 1436 1722 crucis
1486 1664 1684 1724 Fontis
1743 1665 2061 1737 Avellanae,

2150 495 2598 552 monasticarum
2653 497 3165 568 congregationum
3239 497 3493 556 vestibus
3561 500 3754 571 (etiam
3822 518 3856 560 a

2149 580 2565 639 monachorum
2629 583 2841 639 montis
2902 582 3178 656 Virginis,
3236 591 3290 642 et
3344 586 3557 647 montis
3623 585 3850 655 Oliveti,

2150 668 2281 727 albo
2328 670 2515 727 colore
2562 670 2774 743 pariter
2806 672 3096 730 utentium
3134 672 3370 751 amictu)
3419 675 3528 748 hoc
3566 678 3855 752 praecipuo

2148 760 2485 818 discrimine
2528 760 2940 834 distinguatur,
2992 763 3143 838 quod
3196 780 3308 822 non
3360 767 3635 836 solutum,
3683 775 3856 843 atque

2145 850 2219 908 ab
2259 850 2521 908 humeris
2546 851 2819 926 utrinque
2848 853 3027 910 libere
3057 853 3375 911 demissum
3420 857 3716 929 scapularc
3750 873 3855 916 no-

2148 939 2249 997 stri
2279 938 2559 1009 deferant,
2591 940 2690 997 sed
2721 941 2830 998 sub
2856 950 3077 1013 pectore
3108 943 3273 1001 laneo
3294 945 3532 1017 cingulo
3559 946 3853 1018 colligant,

2147 1031 2324 1105 quod,
2372 1036 2495 1103 post
2536 1031 3027 1103 expeditissimam
3073 1033 3209 1116 nodi
3245 1035 3762 1108 complicationem,
3792 1040 3855 1095 in

2148 1120 2313 1179 binas
2356 1121 2556 1179 taenias
2597 1122 2671 1179 ab
2713 1119 2985 1179 anteriori
3023 1130 3177 1196 parte
3224 1125 3537 1197 pendentes
3563 1128 3856 1196 excurrit;

2145 1210 2490 1269 Avellanitaa
2514 1212 2728 1285 pariter
2768 1212 2944 1270 simili
2983 1212 3216 1285 cingulo
3250 1213 3523 1286 przecingi
3558 1216 3855 1289 quondam

2145 1300 2512 1357 consuevisse
2555 1300 3087 1373 deprehenduntur.
3122 1300 3270 1358 Nam
3317 1315 3449 1359 cum
3496 1301 3697 1361 Petrus
3745 1303 3855 1360 Da-

2147 1389 2399 1457 mianus,
2433 1395 2487 1447 et
2515 1388 2716 1447 Albizo
2750 1389 2873 1463 ejus
2902 1405 3113 1451 comes.
3143 1390 3515 1450 Theuzonem
3555 1392 3856 1451 eremitam

2148 1477 2455 1536 Florentiae
2503 1479 2934 1549 convenientes,
2985 1480 3058 1537 ab
3108 1479 3309 1538 eodem
3357 1480 3500 1538 dure
3543 1480 3742 1549 habiti,
3791 1499 3857 1541 ac

2149 1568 2381 1625 tandem
2418 1575 2540 1642 post
2588 1568 2769 1628 multa
2804 1568 2997 1642 jurgia
3036 1569 3199 1643 ejecti
3236 1576 3392 1638 sunt,
3422 1584 3524 1642 per
3552 1571 3858 1644 cingulum

2145 1658 2343 1717 ambos
2381 1660 2771 1734 apprehensos
2819 1659 3017 1731 fuisse,
3051 1664 3289 1718 testatur
3322 1660 3475 1718 idem
3515 1660 3857 1734 Damianus,

350 1748 524 1823 quasi
555 1764 674 1807 uno
701 1749 995 1809 charitalis
1022 1753 1229 1825 ofﬁcio,
1270 1754 1698 1813 monachicum
1742 1754 2125 1826 m0nachis,B
2152 1747 2251 1806 lib.
2310 1761 2389 1817 Vl,
2445 1765 2533 1823 ep.
2590 1750 2706 1807 30:
2762 1773 2789 1797 «
2844 1749 3121 1818 Tandem,
3176 1748 3389 1824 inquit,
3440 1764 3543 1823 per
3587 1749 3858 1808 semicin-

349 1839 625 1898 conversi
671 1856 802 1898 cum
845 1844 1139 1902 conversis
1186 1842 1467 1915 hilariter,
1498 1852 1555 1903 et
1596 1846 1845 1917 benigne
1882 1843 2062 1902 susci-
2154 1836 2260 1895 tias
2318 1839 2562 1911 correpti
2616 1838 2896 1898 violenter
2942 1838 3332 1898 excludimur.
3383 1861 3404 1890 ιι
3456 1838 3654 1914 Itaque
3698 1841 3862 1898 nulla

349 1927 597 2001 piantur
622 1944 655 1986 a
686 1930 865 1987 nostri
904 1931 1127 1990 ordinis
1163 1932 1416 2006 praelatis
1454 1941 1508 1992 et
1545 1934 1792 1993 subditis
1827 1934 2065 1992 univer-
2153 1932 2275 1983 erat
2325 1927 2782 1986 AVCllanilarum
2826 1928 3465 2018 etuCamaldUIt-‘ﬂsmm
3512 1929 3859 2018 Ῐῐὶάυῐηςηίὶν

350 2016 458 2075 sis,
497 2044 522 2065 ι.
559 2018 627 2076 Et
657 2035 857 2078 rursus
894 2036 1047 2078 anno
1091 2022 1245 2093 1372,
1278 2023 1371 2081 die
1414 2024 1481 2081 27
1519 2023 1675 2093 Maii,
1711 2023 1770 2081 in
1816 2023 2067 2096 capitulo
2150 2016 2305 2074 unde
2337 2022 2388 2073 et
2420 2016 2582 2073 nulla
2617 2017 2770 2084 vitae,
2804 2016 2968 2075 nulla
2996 2016 3266 2087 instituti,
3296 2016 3459 2075 nulla
3493 2016 3861 2090 professiOnis

351 2107 636 2179 generali,
666 2109 819 2181 quod
860 2108 1212 2168 celebratum
1246 2119 1332 2169 est
1378 2113 1439 2169 in
1485 2112 1830 2172 monasterio
1871 2113 1927 2171 S.
1957 2113 2064 2170 Mi-
2152 2107 2363 2177 pariter
2388 2104 2715 2162 dim’renlia
2745 2104 3049 2161 censenda.

348 2194 572 2253 chaelis
621 2195 684 2253 in
738 2195 932 2271 Burgo
980 2197 1269 2270 Pisarum,
1305 2200 1646 2272 prmsidcnte
1693 2202 1916 2259 Joanne
1962 2201 2063 2271 III,
2220 2193 2376 2251 XIII.
2410 2192 2703 2266 Quidquid
2748 2199 2936 2250 tamen
2974 2193 3047 2249 sit
3085 2192 3157 2249 de
3197 2192 3328 2249 aliis
3368 2192 3565 2251 Fontis
3596 2192 3861 2252 Avellani

345 2283 631 2356 generali,
656 2284 947 2343 decretum
976 2294 1078 2355 est,
1118 2309 1139 2338 ι
1176 2295 1239 2346 ut
1270 2289 1539 2347 monachi
1567 2288 2066 2358 Vallisumbrosm,
2147 2282 2423 2351 alumnis.
2462 2289 2612 2339 001Ὶο
2640 2281 2901 2339 ill-Petro
2930 2281 3210 2339 Damiano
3255 2283 3440 2355 POliO!‘
3470 2282 3639 2357 longe
3683 2298 3859 2357 quam

344 2379 405 2431 et
465 2373 527 2432 S.
581 2377 768 2434 crucis
827 2377 897 2434 de
949 2377 1249 2451 Ανριιαῃει,
1279 2386 1391 2438 tam
1446 2381 1505 2438 in
1560 2397 1751 2439 ρι-ρηιο
1789 2397 1965 2454 quam
2004 2380 2065 2438 in
2149 2372 2208 2428 in
2254 2370 2497 2437 caeteris,
2539 2370 2683 2427 ratio
2731 2370 2964 2439 relucet,
2997 2386 3100 2427 cur
3132 2370 3201 2427 ad
3234 2368 3734 2429 Camaldulensem
3763 2389 3860 2431 or—

350 2464 725 2523 monasteriis
772 2466 994 2525 ordinis
1051 2468 1400 2542 recipiantur
1441 2470 1499 2528 in
1555 2471 1746 2536 choro,
1810 2476 1865 2529 et
1927 2469 2059 2527 refe-

2215 2477 2368 2533 nem,
2418 2460 2539 2519 sive
2586 2460 2656 2519 ad
2710 2460 2774 2520 D.
2830 2461 3137 2520 Romualdi
3192 2460 3525 2519 institutum
3577 2462 3863 2536 pertinere

343 2552 550 2621 ctorio,
586 2567 652 2609 ac
707 2554 756 2610 si
815 2561 1004 2612 essent
1059 2557 1280 2615 ordinis
1338 2557 1813 2628 Camaldulensis,
1856 2564 1912 2616 et
1966 2574 2066 2616 eo-

350 2642 623 2700 rumdem
661 2642 937 2701 ordinum
966 2644 1185 2717 brevia,
1221 2671 1248 2696 η
1282 2647 1338 2704 id
1368 2654 1452 2704 est
1482 2647 1788 2722 diptycha),
1822 2649 2064 2705 fratrum

347 2730 759 2790 defunctorum
794 2734 1028 2792 nomina
1055 2733 1396 2806 indicantes,
1429 2761 1452 2783 α
1494 2752 1592 2809 per
1622 2737 2064 2795 brevif'erarium

344 2822 574 2880 ordinis
624 2823 978 2896 deferantur,
1016 2848 1037 2875 ι
1095 2831 1198 2883 etc.
1261 2828 1472 2885 Actum
1539 2841 1718 2884 manu
1779 2826 2066 2885 Leonardi

344 2912 494 2969 olim
537 2911 825 2970 Francisci
866 2914 936 2971 de
974 2914 1282 2972 Castilione
1321 2915 1560 2973 Aretino
1596 2915 1804 2974 notarii
1837 2921 1893 2974 et
1927 2916 2064 2975 scri-

344 3002 443 3060 ba;
472 3002 754 3077 deputati,
790 3020 864 3061 ex
896 3004 1140 3063 archivii
1181 3005 1643 3064 Camaldulensis
1682 3005 1828 3064 libro
1867 3006 1935 3065 B.
1982 3006 2061 3074 18,

2148 2551 2472 2608 censendus
2523 2551 2634 2622 sit;
2677 2551 2769 2608 vel
2816 2552 3000 2625 primo
3046 2550 3182 2625 quia
3230 2551 3563 2609 immediate
3615 2553 3686 2610 ab
3736 2554 3859 2627 ipso

2152 2640 2209 2699 S.
2247 2641 2305 2699 P.
2338 2641 2661 2700 Romualdo
2708 2646 2830 2709 (aut
2877 2647 3027 2700 certe
3070 2641 3463 2700 mediantibus
3509 2644 3637 2716 ejus
3684 2644 3862 2702 disci-

2148 2732 2322 2807 pulis)
2355 2734 2665 2792 eremiticm
2696 2734 2831 2791 vita:
2860 2734 3229 2804 rudimentis,
3259 2750 3391 2809 qum
3414 2736 3779 2809 postmodum
3800 2737 3862 2796 in

2148 2824 2291 2882 alios
2343 2823 2619 2897 erogavit,
2655 2824 2972 2883 instructus
3026 2824 3213 2882 fuerit.
3271 2824 3433 2882 Unde
3497 2826 3860 2883 reverendis-

2149 2915 2333 2973 simus
2358 2914 2537 2972 abbas
2570 2914 2633 2971 D.
2671 2912 2970 2972 Secundus
3018 2911 3386 2970 Lancellotus
3424 2912 3761 2972 Olivetanus
3801 2913 3860 2973 in

2150 3019 2271 3063 sum
2315 3002 2777 3077 congregationis
2806 3001 3059 3060 Historia
3099 3001 3195 3060 lib.
3232 3015 3292 3073 u,
3322 3017 3445 3076 cap.
3470 3001 3560 3075 ‘22,
3595 3002 3664 3060 de
3698 3003 3859 3061 Petro

343 3091 442 3163 80,
492 3091 733 3165 ejusque
797 3093 987 3152 indice
1051 3096 1082 3167 §
1150 3096 1393 3158 Statuta,
1461 3111 1589 3167 pag.
1660 3095 1713 3167 2,
1774 3111 1938 3154 num.
2008 3094 2427 3187 9.CDamiano
2456 3095 2573 3153 ait:
2611 3116 2636 3147 «
2668 3093 2978 3187 Audiitinr
3014 3108 3073 3150 re
3120 3092 3859 3187 monasticaPtomualdum

344 3179 539 3249 Quare
594 3180 780 3239 multo
828 3180 1031 3254 magis,
1061 3181 1203 3239 dum
1260 3181 1563 3257 pristinam
1611 3182 1800 3242 adhuc
1850 3185 2062 3244 eremi-

346 3271 483 3329 ticze
512 3271 647 3329 vitae
677 3272 941 3343 formam,
971 3273 1041 3331 ad
1071 3289 1265 3347 quam,
1298 3290 1372 3331 ex
1406 3274 1715 3334 Romualdi
1739 3277 2057 3349 praeceptis,

345 3376 453 3434 per
492 3360 556 3418 B.
588 3360 825 3418 Petrum
872 3362 1216 3421 Damianum
1259 3362 1607 3421 Avellanitae
1642 3363 1893 3423 instituti
1930 3366 2059 3424 fue-

348 3458 506 3519 rant,
547 3449 962 3523 sequebantur,
1006 3466 1107 3523 pro
1164 3452 1375 3510 similis
1417 3451 1740 3526 disciplinae
1777 3453 2058 3513 consorti-

341 3538 459 3596 bus
494 3539 695 3597 haberi
726 3539 879 3613 apud
906 3539 1375 3599 Camaldulenses
1411 3543 1799 3602 merebantur.

417 3627 546 3686 XII.
586 3627 769 3699 quue
804 3644 871 3686 eo
904 3628 1106 3701 magis,
1135 3645 1208 3687 ex
1251 3646 1367 3704 quo
1401 3631 1861 3690 Avellanitarum
1904 3640 2059 3693 vete-

345 3733 485 3775 rum
549 3718 802 3783 habitus,
836 3726 891 3775 et
943 3719 1161 3777 colores
1215 3726 1268 3777 et
1326 3720 1531 3791 forma,
1566 3735 1704 3779 cum
1760 3720 2062 3782 Camaldu-

346 3807 603 3865 lensium
658 3808 861 3867 habitu
915 3807 1146 3882 penitus
1199 3809 1550 3868 conveniret.
1605 3810 1937 3883 Enimvero,
1998 3820 2060 3871 ut

345 3897 580 3954 dissert.
629 3909 713 3967 Ill,
740 3911 863 3970 cap.
892 3897 948 3968 2,
980 3912 1145 3955 num.
1177 3897 1210 3955 9
1255 3904 1310 3956 et
1359 3898 1421 3957 10
1464 3899 1841 3971 ostendimus,
1891 3901 2060 3961 albus

341 3985 507 4046 color
555 3987 891 4046 monasticis
939 4003 1143 4047 eorum
1179 3989 1435 4047 vestibus
1477 3990 1832 4051 conveniens
1859 4009 1933 4051 ex
1961 4010 2061 4052 an-

340 4073 526 4149 tiquis
568 4075 965 4134 monumentis
1001 4076 1252 4150 aliisque
1290 4078 1480 4151 probis
1509 4080 1842 4139 auctoribus
1873 4080 2057 4141 dedu-

339 4164 517 4231 citur,
552 4163 795 4238 ipsomet
844 4163 1007 4223 Petro
1052 4164 1352 4237 Damiano,
1396 4172 1529 4224 tom.
1566 4165 1610 4235 Ι,
1646 4167 1747 4225 lib.
1777 4180 1856 4238 VI,
1888 4168 2052 4242 epist.

343 4254 434 4324 14,
464 4252 825 4312 Mainardum
877 4254 1139 4313 abbatem
1187 4263 1475 4325 monente,
1510 4272 1581 4315 ne
1615 4258 1813 4316 album
1859 4274 2055 4318 mona-

338 4346 589 4402 chorum
621 4345 920 4415 amictum,
950 4352 1146 4420 utpote
1190 4346 1388 4418 vilem,
1422 4346 1757 4422 despiceret,
1787 4352 2054 4424 exemplo

342 4434 582 4504 Christi,
609 4434 713 4510 qui
738 4452 799 4495 se
827 4461 850 4487 ιι
886 4442 1041 4496 veste
1080 4438 1210 4495 alba
1243 4464 1268 4488 ››
1302 4437 1473 4497 illudi
1500 4440 1573 4498 ab
1601 4440 1826 4501 Herode
1856 4459 2056 4516 passus

341 4531 452 4595 est,
483 4531 547 4582 ut
588 4524 814 4583 dissert.
848 4539 910 4584 ΠΙ
958 4527 1078 4598 cit.,
1110 4543 1233 4601 cap.
1286 4527 1339 4596 2,
1372 4544 1536 4587 num.
1593 4529 1645 4600 7,
1682 4531 2049 4603 notavimus;

342 4628 451 4671 nec
517 4628 633 4671 non
710 4612 876 4672 Petro
950 4614 1274 4686 Ricordato,
1350 4615 1624 4676 Silvestro
1700 4617 2052 4695 Maurolyco,

346 4700 531 4759 Paulo
584 4700 846 4776 Morigia,
896 4702 1271 4763 Constantino
1325 4703 1714 4779 Cajetano,.et
1763 4709 2052 4769 chronista

340 4790 724 4851 Benedictino
753 4794 904 4866 apud
944 4794 1211 4851 eumdem
1248 4794 1308 4852 in
1344 4793 1786 4868 prolegomeuis,
1826 4804 1966 4857 tom.
2002 4801 2051 4875 Ι,

339 4893 501 4952 oper.
554 4879 617 4937 B.
653 4880 803 4939 Petri
853 4882 1140 4952 Damiani,
1188 4882 1259 4941 de
1310 4883 1776 4942 Avellanitarum
1834 4888 2052 4960 tunica,

336 4967 653 5042 scapulari,
694 4974 750 5027 et
798 4969 1023 5028 cuculla
1064 4969 1297 5045 penitus
1342 4970 1473 5029 alba
1524 4973 1917 5031 testimonium
1966 4977 2052 5035 fe-

337 5059 639 5128 rentibus;
699 5060 842 5118 adeo
902 5067 966 5117 ut
1015 5061 1186 5134 juxta
1245 5059 1481 5118 citatum
1523 5061 1849 5135 Morigiam,
1900 5063 2048 5126 Hist.

337 5153 531 5226 relig.,
566 5168 687 5225 cap.
721 5152 809 5222 58,
844 5169 920 5210 ex
952 5152 1139 5211 abusu
1170 5152 1454 5211 duntaxat
1484 5152 1868 5227 posteriorum
1904 5164 2049 5214 tem-

336 5257 542 5316 porum
593 5240 896 5300 inductum
935 5243 1106 5301 fuerit
1147 5242 1463 5301 caeruleum
1494 5243 1759 5317 pallium,
1792 5261 1910 5321 quo
1936 5261 2050 5305 nu-

332 5331 587 5403 perrime
639 5332 887 5390 cucullze
937 5332 1060 5390 loco
1114 5332 1444 5391 utebantur.
1502 5333 1663 5403 Quod
1726 5336 2048 5407 conﬁrmat,

332 5427 588 5477 veterem
615 5419 873 5493 ipsorum
912 5420 1178 5479 habitum
1208 5421 1347 5479 olim
1386 5429 1582 5480 nostro
1621 5421 2050 5483 Camaldulensi

332 5508 595 5583 affinem,
620 5511 857 5586 suisque
902 5511 1175 5571 omnibus
1210 5512 1469 5586 partibus
1506 5517 1620 5571 tam
1655 5513 1842 5573 colore
1870 5530 2047 5589 quam

344 5600 530 5658 forma
578 5600 1115 5675 correspondentem
1154 5615 1390 5676 prorsus
1429 5600 1651 5662 fuisse:
1685 5601 1802 5661 imo
1841 5601 2050 5662 addere

2148 3182 2683 3242 Camaldulensium
2759 3182 3168 3252 institutorem,
3218 3186 3274 3238 et
3355 3182 3542 3254 primo
3618 3181 3859 3240 Fontem

2146 3276 2490 3336 Avellanam
2527 3275 2830 3346 habitavit,
2874 3274 2972 3331 ubi
3024 3290 3156 3332 cum
3195 3288 3402 3347 magna
3440 3274 3859 3333 monachorum

2146 3366 2238 3425 vel
2294 3365 2664 3425 eremitarum
2712 3364 3036 3438 frequentia
3086 3362 3298 3421 multos
3342 3378 3525 3421 annos
3579 3364 3854 3434 extraxit,

2147 3452 2270 3515 tum
2325 3453 2653 3528 Stephanus
2710 3453 2789 3511 IX
2861 3460 3313 3528 purpuratorum
3375 3450 3613 3524 collegio
3667 3468 3863 3525 aggre-

2142 3547 2331 3619 gavit;
2381 3570 2401 3599 ι
2447 3546 2539 3604 vel
2585 3544 2839 3604 secundo
2892 3546 3028 3618 quia
3084 3545 3270 3617 reipsa
3317 3545 3378 3602 in
3430 3544 3857 3603 Camaldulensi

2143 3653 2337 3695 eremo
2398 3636 2739 3711 aliquandiu
2794 3640 2850 3693 et
2904 3635 3025 3709 ipse
3088 3634 3320 3702 vixerit,
3381 3649 3456 3691 ex
3512 3634 3858 3707 conjecturis

2143 3724 2371 3784 dissert.
2403 3737 2486 3797 IIl,
2516 3740 2640 3798 cap.
2672 3725 2727 3795 2,
2763 3740 2925 3783 num.
2956 3724 3013 3789 8.
3037 3723 3337 3793 adductis;
3363 3722 3580 3797 quibus
3616 3723 3855 3795 accedit,

2143 3815 2297 3889 quod
2337 3814 2625 3873 Antonius
2666 3813 2846 3871 Maria
2878 3813 3222 3885 Bonuccius,
3256 3812 3559 3887 Ephemer.
3603 3813 3851 3872 Euchar.

2143 3910 2280 3963 tom.
2328 3904 2376 3974 Ι,
2414 3904 2485 3962 ad
2530 3903 2683 3963 diem
2727 3902 2796 3960 22
2836 3903 3138 3962 Februarii
3186 3919 3454 3977 expresse
3497 3904 3701 3962 asserit
3750 3903 3854 3963 Pe-

2144 3999 2294 4053 trum
2356 3993 2705 4059 Damianum
2770 3991 3150 4051 cardinalitiae
3233 3991 3498 4065 dignitati
3576 3992 3854 4050 nuntium

2143 4082 2435 4141 remittere
2472 4081 2750 4152 voluisse,
2786 4106 2811 4130 α
2843 4088 2907 4139 ut
2936 4080 3005 4138 ad
3038 4095 3204 4137 suam
3242 4095 3501 4137 eremuin
3544 4079 3854 4138 Camaldu-

2141 4172 2363 4230 lensem
2416 4170 2645 4229 rediret.
2702 4192 2722 4222 ι
2768 4170 2933 4229 Unde
2978 4174 3102 4228 tum
3146 4174 3298 4238 ante,
3351 4174 3472 4228 tum
3521 4174 3646 4242 post
3688 4167 3852 4227 abdi-

2138 4268 2322 4318 catam
2384 4275 2722 4334 purpuram,
2786 4258 3083 4334 probabile
3148 4264 3232 4315 est
3296 4256 3463 4316 illum
3534 4258 3592 4317 in
3662 4276 3854 4320 eremo

2138 4349 2563 4410 Camaldulensi
2624 4354 2918 4408 versatum
2977 4364 3130 4417 esse;
3189 4347 3283 4406 vel
3356 4348 3607 4424 denique
3666 4350 3848 4419 tertio,

2139 4439 2276 4514 quia
2328 4439 2390 4496 in
2442 4437 2573 4496 aliis
2626 4437 2989 4497 monasteriis
3025 4452 3059 4494 a
3095 4435 3151 4496 S.
3195 4435 3257 4493 P.
3301 4435 3621 4497 Romualdo
3663 4440 3850 4497 {edifi-

2141 4528 2301 4596 catis,
2364 4526 2454 4585 vel
2512 4526 2579 4585 ad
2638 4526 2960 4599 regularem
3008 4525 3434 4585 observantiam
3498 4526 3848 4599 compositis,

2140 4616 2319 4675 vitam
2361 4628 2526 4676 suam
2570 4615 2889 4674 Damianus
2946 4614 3285 4673 traduxerit.
3326 4613 3505 4684 Quod,
3548 4615 3687 4688 quia
3728 4614 3851 4674 lon-

2142 4704 2289 4777 giori
2337 4705 2669 4764 tractatione
2718 4703 2958 4775 indiget,
2987 4702 3059 4760 ad
3110 4700 3406 4775 sequentis
3440 4701 3640 4773 capitis
3673 4717 3848 4775 argu-

2144 4801 2405 4855 mentum
2436 4792 2841 4853 reservabitur.

2812 4910 3055 4972 CAPUT
3083 4910 3181 4969 VI.

2142 5011 2205 5066 B.
2258 5009 2449 5062 Petrus
2508 5005 2811 5059 Damianus
2864 5005 3005 5058 inter
3054 5003 3112 5058 S.
3170 4999 3464 5056 Romualdz'
3527 5000 3846 5070 discipulos,

2217 5084 2380 5148 atque
2409 5079 2468 5132 in
2496 5076 2736 5145 ejusdem
2768 5076 3109 5132 monasteriis
3132 5075 3480 5144 potissimum
3518 5074 3680 5128 etimit.

2145 5172 2544 5247 SYNOPSIS.‘—
2599 5169 2679 5247 De
2722 5165 3103 5247 Avgllanensi
3136 5170 3189 5223 et
3214 5165 3605 5247 .Pomposiano
3650 5181 3849 5246 mona-

2213 5244 2404 5308 sterio,
2446 5240 2507 5297 in
2556 5240 2768 5308 quibus
2817 5240 3016 5296 Petrus
3063 5237 3383 5295 Damianus
3422 5237 3587 5307 vixit,
3645 5237 3848 5308 remis-

2212 5314 2352 5370 sive.
2380 5307 2612 5370 Num.f.
2644 5311 2705 5365 In
2773 5309 3118 5367 monasterio
3163 5308 3220 5367 S.
3252 5308 3537 5367 Vincentii
3578 5309 3647 5365 de
3688 5307 3852 5366 Petra

2248 5389 2438 5460 ertusa
2498 5379 2856 5460 Ijomualdtis
2916 5396 3059 5460 cum
3120 5380 3444 5460 discipulis“
3489 5379 3725 5460 habitat.
3776 5381 3849 5460 _2_,

2243 5454 2433 5512 bidem
2504 5452 2706 5509 Petrus
2772 5451 3082 5510 Damianus
3152 5450 3343 5510 Vitam
3410 5450 3467 5509 S.
3542 5451 3852 5510 Ilomualdi

2210 5524 2456 5605 scripsit.
2495 5523 2673 5605 3_..Ex
2723 5522 3047 5605 Vnita'Petri
3088 5523 3639 5605 Damianimconstat
3681 5522 3850 5605 illum

2209 5597 2281 5658 ad
2326 5592 2684 5658 'ccenobium
2750 5594 2807 5655 S.
2874 5594 3161 5654 Vincentii
3218 5593 3558 5654 constitisse.
3597 5594 3649 5652 4.
3691 5592 3851 5652 Idem
