4106 6204
260 240 325 302 Si
1178 241 1237 300 S.
1285 239 1577 300 PETBUS
1614 237 2008 299 DAMIANUS
2048 236 2108 299 S.
2150 238 2221 297 R.
2262 238 2328 297 E.
2371 236 2851 298 GARDINALIS.

3704 245 3774 304 5‘2.

344 366 576 443 habitus
621 365 1096 443 inhmonasterio,
1124 366 1307 443 atque
1342 366 1404 425 in
1439 366 1831 443 _Avellan_ensi
1880 365 1981 443 de—
2004 366 2174 425 Aetc.
2219 332 2305 435 et,
2326 380 2448 438 cap.
2479 364 2569 432 57,
2601 364 2870 423 meminit
2913 364 3026 425 BB.
3064 366 3372 426 Gaudentii
3415 372 3472 426 et
3512 367 3770 443 Berardi,

335 441 624 507 gentibus.
684 440 735 498 5.
793 439 1052 509 Candidi,
1086 446 1142 495 et
1195 438 1313 497 albi
1369 438 1575 496 coloris
1627 438 1968 509 differentia.

331 514 475 569 Ibid.
505 513 731 572 Rursus
760 513 833 569 ad
859 511 1011 569 idem
1042 508 1462 568 monasterium
1507 509 1708 566 Petrus
1740 508 1973 565 Damia-

337 599 454 640 nus
527 585 795 641 mittitur.
853 582 905 642 6.
964 581 1111 639 Aliis
1172 581 1396 639 vicibus
1453 580 1670 638 ibidem
1736 580 1969 645 habitat,

339 655 580 731 ejusque
607 662 814 731 statuta
842 653 1053 731 ibidem
1091 652 1466 731 recipiuntur.
1510 653 1561 709 7.
1596 650 1973 731 severissime

338 722 621 801 divinitus
671 726 910 801 punitur
964 725 1136 801 illud_
1171 722 1525 801 emnobium,
1582 723 1655 801 ob
1693 722 1972 801 violatam

337 796 606 872 Damiani
668 793 1025 855 decretorum
1056 794 1533 872 _observantiam.
1595 795 1649 851 8.
1688 793 1975 872 Damiani

334 883 467 938 erga
538 869 690 925 idem
762 867 1179 926 monasterium
1242 881 1431 936 amor,
1499 871 1555 923 et
1620 865 1967 938 sollicitudo.

334 936 752 998 9(Diutissime
798 939 1011 995 ibidem
1069 946 1457 996 conversatur.
1516 938 1599 995 10.
1653 936 1710 995 S.
1768 936 1968 996 Salva-

334 1011 475 1069 toris
543 1010 869 1068 coenobium
924 1010 985 1066 in
1035 1008 1316 1066 Perusino
1373 1008 1656 1066 territorio
1686 1024 1718 1064 a
1754 1008 1813 1065 S.
1850 1007 1967 1065 Ro-

335 1081 572 1139 muaido
619 1088 1036 1150 constructum,
1079 1080 1173 1138 cui
1209 1080 1444 1150 praefuit
1491 1080 1694 1137 Petrus
1738 1079 1967 1136 Damia-

331 1167 462 1209 nus.
514 1154 595 1210 11.
629 1152 875 1210 Ercmus
927 1152 1141 1224 montis
1193 1150 1402 1224 Pregii
1433 1169 1481 1224 a_
1529 1150 1586 1209 S.
1644 1151 1968 1224 Romualdo

330 1224 867 1296 primum,rdeindeg
900 1239 934 1280 a
982 1223 1262 1296 Damiano
1310 1222 1700 1296 ‘inhabitatur.
1757 1222 1967 1296 l?.__De

332 1292 463 1352 aliis
518 1295 658 1353 locis
715 1295 788 1352 ab
840 1294 1162 1352 Bomualdo
1219 1295 1578 1363 constructis,
1638 1294 1697 1350 in
1750 1292 1967 1363 quibus

329 1366 647 1439 Damianus
688 1372 742 1424 et
788 1367 915 1439 ejus
956 1364 1226 1439 discipuli
1278 1366 1572 1439 vixerunt.
1622 1365 1705 1439 l3.
1741 1364 1806 1439 B.
1851 1364 1965 1421 Do-

326 1437 581 1509 minicus
612 1436 906 1509 Loricatus
935 1437 1045 1509 sub
1066 1437 1355 1509 Damiani,
1375 1436 1702 1509 magisterio
1741 1436 1963 1509 vivens,

320 1508 477 1580 prior
514 1509 694 1567 eremi
729 1508 921 1566 Sitrite
950 1525 983 1565 a
1017 1507 1075 1566 S.
1116 1508 1439 1567 Romualdo
1478 1507 1833 1580 ‘constructae
1863 1507 1957 1580 fa-

325 1578 450 1636 ctus
496 1587 597 1637 est.
638 1581 719 1637 14.
752 1580 910 1638 Idem
957 1581 1027 1636 ad
1077 1595 1337 1637 eremum
1392 1580 1603 1637 montis
1644 1578 1963 1648 Suavicini,

327 1665 502 1723 quam
548 1652 754 1709 Petrus
786 1651 1127 1724 Damianus,
1169 1652 1526 1724 fundaverat,
1559 1651 1727 1724 morti
1774 1649 1967 1724 proxi-

2058 453 2162 525 qui
2191 453 2254 511 in
2284 454 2483 512 eodem
2514 453 2573 513 S.
2607 453 2893 513 Vincentii
2922 457 3183 514 coenobio
3211 457 3322 515 sub
3351 457 3417 515 D.
3460 458 3770 517 Romualdi

2058 543 2387 616 magisterio
2443 544 2731 615 vixerant,
2790 550 2962 617 atque
3023 546 3079 603 in
3129 545 3384 618 ejusdem
3431 546 3768 605 monasterii

2058 631 2387 689 cmmeterio
2438 631 2650 702 pariter
2702 637 2840 689 sunt
2891 633 3206 701 tumulati;
3260 649 3511 707 cumque
3564 649 3769 693 eorum

2054 721 2219 789 alter,
2249 736 2458 792 nempe
2483 719 2859 791 Gaudentius,
2886 728 3206 779 revocatam
3230 723 3340 780 sibi
3364 739 3397 779 a
3423 723 3765 790 Romualdo,

2057 809 2130 868 ob
2180 809 2420 867 Tedaldi
2470 810 2919 881 suggestionem,
2952 810 3317 869 abstinentiae
3360 812 3587 887 pridem
3629 828 3768 871 con-

2055 915 2230 957 cessa)
2277 898 2568 956 licentiam
2612 900 2851 972 indigne
2881 901 3089 969 ferens,
3124 900 3194 958 ad
3235 900 3628 973 Ingelbertum
3668 904 3767 961 dc-

2056 989 2300 1056 fecisset,
2333 988 2687 1060 proiudeque
2716 988 2775 1044 in
2808 1014 2835 1037 α
2860 989 3333 1061 prtevaricatione
3358 990 3768 1050 inobedientiaa

2056 1079 2234 1137 vitam
2287 1077 2485 1135 ﬁnisse
2530 1100 2551 1129 ι
2590 1077 2903 1149 videretur,
2961 1102 2982 1130 ι
3030 1078 3392 1138 Romualdus
3446 1081 3767 1138 orationem

2055 1185 2159 1243 pro
2213 1185 2280 1227 eo
2327 1169 2452 1227 fieri
2502 1168 2735 1242 penitus
2792 1168 3114 1239 interdixit,
3158 1172 3281 1225 licet
3329 1169 3388 1226 in
3442 1170 3768 1228 cmmeterio

2052 1259 2118 1317 B.
2152 1258 2468 1329 Vincentii,
2494 1260 2665 1333 juxta
2709 1275 2916 1333 corpus
2953 1258 3189 1317 Berardi
3234 1258 3588 1317 venerabilis
3632 1258 3766 1330 viri,

2053 1348 2156 1421 qui
2184 1364 2351 1421 teque
2376 1348 2689 1406 Romualdi
2714 1347 3037 1421 discipulus
3065 1348 3265 1415 fuerat,
3302 1371 3321 1399 κ
3356 1348 3569 1423 apponi
3598 1364 3766 1407 man-

2054 1438 2287 1495 dasset:
2328 1452 2529 1495 verum
2572 1438 2646 1495 ob
2695 1437 2999 1507 visionem,
3046 1453 3159 1495 non
3204 1438 3440 1511 quidem
3489 1437 3758 1507 Berardo,

2054 1535 2119 1584 ut
2144 1525 2576 1584 Macchiarellus
2602 1531 2793 1583 noster
2806 1530 2970 1600 putat
2997 1525 3060 1582 in
3088 1542 3192 1583 sua
3216 1525 3515 1599 Apologia,
3538 1541 3668 1599 pag.
3697 1526 3765 1583 ‘22

2053 1617 2208 1687 (nam
2260 1631 2336 1671 ex
2382 1614 2649 1687 proxime
2702 1614 2893 1673 allatis
2952 1613 3221 1672 Damiani
3268 1614 3478 1685 verbis,
3534 1620 3765 1689 totoque

323 1702 573 1779 saga;
599 1702 1957 1795 item;“i5:‘fsaaeisag“a"assimilatas,
1987 1708 2345 1795 Bconiexiu,
2375 1710 2496 1795 erat
2544 1703 2644 1795 ille
2694 1706 3121 1795 ρι’ωωοηῑυυδλ
3174 1702 3268 1760 Sed
3314 1702 3484 1795 alteri
3531 1704 3763 1795 cuidam

323 1799 421 1850 tan
465 1808 601 1851 uam
665 1792 878 1865 proprii
943 1793 1189 1863 alumni,
1261 1800 1806 1851 commemorantur.
1873 1792 1954 1850 16.

328 1862 393 1920 Β.
424 1810 547 1921 Ἱλυο
604 1863 793 1921 Sitriae
836 1866 1118 1921 reclusus.
1154 1866 1304 1921 Petri
1349 1864 1617 1921 Damiani
1668 1863 1954 1921 magister.

328 1862 393 1920 B.
432 1862 547 1935 Leo
604 1862 793 1922 same
836 1866 1118 1935 reclusus,
1154 1866 1304 1923 Petri
1349 1864 1617 1922 Damiani
1668 1863 1955 1935 magister.

328 1936 470 1993 Ibid.
496 1934 697 1994 Petrus
735 1936 1051 1994 Damianus
1097 1937 1394 1994 Glassense
1450 1936 1709 1993 nostrum
1756 1934 1959 1992 mona-

328 2007 571 2081 sterium
619 2007 881 2081 incoluit.
936 2008 1017 2065 17.
1075 2008 1353 2081 Propositi
1404 2006 1589 2081 nostri
1630 2022 1704 2063 ex
1756 2022 1961 2064 monu-

320 2078 536 2157 mentis
585 2079 898 2136 conclusio.
978 2076 1427 2157 18._._Multorum
1484 2076 1846 2157 scriptorum,
1883 2085 1962 2157 et

328 2149 505 2229 trium
538 2165 901 2229 summorum
928 2149 1266 2229 pontificum
1299 2149 1613 2207 auctoritas
1632 2165 1735 2229 pro
1767 2154 1961 2206 nostra

2053 1792 2333 1849 monacho
2356 1791 2426 1849 ad
2450 1791 2759 1865 utriusque
2785 1790 3113 1864 sepulcrum
3144 1792 3350 1862 oranti,
3381 1797 3552 1865 atque
3578 1807 3611 1848 a
3630 1791 3759 1850 den-

2048 1879 2193 1938 tium
2241 1879 2436 1938 dolore
2486 1880 2742 1949 liberato,
2777 1886 3088 1950 ostensam,
3133 1902 3153 1931 ι
3190 1879 3549 1939 Romualdus
3599 1878 3757 1937 illico

2047 1967 2318 2039 praecepit
2349 1966 2625 2025 fratribus
2652 1974 2716 2024 ut
2740 1966 2858 2039 jam
2882 1967 3203 2025 Gaudentio
3231 1967 3538 2023 fraternam
3566 1965 3759 2023 chari-

2051 2062 2222 2114 tatem
2254 2055 2679 2129 impenderent,
2710 2061 2880 2128 atque
2912 2071 3015 2129 pro
3045 2070 3110 2113 eo
3138 2054 3374 2112 enixius
3400 2060 3655 2112 orarent.
3694 2077 3714 2105 ι

2120 2144 2223 2203 ΙΙΙ.
2247 2145 2315 2201 In
2343 2145 2450 2202 hoc
2476 2145 2659 2217 igitur
2689 2145 3037 2203 monasterio
3064 2144 3121 2203 S.
3160 2142 3464 2213 Vincentii,
3505 2145 3763 2216 adeoque

327 2222 774 2306 sententia._19(.‘
827 2220 1174 2306 Ανρμίξηίῐῑβ
1230 2236 1469 2306 Οῐῐῌπεε,¹
1504 2220 1655 2306 ουιηί
1702 2220 1961 2306 ῙΡΞΡἯΨ
2048 2233 2199 2290 inter
2253 2232 2584 2306 superstites
2641 2231 2954 2290 Romualdi
3007 2233 3322 2305 discipulos
3370 2235 3629 2289 versatus
3676 2237 3759 2288 est

325 2291 608 2361 etenobio,
642 2291 702 2348 in
737 2291 1266 2349 Camaldulensium
1310 2291 1407 2364 jus
1455 2290 1827 2348 transierunt.
1866 2290 1954 2347 20.
2048 2324 2251 2383 Petrus
2295 2290 2634 2394 ﬁamianus,
2668 2322 2786 2380 imo
2831 2338 2899 2379 eo
2943 2322 3052 2380 loci
3085 2290 3276 2379 νήθη]
3323 2322 3510 2394 ipsum
3554 2320 3611 2380 δ’
3642 2321 3756 2379 Βο-

326 2413 373 2470 Ι.
403 2414 565 2472 Nihil
598 2417 783 2485 magis
812 2417 1029 2474 evincit
1050 2417 1283 2474 Petrum
1315 2413 1666 2473 Damianum
1698 2413 1806 2471 sub
1841 2413 1957 2471 Ro-
2048 2414 2271 2473 mualdi
2299 2412 2618 2486 descripsit,
2653 2420 2719 2471 ut
2756 2412 2975 2471 notavit
3002 2412 3316 2471 Fortunius
3349 2413 3500 2470 IIist.
3538 2413 3753 2472 Camal.

252 2502 476 2561 mualdi
510 2506 790 2565 meruisse
832 2507 1139 2581 disciplina
1172 2514 1343 2580 atque
1375 2507 1525 2564 inter
1565 2508 1691 2580 ejus
1716 2505 1961 2563 asseclas
2046 2509 2193 2578 part.
2224 2516 2286 2574 Π,
2320 2502 2357 2559 1.
2395 2514 2454 2573 v,
2485 2517 2606 2575 cap.
2639 2501 2672 2560 6
2697 2521 2710 2569 ;
2739 2508 2913 2575 atque
2947 2510 3136 2575 aperte
3167 2502 3458 2575 colligitur
3487 2519 3558 2561 ex
3591 2502 3757 2560 initio

261 2594 562 2651 numerari
606 2594 835 2666 debere,
869 2611 1045 2669 quam
1091 2595 1368 2663 locorum,
1400 2593 1616 2667 quibus
1660 2593 1758 2650 ille
1808 2609 1961 2667 prze-
2046 2592 2203 2650 citati
2253 2591 2454 2666 capitis
2500 2591 2567 2649 5‘7
2620 2590 2768 2649 Vitae
2823 2590 2880 2649 S.
2918 2589 3120 2659 Patris,
3166 2591 3269 2649 ubi
3317 2590 3637 2651 Damianus
3676 2592 3758 2650 sic

248 2681 380 2750 fuit,
414 2687 516 2740 aut
548 2682 610 2740 in
646 2684 864 2758 quibus
901 2691 986 2742 est
1025 2685 1351 2744 diutissime
1398 2690 1787 2755 conversatus,
1820 2700 1959 2742 mox
2047 2683 2308 2756 loquitur
2336 2703 2348 2741 :
2384 2707 2409 2734 α
2440 2681 2608 2741 Alius
2640 2682 2813 2740 frater
2841 2680 3203 2740 Gaudentius
3244 2682 3502 2752 nomine,
3535 2682 3757 2741 abbatis

249 2771 600 2832 instituenda
657 2775 1079 2848 consideratio;
1140 2775 1277 2833 hinc
1326 2776 1485 2834 enim
1539 2774 1773 2848 patebit,
1843 2789 1961 2832 non
2048 2772 2315 2830 videlicet
2340 2772 2518 2846 hujus
2552 2767 2883 2828 monasterii
2914 2768 2973 2826 S.
3006 2768 3298 2828 Vincentii
3327 2777 3503 2843 pater.
3541 2770 3754 2838 nimum

246 2858 406 2920 aliud
451 2878 626 2936 quam
656 2862 713 2923 S.
749 2864 1058 2924 Bomualdi
1090 2866 1421 2923 institutum
1460 2865 1625 2937 sequi
1685 2864 1960 2939 potuisse,
2048 2864 2205 2922 enim
2248 2864 2515 2937 proxime
2556 2866 2723 2920 antea
2771 2861 2901 2917 talis
2950 2859 3282 2919 monasterii
3330 2860 3495 2917 nulla
3538 2861 3754 2919 mentio

248 2953 416 3027 cujus
462 2954 613 3012 inter
660 2953 973 3029 discipulos
1023 2955 1280 3031 quotidie
1339 2953 1588 3024 vivebat,
1645 2969 1963 3027 eorumque
2050 2958 2430 3025 praecesserat,
2458 2951 2552 3009 sed
2589 2950 2765 3008 ferme
2796 2948 2865 3005 de
2892 2949 3065 3021 gestis
3109 2950 3259 3021 apud
3297 2948 3526 3006 Sitriam
3564 2963 3753 3008 sermo

249 3040 487 3133 vivendi
538 3044 946 3133 consuetudini
980 3060 1042 3102 se
1076 3043 1485 3133 conformabat.
1522 3043 1595 3133 Et
1622 3043 1857 3133 quidem
1891 3042 2023 3133 dea

250 3129 450 3189 Fontis
480 3132 780 3190 Avellanm
807 3134 1088 3204 coenobio,
1116 3132 1270 3207 quod
1302 3131 1662 3206 frequentius
1700 3130 1961 3199 incoluit,

252 3219 401 3279 nihil
453 3227 538 3281 est
575 3224 729 3296 quod
769 3229 1112 3297 repetamus,
1143 3238 1279 3280 cum
1323 3222 1461 3279 satis
1503 3221 1682 3278 multa
1736 3220 1806 3278 de
1865 3219 1967 3276 illo

253 3311 531 3371 hactenus
566 3312 715 3372 dicta
764 3315 899 3385 sint,
927 3331 1060 3389 quae
1094 3314 1390 3388 negotium
1427 3313 1533 3370 hoc
1572 3311 1744 3386 plane
1782 3311 1965 3369 confi-

251 3398 434 3471 ciunt,
467 3400 607 3460 dum
650 3404 778 3477 ejus
821 3404 1243 3462 institutionem
1283 3418 1317 3459 a
1356 3402 1414 3460 S.
1448 3400 1771 3459 Bomualdo
1810 3400 1963 3457 deri-

253 3494 445 3547 vatam
494 3492 788 3552 evidenter
835 3494 1168 3552 ostendunt.
1200 3491 1310 3550 Sed
1356 3506 1543 3563 neque
1588 3490 1659 3547 de
1717 3490 1963 3563 Pompo-

253 3578 417 3637 siano
487 3583 854 3652 monasterio,
906 3580 1009 3640 ubi
1073 3582 1247 3639 ferme
1302 3579 1604 3638 biennium
1690 3579 1965 3652 expendit

250 3667 590 3742 Damianus,
618 3672 787 3745 juxta
816 3670 943 3743 ejus
974 3669 1165 3728 Vitam
1196 3670 1268 3727 ab
1295 3669 1519 3727 Joanne
1545 3668 1602 3728 S.
1639 3668 1749 3727 viri
1787 3668 1963 3726 disci-

247 3758 389 3830 pulo
436 3761 837 3832 conscriptam,
877 3776 998 3833 cap.
1048 3759 1101 3830 6,
1132 3758 1432 3834 quidpiam
1482 3758 1577 3816 hic
1632 3758 1959 3831 loquemur,

250 3861 324 3902 ne
385 3846 567 3918 magis
615 3846 907 3919 ambiguis
951 3847 1236 3918 exemplis
1276 3847 1609 3916 ambiguam
1642 3845 1791 3901 hanc
1818 3861 1961 3903 con-

253 3935 591 3994 troversiam
642 3936 916 3994 dirimere
969 3935 1113 3993 velle
1173 3936 1478 3994 videamur
1540 3955 1551 3992 :
1608 3934 1832 3992 tametsi
1884 3951 1957 3992 ex

249 4025 417 4083 dictis
466 4026 690 4084 dissert.
731 4039 772 4097 Ι,
797 4036 919 4099 cap.
954 4026 1008 4095 4,
1040 4040 1204 4082 num.
1240 4023 1294 4095 8,
1324 4040 1452 4097 pag.
1482 4021 1572 4089 70,
1603 4022 1740 4080 satis
1786 4022 1955 4080 inno-

251 4114 443 4185 tuerit,
470 4114 541 4171 ad
577 4114 885 4174 Romualdi
916 4129 1195 4181 normam,
1232 4112 1544 4170 eremiticae
1589 4128 1726 4169 cum
1758 4128 1955 4171 emno-

245 4203 421 4262 bitica
476 4204 588 4262 vita
628 4203 1092 4276 conjunctionem
1139 4202 1216 4260 ibi
1266 4202 1606 4273 invaluisse,
1637 4209 1691 4259 et
1716 4202 1786 4259 ad
1822 4219 1955 4275 pra-

246 4295 394 4364 xim,
428 4293 530 4351 illo
558 4294 681 4366 ipso
706 4292 974 4350 Damiani
1004 4298 1275 4366 tempore,
1308 4292 1486 4351 fuisse
1517 4293 1806 4349 redactam
1844 4293 1953 4351 sub

2049 3047 2189 3112 erat,
2222 3056 2341 3098 non
2385 3047 2566 3114 potest
2611 3039 2889 3097 ostensivi
2920 3039 3080 3096 illius
3124 3036 3485 3111 pronominis
3516 3062 3542 3085 κ
3577 3037 3752 3113 hujus

2048 3128 2382 3186 monasterii
2437 3150 2464 3180 »
2512 3126 2858 3196 signiﬁcatio
2901 3125 3016 3184 alio
3064 3125 3415 3200 detorqueri,
3469 3141 3642 3198 quam
3688 3131 3752 3185 ut

2046 3217 2117 3275 de
2164 3215 2425 3275 ccenobio
2476 3216 2585 3274 sibi
2636 3218 2938 3289 praesente,
2975 3214 3071 3272 ubi
3117 3214 3383 3272 videlicet
3437 3221 3565 3272 actu
3609 3214 3751 3272 scri-

2045 3304 2235 3375 bebat,
2290 3304 2541 3378 intelligi
2594 3310 2826 3361 sanctus
2878 3303 3073 3361 doctor
3120 3302 3371 3363 voluerit
3429 3327 3442 3361 :
3498 3304 3639 3361 adeo
3687 3308 3753 3361 ut

2044 3396 2107 3454 in
2163 3397 2270 3455 hos
2328 3395 2894 3455 San-Vincentianos
2946 3395 3259 3453 monachos
3313 3393 3475 3453 cadat
3528 3394 3752 3452 illustre

2044 3487 2271 3556 Egregii
2347 3490 2816 3559 cognomentum,
2869 3499 2986 3557 quo
3065 3483 3122 3541 S.
3185 3483 3371 3541 Patris
3438 3483 3750 3557 discipulos

2043 3574 2437 3634 cohonestavit
2462 3574 2525 3632 in
2557 3575 2682 3648 ejus
2714 3572 2860 3631 Vitae
2888 3572 3186 3646 prommio,
3214 3572 3293 3630 ibi
3321 3592 3332 3631 :
3374 3594 3396 3624 ι
3432 3572 3749 3631 Multorum

2043 3664 2288 3723 fratrum
2342 3662 2611 3736 precibus
2665 3668 2718 3719 et
2772 3677 3045 3733 germana
3100 3660 3374 3719 charitate
3423 3661 3744 3731 devinctus,

2041 3759 2196 3833 quod
2241 3758 2312 3816 de
2357 3757 2627 3829 prtedicto
2674 3754 2927 3813 mirabili
2966 3755 3091 3813 viro
3125 3755 3198 3812 ab
3232 3754 3478 3828 egregiis
3505 3755 3629 3827 ejus
3657 3752 3746 3811 di-

2041 3846 2283 3920 scipulis
2314 3846 2515 3916 didici,
2553 3844 2874 3916 aggrediar,
2905 3844 3021 3901 Deo
3061 3849 3312 3915 auctore,
3343 3842 3681 3901 describere.
3722 3864 3743 3894 ι

2040 3936 2206 3994 Unde
2238 3935 2299 3992 in
2334 3933 2753 4007 nuncupatoria
2792 3931 3064 3990 editionis
3111 3932 3390 3990 Romanae
3433 3932 3570 3989 anni
3613 3929 3748 3989 1656

2041 4026 2187 4082 Vitas
2234 4022 2293 4082 S.
2324 4022 2629 4082 Bomualdi
2676 4038 2710 4080 a
2755 4021 2922 4079 Petro
2974 4021 3257 4080 Damiano
3314 4022 3632 4096 descriptae,
3667 4021 3747 4079 sic

2034 4113 2427 4173 Romualdum
2467 4114 2660 4186 ipsum
2703 4118 2902 4171 auctor
2942 4112 3257 4184 alloquitur
3299 4132 3312 4171 :
3361 4138 3387 4161 ‹‹
3436 4112 3744 4186 Postquam

2034 4206 2152 4277 ille,
2187 4228 2211 4254 π
2244 4220 2452 4278 nempe
2478 4204 2810 4273 Damianus,
2847 4224 2873 4256 «
2904 4219 3090 4262 mores
3138 4211 3265 4262 tuos
3307 4218 3439 4262 cum
3488 4203 3746 4262 vestibus

2034 4294 2125 4352 tui
2149 4293 2371 4351 ordinis
2397 4291 2607 4363 induit,
2636 4293 2698 4350 iu
2725 4292 2782 4351 S.
2816 4292 3104 4350 Vincentii
3135 4293 3479 4352 monasterio
3507 4293 3742 4367 degens.

250 4382 309 4441 S.
342 4382 626 4453 Guidone,
663 4381 765 4455 qui
796 4397 871 4438 ex
901 4381 1181 4439 monacho
1222 4381 1469 4438 cmnobii
1511 4383 1691 4439 nostri
1742 4382 1801 4443 S.
1847 4384 1950 4442 Se-
1981 4385 2146 4485 Dubi
2205 4391 2269 4443 tu
2340 4384 2693 4457 (Romualde)
2759 4385 3118 4444 sanctissime
3193 4386 3444 4455 vixeras,
3526 4385 3745 4459 aliique

245 4472 390 4543 veri,
426 4471 839 4543 Pomposianus
862 4469 1039 4528 abbas
1065 4468 1303 4527 effectus
1331 4475 1433 4526 est.

316 4561 393 4619 ΙΙ.
423 4560 666 4619 Initium
715 4568 911 4617 autem
956 4558 1237 4616 ducemus
1266 4576 1299 4615 a
1339 4558 1685 4617 monasterio
1713 4557 1771 4617 S-.
1811 4559 1955 4618 Vin-

245 4650 418 4709 centii
463 4651 536 4708 de
560 4651 725 4709 Petra
769 4649 1028 4717 Pertusa,
1064 4647 1217 4722 quod
1250 4648 1310 4704 in
1342 4646 1604 4705 Urbinati
1646 4648 1950 4720 territorio,

245 4743 279 4800 8
314 4756 588 4813 passuum
636 4740 901 4798 millibus
953 4738 1168 4796 Urbino
1215 4737 1435 4796 distans
1476 4738 1618 4797 olim
1662 4739 1948 4811 surgebat,

244 4844 404 4885 nunc
456 4829 714 4901 ejusdem
774 4826 937 4886 urbis
985 4825 1274 4884 canonicis
1326 4826 1622 4884 addictum
1675 4827 1950 4900 reliquias

242 4915 525 4975 duntaxat
554 4917 812 4990 pristinae
840 4914 1260 4991 magnitudinis
1288 4916 1565 4973 ostendat.
1595 4915 1705 4972 Hic
1737 4916 1774 4974 S
1831 4916 1949 4973 Ro-

245 5008 548 5066 mualdum
599 5009 944 5076 consedisse,
980 5014 1151 5080 atque
1189 5006 1326 5064 huic
1369 5005 1478 5079 ipsi
1517 5005 1780 5064 coenobio
1820 5021 1948 5064 ere-

243 5112 408 5155 mum
455 5097 814 5171 adjunxisse,
848 5103 1040 5156 narrat
1094 5095 1411 5154 Damianus
1452 5095 1511 5153 in
1553 5095 1683 5152 Vita
1734 5094 1792 5153 S.
1830 5094 1947 5153 Ro-

241 5189 480 5259 mualdi,
515 5200 634 5261 cap.
670 5189 733 5246 ’13
767 5210 779 5248 :
818 5216 844 5238 «
876 5190 945 5247 In
978 5189 1288 5248 Petranum
1325 5195 1599 5259 montem,
1634 5204 1749 5246 non
1779 5189 1946 5262 longe

238 5277 504 5335 videlicet
554 5293 588 5334 a
644 5279 993 5335 monasterio
1056 5276 1113 5335 S.
1178 5275 1488 5346 Vincentii,
1549 5275 1701 5349 quod
1774 5275 1943 5349 juxta

237 5365 641 5424 Candilianum
697 5364 1074 5423 constitutum
1125 5372 1210 5422 est
1264 5364 1532 5432 ﬂuvium,
1584 5363 1943 5423 Romualdus

2043 4490 2118 4532 ex
2149 4480 2246 4532 tua
2278 4473 2583 4547 disciplina
2623 4475 2735 4532 viri
2776 4475 3157 4533 sanctimonia
3205 4475 3341 4533 vita:
3394 4474 3745 4547 percelebres

2040 4564 2195 4623 diem
2237 4570 2566 4621 extremum
2615 4563 2957 4629 clauserant,
2985 4579 3120 4622 cum
3170 4563 3318 4621 inibi
3372 4562 3742 4622 animadver-

2042 4658 2181 4711 teret
2229 4652 2580 4712 eximiarum
2638 4653 2921 4710 virtutum
2970 4653 3212 4726 vestigia
3249 4670 3365 4713 non
3397 4654 3602 4713 leviter
3627 4653 3740 4712 im-

2038 4757 2252 4816 pressa,
2282 4741 2508 4815 ipsique
2537 4741 2777 4813 parietes
2803 4741 2941 4799 vitae.
2966 4749 3079 4801 tua:
3124 4741 3307 4799 beataa
3366 4742 3741 4801 suavissimus

2037 4831 2274 4904 spiritus
2318 4829 2406 4887 illi
2452 4828 2731 4893 amarent,
2766 4830 2971 4903 adjecit
3018 4831 3305 4899 animum,
3338 4836 3399 4889 ut
3453 4832 3598 4889 facta
3640 4837 3738 4888 tua

2034 4919 2265 4977 hcroica
2294 4917 2540 4991 publicis
2569 4918 2957 4975 monumentis
2984 4919 3365 4993 consignaret,
3403 4944 3424 4973 ι»
3456 4928 3562 4980 etc.

2104 5007 2203 5066 IV.
2250 5006 2357 5066 Sed
2398 5012 2453 5064 et
2492 5006 2554 5063 in
2590 5005 2740 5063 Petri
2769 5005 3034 5064 Damiani
3072 5008 3208 5078 vita,
3250 5010 3321 5068 ab
3353 5010 3573 5069 Joanne
3611 5011 3737 5083 ejus

2031 5097 2314 5172 discipulo
2367 5097 2592 5170 scripta,
2658 5096 2743 5155 bis
2798 5098 2868 5155 ad
2923 5098 3261 5171 praedictum
3324 5099 3380 5158 S.
3444 5099 3734 5159 Vincentii

2031 5185 2360 5245 cmuobium
2394 5201 2454 5242 se
2493 5184 2801 5243 contulisse
2838 5186 3092 5258 dicitur;
3127 5187 3299 5247 semel
3337 5187 3573 5262 quidem
3611 5190 3733 5263 pri-

2030 5273 2141 5330 mis
2192 5273 2286 5331 sui
2348 5272 2611 5347 tyrocinii
2666 5273 2856 5346 aenis,
2912 5283 2996 5347 ut,
3052 5292 3173 5349 cap.
3217 5277 3267 5347 5,
3320 5283 3587 5334 narratur
3643 5277 3732 5334 his

2032 5361 2220 5420 verbis
2252 5386 2264 5419 :
2304 5386 2325 5413 ο(
2356 5362 2507 5420 Dum
2537 5362 2631 5421 hic
2665 5362 2890 5432 (Petrus
2917 5363 3206 5432 Damiani)
3238 5371 3385 5422 esset
3413 5364 3731 5439 aliquando

233 5454 597 5529 demigravit.
631 5452 845 5513 Volens
872 5460 1066 5513 autem
1105 5454 1296 5512 locum
1325 5453 1396 5510 ad
1429 5467 1687 5511 eremum
1722 5453 1939 5511 facien-
2025 5466 2161 5509 cum
2206 5444 2311 5511 suo
2346 5452 2705 5526 profecturus
2756 5438 3045 5527 magistro,
3093 5452 3418 5512 molliorem
3468 5438 3726 5532 scapula-

230 5544 365 5603 dam
390 5541 974 5615 idoneuminvenire,
1000 5539 1515 5618 praecepitcuidam
1537 5539 1934 5615 presbytero,»
2026 5557 2148 5602 rem
2198 5543 2441 5604 induere
2503 5550 2675 5618 atque
2731 5543 3116 5619 pulchriorem
3184 5560 3360 5620 quam
3418 5547 3723 5619 aﬂ‘ectaret,
