4106 6204
314 198 390 256 53

1213 202 1788 264 PROLEGOMENA.
1831 232 1892 244 -
1935 200 2031 260 DE
2064 198 2468 259 INSTITUTO
2504 196 2937 256 UAMALDUL.
3757 195 3826 254 54

316 339 542 400 equum
587 325 897 384 ascendere
938 326 1138 400 jussus
1183 335 1286 388 est.
1342 329 1562 404 Rogare
1619 327 1814 402 itaque
1861 325 2266 398 magi-Alium
2325 325 2678 384 Frontonem
2724 322 2797 380 de
2842 319 3166 380 ditferentia
3211 319 3626 380 vocabulorum
3673 320 3827 379 inter

318 419 507 471 strum
537 413 847 472 submissis
875 415 1046 489 cmpit
1085 417 1370 491 precibus,
1412 433 1485 476 ne
1523 417 1632 476 sibi
1672 418 1778 475 hoc
1821 416 2021 489 digna-

318 509 482 560 retur
511 503 843 574 praecipere,
877 504 1028 576 quod
1067 504 1191 579 ipse
1227 504 1500 575 nimium,
1539 506 1697 564 velut
1731 505 2027 575 indecens,

316 591 676 651 abhorreret.
718 591 990 664 Magister
1026 609 1164 651 vero
1201 595 1329 667 ejus
1365 595 1634 668 precibus
1667 595 2030 670 acquiescere

318 681 574 750 nolebat,
633 697 708 738 ne
747 680 1102 754 vilipendere
1140 682 1434 742 videretur
1470 684 1818 759 discipulum
1855 701 2030 760 quem

316 769 597 840 diligebat
634 777 906 844 tanquam
941 773 1208 844 unicum,
1245 774 1293 832 si
1333 775 1414 832 sic
1457 791 1616 844 eum,
1649 776 1817 849 juxta
1855 791 2030 834 suum

315 857 698 930 desiderium,
743 875 942 918 secum
977 861 1334 934 permitteret
1379 863 1667 922 incultum
1707 865 2024 937 procedere.

315 947 655 1021 Discipulus
710 956 903 1008 autem
949 950 1130 1020 longe
1181 951 1348 1010 aliter
1403 953 1676 1021 sentiens,
1727 959 2030 1027 totumque

315 1035 598 1095 aliorsum
639 1045 1004 1108 convertens,
1039 1040 1289 1099 nimium
1331 1043 1700 1100 erubescebat
1729 1043 2030 1102 smculari-

311 1125 429 1185 bus
450 1128 573 1202 jam
598 1145 873 1203 apparere
904 1130 1211 1202 nitidulus,
1240 1148 1314 1190 ne
1340 1133 1480 1206 ipse,
1513 1133 1612 1206 qui
1645 1133 1782 1192 olim
1817 1134 2029 1194 smculo

311 1219 687 1278 renuntiasse
741 1219 1064 1291 videbatur,
1120 1223 1457 1282 smcularem
1515 1241 1785 1299 pompam
1837 1227 2029 1286 adhuc

309 1311 628 1370 carnaliter
674 1328 936 1386 quaerere
993 1320 1312 1388 putaretur.
1369 1316 1534 1386 Quod
1577 1323 1766 1376 tamen
1817 1334 2028 1394 oppro-

310 1401 512 1459 brium
563 1397 752 1460 uiulto
807 1403 988 1477 magis
1044 1402 1144 1462 ille
1199 1405 1416 1476 subire,
1472 1423 1644 1480 quam
1697 1407 2028 1468 inobedien—

314 1490 419 1548 tim
475 1495 676 1548 notam
729 1492 954 1564 maluit,
1016 1509 1191 1568 quam
1257 1494 1524 1554 videlicet
1577 1496 1874 1556 incurrere
1927 1515 2028 1557 ve-

311 1579 656 1638 hementius
682 1583 936 1657 expavit.
981 1583 1299 1643 Videbatur
1334 1587 1490 1646 enim
1531 1588 1666 1660 sibi,
1705 1599 1876 1664 prout
1909 1591 2028 1666 ipse

2114 421 2428 488 utrumque
2459 414 2541 472 sic
2569 411 3046 484 distinguentem,
3089 415 3155 468 ut
3199 435 3222 458 «
3253 408 3562 468 candidum
3594 409 3823 482 proprie

2113 503 2337 562 dicatur
2365 502 2519 577 quod
2550 501 2616 558 fit
2647 516 2810 571 cura,
2843 500 3040 560 album
3083 499 3240 576 quod
3281 499 3344 558 ﬁt
3383 508 3610 558 natura.
3653 520 3674 550 ι
3709 499 3821 560 Sed

2113 595 2222 653 hoc
2245 593 2428 652 obiter
2452 592 2753 650 adnotasse
2784 590 3048 649 suﬂiciat.

2185 685 2286 744 VI.
2323 685 2590 744 Secundo
2619 685 2691 742 ad
2731 683 2883 741 idem
2915 682 2973 741 S.
3008 680 3297 740 Vincentii
3325 679 3656 740 cmnobium
3691 679 3824 737 mis-

2114 788 2213 830 sus
2239 771 2452 845 legitur
2483 771 2684 830 Petrus
2719 769 3056 840 Damianus,
3093 775 3158 828 ut
3191 770 3505 828 monachos
3538 767 3669 825 illos
3696 773 3820 825 tum

2113 861 2176 918 in
2207 860 2383 919 sacris
2413 859 2619 918 litteris
2647 858 2919 929 erudiret,
2952 865 3077 917 tum
3114 859 3185 916 ad
3228 857 3604 915 monasticam
3635 855 3818 929 perfe-

2115 951 2366 1008 ctionem
2398 949 2640 1008 uberius
2675 954 3057 1023 promoveret,
3093 953 3156 1006 ut
3182 947 3335 1006 idem
3364 947 3616 1006 Joannes
3645 944 3814 1002 disci-

2110 1038 2290 1112 pulus
2345 1037 2496 1096 Petri
2539 1037 2808 1096 Damiani
2850 1043 3086 1095 testatur
3130 1036 3190 1095 in
3241 1038 3367 1111 ejus
3406 1035 3536 1093 Vita
3579 1050 3701 1108 cap.
3747 1033 3816 1090 6:

2119 1148 2139 1176 ι
2179 1125 2412 1184 Peracto
2443 1126 2620 1197 igitur
2645 1141 2780 1184 cum
2814 1126 2936 1184 suis
2963 1125 3346 1184 confratribus
3375 1121 3642 1198 permissi
3674 1128 3818 1180 tem-

2112 1213 2268 1287 poris
2309 1214 2509 1288 spatio,
2569 1213 2780 1272 iterum
2818 1211 3078 1286 ejusdem
3129 1213 3210 1271 rei
3260 1212 3458 1286 gratia,
3513 1209 3617 1268 ob‘
3641 1222 3821 1282 quam

2117 1302 2476 1376 Pomposiam
2517 1301 2680 1372 ierat,
2719 1303 2789 1360 ad
2833 1301 2890 1361 S.
2924 1301 3236 1372 Vincentii,
3271 1302 3440 1374 cujus
3485 1313 3657 1373 supra
3695 1311 3820 1354 me-

2114 1389 2414 1459 minimus,
2454 1391 2872 1449 monasterium
2910 1408 3146 1466 pergere
3178 1391 3434 1466 jubetur.
3470 1390 3558 1448 Ibi
3589 1403 3820 1462 quoque

2114 1476 2458 1550 aliquandiu
2500 1486 2908 1551 commoratus,
2943 1495 3314 1554 nequaquam
3343 1477 3534 1552 segnis
3559 1494 3592 1534 a
3623 1476 3822 1535 Domi-

2114 1567 2264 1624 nicm
2313 1567 2502 1625 vinem
2546 1569 2776 1627 cultura
2807 1569 3044 1644 quievit,
3079 1569 3282 1641 donec,
3330 1574 3666 1642 cooperante
3711 1565 3822 1624 sibi

312 1668 624 1739 referebat,
675 1653 1124 1748 ut'quicunque
1177 1674 1348 1734 illum
1400 1678 1479 1735 sic
1529 1653 1823 1752 comptum
1872 1653 2391 1756 etim-1309mm?
2432 1659 2668 1756 “b9ch
2709 1659 2802 1718 δαί
2851 1661 2904 1756 ff
2911 1658 3474 1756 “Ct_““1_fa"’}llams
3524 1653 3824 1756 infixam?”

317 1764 441 1817 tare
489 1767 813 1831 cernerent,
865 1761 1044 1836 digito
1094 1760 1574 1839 demonstrarent,
1619 1777 1673 1826 et
1712 1769 1868 1828 velut
1906 1787 2033 1831 car-

315 1847 518 1905 nalem
545 1849 972 1909 subsannarent
996 1872 1007 1910 :
1035 1851 1232 1928 sicque
1259 1871 1372 1913 non
1401 1856 1686 1926 monachi,
1712 1859 1811 1916 sed
1839 1862 2034 1933 sponsi

317 1950 537 1994 nomen
574 1944 852 2011 aptarent.
912 1941 1078 1999 Unde
1116 1949 1312 2001 tantus
1349 1945 1525 2003 rubor
1559 1944 1684 2018 ejus
1718 1947 2035 2006 suffuderat

319 2023 554 2094 faciem,
613 2033 678 2083 ut
730 2027 834 2084 vix
895 2037 1064 2102 caput
1114 2029 1352 2103 erigere,
1411 2032 1512 2090 vix
1566 2033 1626 2091 in
1699 2038 2034 2110 quempiam

317 2121 518 2188 posset
567 2115 716 2172 acies
774 2117 1075 2178 oculorum
1126 2120 1390 2194 dirigere.
1442 2121 1566 2181 Illis
1609 2133 1801 2183 autem
1853 2143 2037 2200 regre-

316 2203 649 2275 dientibus,
696 2223 827 2266 cum
870 2209 940 2266 ad
978 2209 1309 2269 etenobium
1351 2212 1407 2271 S.
1461 2214 1770 2287 Vincentii,
1816 2217 1909 2276 cui
1945 2221 2035 2276 vi-

317 2292 456 2350 cina
484 2309 657 2367 rupes
689 2293 854 2352 Petra
882 2305 1112 2369 pertusa
1151 2300 1496 2359 vocabulum
1529 2303 1756 2374 indidit,
1787 2321 2032 2378 perven-

323 2388 448 2470 tum
484 2383 720 2454 fuisset;
755 2385 876 2458 jam
903 2385 1136 2446 Domini
1163 2405 1368 2448 servus
1391 2389 1634 2450 ulterius
1661 2392 1807 2451 ferre
1836 2395 2037 2470 nequit

319 2469 786 2544 ignominiosum
849 2475 1115 2536 nitidulm
1171 2479 1343 2538 vestis
1393 2489 1660 2540 ornatum
1697 2503 1709 2541 :
1741 2485 2036 2544 occasione

319 2556 524 2632 itaque
556 2561 773 2620 ibidem
802 2564 1094 2641 paulisper
1125 2570 1450 2628 remorandi
1482 2577 1721 2645 reperta,
1765 2576 2037 2647 magister

321 2657 512 2722 erepto
553 2649 760 2710 itinere
814 2654 992 2714 tendit
1041 2659 1112 2716 ad
1165 2675 1451 2732 eremum,
1512 2661 1610 2720 ille
1660 2679 1795 2722 vero
1849 2665 2034 2723 alium

319 2735 433 2828 sibi
467 2741 827 2813 scapularem
859 2743 1230 2804 humiliorem
1264 2749 1510 2808 stamine
1538 2760 1593 2808 et
1622 2752 1806 2811 colore
1832 2753 2034 2828 acqui-

319 2827 507 2919 situm
567 2831 759 2890 induit
794 2852 806 2890 :
840 2834 1039 2911 sicque
1112 2839 1269 2897 velut
1325 2839 1568 2898 immani
1623 2844 1866 2913 sarcina,
1920 2827 2036 2919 qua

320 2918 637 2993 depressus
664 2923 944 2982 hactenus
974 2927 1179 3000 fuerat,
1217 2929 1479 3000 leviatus,
1525 2933 1870 3006 quantocius
1907 2918 2036 3007 pust

317 3009 666 3082 magistrum
704 3011 774 3069 ad
816 3014 1115 3087 proprium
1153 3023 1236 3075 est
1275 3019 1692 3078 monasterium
1725 3037 1990 3080 reversus

317 3115 700 3176 nequaquam
723 3104 880 3162 enim
909 3121 1005 3164 eos
1034 3123 1202 3182 teque
1229 3112 1585 3185 poterat,qui
1613 3113 1894 3184 squalidis
1916 3120 2036 3172 ute-

316 3190 544 3249 bantur
562 3192 839 3265 vestibus,
865 3197 1126 3255 venustis
1154 3197 1272 3270 ipse
1297 3199 1558 3270 indutus,
1591 3202 1841 3260 revisere
1861 3223 1872 3261 :
1892 3203 2036 3262 dum

317 3283 592 3341 moribus
625 3286 818 3344 ornari
853 3287 1040 3360 potius
1066 3289 1364 3363 gestirent,
1389 3307 1566 3364 quam
1598 3293 1872 3351 vestibus.
1908 3320 1934 3341 »

398 3371 472 3428 V.
501 3372 626 3442 Quo
651 3392 727 3434 ex
756 3376 876 3435 loco
897 3385 1089 3452 aperte
1118 3380 1314 3454 liquet,
1345 3382 1545 3440 eadem
1573 3382 1802 3441 habitus
1825 3385 2031 3458 specie,

318 3459 538 3532 colore,
576 3462 779 3534 forma,
823 3467 1266 3538 consuetudine,
1303 3476 1418 3526 tam
1448 3470 1825 3540 Avellanitas,
1859 3489 2034 3547 quam

321 3551 642 3611 monachos
669 3553 728 3613 S.
759 3554 1050 3616 Vincentii
1079 3557 1314 3617 indutos
1345 3559 1545 3629 fuisse,
1575 3561 1718 3620 dum
1747 3563 1900 3636 apud
1932 3563 2036 3621 hos

323 3638 649 3700 Damianus
675 3642 943 3703 idoneam
973 3647 1223 3706 tunicam
1250 3648 1540 3708 invenisse
1571 3649 1800 3721 dicitur,
1828 3667 1943 3723 qua
1963 3651 2034 3708 ad

323 3734 482 3803 illos,
521 3753 636 3794 uon
671 3736 790 3810 jam
827 3739 1058 3810 recenti,
1098 3747 1199 3798 aut
1237 3756 1420 3813 nuper
1460 3740 1576 3798 lota
1609 3748 1780 3809 veste,
1828 3757 1902 3799 ex
1949 3748 2032 3798 te-

323 3841 360 3879 ιι
373 3823 524 3882 uiori
548 3824 681 3882 lana
705 3834 992 3898 contexta,
1021 3828 1222 3886 candid
1235 3845 1322 3899 us,
1350 3835 1404 3887 et
1425 3827 1730 3899 nitidulus,
1763 3829 1862 3886 scd
1888 3845 2034 3888 cras-

322 3917 468 3975 siori
509 3917 776 3987 stamine,
805 3933 871 3974 ac
904 3919 1097 3976 nativa
1125 3919 1324 3978 ovium
1355 3918 1620 3976 albedine
1646 3919 1949 3992 squalidus
1980 3927 2034 3977 et

321 4005 611 4074 incultus,
655 4007 995 4080 ueterisque
1032 4007 1154 4066 suis
1194 4007 1466 4066 fratribus
1499 4007 1765 4084 concolor
1791 4026 2032 4083 appare-

321 4101 413 4152 ret
445 4117 457 4151 :
499 4093 777 4152 nimirum
807 4095 960 4168 apud
991 4103 1262 4171 utrosque
1292 4113 1405 4154 non
1431 4097 1778 4170 exquisitus,
1810 4106 1866 4155 et
1891 4098 2032 4155 affe-

316 4187 511 4243 ctatus
561 4186 784 4248 candor,
838 4186 940 4258 qui
994 4187 1104 4241 luci
1153 4187 1511 4260 potissimum
1570 4185 1762 4242 affinis
1810 4192 1914 4253 est,
1972 4192 2035 4243 ut

316 4273 554 4331 diSScrl.
605 4285 688 4344 ιιι,
739 4289 858 4346 cap.
911 4273 964 4342 6,
1017 4289 1178 4332 num.
1242 4273 1324 4342 16,
1363 4272 1756 4345 probavimus,
1802 4273 1900 4330 sed
1953 4275 2034 4328 al-

323 4365 460 4420 bedo
513 4363 758 4437 simplex
797 4366 1006 4436 pallori
1049 4363 1242 4436 potius
1283 4364 1608 4437 conjuncta,
1637 4362 1696 4420 in
1731 4378 1842 4420 usu
1877 4370 2028 4432 erat;

320 4454 396 4510 de
465 4469 584 4526 quo
641 4452 998 4523 discrimine,
1062 4453 1133 4510 ad
1197 4451 1524 4525 complures
1583 4451 2031 4512 Monasticarum

321 4541 758 4616 Antiquitatum
817 4547 1011 4600 textus
1060 4541 1475 4612 conciliandos,
1549 4549 1604 4600 et
1669 4542 2034 4600 auctoritates

323 4627 482 4687 Petri
540 4628 937 4688 Cluniacensis
987 4629 1088 4686 lib.
1135 4641 1218 4701 ιν,
1267 4645 1355 4702 ep.
1417 4628 1498 4698 t7,
1555 4645 1657 4686 nec.
1707 4646 1824 4686 non
1876 4629 2035 4688 Sma-

319 4717 490 4788 ragdi
543 4717 607 4774 in
665 4716 1039 4790 Expositione
1093 4717 1335 4790 Regula)
1386 4733 1508 4791 cap.
1568 4719 1656 4787 55,
1719 4717 2033 4776 candidum

321 4809 506 4866 vestis
560 4807 806 4866 colorem
865 4807 1364 4883 improbantium:
1404 4830 1425 4860 ι
1477 4807 1628 4878 Quia
1671 4808 1856 4882 magis
1905 4807 2033 4883 glo-

321 4899 500 4970 riam,
553 4913 729 4973 quam
785 4895 1163 4971 abjectionem
1217 4897 1502 4972 designat,
1565 4919 1584 4948 ι
1637 4912 1772 4956 cum
1827 4914 2036 4957 monu-

321 4989 559 5059 mentis,
592 4994 648 5046 et
692 4987 1095 5046 traditionibus
1139 5003 1240 5062 pro
1291 4987 1593 5046 monastici
1640 4988 1875 5046 habitus
1915 4988 2031 5047 albi

322 5086 551 5137 vetusta
579 5077 1019 5146 consuetudine,
1051 5076 1276 5134 dissert.
1310 5088 1396 5147 ιιι,
1430 5092 1553 5150 cap.
1585 5077 1637 5146 7,
1666 5093 1700 5135 a
1742 5092 1908 5136 num.
1948 5078 2030 5147 14,

320 5177 378 5227 ct
436 5168 710 5240 deinceps
753 5165 1016 5224 adductis
1067 5164 1516 5238 componendas,
1574 5166 1763 5240 legere
1806 5164 2033 5236 juvabit

323 5254 598 5316 Servium
627 5255 918 5327 insignem
948 5253 1388 5327 grammaticum
1422 5253 1481 5310 in
1511 5252 1612 5311 lib.
1641 5266 1702 5311 ιιι
1727 5253 2030 5325 Georgico-

2015 3042 2028 3092 ἶ

321 5361 456 5402 rum
494 5343 578 5400 sic
625 5341 972 5400 scribentem
1006 5365 1018 5399 :
1058 5364 1078 5392 ι
1115 5339 1296 5400 Aliud
1327 5349 1408 5400 est
1440 5340 1752 5400 candidum
1793 5359 1939 5414 esse,
1975 5342 2033 5399 id

317 5439 406 5491 est
453 5429 708 5505 quadam
769 5429 990 5487 nitente
1041 5427 1168 5487 luce
1225 5428 1547 5504 perfusum,
1599 5428 1758 5488 aliud
1810 5427 2032 5499 album,

321 5520 478 5598 quod
509 5519 714 5596 pallori
744 5525 967 5580 constat
1000 5536 1124 5580 esse
1150 5519 1448 5591 vicinum;
1485 5543 1512 5568 ι»
1549 5534 1657 5578 nec
1680 5534 1796 5578 non
1823 5518 2036 5578 Gorne-

2124 1751 2226 1803 rct.
2266 1767 2287 1796 ι
2325 1747 2514 1821 Atque
2546 1749 2651 1807 hac
2681 1748 2931 1808 secunda
2961 1749 3085 1807 vice
3125 1747 3495 1815 Damianum,
3534 1745 3608 1804 ab
3647 1744 3824 1818 hujus

2121 1836 2372 1894 cmuobii
2407 1838 2724 1909 monachis,
2761 1841 2827 1898 D.
2863 1839 3178 1899 Romualdi
3211 1836 3510 1913 discipulis
3538 1842 3824 1909 rogatum,

2122 1923 2444 1983 scribenda:
2475 1926 2784 1985 Romualdi
2818 1927 2968 1985 Vitae
2995 1927 3304 1986 consilium
3340 1927 3400 1984 in
3423 1941 3482 1983 se
3508 1923 3826 1997 suscepisse

2121 2021 2370 2085 constat;
2405 2032 2542 2086 nam
2583 2034 2656 2075 ex
2693 2034 2811 2076 una
2847 2026 3004 2092 parte
3037 2019 3268 2076 videtur
3296 2017 3456 2076 illam
3487 2029 3605 2072 non
3638 2030 3666 2070 a
3707 2028 3829 2070 sum

2121 2104 2516 2162 conversionis
2578 2105 2763 2166 initiis
2820 2108 3248 2182 conscripsisse,
3308 2123 3382 2164 ex
3435 2103 3556 2162 illis
3605 2101 3829 2176 prologi

2125 2192 2316 2250 verbis
2350 2211 2362 2249 :
2401 2220 2426 2242 ‹‹
2464 2195 2642 2254 Nobis
2691 2205 2884 2256 autem
2932 2199 2989 2256 in
3043 2206 3286 2270 angusto
3333 2194 3562 2253 cellulae
3615 2191 3830 2264 angulo

2121 2279 2510 2340 residentibus
2543 2284 2749 2341 utilius
2794 2293 2933 2356 erat,
2967 2287 3115 2343 sicut
3143 2285 3567 2359 proposuimus,
3598 2281 3831 2358 propria

2122 2375 2346 2440 peccata
2393 2370 2460 2426 ad
2515 2372 2721 2429 mentis
2773 2372 2968 2432 ocu'os
3021 2374 3254 2432 assidue
3309 2387 3594 2440 revocare,
3651 2384 3830 2443 quam

2121 2455 2330 2514 alienae
2381 2458 2616 2518 virtutis
2670 2461 2965 2519 historiam
3019 2469 3248 2533 texere;
3311 2460 3491 2533 magis
3533 2457 3831 2531 expediret

2121 2543 2411 2602 commissi
2463 2553 2652 2606 reatus
2691 2550 2955 2607 tenebras
2990 2549 3283 2624 plangere,
3323 2565 3498 2624 quam
3532 2546 3832 2622 splendida

2122 2632 2436 2690 sanctitatis
2465 2635 2720 2709 insignia
2749 2637 3032 2712 imperitis
3057 2637 3421 2696 sermonibus
3447 2636 3749 2696 offuscare.
3801 2657 3822 2686 ι

2129 2720 2211 2777 Ex
2241 2721 2356 2779 alia
2387 2739 2522 2781 vero
2549 2733 2723 2798 parte,
2757 2743 2872 2784 non
2901 2727 3083 2801 potuit
3103 2727 3262 2785 illam
3284 2725 3469 2800 prima
3493 2725 3616 2783 vice
3637 2725 3695 2781 in
3723 2723 3830 2780 hoc

2120 2814 2472 2872 monasterio
2513 2830 2771 2887 exarare,
2817 2833 2950 2875 cum
3009 2817 3066 2874 in
3121 2817 3362 2876 transitu
3403 2817 3690 2874 duntaxat
3745 2813 3829 2872 ibi

2120 2916 2374 2974 prmsens
2411 2903 2677 2972 adfuerit,
2719 2921 2826 2962 nec
2863 2921 3080 2964 moram
3114 2907 3272 2981 operi
3311 2905 3449 2964 huic
3485 2902 3828 2979 perficiendo

2117 2997 2498 3063 opportunam
2525 2991 2739 3050 ibidem
2771 2995 3028 3053 traxerit.

2055 3057 2098 3117 Ο
2191 3077 2317 3136 vn.
2378 3078 2604 3138 Rursus
2637 3081 2770 3140 aliis
2800 3082 3027 3140 vicibus
3056 3083 3115 3141 in
3151 3083 3210 3144 s.
3243 3082 3536 3142 Vincentii
3564 3081 3828 3140 coenobio

2119 3166 2338 3226 diutius
2364 3170 2604 3239 vixisse,
2639 3187 2706 3230 ac
2734 3181 2860 3247 post
2891 3180 3220 3245 susceptum
3259 3172 3643 3232 Eremitarum
3675 3171 3828 3244 regi-

2118 3271 2250 3312 men
2291 3258 2414 3330 ejus
2447 3259 2728 3333 spirituali
2765 3261 3065 3320 dircctioni
3093 3262 3335 3320 sollicite
3361 3261 3694 3336 invigilasse
3715 3261 3827 3319 Ila-

2120 3347 2405 3420 mianum,
2462 3358 2682 3409 constat
2739 3369 2814 3411 ex
2873 3357 3007 3411 tom.
3067 3351 3095 3410 Ι
3148 3352 3405 3426 ejusdem
3459 3353 3518 3412 S.
3579 3351 3826 3410 doctoris

2117 3435 2219 3492 lib.
2255 3447 2332 3506 VI,
2365 3452 2453 3510 ep.
2489 3437 2577 3506 32,
2608 3439 2710 3497 ubi
2745 3441 3011 3514 exempla
3050 3441 3337 3498 relaturus
3366 3456 3437 3498 ex
3475 3439 3567 3506 iis,
3597 3455 3729 3513 quae
3763 3440 3826 3496 in

2117 3523 2267 3581 dicto
2307 3530 2652 3586 monasterio
2691 3531 3066 3603 contigerant,
3108 3532 3400 3586 domestica
3434 3529 3530 3587 illa
3567 3545 3691 3586 esse
3729 3543 3827 3585 no-

2121 3617 2215 3682 tat,
2249 3620 2419 3688 atque
2447 3632 2477 3672 a
2501 3622 2790 3691 praeceptis
2811 3618 2954 3675 inibi
2981 3619 3318 3677 auctoritate
3343 3635 3449 3676 sua
3475 3618 3818 3683 constitutis,

2117 3708 2171 3758 et
2201 3705 2621 3764 nonnullorum
2649 3708 2989 3781 pervicacia,
3017 3708 3303 3767 divinitus
3331 3709 3568 3767 domum
3593 3707 3823 3782 punita,

2117 3792 2391 3864 neglectis
2421 3795 2802 3870 dependentia
2851 3807 3077 3870 narrat;
3114 3799 3193 3857 ait
3222 3800 3381 3857 enim
3413 3823 3424 3858 :
3468 3825 3494 3849 «
3525 3799 3601 3858 Ut
3630 3806 3822 3858 autem

2115 3894 2146 3937 e
2175 3881 2505 3941 domesticis
2534 3901 2769 3962 qunque
2799 3887 3161 3960 pra'beamus
3191 3888 3550 3962 exemplum,
3592 3887 3648 3946 in
3694 3904 3820 3946 mo-

2115 3971 2367 4029 nasterio
2395 3972 2456 4030 B.
2491 3973 2802 4048 Vincentii,
2834 3977 2989 4051 quod
3030 3994 3145 4036 non
3180 3979 3380 4052 procul
3408 3995 3440 4035 a
3474 3986 3689 4048 monte,
3722 3977 3825 4052 qui

2116 4058 2328 4120 dicitur
2363 4062 2522 4120 Petra
2557 4071 2803 4136 prrtusa,
2835 4068 3087 4125 cernitur
3117 4069 3518 4138 constitutum,
3555 4073 3658 4125 hoc
3695 4074 3822 4149 tan-

2116 4164 2290 4224 quam
2341 4151 2602 4225 regulare
2641 4157 3124 4216 constitueramus
3161 4157 3412 4216 edictum
3447 4183 3458 4214 :
3491 4164 3553 4216 ut
3585 4160 3695 4216 sub
3731 4158 3822 4216 di~

2117 4243 2291 4301 stricti
2346 4261 2590 4306 censura
2639 4249 2844 4324 rigoris
2889 4249 3387 4324 quadragesimale
3439 4251 3823 4310 celebraretur

2115 4333 2353 4392 initium
2386 4355 2398 4393 :
2435 4336 2715 4397 nimirum
2747 4347 2806 4397 ut
2837 4357 2936 4414 per
2961 4340 3227 4399 triduum
3263 4343 3494 4400 nonnisi
3530 4342 3820 4401 modicum

2054 4421 2284 4492 Dpanis
2335 4439 2466 4482 cum
2510 4441 2659 4500 aqua
2704 4443 2906 4486 omnes
2955 4428 3154 4488 fratres
3205 4429 3602 4502 comederent;
3659 4429 3826 4489 nulla

2121 4508 2232 4565 nisi
2265 4509 2597 4579 lectionum,
2643 4513 2764 4571 sive
2803 4515 3075 4574 ordinum
3109 4517 3281 4575 verba
3315 4519 3669 4590 proferrent;
3709 4531 3823 4574 nu-

2119 4596 2208 4654 dis
2261 4600 2505 4672 pedibus
2567 4602 2857 4676 lugubres,
2936 4621 3003 4664 ac
3073 4615 3381 4664 mmrentes
3450 4605 3820 4676 incederent;

2120 4686 2349 4760 expleto
2399 4693 2692 4749 communi
2749 4693 3138 4752 modulatione
3181 4693 3476 4763 Psalterio,
3523 4698 3722 4750 mutua
3764 4707 3826 4748 se

2117 4789 2418 4850 scoparum
2467 4780 2836 4852 castigatione
2871 4787 3202 4856 purgarent.
3243 4779 3406 4850 Quod
3449 4795 3578 4837 cum
3627 4778 3826 4838 fratres

2117 4872 2269 4936 voto,
2297 4874 2354 4924 et
2381 4867 2601 4938 animo,
2626 4885 2690 4928 ac
2716 4870 3002 4944 spirituali
3028 4870 3394 4944 jucunditate
3427 4884 3542 4925 non
3574 4867 3827 4941 segniter

2117 4962 2392 5029 agerent:
2424 4966 2480 5017 et
2521 4959 2673 5019 ultra
2712 4961 2880 5018 etiam
2935 4962 3089 5034 quod
3141 4959 3451 5033 praeﬁxum
3501 4963 3642 5028 erat,
3689 4958 3827 5015 satis

2119 5061 2408 5120 supreque
2453 5049 2679 5120 peculio
2717 5048 2883 5106 bona)
2933 5047 3250 5107 voluntatis
3279 5051 3512 5118 agerent
3543 5069 3554 5103 :
3589 5045 3825 5118 quidam

2116 5135 2266 5192 inter
2321 5152 2416 5194 eos
2474 5137 2714 5210 exstitit,
2775 5139 2875 5212 qui
2930 5137 3079 5194 clam
3149 5135 3207 5193 in
3282 5135 3506 5193 edendo
3567 5135 3824 5208 regulam

2115 5224 2374 5282 violavit.
2408 5251 2434 5274 ››
2471 5225 2622 5283 Hinc
2652 5227 2958 5298 pessimam
2991 5223 3166 5298 hujus
3193 5223 3649 5298 praevaricatoris
3681 5241 3828 5284 mor-

2116 5317 2229 5369 tem
2261 5311 2553 5382 describit,
2597 5329 2728 5387 quze
2757 5329 2817 5369 se
2847 5320 3128 5385 praesente
3156 5312 3510 5384 contigerat:
3557 5334 3577 5361 ι
3621 5311 3690 5369 Ut
3717 5329 3828 5372 au-

2116 5397 2300 5471 diant,
2353 5400 2565 5475 inquit,
2613 5408 2669 5460 et
2722 5401 3124 5475 pertimescant
3171 5404 3272 5475 qui
3321 5400 3597 5459 indictam
3653 5402 3824 5460 disci-

2123 5487 2300 5560 plinze
2350 5487 2608 5563 regulam
2656 5503 2756 5562 per
2794 5488 3038 5563 propria:
3066 5487 3379 5564 voluptatis
3405 5487 3828 5561 impatientiam
