  <div class='ocr_page' id='page_1' title='image "/cluster/home/n/w/nwhite01/storage/ocr_20150623/144/hvd.32044054760046/033.png"; bbox 0 0 4106 6204; ppageno 0'>
   <div class='ocr_carea' id='block_1_1' title="bbox 176 170 309 237">
    <p class='ocr_par' dir='ltr' id='par_1_1' title="bbox 176 170 309 237">
     <span class='ocr_line' id='line_1_1' title="bbox 176 170 309 237; baseline -0.015 0"><span class='ocrx_word' id='word_1_1' title='bbox 176 170 309 237; x_wconf 67' lang='grc'>“55</span> 
     </span>
    </p>
   </div>
   <div class='ocr_carea' id='block_1_2' title="bbox 1165 172 2836 262">
    <p class='ocr_par' dir='ltr' id='par_1_2' title="bbox 1165 172 2836 262">
     <span class='ocr_line' id='line_1_2' title="bbox 1165 172 2836 262; baseline 0.016 -28"><span class='ocrx_word' id='word_1_2' title='bbox 1165 174 1224 235; x_wconf 84' lang='lat' dir='ltr'>S.</span> <span class='ocrx_word' id='word_1_3' title='bbox 1268 172 1562 235; x_wconf 83' lang='lat' dir='ltr'>PETBUS</span> <span class='ocrx_word' id='word_1_4' title='bbox 1601 175 1995 243; x_wconf 82' lang='lat' dir='ltr'>DAMIANUS</span> <span class='ocrx_word' id='word_1_5' title='bbox 2037 182 2096 245; x_wconf 92' lang='lat' dir='ltr'>S.</span> <span class='ocrx_word' id='word_1_6' title='bbox 2138 187 2207 248; x_wconf 83' lang='lat' dir='ltr'>B.</span> <span class='ocrx_word' id='word_1_7' title='bbox 2251 191 2317 253; x_wconf 90' lang='lat' dir='ltr'>E.</span> <span class='ocrx_word' id='word_1_8' title='bbox 2359 194 2836 262; x_wconf 80' lang='lat' dir='ltr'>CARDINALIS.</span> 
     </span>
    </p>
   </div>
   <div class='ocr_carea' id='block_1_3' title="bbox 3683 213 3752 274">
    <p class='ocr_par' dir='ltr' id='par_1_3' title="bbox 3683 213 3752 274">
     <span class='ocr_line' id='line_1_3' title="bbox 3683 213 3752 274; baseline 0.029 -2"><span class='ocrx_word' id='word_1_9' title='bbox 3683 213 3752 274; x_wconf 84' lang='lat'><strong>56</strong></span> 
     </span>
    </p>
   </div>
   <div class='ocr_carea' id='block_1_4' title="bbox 249 300 3756 410">
    <p class='ocr_par' dir='ltr' id='par_1_4' title="bbox 249 300 3756 410">
     <span class='ocr_line' id='line_1_4' title="bbox 249 300 3756 410; baseline 0.012 -53"><span class='ocrx_word' id='word_1_10' title='bbox 249 303 553 410; x_wconf 72' lang='lat' dir='ltr'>frangunt.</span> <span class='ocrx_word' id='word_1_11' title='bbox 593 324 621 410; x_wconf 54' lang='grc' dir='ltr'>ζ»</span> <span class='ocrx_word' id='word_1_12' title='bbox 655 300 820 410; x_wconf 65' lang='lat' dir='ltr'>Unde</span> <span class='ocrx_word' id='word_1_13' title='bbox 841 301 1051 410; x_wconf 57' lang='lat' dir='ltr'>liquet,</span> <span class='ocrx_word' id='word_1_14' title='bbox 1077 317 1261 410; x_wconf 76' lang='lat' dir='ltr'>quam</span> <span class='ocrx_word' id='word_1_15' title='bbox 1294 319 1490 410; x_wconf 77' lang='lat' dir='ltr'>severe</span> <span class='ocrx_word' id='word_1_16' title='bbox 1518 302 1965 410; x_wconf 29' lang='lat' dir='ltr'>PetriDamian‘i</span> <span class='ocrx_word' id='word_1_17' title='bbox 1985 313 2033 374; x_wconf 88' lang='lat' dir='ltr'><strong>A</strong></span> <span class='ocrx_word' id='word_1_18' title='bbox 2046 311 2218 410; x_wconf 65' lang='lat' dir='ltr'>bium</span> <span class='ocrx_word' id='word_1_19' title='bbox 2249 333 2442 380; x_wconf 88' lang='lat' dir='ltr'>amore</span> <span class='ocrx_word' id='word_1_20' title='bbox 2462 324 2552 383; x_wconf 88' lang='lat' dir='ltr'>vir</span> <span class='ocrx_word' id='word_1_21' title='bbox 2578 333 2807 387; x_wconf 87' lang='lat' dir='ltr'>sanctus</span> <span class='ocrx_word' id='word_1_22' title='bbox 2834 330 3088 404; x_wconf 85' lang='lat' dir='ltr'>ardebat,</span> <span class='ocrx_word' id='word_1_23' title='bbox 3119 339 3184 392; x_wconf 92' lang='lat' dir='ltr'>ut</span> <span class='ocrx_word' id='word_1_24' title='bbox 3212 334 3361 394; x_wconf 90' lang='lat' dir='ltr'>illud</span> <span class='ocrx_word' id='word_1_25' title='bbox 3388 351 3509 410; x_wconf 76' lang='lat' dir='ltr'>prae</span> <span class='ocrx_word' id='word_1_26' title='bbox 3533 339 3756 400; x_wconf 63' lang='lat' dir='ltr'>caeteris</span> 
     </span>
    </p>
   </div>
   <div class='ocr_carea' id='block_1_5' title="bbox 257 390 1957 467">
    <p class='ocr_par' dir='ltr' id='par_1_5' title="bbox 257 390 1957 467">
     <span class='ocr_line' id='line_1_5' title="bbox 257 390 1957 467; baseline 0.004 -17"><span class='ocrx_word' id='word_1_27' title='bbox 257 397 469 451; x_wconf 89' lang='lat' dir='ltr'>statuta</span> <span class='ocrx_word' id='word_1_28' title='bbox 498 392 561 450; x_wconf 92' lang='lat' dir='ltr'>in</span> <span class='ocrx_word' id='word_1_29' title='bbox 593 392 702 451; x_wconf 85' lang='lat' dir='ltr'>hoc</span> <span class='ocrx_word' id='word_1_30' title='bbox 732 390 793 453; x_wconf 89' lang='lat' dir='ltr'>S.</span> <span class='ocrx_word' id='word_1_31' title='bbox 841 392 1140 453; x_wconf 88' lang='lat' dir='ltr'>Vincentii</span> <span class='ocrx_word' id='word_1_32' title='bbox 1169 394 1431 453; x_wconf 68' lang='lat' dir='ltr'>coenobio</span> <span class='ocrx_word' id='word_1_33' title='bbox 1469 395 1862 467; x_wconf 88' lang='lat' dir='ltr'>custodienda,</span> <span class='ocrx_word' id='word_1_34' title='bbox 1899 404 1957 456; x_wconf 90' lang='lat' dir='ltr'>et</span> 
     </span>
    </p>
   </div>
   <div class='ocr_carea' id='block_1_6' title="bbox 250 484 1957 559">
    <p class='ocr_par' dir='ltr' id='par_1_6' title="bbox 250 484 1957 559">
     <span class='ocr_line' id='line_1_6' title="bbox 250 484 1957 559; baseline 0.004 -17"><span class='ocrx_word' id='word_1_35' title='bbox 250 500 424 559; x_wconf 88' lang='lat' dir='ltr'>quam</span> <span class='ocrx_word' id='word_1_36' title='bbox 470 499 590 542; x_wconf 90' lang='lat' dir='ltr'>non</span> <span class='ocrx_word' id='word_1_37' title='bbox 640 490 871 556; x_wconf 81' lang='lat' dir='ltr'>temere,</span> <span class='ocrx_word' id='word_1_38' title='bbox 918 492 973 542; x_wconf 89' lang='lat' dir='ltr'>et</span> <span class='ocrx_word' id='word_1_39' title='bbox 1020 486 1263 558; x_wconf 85' lang='lat' dir='ltr'>impune</span> <span class='ocrx_word' id='word_1_40' title='bbox 1307 484 1578 543; x_wconf 87' lang='lat' dir='ltr'>violanda</span> <span class='ocrx_word' id='word_1_41' title='bbox 1618 501 1759 557; x_wconf 84' lang='lat' dir='ltr'>esse,</span> <span class='ocrx_word' id='word_1_42' title='bbox 1808 488 1957 548; x_wconf 85' lang='lat' dir='ltr'>Deus</span> 
     </span>
    </p>
   </div>
   <div class='ocr_carea' id='block_1_7' title="bbox 246 572 1955 650">
    <p class='ocr_par' dir='ltr' id='par_1_7' title="bbox 246 572 1955 650">
     <span class='ocr_line' id='line_1_7' title="bbox 246 572 1955 650; baseline 0.003 -15"><span class='ocrx_word' id='word_1_43' title='bbox 246 578 387 649; x_wconf 81' lang='lat' dir='ltr'>ipse,</span> <span class='ocrx_word' id='word_1_44' title='bbox 420 575 661 634; x_wconf 81' lang='lat' dir='ltr'>terribili</span> <span class='ocrx_word' id='word_1_45' title='bbox 692 591 827 650; x_wconf 87' lang='lat' dir='ltr'>erga</span> <span class='ocrx_word' id='word_1_46' title='bbox 854 577 1010 635; x_wconf 92' lang='lat' dir='ltr'>hunc</span> <span class='ocrx_word' id='word_1_47' title='bbox 1042 572 1389 635; x_wconf 86' lang='lat' dir='ltr'>monachum</span> <span class='ocrx_word' id='word_1_48' title='bbox 1422 577 1643 636; x_wconf 89' lang='lat' dir='ltr'>ultione</span> <span class='ocrx_word' id='word_1_49' title='bbox 1671 589 1955 639; x_wconf 77' lang='lat' dir='ltr'>monetm-</span> 
     </span>
    </p>
   </div>
   <div class='ocr_carea' id='block_1_8' title="bbox 243 664 739 723">
    <p class='ocr_par' dir='ltr' id='par_1_8' title="bbox 243 664 739 723">
     <span class='ocr_line' id='line_1_8' title="bbox 243 664 739 723; baseline 0.004 -1"><span class='ocrx_word' id='word_1_50' title='bbox 243 664 411 723; x_wconf 89' lang='lat' dir='ltr'>verit.</span> <span class='ocrx_word' id='word_1_51' title='bbox 734 702 739 707; x_wconf 56' lang='grc' dir='ltr'>η</span> 
     </span>
    </p>
   </div>
   <div class='ocr_carea' id='block_1_9' title="bbox 321 753 1957 829">
    <p class='ocr_par' dir='ltr' id='par_1_9' title="bbox 321 753 1957 829">
     <span class='ocr_line' id='line_1_9' title="bbox 321 753 1957 829; baseline 0.001 -15"><span class='ocrx_word' id='word_1_52' title='bbox 321 756 477 815; x_wconf 84' lang='lat' dir='ltr'><strong>VIII.</strong></span> <span class='ocrx_word' id='word_1_53' title='bbox 515 756 622 815; x_wconf 87' lang='lat' dir='ltr'>Sed</span> <span class='ocrx_word' id='word_1_54' title='bbox 664 759 719 814; x_wconf 90' lang='lat' dir='ltr'>et</span> <span class='ocrx_word' id='word_1_55' title='bbox 753 755 1045 829; x_wconf 86' lang='lat' dir='ltr'>integrum</span> <span class='ocrx_word' id='word_1_56' title='bbox 1083 753 1231 812; x_wconf 91' lang='lat' dir='ltr'>illud</span> <span class='ocrx_word' id='word_1_57' title='bbox 1271 753 1425 812; x_wconf 90' lang='lat' dir='ltr'>idem</span> <span class='ocrx_word' id='word_1_58' title='bbox 1476 755 1828 827; x_wconf 74' lang='lat' dir='ltr'>cmnobium,</span> <span class='ocrx_word' id='word_1_59' title='bbox 1882 758 1957 816; x_wconf 92' lang='lat' dir='ltr'>ob</span> 
     </span>
    </p>
   </div>
   <div class='ocr_carea' id='block_1_10' title="bbox 250 842 1960 920">
    <p class='ocr_par' dir='ltr' id='par_1_10' title="bbox 250 842 1960 920">
     <span class='ocr_line' id='line_1_10' title="bbox 250 842 1960 920; baseline 0.002 -17"><span class='ocrx_word' id='word_1_60' title='bbox 250 847 663 915; x_wconf 83' lang='lat' dir='ltr'>intermissam,</span> <span class='ocrx_word' id='word_1_61' title='bbox 697 859 872 919; x_wconf 91' lang='lat' dir='ltr'>quam</span> <span class='ocrx_word' id='word_1_62' title='bbox 906 843 1226 902; x_wconf 89' lang='lat' dir='ltr'>Damianus</span> <span class='ocrx_word' id='word_1_63' title='bbox 1258 842 1594 916; x_wconf 81' lang='lat' dir='ltr'>induxerat,</span> <span class='ocrx_word' id='word_1_64' title='bbox 1635 846 1960 920; x_wconf 81' lang='lat' dir='ltr'>quotidiani</span> 
     </span>
    </p>
   </div>
   <div class='ocr_carea' id='block_1_11' title="bbox 248 933 1958 1011">
    <p class='ocr_par' dir='ltr' id='par_1_11' title="bbox 248 933 1958 1011">
     <span class='ocr_line' id='line_1_11' title="bbox 248 933 1958 1011; baseline 0 -15"><span class='ocrx_word' id='word_1_65' title='bbox 248 936 316 996; x_wconf 94' lang='lat' dir='ltr'>B.</span> <span class='ocrx_word' id='word_1_66' title='bbox 352 936 545 995; x_wconf 68' lang='lat' dir='ltr'>Marize</span> <span class='ocrx_word' id='word_1_67' title='bbox 578 935 837 1008; x_wconf 83' lang='lat' dir='ltr'>Virginis</span> <span class='ocrx_word' id='word_1_68' title='bbox 874 933 1046 993; x_wconf 84' lang='lat' dir='ltr'>ofﬁcii</span> <span class='ocrx_word' id='word_1_69' title='bbox 1076 934 1575 1007; x_wconf 89' lang='lat' dir='ltr'>consuetudinem,</span> <span class='ocrx_word' id='word_1_70' title='bbox 1616 937 1958 1011; x_wconf 87' lang='lat' dir='ltr'>gravissima</span> 
     </span>
    </p>
   </div>
   <div class='ocr_carea' id='block_1_12' title="bbox 250 1022 1962 1095">
    <p class='ocr_par' dir='ltr' id='par_1_12' title="bbox 250 1022 1962 1095">
     <span class='ocr_line' id='line_1_12' title="bbox 250 1022 1962 1095; baseline 0.002 -11"><span class='ocrx_word' id='word_1_71' title='bbox 250 1025 405 1085; x_wconf 90' lang='lat' dir='ltr'>Deus</span> <span class='ocrx_word' id='word_1_72' title='bbox 444 1024 945 1084; x_wconf 79' lang='lat' dir='ltr'>animadversione</span> <span class='ocrx_word' id='word_1_73' title='bbox 977 1022 1273 1095; x_wconf 86' lang='lat' dir='ltr'>corripuit,</span> <span class='ocrx_word' id='word_1_74' title='bbox 1306 1024 1463 1081; x_wconf 90' lang='lat' dir='ltr'>unde</span> <span class='ocrx_word' id='word_1_75' title='bbox 1496 1025 1695 1083; x_wconf 89' lang='lat' dir='ltr'>eodem</span> <span class='ocrx_word' id='word_1_76' title='bbox 1728 1026 1851 1086; x_wconf 91' lang='lat' dir='ltr'>loco</span> <span class='ocrx_word' id='word_1_77' title='bbox 1878 1029 1962 1087; x_wconf 87' lang='lat' dir='ltr'>sic</span> 
     </span>
    </p>
   </div>
   <div class='ocr_carea' id='block_1_13' title="bbox 249 1112 1956 1192">
    <p class='ocr_par' dir='ltr' id='par_1_13' title="bbox 249 1112 1956 1192">
     <span class='ocr_line' id='line_1_13' title="bbox 249 1112 1956 1192; baseline 0.003 -20"><span class='ocrx_word' id='word_1_78' title='bbox 249 1115 617 1191; x_wconf 85' lang='lat' dir='ltr'>prosequitur</span> <span class='ocrx_word' id='word_1_79' title='bbox 668 1113 728 1173; x_wconf 94' lang='lat' dir='ltr'>S.</span> <span class='ocrx_word' id='word_1_80' title='bbox 780 1114 1015 1172; x_wconf 89' lang='lat' dir='ltr'>doctor:</span> <span class='ocrx_word' id='word_1_81' title='bbox 1049 1136 1070 1165; x_wconf 76' lang='grc' dir='ltr'><strong>α</strong></span> <span class='ocrx_word' id='word_1_82' title='bbox 1104 1112 1305 1171; x_wconf 88' lang='lat' dir='ltr'>Dicam</span> <span class='ocrx_word' id='word_1_83' title='bbox 1358 1121 1414 1172; x_wconf 89' lang='lat' dir='ltr'>et</span> <span class='ocrx_word' id='word_1_84' title='bbox 1463 1115 1643 1187; x_wconf 88' lang='lat' dir='ltr'>aliud,</span> <span class='ocrx_word' id='word_1_85' title='bbox 1691 1118 1843 1192; x_wconf 91' lang='lat' dir='ltr'>quod</span> <span class='ocrx_word' id='word_1_86' title='bbox 1894 1120 1956 1178; x_wconf 93' lang='lat' dir='ltr'>in</span> 
     </span>
    </p>
   </div>
   <div class='ocr_carea' id='block_1_14' title="bbox 252 1203 1958 1285">
    <p class='ocr_par' dir='ltr' id='par_1_14' title="bbox 252 1203 1958 1285">
     <span class='ocr_line' id='line_1_14' title="bbox 252 1203 1958 1285; baseline 0.004 -21"><span class='ocrx_word' id='word_1_87' title='bbox 252 1206 489 1281; x_wconf 85' lang='lat' dir='ltr'>praefato</span> <span class='ocrx_word' id='word_1_88' title='bbox 536 1206 775 1279; x_wconf 88' lang='lat' dir='ltr'>contigit</span> <span class='ocrx_word' id='word_1_89' title='bbox 822 1204 1190 1264; x_wconf 88' lang='lat' dir='ltr'>monasterio.</span> <span class='ocrx_word' id='word_1_90' title='bbox 1250 1203 1544 1266; x_wconf 88' lang='lat' dir='ltr'>Statutum</span> <span class='ocrx_word' id='word_1_91' title='bbox 1592 1217 1728 1280; x_wconf 87' lang='lat' dir='ltr'>erat,</span> <span class='ocrx_word' id='word_1_92' title='bbox 1785 1217 1958 1285; x_wconf 88' lang='lat' dir='ltr'>atque.</span> 
     </span>
    </p>
   </div>
   <div class='ocr_carea' id='block_1_15' title="bbox 240 1295 1960 1372">
    <p class='ocr_par' dir='ltr' id='par_1_15' title="bbox 240 1295 1960 1372">
     <span class='ocr_line' id='line_1_15' title="bbox 240 1295 1960 1372; baseline 0.002 -17"><span class='ocrx_word' id='word_1_93' title='bbox 240 1300 362 1372; x_wconf 87' lang='lat' dir='ltr'>jam</span> <span class='ocrx_word' id='word_1_94' title='bbox 390 1312 491 1372; x_wconf 90' lang='lat' dir='ltr'>per</span> <span class='ocrx_word' id='word_1_95' title='bbox 514 1296 835 1356; x_wconf 90' lang='lat' dir='ltr'>triennium</span> <span class='ocrx_word' id='word_1_96' title='bbox 867 1295 984 1353; x_wconf 86' lang='lat' dir='ltr'>fere</span> <span class='ocrx_word' id='word_1_97' title='bbox 1008 1302 1324 1368; x_wconf 91' lang='lat' dir='ltr'>servatum,</span> <span class='ocrx_word' id='word_1_98' title='bbox 1353 1302 1419 1354; x_wconf 90' lang='lat' dir='ltr'>ut</span> <span class='ocrx_word' id='word_1_99' title='bbox 1447 1312 1581 1355; x_wconf 88' lang='lat' dir='ltr'>eum</span> <span class='ocrx_word' id='word_1_100' title='bbox 1607 1299 1765 1357; x_wconf 86' lang='lat' dir='ltr'>horis</span> <span class='ocrx_word' id='word_1_101' title='bbox 1792 1316 1960 1359; x_wconf 88' lang='lat' dir='ltr'>cano-</span> 
     </span>
    </p>
   </div>
   <div class='ocr_carea' id='block_1_16' title="bbox 246 1385 1953 1460">
    <p class='ocr_par' dir='ltr' id='par_1_16' title="bbox 246 1385 1953 1460">
     <span class='ocr_line' id='line_1_16' title="bbox 246 1385 1953 1460; baseline 0.004 -17"><span class='ocrx_word' id='word_1_102' title='bbox 246 1386 395 1444; x_wconf 90' lang='lat' dir='ltr'>nicis</span> <span class='ocrx_word' id='word_1_103' title='bbox 444 1386 509 1444; x_wconf 94' lang='lat' dir='ltr'>B.</span> <span class='ocrx_word' id='word_1_104' title='bbox 556 1385 754 1444; x_wconf 85' lang='lat' dir='ltr'>Mariae</span> <span class='ocrx_word' id='word_1_105' title='bbox 796 1399 1021 1459; x_wconf 88' lang='lat' dir='ltr'>semper</span> <span class='ocrx_word' id='word_1_106' title='bbox 1066 1385 1327 1460; x_wconf 84' lang='lat' dir='ltr'>Virginis</span> <span class='ocrx_word' id='word_1_107' title='bbox 1378 1386 1565 1445; x_wconf 86' lang='lat' dir='ltr'>ofﬁcia</span> <span class='ocrx_word' id='word_1_108' title='bbox 1607 1388 1953 1449; x_wconf 87' lang='lat' dir='ltr'>dicerentur.</span> 
     </span>
    </p>
   </div>
   <div class='ocr_carea' id='block_1_17' title="bbox 243 1476 1956 1552">
    <p class='ocr_par' dir='ltr' id='par_1_17' title="bbox 243 1476 1956 1552">
     <span class='ocr_line' id='line_1_17' title="bbox 243 1476 1956 1552; baseline 0.004 -17"><span class='ocrx_word' id='word_1_109' title='bbox 243 1476 383 1535; x_wconf 84' lang='lat' dir='ltr'>Erat</span> <span class='ocrx_word' id='word_1_110' title='bbox 432 1482 625 1536; x_wconf 89' lang='lat' dir='ltr'>autem</span> <span class='ocrx_word' id='word_1_111' title='bbox 678 1476 829 1535; x_wconf 88' lang='lat' dir='ltr'>inter</span> <span class='ocrx_word' id='word_1_112' title='bbox 872 1493 968 1536; x_wconf 88' lang='lat' dir='ltr'>eos</span> <span class='ocrx_word' id='word_1_113' title='bbox 1012 1477 1182 1549; x_wconf 90' lang='lat' dir='ltr'>Gozo,</span> <span class='ocrx_word' id='word_1_114' title='bbox 1226 1479 1430 1538; x_wconf 89' lang='lat' dir='ltr'>habitu</span> <span class='ocrx_word' id='word_1_115' title='bbox 1476 1483 1812 1552; x_wconf 87' lang='lat' dir='ltr'>monachus,</span> <span class='ocrx_word' id='word_1_116' title='bbox 1866 1500 1956 1542; x_wconf 89' lang='lat' dir='ltr'>re-</span> 
     </span>
    </p>
   </div>
   <div class='ocr_carea' id='block_1_18' title="bbox 247 1567 1957 1641">
    <p class='ocr_par' dir='ltr' id='par_1_18' title="bbox 247 1567 1957 1641">
     <span class='ocr_line' id='line_1_18' title="bbox 247 1567 1957 1641; baseline 0.005 -17"><span class='ocrx_word' id='word_1_117' title='bbox 247 1567 443 1640; x_wconf 78' lang='lat' dir='ltr'>probae</span> <span class='ocrx_word' id='word_1_118' title='bbox 486 1567 725 1641; x_wconf 87' lang='lat' dir='ltr'>quidem</span> <span class='ocrx_word' id='word_1_119' title='bbox 763 1567 916 1637; x_wconf 75' lang='lat' dir='ltr'>vitm,</span> <span class='ocrx_word' id='word_1_120' title='bbox 963 1568 1060 1625; x_wconf 88' lang='lat' dir='ltr'>sed</span> <span class='ocrx_word' id='word_1_121' title='bbox 1099 1569 1308 1627; x_wconf 82' lang='lat' dir='ltr'>dicacis</span> <span class='ocrx_word' id='word_1_122' title='bbox 1346 1576 1401 1628; x_wconf 89' lang='lat' dir='ltr'>et</span> <span class='ocrx_word' id='word_1_123' title='bbox 1434 1579 1716 1631; x_wconf 63' lang='lat' dir='ltr'>accuratae</span> <span class='ocrx_word' id='word_1_124' title='bbox 1753 1574 1957 1632; x_wconf 85' lang='lat' dir='ltr'>facun-</span> 
     </span>
    </p>
   </div>
   <div class='ocr_carea' id='block_1_19' title="bbox 2043 404 3750 501">
    <p class='ocr_par' dir='ltr' id='par_1_19' title="bbox 2043 404 3750 501">
     <span class='ocr_line' id='line_1_19' title="bbox 2043 404 3750 501; baseline 0.015 -40"><span class='ocrx_word' id='word_1_125' title='bbox 2043 404 2339 467; x_wconf 83' lang='lat' dir='ltr'>Bonifacio</span> <span class='ocrx_word' id='word_1_126' title='bbox 2382 411 2515 470; x_wconf 91' lang='lat' dir='ltr'>duci</span> <span class='ocrx_word' id='word_1_127' title='bbox 2560 415 2799 476; x_wconf 89' lang='lat' dir='ltr'>enixius</span> <span class='ocrx_word' id='word_1_128' title='bbox 2847 404 3750 501; x_wconf 49' lang='lat' dir='ltr'>commendandumsusceperit,</span> 
     </span>
    </p>
   </div>
   <div class='ocr_carea' id='block_1_20' title="bbox 2043 498 3754 580">
    <p class='ocr_par' dir='ltr' id='par_1_20' title="bbox 2043 498 3754 580">
     <span class='ocr_line' id='line_1_20' title="bbox 2043 498 3754 580; baseline 0.017 -32"><span class='ocrx_word' id='word_1_129' title='bbox 2043 498 2099 550; x_wconf 90' lang='lat' dir='ltr'>et</span> <span class='ocrx_word' id='word_1_130' title='bbox 2147 504 2366 556; x_wconf 76' lang='lat' dir='ltr'>constat</span> <span class='ocrx_word' id='word_1_131' title='bbox 2395 517 2468 558; x_wconf 84' lang='lat' dir='ltr'>ex</span> <span class='ocrx_word' id='word_1_132' title='bbox 2503 502 2598 561; x_wconf 88' lang='lat' dir='ltr'>lib.</span> <span class='ocrx_word' id='word_1_133' title='bbox 2633 517 2736 576; x_wconf 80' lang='lat' dir='ltr'>v11,</span> <span class='ocrx_word' id='word_1_134' title='bbox 2789 523 2876 580; x_wconf 89' lang='lat' dir='ltr'>ep.</span> <span class='ocrx_word' id='word_1_135' title='bbox 2926 508 3011 580; x_wconf 83' lang='lat'>15,</span> <span class='ocrx_word' id='word_1_136' title='bbox 3052 510 3155 567; x_wconf 89' lang='lat' dir='ltr'>ubi</span> <span class='ocrx_word' id='word_1_137' title='bbox 3202 513 3328 570; x_wconf 57' lang='lat' dir='ltr'>haec</span> <span class='ocrx_word' id='word_1_138' title='bbox 3364 514 3536 572; x_wconf 85' lang='lat' dir='ltr'>habet</span> <span class='ocrx_word' id='word_1_139' title='bbox 3564 498 3639 572; x_wconf 42' lang='lat'>:_«</span> <span class='ocrx_word' id='word_1_140' title='bbox 3672 517 3754 577; x_wconf 89' lang='lat' dir='ltr'>De</span> 
     </span>
    </p>
   </div>
   <div class='ocr_carea' id='block_1_21' title="bbox 2044 589 3751 664">
    <p class='ocr_par' dir='ltr' id='par_1_21' title="bbox 2044 589 3751 664">
     <span class='ocr_line' id='line_1_21' title="bbox 2044 589 3751 664; baseline 0.014 -24"><span class='ocrx_word' id='word_1_141' title='bbox 2044 589 2391 646; x_wconf 84' lang='lat' dir='ltr'>monasterio</span> <span class='ocrx_word' id='word_1_142' title='bbox 2416 601 2609 652; x_wconf 87' lang='lat' dir='ltr'>autem</span> <span class='ocrx_word' id='word_1_143' title='bbox 2658 595 2715 655; x_wconf 95' lang='lat' dir='ltr'>S.</span> <span class='ocrx_word' id='word_1_144' title='bbox 2748 598 3038 657; x_wconf 87' lang='lat' dir='ltr'>Vincentii</span> <span class='ocrx_word' id='word_1_145' title='bbox 3068 602 3471 661; x_wconf 76' lang='lat' dir='ltr'>excellentiam</span> <span class='ocrx_word' id='word_1_146' title='bbox 3501 613 3751 664; x_wconf 85' lang='lat' dir='ltr'>vestram</span> 
     </span>
    </p>
   </div>
   <div class='ocr_carea' id='block_1_22' title="bbox 2046 679 3748 768">
    <p class='ocr_par' dir='ltr' id='par_1_22' title="bbox 2046 679 3748 768">
     <span class='ocr_line' id='line_1_22' title="bbox 2046 679 3748 768; baseline 0.013 -37"><span class='ocrx_word' id='word_1_147' title='bbox 2046 679 2487 768; x_wconf 68' lang='lat' dir='ltr'>prmomnibus,</span> <span class='ocrx_word' id='word_1_148' title='bbox 2530 694 2584 741; x_wconf 85' lang='lat' dir='ltr'>et</span> <span class='ocrx_word' id='word_1_149' title='bbox 2621 702 2791 759; x_wconf 74' lang='lat' dir='ltr'>super</span> <span class='ocrx_word' id='word_1_150' title='bbox 2816 690 3012 748; x_wconf 89' lang='lat' dir='ltr'>omnia</span> <span class='ocrx_word' id='word_1_151' title='bbox 3038 705 3193 762; x_wconf 85' lang='lat' dir='ltr'>rogo,</span> <span class='ocrx_word' id='word_1_152' title='bbox 3224 698 3288 750; x_wconf 91' lang='lat' dir='ltr'>ut</span> <span class='ocrx_word' id='word_1_153' title='bbox 3312 691 3457 751; x_wconf 90' lang='lat' dir='ltr'>illud</span> <span class='ocrx_word' id='word_1_154' title='bbox 3486 695 3748 768; x_wconf 89' lang='lat' dir='ltr'>speciali-</span> 
     </span>
    </p>
   </div>
   <div class='ocr_carea' id='block_1_23' title="bbox 2047 765 3746 860">
    <p class='ocr_par' dir='ltr' id='par_1_23' title="bbox 2047 765 3746 860">
     <span class='ocr_line' id='line_1_23' title="bbox 2047 765 3746 860; baseline 0.015 -40"><span class='ocrx_word' id='word_1_155' title='bbox 2047 770 2131 860; x_wconf 76' lang='lat' dir='ltr'>ter</span> <span class='ocrx_word' id='word_1_156' title='bbox 2158 765 2658 860; x_wconf 27' lang='lat' dir='ltr'>diligassPi-mdia,</span> <span class='ocrx_word' id='word_1_157' title='bbox 2697 792 2828 849; x_wconf 75' lang='lat' dir='ltr'>quae</span> <span class='ocrx_word' id='word_1_158' title='bbox 2874 779 2947 836; x_wconf 90' lang='lat' dir='ltr'>ab</span> <span class='ocrx_word' id='word_1_159' title='bbox 2985 779 3352 840; x_wconf 85' lang='lat' dir='ltr'>invasorihus</span> <span class='ocrx_word' id='word_1_160' title='bbox 3395 765 3746 860; x_wconf 81' lang='lat' dir='ltr'>detinentur,</span> 
     </span>
    </p>
   </div>
   <div class='ocr_carea' id='block_1_24' title="bbox 2046 851 3752 946">
    <p class='ocr_par' dir='ltr' id='par_1_24' title="bbox 2046 851 3752 946">
     <span class='ocr_line' id='line_1_24' title="bbox 2046 851 3752 946; baseline 0.015 -39"><span class='ocrx_word' id='word_1_161' title='bbox 2046 851 2213 946; x_wconf 85' lang='lat' dir='ltr'>legali</span> <span class='ocrx_word' id='word_1_162' title='bbox 2247 856 2356 913; x_wconf 86' lang='lat' dir='ltr'>sibi</span> <span class='ocrx_word' id='word_1_163' title='bbox 2381 858 2513 929; x_wconf 85' lang='lat' dir='ltr'>jure</span> <span class='ocrx_word' id='word_1_164' title='bbox 2544 864 2833 935; x_wconf 82' lang='lat' dir='ltr'>restituas,</span> <span class='ocrx_word' id='word_1_165' title='bbox 2864 872 2917 923; x_wconf 86' lang='lat' dir='ltr'>et</span> <span class='ocrx_word' id='word_1_166' title='bbox 2946 883 2979 924; x_wconf 87' lang='lat' dir='ltr'>a</span> <span class='ocrx_word' id='word_1_167' title='bbox 3006 869 3231 926; x_wconf 90' lang='lat' dir='ltr'>cunctis</span> <span class='ocrx_word' id='word_1_168' title='bbox 3262 869 3605 930; x_wconf 84' lang='lat' dir='ltr'>mortalibus</span> <span class='ocrx_word' id='word_1_169' title='bbox 3628 851 3752 946; x_wconf 63' lang='lat' dir='ltr'>pro1</span> 
     </span>
    </p>
   </div>
   <div class='ocr_carea' id='block_1_25' title="bbox 2046 945 3751 1027">
    <p class='ocr_par' dir='ltr' id='par_1_25' title="bbox 2046 945 3751 1027">
     <span class='ocr_line' id='line_1_25' title="bbox 2046 945 3751 1027; baseline 0.012 -28"><span class='ocrx_word' id='word_1_170' title='bbox 2046 945 2310 1003; x_wconf 89' lang='lat' dir='ltr'>tectionis</span> <span class='ocrx_word' id='word_1_171' title='bbox 2343 953 2455 1007; x_wconf 67' lang='lat' dir='ltr'>tuae</span> <span class='ocrx_word' id='word_1_172' title='bbox 2484 957 2648 1009; x_wconf 91' lang='lat' dir='ltr'>scuto</span> <span class='ocrx_word' id='word_1_173' title='bbox 2681 953 2955 1013; x_wconf 81' lang='lat' dir='ltr'>defendas</span> <span class='ocrx_word' id='word_1_174' title='bbox 2982 980 2995 1012; x_wconf 88' lang='lat'>:</span> <span class='ocrx_word' id='word_1_175' title='bbox 3027 956 3089 1014; x_wconf 90' lang='lat' dir='ltr'>in</span> <span class='ocrx_word' id='word_1_176' title='bbox 3120 958 3228 1015; x_wconf 90' lang='lat' dir='ltr'>hoc</span> <span class='ocrx_word' id='word_1_177' title='bbox 3258 958 3436 1027; x_wconf 78' lang='lat' dir='ltr'>igitur</span> <span class='ocrx_word' id='word_1_178' title='bbox 3460 968 3751 1021; x_wconf 87' lang='lat' dir='ltr'>monaste-</span> 
     </span>
    </p>
   </div>
   <div class='ocr_carea' id='block_1_26' title="bbox 2049 1033 3750 1119">
    <p class='ocr_par' dir='ltr' id='par_1_26' title="bbox 2049 1033 3750 1119">
     <span class='ocr_line' id='line_1_26' title="bbox 2049 1033 3750 1119; baseline 0.012 -29"><span class='ocrx_word' id='word_1_179' title='bbox 2049 1033 2135 1092; x_wconf 82' lang='lat' dir='ltr'>rio</span> <span class='ocrx_word' id='word_1_180' title='bbox 2163 1036 2463 1096; x_wconf 87' lang='lat' dir='ltr'>evidenter</span> <span class='ocrx_word' id='word_1_181' title='bbox 2503 1050 2789 1114; x_wconf 84' lang='lat' dir='ltr'>appareat,</span> <span class='ocrx_word' id='word_1_182' title='bbox 2836 1044 2885 1103; x_wconf 89' lang='lat' dir='ltr'>si</span> <span class='ocrx_word' id='word_1_183' title='bbox 2927 1045 3081 1119; x_wconf 89' lang='lat' dir='ltr'>apud</span> <span class='ocrx_word' id='word_1_184' title='bbox 3130 1052 3335 1106; x_wconf 68' lang='lat' dir='ltr'>vestrae</span> <span class='ocrx_word' id='word_1_185' title='bbox 3389 1048 3750 1111; x_wconf 88' lang='lat' dir='ltr'>celsitudinis</span> 
     </span>
    </p>
   </div>
   <div class='ocr_carea' id='block_1_27' title="bbox 2044 1126 3749 1207">
    <p class='ocr_par' dir='ltr' id='par_1_27' title="bbox 2044 1126 3749 1207">
     <span class='ocr_line' id='line_1_27' title="bbox 2044 1126 3749 1207; baseline 0.011 -28"><span class='ocrx_word' id='word_1_186' title='bbox 2044 1138 2215 1182; x_wconf 88' lang='lat' dir='ltr'>aures</span> <span class='ocrx_word' id='word_1_187' title='bbox 2267 1126 2458 1200; x_wconf 87' lang='lat' dir='ltr'>majus</span> <span class='ocrx_word' id='word_1_188' title='bbox 2497 1129 2717 1204; x_wconf 91' lang='lat' dir='ltr'>aliquid</span> <span class='ocrx_word' id='word_1_189' title='bbox 2764 1132 3073 1207; x_wconf 88' lang='lat' dir='ltr'>impetrare</span> <span class='ocrx_word' id='word_1_190' title='bbox 3120 1149 3247 1194; x_wconf 87' lang='lat' dir='ltr'>mea</span> <span class='ocrx_word' id='word_1_191' title='bbox 3294 1135 3596 1196; x_wconf 87' lang='lat' dir='ltr'>humilitas</span> <span class='ocrx_word' id='word_1_192' title='bbox 3646 1155 3749 1198; x_wconf 85' lang='lat' dir='ltr'>va-</span> 
     </span>
    </p>
   </div>
   <div class='ocr_carea' id='block_1_28' title="bbox 2043 1212 3749 1297">
    <p class='ocr_par' dir='ltr' id='par_1_28' title="bbox 2043 1212 3749 1297">
     <span class='ocr_line' id='line_1_28' title="bbox 2043 1212 3749 1297; baseline 0.01 -27"><span class='ocrx_word' id='word_1_193' title='bbox 2043 1212 2174 1271; x_wconf 89' lang='lat' dir='ltr'>leat.</span> <span class='ocrx_word' id='word_1_194' title='bbox 2208 1235 2236 1268; x_wconf 94' lang='lat'>»</span> <span class='ocrx_word' id='word_1_195' title='bbox 2270 1215 2584 1291; x_wconf 89' lang='lat' dir='ltr'>Nunquam</span> <span class='ocrx_word' id='word_1_196' title='bbox 2632 1222 2884 1293; x_wconf 88' lang='lat' dir='ltr'>profecto</span> <span class='ocrx_word' id='word_1_197' title='bbox 2925 1239 3124 1297; x_wconf 89' lang='lat' dir='ltr'>parem</span> <span class='ocrx_word' id='word_1_198' title='bbox 3171 1223 3627 1285; x_wconf 88' lang='lat' dir='ltr'>sollicitudinem</span> <span class='ocrx_word' id='word_1_199' title='bbox 3679 1230 3749 1288; x_wconf 91' lang='lat' dir='ltr'>de</span> 
     </span>
    </p>
   </div>
   <div class='ocr_carea' id='block_1_29' title="bbox 2044 1300 3748 1383">
    <p class='ocr_par' dir='ltr' id='par_1_29' title="bbox 2044 1300 3748 1383">
     <span class='ocr_line' id='line_1_29' title="bbox 2044 1300 3748 1383; baseline 0.011 -25"><span class='ocrx_word' id='word_1_200' title='bbox 2044 1300 2169 1376; x_wconf 89' lang='lat' dir='ltr'>ipsa</span> <span class='ocrx_word' id='word_1_201' title='bbox 2225 1319 2347 1362; x_wconf 65' lang='lat' dir='ltr'>suae</span> <span class='ocrx_word' id='word_1_202' title='bbox 2395 1307 2770 1379; x_wconf 88' lang='lat' dir='ltr'>professionis</span> <span class='ocrx_word' id='word_1_203' title='bbox 2823 1312 2975 1383; x_wconf 90' lang='lat' dir='ltr'>sede,</span> <span class='ocrx_word' id='word_1_204' title='bbox 3038 1313 3413 1373; x_wconf 84' lang='lat' dir='ltr'>Avellanensi</span> <span class='ocrx_word' id='word_1_205' title='bbox 3467 1315 3748 1376; x_wconf 87' lang='lat' dir='ltr'>nimirum</span> 
     </span>
    </p>
   </div>
   <div class='ocr_carea' id='block_1_30' title="bbox 2046 1399 3751 1481">
    <p class='ocr_par' dir='ltr' id='par_1_30' title="bbox 2046 1399 3751 1481">
     <span class='ocr_line' id='line_1_30' title="bbox 2046 1399 3751 1481; baseline 0.009 -33"><span class='ocrx_word' id='word_1_206' title='bbox 2046 1408 2261 1465; x_wconf 89' lang='lat' dir='ltr'>eremo,</span> <span class='ocrx_word' id='word_1_207' title='bbox 2294 1410 2597 1471; x_wconf 89' lang='lat' dir='ltr'>nunquam</span> <span class='ocrx_word' id='word_1_208' title='bbox 2639 1399 2709 1457; x_wconf 94' lang='lat' dir='ltr'>de</span> <span class='ocrx_word' id='word_1_209' title='bbox 2737 1400 2860 1459; x_wconf 92' lang='lat' dir='ltr'>ullo</span> <span class='ocrx_word' id='word_1_210' title='bbox 2889 1417 2965 1460; x_wconf 89' lang='lat' dir='ltr'>ex</span> <span class='ocrx_word' id='word_1_211' title='bbox 2996 1407 3077 1460; x_wconf 89' lang='lat' dir='ltr'>tot</span> <span class='ocrx_word' id='word_1_212' title='bbox 3106 1403 3487 1473; x_wconf 88' lang='lat' dir='ltr'>monasteriis,</span> <span class='ocrx_word' id='word_1_213' title='bbox 3521 1405 3595 1463; x_wconf 90' lang='lat' dir='ltr'>ab</span> <span class='ocrx_word' id='word_1_214' title='bbox 3629 1406 3751 1481; x_wconf 68' lang='lat' dir='ltr'>ipso</span> 
     </span>
    </p>
   </div>
   <div class='ocr_carea' id='block_1_31' title="bbox 2044 1482 3754 1562">
    <p class='ocr_par' dir='ltr' id='par_1_31' title="bbox 2044 1482 3754 1562">
     <span class='ocr_line' id='line_1_31' title="bbox 2044 1482 3754 1562; baseline 0.009 -25"><span class='ocrx_word' id='word_1_215' title='bbox 2044 1482 2339 1554; x_wconf 86' lang='lat' dir='ltr'>speciatim</span> <span class='ocrx_word' id='word_1_216' title='bbox 2388 1487 2614 1557; x_wconf 89' lang='lat' dir='ltr'>erectis,</span> <span class='ocrx_word' id='word_1_217' title='bbox 2675 1488 2924 1548; x_wconf 84' lang='lat' dir='ltr'>similem</span> <span class='ocrx_word' id='word_1_218' title='bbox 2980 1507 3180 1550; x_wconf 88' lang='lat' dir='ltr'>curam</span> <span class='ocrx_word' id='word_1_219' title='bbox 3238 1493 3506 1562; x_wconf 87' lang='lat' dir='ltr'>ostendit,</span> <span class='ocrx_word' id='word_1_220' title='bbox 3562 1508 3628 1552; x_wconf 88' lang='lat' dir='ltr'>ac</span> <span class='ocrx_word' id='word_1_221' title='bbox 3682 1494 3754 1553; x_wconf 93' lang='lat' dir='ltr'>de</span> 
     </span>
    </p>
   </div>
   <div class='ocr_carea' id='block_1_32' title="bbox 2040 1572 3754 1656">
    <p class='ocr_par' dir='ltr' id='par_1_32' title="bbox 2040 1572 3754 1656">
     <span class='ocr_line' id='line_1_32' title="bbox 2040 1572 3754 1656; baseline 0.009 -29"><span class='ocrx_word' id='word_1_222' title='bbox 2040 1572 2406 1643; x_wconf 72' lang='lat' dir='ltr'>prmlaudato</span> <span class='ocrx_word' id='word_1_223' title='bbox 2450 1575 2845 1637; x_wconf 71' lang='lat' dir='ltr'>S.&quot;Vincentii</span> <span class='ocrx_word' id='word_1_224' title='bbox 2881 1582 3163 1655; x_wconf 75' lang='lat' dir='ltr'>cmnobio,</span> <span class='ocrx_word' id='word_1_225' title='bbox 3204 1584 3354 1656; x_wconf 90' lang='lat' dir='ltr'>quod</span> <span class='ocrx_word' id='word_1_226' title='bbox 3394 1584 3754 1644; x_wconf 85' lang='lat' dir='ltr'>Bomualdus</span> 
     </span>
    </p>
   </div>
   <div class='ocr_carea' id='block_1_33' title="bbox 246 1657 3751 1746">
    <p class='ocr_par' dir='ltr' id='par_1_33' title="bbox 246 1657 3751 1746">
     <span class='ocr_line' id='line_1_33' title="bbox 246 1657 3751 1746; baseline 0.005 -30"><span class='ocrx_word' id='word_1_227' title='bbox 246 1658 379 1716; x_wconf 71' lang='lat' dir='ltr'>dite.</span> <span class='ocrx_word' id='word_1_228' title='bbox 431 1657 542 1715; x_wconf 88' lang='lat' dir='ltr'>Hic</span> <span class='ocrx_word' id='word_1_229' title='bbox 591 1658 761 1732; x_wconf 74' lang='lat' dir='ltr'>cmpit</span> <span class='ocrx_word' id='word_1_230' title='bbox 807 1658 1106 1733; x_wconf 88' lang='lat' dir='ltr'>conqueri,</span> <span class='ocrx_word' id='word_1_231' title='bbox 1158 1660 1295 1718; x_wconf 89' lang='lat' dir='ltr'>satis</span> <span class='ocrx_word' id='word_1_232' title='bbox 1354 1677 1641 1737; x_wconf 91' lang='lat' dir='ltr'>superque</span> <span class='ocrx_word' id='word_1_233' title='bbox 1696 1661 2344 1733; x_wconf 65' lang='lat' dir='ltr'>sumcereBprzeclaris</span> <span class='ocrx_word' id='word_1_234' title='bbox 2389 1664 2511 1722; x_wconf 91' lang='lat' dir='ltr'>suis</span> <span class='ocrx_word' id='word_1_235' title='bbox 2564 1665 2863 1739; x_wconf 90' lang='lat' dir='ltr'>institutis,</span> <span class='ocrx_word' id='word_1_236' title='bbox 2920 1686 3278 1746; x_wconf 90' lang='lat' dir='ltr'>suorumque</span> <span class='ocrx_word' id='word_1_237' title='bbox 3328 1671 3751 1745; x_wconf 90' lang='lat' dir='ltr'>discipulorum</span> 
     </span>
    </p>
   </div>
   <div class='ocr_carea' id='block_1_34' title="bbox 245 1747 1952 1823">
    <p class='ocr_par' dir='ltr' id='par_1_34' title="bbox 245 1747 1952 1823">
     <span class='ocr_line' id='line_1_34' title="bbox 245 1747 1952 1823; baseline 0.005 -18"><span class='ocrx_word' id='word_1_238' title='bbox 245 1747 397 1821; x_wconf 91' lang='lat' dir='ltr'>quod</span> <span class='ocrx_word' id='word_1_239' title='bbox 435 1754 668 1807; x_wconf 87' lang='lat' dir='ltr'>sanctus</span> <span class='ocrx_word' id='word_1_240' title='bbox 709 1749 971 1823; x_wconf 72' lang='lat' dir='ltr'>przecipit</span> <span class='ocrx_word' id='word_1_241' title='bbox 1009 1749 1378 1819; x_wconf 88' lang='lat' dir='ltr'>Benedictus,</span> <span class='ocrx_word' id='word_1_242' title='bbox 1431 1768 1538 1811; x_wconf 92' lang='lat' dir='ltr'>uec</span> <span class='ocrx_word' id='word_1_243' title='bbox 1578 1769 1747 1813; x_wconf 57' lang='lat' dir='ltr'>nova)</span> <span class='ocrx_word' id='word_1_244' title='bbox 1781 1754 1952 1814; x_wconf 78' lang='lat' dir='ltr'>adin-</span> 
     </span>
    </p>
   </div>
   <div class='ocr_carea' id='block_1_35' title="bbox 242 1836 1952 1915">
    <p class='ocr_par' dir='ltr' id='par_1_35' title="bbox 242 1836 1952 1915">
     <span class='ocr_line' id='line_1_35' title="bbox 242 1836 1952 1915; baseline 0.005 -21"><span class='ocrx_word' id='word_1_245' title='bbox 242 1836 533 1895; x_wconf 87' lang='lat' dir='ltr'>ventionis</span> <span class='ocrx_word' id='word_1_246' title='bbox 559 1837 784 1911; x_wconf 91' lang='lat' dir='ltr'>pondus</span> <span class='ocrx_word' id='word_1_247' title='bbox 811 1838 1017 1896; x_wconf 78' lang='lat' dir='ltr'>debere</span> <span class='ocrx_word' id='word_1_248' title='bbox 1048 1842 1384 1915; x_wconf 87' lang='lat' dir='ltr'>superponi,</span> <span class='ocrx_word' id='word_1_249' title='bbox 1421 1857 1528 1900; x_wconf 90' lang='lat' dir='ltr'>nec</span> <span class='ocrx_word' id='word_1_250' title='bbox 1564 1858 1669 1901; x_wconf 90' lang='lat' dir='ltr'>nos</span> <span class='ocrx_word' id='word_1_251' title='bbox 1695 1860 1818 1902; x_wconf 89' lang='lat' dir='ltr'>esse</span> <span class='ocrx_word' id='word_1_252' title='bbox 1846 1859 1952 1902; x_wconf 93' lang='lat' dir='ltr'>an-</span> 
     </span>
    </p>
   </div>
   <div class='ocr_carea' id='block_1_36' title="bbox 246 1927 1952 2003">
    <p class='ocr_par' dir='ltr' id='par_1_36' title="bbox 246 1927 1952 2003">
     <span class='ocr_line' id='line_1_36' title="bbox 246 1927 1952 2003; baseline 0.005 -20"><span class='ocrx_word' id='word_1_253' title='bbox 246 1927 426 2001; x_wconf 88' lang='lat' dir='ltr'>tiquis</span> <span class='ocrx_word' id='word_1_254' title='bbox 483 1928 749 1985; x_wconf 87' lang='lat' dir='ltr'>Patribus</span> <span class='ocrx_word' id='word_1_255' title='bbox 803 1930 1159 1987; x_wconf 79' lang='lat' dir='ltr'>sanctiores:</span> <span class='ocrx_word' id='word_1_256' title='bbox 1195 1930 1299 2003; x_wconf 88' lang='lat' dir='ltr'>qui</span> <span class='ocrx_word' id='word_1_257' title='bbox 1354 1931 1617 1990; x_wconf 85' lang='lat' dir='ltr'>videlicet</span> <span class='ocrx_word' id='word_1_258' title='bbox 1671 1933 1795 1991; x_wconf 73' lang='lat' dir='ltr'>haec</span> <span class='ocrx_word' id='word_1_259' title='bbox 1849 1951 1952 1992; x_wconf 90' lang='lat' dir='ltr'>su-</span> 
     </span>
    </p>
   </div>
   <div class='ocr_carea' id='block_1_37' title="bbox 244 2018 1955 2097">
    <p class='ocr_par' dir='ltr' id='par_1_37' title="bbox 244 2018 1955 2097">
     <span class='ocr_line' id='line_1_37' title="bbox 244 2018 1955 2097; baseline 0.005 -22"><span class='ocrx_word' id='word_1_260' title='bbox 244 2018 567 2093; x_wconf 85' lang='lat' dir='ltr'>perstitiosa</span> <span class='ocrx_word' id='word_1_261' title='bbox 640 2034 707 2076; x_wconf 89' lang='lat' dir='ltr'>ac</span> <span class='ocrx_word' id='word_1_262' title='bbox 778 2035 1206 2093; x_wconf 86' lang='lat' dir='ltr'>supervacanea</span> <span class='ocrx_word' id='word_1_263' title='bbox 1269 2021 1612 2095; x_wconf 78' lang='lat' dir='ltr'>iudicantes,</span> <span class='ocrx_word' id='word_1_264' title='bbox 1670 2023 1955 2097; x_wconf 88' lang='lat' dir='ltr'>psallendi</span> 
     </span>
    </p>
   </div>
   <div class='ocr_carea' id='block_1_38' title="bbox 245 2108 1953 2187">
    <p class='ocr_par' dir='ltr' id='par_1_38' title="bbox 245 2108 1953 2187">
     <span class='ocr_line' id='line_1_38' title="bbox 245 2108 1953 2187; baseline 0.005 -24"><span class='ocrx_word' id='word_1_265' title='bbox 245 2108 414 2166; x_wconf 87' lang='lat' dir='ltr'>nobis</span> <span class='ocrx_word' id='word_1_266' title='bbox 451 2114 684 2180; x_wconf 87' lang='lat' dir='ltr'>metam,</span> <span class='ocrx_word' id='word_1_267' title='bbox 723 2124 1075 2183; x_wconf 90' lang='lat' dir='ltr'>omnemque</span> <span class='ocrx_word' id='word_1_268' title='bbox 1112 2110 1352 2168; x_wconf 88' lang='lat' dir='ltr'>vivendi</span> <span class='ocrx_word' id='word_1_269' title='bbox 1391 2113 1649 2187; x_wconf 90' lang='lat' dir='ltr'>regulam</span> <span class='ocrx_word' id='word_1_270' title='bbox 1680 2115 1953 2187; x_wconf 67' lang='lat' dir='ltr'>prazlixe—</span> 
     </span>
    </p>
   </div>
   <div class='ocr_carea' id='block_1_39' title="bbox 243 2201 1955 2276">
    <p class='ocr_par' dir='ltr' id='par_1_39' title="bbox 243 2201 1955 2276">
     <span class='ocr_line' id='line_1_39' title="bbox 243 2201 1955 2276; baseline 0.004 -19"><span class='ocrx_word' id='word_1_271' title='bbox 243 2206 385 2257; x_wconf 90' lang='lat' dir='ltr'>runt</span> <span class='ocrx_word' id='word_1_272' title='bbox 414 2223 427 2259; x_wconf 88' lang='lat'><strong>:</strong></span> <span class='ocrx_word' id='word_1_273' title='bbox 460 2201 568 2258; x_wconf 91' lang='lat' dir='ltr'>hac</span> <span class='ocrx_word' id='word_1_274' title='bbox 596 2217 735 2260; x_wconf 86' lang='lat' dir='ltr'>sane</span> <span class='ocrx_word' id='word_1_275' title='bbox 760 2201 970 2260; x_wconf 88' lang='lat' dir='ltr'>debere</span> <span class='ocrx_word' id='word_1_276' title='bbox 1000 2219 1108 2261; x_wconf 91' lang='lat' dir='ltr'>nos</span> <span class='ocrx_word' id='word_1_277' title='bbox 1138 2220 1261 2262; x_wconf 87' lang='lat' dir='ltr'>esse.</span> <span class='ocrx_word' id='word_1_278' title='bbox 1292 2212 1609 2276; x_wconf 90' lang='lat' dir='ltr'>contentos,</span> <span class='ocrx_word' id='word_1_279' title='bbox 1642 2222 1715 2263; x_wconf 91' lang='lat' dir='ltr'>ne</span> <span class='ocrx_word' id='word_1_280' title='bbox 1743 2208 1815 2265; x_wconf 90' lang='lat' dir='ltr'>ab</span> <span class='ocrx_word' id='word_1_281' title='bbox 1854 2206 1955 2264; x_wconf 90' lang='lat' dir='ltr'>illa</span> 
     </span>
    </p>
   </div>
   <div class='ocr_carea' id='block_1_40' title="bbox 244 2291 1956 2367">
    <p class='ocr_par' dir='ltr' id='par_1_40' title="bbox 244 2291 1956 2367">
     <span class='ocr_line' id='line_1_40' title="bbox 244 2291 1956 2367; baseline 0.004 -19"><span class='ocrx_word' id='word_1_282' title='bbox 244 2291 536 2351; x_wconf 87' lang='lat' dir='ltr'>incautius</span> <span class='ocrx_word' id='word_1_283' title='bbox 568 2292 947 2364; x_wconf 86' lang='lat' dir='ltr'>declinantes,</span> <span class='ocrx_word' id='word_1_284' title='bbox 990 2310 1094 2367; x_wconf 90' lang='lat' dir='ltr'>per</span> <span class='ocrx_word' id='word_1_285' title='bbox 1143 2296 1436 2353; x_wconf 89' lang='lat' dir='ltr'>anfractus</span> <span class='ocrx_word' id='word_1_286' title='bbox 1488 2304 1543 2354; x_wconf 89' lang='lat' dir='ltr'>et</span> <span class='ocrx_word' id='word_1_287' title='bbox 1588 2296 1750 2355; x_wconf 90' lang='lat' dir='ltr'>invia</span> <span class='ocrx_word' id='word_1_288' title='bbox 1781 2296 1956 2354; x_wconf 88' lang='lat' dir='ltr'>duca-</span> 
     </span>
    </p>
   </div>
   <div class='ocr_carea' id='block_1_41' title="bbox 244 2384 1956 2462">
    <p class='ocr_par' dir='ltr' id='par_1_41' title="bbox 244 2384 1956 2462">
     <span class='ocr_line' id='line_1_41' title="bbox 244 2384 1956 2462; baseline 0.003 -22"><span class='ocrx_word' id='word_1_289' title='bbox 244 2399 378 2441; x_wconf 90' lang='lat' dir='ltr'>mur</span> <span class='ocrx_word' id='word_1_290' title='bbox 425 2384 671 2442; x_wconf 91' lang='lat' dir='ltr'>erronei.</span> <span class='ocrx_word' id='word_1_291' title='bbox 716 2384 868 2454; x_wconf 87' lang='lat' dir='ltr'>Quid</span> <span class='ocrx_word' id='word_1_292' title='bbox 910 2384 1130 2459; x_wconf 84' lang='lat' dir='ltr'>plura?</span> <span class='ocrx_word' id='word_1_293' title='bbox 1175 2386 1383 2445; x_wconf 87' lang='lat' dir='ltr'>Contra</span> <span class='ocrx_word' id='word_1_294' title='bbox 1418 2387 1699 2462; x_wconf 79' lang='lat' dir='ltr'>Reginam</span> <span class='ocrx_word' id='word_1_295' title='bbox 1752 2388 1956 2447; x_wconf 91' lang='lat' dir='ltr'>mundi</span> 
     </span>
    </p>
   </div>
   <div class='ocr_carea' id='block_1_42' title="bbox 246 2468 1957 2548">
    <p class='ocr_par' dir='ltr' id='par_1_42' title="bbox 246 2468 1957 2548">
     <span class='ocr_line' id='line_1_42' title="bbox 246 2468 1957 2548; baseline 0.004 -17"><span class='ocrx_word' id='word_1_296' title='bbox 246 2475 500 2548; x_wconf 65' lang='lat' dir='ltr'>przeliari</span> <span class='ocrx_word' id='word_1_297' title='bbox 532 2475 694 2533; x_wconf 91' lang='lat' dir='ltr'>visus</span> <span class='ocrx_word' id='word_1_298' title='bbox 725 2483 827 2545; x_wconf 88' lang='lat' dir='ltr'>est,</span> <span class='ocrx_word' id='word_1_299' title='bbox 856 2483 910 2534; x_wconf 92' lang='lat' dir='ltr'>et</span> <span class='ocrx_word' id='word_1_300' title='bbox 939 2477 1185 2536; x_wconf 85' lang='lat' dir='ltr'>confecit</span> <span class='ocrx_word' id='word_1_301' title='bbox 1219 2499 1231 2537; x_wconf 93' lang='lat'><strong>:</strong></span> <span class='ocrx_word' id='word_1_302' title='bbox 1264 2480 1335 2537; x_wconf 87' lang='lat' dir='ltr'>ad</span> <span class='ocrx_word' id='word_1_303' title='bbox 1385 2468 1806 2538; x_wconf 49' lang='lat' dir='ltr'>hoc&#39;nimirum</span> <span class='ocrx_word' id='word_1_304' title='bbox 1844 2481 1957 2537; x_wconf 85' lang='lat' dir='ltr'>fra-</span> 
     </span>
    </p>
   </div>
   <div class='ocr_carea' id='block_1_43' title="bbox 244 2564 1959 2640">
    <p class='ocr_par' dir='ltr' id='par_1_43' title="bbox 244 2564 1959 2640">
     <span class='ocr_line' id='line_1_43' title="bbox 244 2564 1959 2640; baseline 0.002 -16"><span class='ocrx_word' id='word_1_305' title='bbox 244 2570 360 2624; x_wconf 86' lang='lat' dir='ltr'>tres</span> <span class='ocrx_word' id='word_1_306' title='bbox 400 2570 631 2622; x_wconf 89' lang='lat' dir='ltr'>versuta</span> <span class='ocrx_word' id='word_1_307' title='bbox 666 2564 1092 2624; x_wconf 84' lang='lat' dir='ltr'>machinatione</span> <span class='ocrx_word' id='word_1_308' title='bbox 1129 2567 1393 2640; x_wconf 80' lang='lat' dir='ltr'>pellexit.</span> <span class='ocrx_word' id='word_1_309' title='bbox 1431 2575 1495 2627; x_wconf 91' lang='lat' dir='ltr'>ut</span> <span class='ocrx_word' id='word_1_310' title='bbox 1539 2568 1736 2627; x_wconf 90' lang='lat' dir='ltr'>solitas</span> <span class='ocrx_word' id='word_1_311' title='bbox 1775 2569 1959 2629; x_wconf 58' lang='lat' dir='ltr'>beatas</span> 
     </span>
    </p>
   </div>
   <div class='ocr_carea' id='block_1_44' title="bbox 248 2653 1958 2719">
    <p class='ocr_par' dir='ltr' id='par_1_44' title="bbox 248 2653 1958 2719">
     <span class='ocr_line' id='line_1_44' title="bbox 248 2653 1958 2719; baseline 0.004 -6"><span class='ocrx_word' id='word_1_312' title='bbox 248 2654 445 2713; x_wconf 61' lang='lat' dir='ltr'>Mariae</span> <span class='ocrx_word' id='word_1_313' title='bbox 500 2653 700 2713; x_wconf 88' lang='lat' dir='ltr'>laudes</span> <span class='ocrx_word' id='word_1_314' title='bbox 748 2654 993 2715; x_wconf 90' lang='lat' dir='ltr'>ulterius</span> <span class='ocrx_word' id='word_1_315' title='bbox 1043 2672 1161 2715; x_wconf 89' lang='lat' dir='ltr'>non</span> <span class='ocrx_word' id='word_1_316' title='bbox 1217 2658 1507 2717; x_wconf 76' lang='lat' dir='ltr'>offerrent.</span> <span class='ocrx_word' id='word_1_317' title='bbox 1563 2659 1672 2718; x_wconf 89' lang='lat' dir='ltr'>Sed</span> <span class='ocrx_word' id='word_1_318' title='bbox 1725 2675 1758 2718; x_wconf 96' lang='lat' dir='ltr'>o</span> <span class='ocrx_word' id='word_1_319' title='bbox 1802 2660 1958 2719; x_wconf 87' lang='lat' dir='ltr'>divi-</span> 
     </span>
    </p>
   </div>
   <div class='ocr_carea' id='block_1_45' title="bbox 248 2744 1959 2820">
    <p class='ocr_par' dir='ltr' id='par_1_45' title="bbox 248 2744 1959 2820">
     <span class='ocr_line' id='line_1_45' title="bbox 248 2744 1959 2820; baseline 0.004 -17"><span class='ocrx_word' id='word_1_320' title='bbox 248 2760 394 2804; x_wconf 91' lang='lat' dir='ltr'>num</span> <span class='ocrx_word' id='word_1_321' title='bbox 418 2744 706 2818; x_wconf 87' lang='lat' dir='ltr'>judicium</span> <span class='ocrx_word' id='word_1_322' title='bbox 731 2761 765 2803; x_wconf 87' lang='lat' dir='ltr'>a</span> <span class='ocrx_word' id='word_1_323' title='bbox 791 2752 1002 2804; x_wconf 56' lang='lat' dir='ltr'>nostra</span> <span class='ocrx_word' id='word_1_324' title='bbox 1027 2746 1327 2820; x_wconf 88' lang='lat' dir='ltr'>pravitatis</span> <span class='ocrx_word' id='word_1_325' title='bbox 1350 2746 1571 2808; x_wconf 90' lang='lat' dir='ltr'>intuitu</span> <span class='ocrx_word' id='word_1_326' title='bbox 1597 2765 1712 2808; x_wconf 92' lang='lat' dir='ltr'>non</span> <span class='ocrx_word' id='word_1_327' title='bbox 1739 2752 1959 2809; x_wconf 91' lang='lat' dir='ltr'>dormi-</span> 
     </span>
    </p>
   </div>
   <div class='ocr_carea' id='block_1_46' title="bbox 244 2835 1956 2913">
    <p class='ocr_par' dir='ltr' id='par_1_46' title="bbox 244 2835 1956 2913">
     <span class='ocr_line' id='line_1_46' title="bbox 244 2835 1956 2913; baseline 0.004 -18"><span class='ocrx_word' id='word_1_328' title='bbox 244 2837 414 2895; x_wconf 87' lang='lat' dir='ltr'>tans!</span> <span class='ocrx_word' id='word_1_329' title='bbox 450 2835 587 2893; x_wconf 87' lang='lat' dir='ltr'>Mox</span> <span class='ocrx_word' id='word_1_330' title='bbox 638 2835 797 2894; x_wconf 89' lang='lat' dir='ltr'>enim</span> <span class='ocrx_word' id='word_1_331' title='bbox 851 2837 1129 2896; x_wconf 89' lang='lat' dir='ltr'>adversus</span> <span class='ocrx_word' id='word_1_332' title='bbox 1180 2840 1488 2913; x_wconf 62' lang='lat' dir='ltr'>praefatum</span> <span class='ocrx_word' id='word_1_333' title='bbox 1542 2842 1956 2902; x_wconf 87' lang='lat' dir='ltr'>monasterium</span> 
     </span>
    </p>
   </div>
   <div class='ocr_carea' id='block_1_47' title="bbox 248 2922 1958 3006">
    <p class='ocr_par' dir='ltr' id='par_1_47' title="bbox 248 2922 1958 3006">
     <span class='ocr_line' id='line_1_47' title="bbox 248 2922 1958 3006; baseline 0.005 -25"><span class='ocrx_word' id='word_1_334' title='bbox 248 2929 330 2981; x_wconf 88' lang='lat' dir='ltr'>tot</span> <span class='ocrx_word' id='word_1_335' title='bbox 376 2922 788 2984; x_wconf 87' lang='lat' dir='ltr'>adversitatum</span> <span class='ocrx_word' id='word_1_336' title='bbox 840 2926 1168 2999; x_wconf 87' lang='lat' dir='ltr'>grandines,</span> <span class='ocrx_word' id='word_1_337' title='bbox 1227 2934 1306 2987; x_wconf 91' lang='lat' dir='ltr'>tot</span> <span class='ocrx_word' id='word_1_338' title='bbox 1356 2931 1618 3006; x_wconf 90' lang='lat' dir='ltr'>undique</span> <span class='ocrx_word' id='word_1_339' title='bbox 1671 2930 1958 2991; x_wconf 89' lang='lat' dir='ltr'>bellorum</span> 
     </span>
    </p>
   </div>
   <div class='ocr_carea' id='block_1_48' title="bbox 2034 1749 2790 1825">
    <p class='ocr_par' dir='ltr' id='par_1_48' title="bbox 2034 1749 2790 1825">
     <span class='ocr_line' id='line_1_48' title="bbox 2034 1749 2790 1825; baseline 0.013 -20"><span class='ocrx_word' id='word_1_340' title='bbox 2034 1749 2310 1825; x_wconf 79' lang='lat' dir='ltr'>reliquiis</span> <span class='ocrx_word' id='word_1_341' title='bbox 2339 1763 2790 1816; x_wconf 88' lang='lat' dir='ltr'>consecraverat.</span> 
     </span>
    </p>
   </div>
   <div class='ocr_carea' id='block_1_49' title="bbox 2113 1840 3753 1923">
    <p class='ocr_par' dir='ltr' id='par_1_49' title="bbox 2113 1840 3753 1923">
     <span class='ocr_line' id='line_1_49' title="bbox 2113 1840 3753 1923; baseline 0.007 -25"><span class='ocrx_word' id='word_1_342' title='bbox 2113 1840 2184 1898; x_wconf 89' lang='lat' dir='ltr'>X.</span> <span class='ocrx_word' id='word_1_343' title='bbox 2218 1841 2484 1917; x_wconf 88' lang='lat' dir='ltr'>Denique</span> <span class='ocrx_word' id='word_1_344' title='bbox 2528 1844 2867 1917; x_wconf 84' lang='lat' dir='ltr'>longissimo</span> <span class='ocrx_word' id='word_1_345' title='bbox 2912 1853 3179 1923; x_wconf 90' lang='lat' dir='ltr'>tempore,</span> <span class='ocrx_word' id='word_1_346' title='bbox 3232 1867 3299 1909; x_wconf 90' lang='lat' dir='ltr'>ac</span> <span class='ocrx_word' id='word_1_347' title='bbox 3334 1850 3557 1908; x_wconf 88' lang='lat' dir='ltr'>diutius</span> <span class='ocrx_word' id='word_1_348' title='bbox 3604 1851 3753 1909; x_wconf 90' lang='lat' dir='ltr'>forte</span> 
     </span>
    </p>
   </div>
   <div class='ocr_carea' id='block_1_50' title="bbox 2041 1931 3748 2008">
    <p class='ocr_par' dir='ltr' id='par_1_50' title="bbox 2041 1931 3748 2008">
     <span class='ocr_line' id='line_1_50' title="bbox 2041 1931 3748 2008; baseline 0.008 -21"><span class='ocrx_word' id='word_1_349' title='bbox 2041 1946 2215 2005; x_wconf 90' lang='lat' dir='ltr'>quam</span> <span class='ocrx_word' id='word_1_350' title='bbox 2233 1931 2395 2003; x_wconf 89' lang='lat' dir='ltr'>alibi,</span> <span class='ocrx_word' id='word_1_351' title='bbox 2422 1933 2481 1990; x_wconf 91' lang='lat' dir='ltr'>in</span> <span class='ocrx_word' id='word_1_352' title='bbox 2502 1936 2772 2008; x_wconf 65' lang='lat' dir='ltr'>praedicto</span> <span class='ocrx_word' id='word_1_353' title='bbox 2789 1942 3134 1998; x_wconf 88' lang='lat' dir='ltr'>monasterio</span> <span class='ocrx_word' id='word_1_354' title='bbox 3148 1950 3551 2000; x_wconf 88' lang='lat' dir='ltr'>conversatum</span> <span class='ocrx_word' id='word_1_355' title='bbox 3572 1942 3748 2000; x_wconf 88' lang='lat' dir='ltr'>fuisse</span> 
     </span>
    </p>
   </div>
   <div class='ocr_carea' id='block_1_51' title="bbox 2041 2020 3746 2104">
    <p class='ocr_par' dir='ltr' id='par_1_51' title="bbox 2041 2020 3746 2104">
     <span class='ocr_line' id='line_1_51' title="bbox 2041 2020 3746 2104; baseline 0.006 -26"><span class='ocrx_word' id='word_1_356' title='bbox 2041 2020 2412 2094; x_wconf 82' lang='lat' dir='ltr'>Damianum,</span> <span class='ocrx_word' id='word_1_357' title='bbox 2462 2025 2649 2098; x_wconf 86' lang='lat' dir='ltr'>colligi</span> <span class='ocrx_word' id='word_1_358' title='bbox 2701 2042 2865 2099; x_wconf 89' lang='lat' dir='ltr'>posse</span> <span class='ocrx_word' id='word_1_359' title='bbox 2901 2029 3130 2087; x_wconf 90' lang='lat' dir='ltr'>videtur</span> <span class='ocrx_word' id='word_1_360' title='bbox 3168 2045 3243 2088; x_wconf 90' lang='lat' dir='ltr'>ex</span> <span class='ocrx_word' id='word_1_361' title='bbox 3294 2046 3429 2090; x_wconf 89' lang='lat' dir='ltr'>casu</span> <span class='ocrx_word' id='word_1_362' title='bbox 3472 2031 3746 2104; x_wconf 85' lang='lat' dir='ltr'>Arduini,</span> 
     </span>
    </p>
   </div>
   <div class='ocr_carea' id='block_1_52' title="bbox 2040 2112 3752 2193">
    <p class='ocr_par' dir='ltr' id='par_1_52' title="bbox 2040 2112 3752 2193">
     <span class='ocr_line' id='line_1_52' title="bbox 2040 2112 3752 2193; baseline 0.006 -25"><span class='ocrx_word' id='word_1_363' title='bbox 2040 2126 2214 2184; x_wconf 92' lang='lat' dir='ltr'>quem</span> <span class='ocrx_word' id='word_1_364' title='bbox 2252 2112 2451 2170; x_wconf 89' lang='lat' dir='ltr'>decem</span> <span class='ocrx_word' id='word_1_365' title='bbox 2487 2130 2776 2173; x_wconf 90' lang='lat' dir='ltr'>annorum</span> <span class='ocrx_word' id='word_1_366' title='bbox 2829 2118 3009 2190; x_wconf 87' lang='lat' dir='ltr'>spatio</span> <span class='ocrx_word' id='word_1_367' title='bbox 3054 2120 3357 2193; x_wconf 65' lang='lat' dir='ltr'>promissa:</span> <span class='ocrx_word' id='word_1_368' title='bbox 3406 2120 3591 2177; x_wconf 87' lang='lat' dir='ltr'>eidem</span> <span class='ocrx_word' id='word_1_369' title='bbox 3636 2119 3752 2178; x_wconf 90' lang='lat' dir='ltr'>Da-</span> 
     </span>
    </p>
   </div>
   <div class='ocr_carea' id='block_1_53' title="bbox 2042 2200 3748 2285">
    <p class='ocr_par' dir='ltr' id='par_1_53' title="bbox 2042 2200 3748 2285">
     <span class='ocr_line' id='line_1_53' title="bbox 2042 2200 3748 2285; baseline 0.008 -29"><span class='ocrx_word' id='word_1_370' title='bbox 2042 2200 2239 2258; x_wconf 86' lang='lat' dir='ltr'>miano</span> <span class='ocrx_word' id='word_1_371' title='bbox 2267 2204 2664 2263; x_wconf 86' lang='lat' dir='ltr'>conversionis</span> <span class='ocrx_word' id='word_1_372' title='bbox 2685 2212 2884 2264; x_wconf 89' lang='lat' dir='ltr'>votum</span> <span class='ocrx_word' id='word_1_373' title='bbox 2909 2207 3291 2279; x_wconf 81' lang='lat' dir='ltr'>ditferentem,</span> <span class='ocrx_word' id='word_1_374' title='bbox 3314 2210 3611 2285; x_wconf 88' lang='lat' dir='ltr'>sanctique</span> <span class='ocrx_word' id='word_1_375' title='bbox 3636 2210 3748 2269; x_wconf 86' lang='lat' dir='ltr'>viri</span> 
     </span>
    </p>
   </div>
   <div class='ocr_carea' id='block_1_54' title="bbox 2042 2289 3750 2372">
    <p class='ocr_par' dir='ltr' id='par_1_54' title="bbox 2042 2289 3750 2372">
     <span class='ocr_line' id='line_1_54' title="bbox 2042 2289 3750 2372; baseline 0.007 -26"><span class='ocrx_word' id='word_1_376' title='bbox 2042 2289 2305 2348; x_wconf 90' lang='lat' dir='ltr'>assiduas</span> <span class='ocrx_word' id='word_1_377' title='bbox 2338 2290 2644 2352; x_wconf 79' lang='lat' dir='ltr'>instantius</span> <span class='ocrx_word' id='word_1_378' title='bbox 2680 2295 3029 2369; x_wconf 89' lang='lat' dir='ltr'>eludentem,</span> <span class='ocrx_word' id='word_1_379' title='bbox 3060 2298 3216 2370; x_wconf 84' lang='lat' dir='ltr'>justo</span> <span class='ocrx_word' id='word_1_380' title='bbox 3247 2298 3350 2357; x_wconf 90' lang='lat' dir='ltr'>Dei</span> <span class='ocrx_word' id='word_1_381' title='bbox 3383 2299 3600 2372; x_wconf 89' lang='lat' dir='ltr'>judicio</span> <span class='ocrx_word' id='word_1_382' title='bbox 3637 2315 3750 2372; x_wconf 88' lang='lat' dir='ltr'>pu-</span> 
     </span>
    </p>
   </div>
   <div class='ocr_carea' id='block_1_55' title="bbox 2044 2379 3751 2464">
    <p class='ocr_par' dir='ltr' id='par_1_55' title="bbox 2044 2379 3751 2464">
     <span class='ocr_line' id='line_1_55' title="bbox 2044 2379 3751 2464; baseline 0.007 -28"><span class='ocrx_word' id='word_1_383' title='bbox 2044 2379 2237 2438; x_wconf 89' lang='lat' dir='ltr'>nitum</span> <span class='ocrx_word' id='word_1_384' title='bbox 2266 2388 2460 2439; x_wconf 90' lang='lat' dir='ltr'>narrat</span> <span class='ocrx_word' id='word_1_385' title='bbox 2487 2383 2590 2441; x_wconf 90' lang='lat' dir='ltr'>lib.</span> <span class='ocrx_word' id='word_1_386' title='bbox 2625 2396 2682 2453; x_wconf 90' lang='lat' dir='ltr'>v,</span> <span class='ocrx_word' id='word_1_387' title='bbox 2716 2385 2879 2458; x_wconf 88' lang='lat' dir='ltr'>epist.</span> <span class='ocrx_word' id='word_1_388' title='bbox 2915 2386 2973 2444; x_wconf 90' lang='lat' dir='ltr'>l6</span> <span class='ocrx_word' id='word_1_389' title='bbox 3002 2405 3014 2444; x_wconf 89' lang='lat'><strong>:</strong></span> <span class='ocrx_word' id='word_1_390' title='bbox 3047 2408 3069 2438; x_wconf 75' lang='grc' dir='ltr'><strong>α</strong></span> <span class='ocrx_word' id='word_1_391' title='bbox 3100 2386 3317 2459; x_wconf 90' lang='lat' dir='ltr'>Dicam,</span> <span class='ocrx_word' id='word_1_392' title='bbox 3352 2388 3564 2463; x_wconf 90' lang='lat' dir='ltr'>inquit,</span> <span class='ocrx_word' id='word_1_393' title='bbox 3596 2389 3751 2464; x_wconf 88' lang='lat' dir='ltr'>quod</span> 
     </span>
    </p>
   </div>
   <div class='ocr_carea' id='block_1_56' title="bbox 2043 2473 3751 2552">
    <p class='ocr_par' dir='ltr' id='par_1_56' title="bbox 2043 2473 3751 2552">
     <span class='ocr_line' id='line_1_56' title="bbox 2043 2473 3751 2552; baseline 0.007 -24"><span class='ocrx_word' id='word_1_394' title='bbox 2043 2486 2216 2545; x_wconf 89' lang='lat' dir='ltr'>super</span> <span class='ocrx_word' id='word_1_395' title='bbox 2252 2488 2370 2530; x_wconf 90' lang='lat' dir='ltr'>non</span> <span class='ocrx_word' id='word_1_396' title='bbox 2409 2473 2680 2532; x_wconf 88' lang='lat' dir='ltr'>dissimili</span> <span class='ocrx_word' id='word_1_397' title='bbox 2726 2491 2788 2534; x_wconf 92' lang='lat' dir='ltr'>re</span> <span class='ocrx_word' id='word_1_398' title='bbox 2826 2492 3011 2551; x_wconf 89' lang='lat' dir='ltr'>nuper</span> <span class='ocrx_word' id='word_1_399' title='bbox 3036 2478 3189 2552; x_wconf 90' lang='lat' dir='ltr'>apud</span> <span class='ocrx_word' id='word_1_400' title='bbox 3220 2495 3327 2538; x_wconf 90' lang='lat' dir='ltr'>nos</span> <span class='ocrx_word' id='word_1_401' title='bbox 3354 2480 3628 2539; x_wconf 87' lang='lat' dir='ltr'>accidisse</span> <span class='ocrx_word' id='word_1_402' title='bbox 3653 2495 3751 2539; x_wconf 93' lang='lat' dir='ltr'>co-</span> 
     </span>
    </p>
   </div>
   <div class='ocr_carea' id='block_1_57' title="bbox 2042 2563 3751 2644">
    <p class='ocr_par' dir='ltr' id='par_1_57' title="bbox 2042 2563 3751 2644">
     <span class='ocr_line' id='line_1_57' title="bbox 2042 2563 3751 2644; baseline 0.006 -25"><span class='ocrx_word' id='word_1_403' title='bbox 2042 2563 2356 2635; x_wconf 88' lang='lat' dir='ltr'>gnoscitur.</span> <span class='ocrx_word' id='word_1_404' title='bbox 2408 2565 2511 2622; x_wconf 88' lang='lat' dir='ltr'>Vir</span> <span class='ocrx_word' id='word_1_405' title='bbox 2552 2565 2787 2640; x_wconf 88' lang='lat' dir='ltr'>quidam</span> <span class='ocrx_word' id='word_1_406' title='bbox 2840 2568 3141 2628; x_wconf 87' lang='lat' dir='ltr'>Arduinus</span> <span class='ocrx_word' id='word_1_407' title='bbox 3194 2571 3454 2644; x_wconf 88' lang='lat' dir='ltr'>nomine,</span> <span class='ocrx_word' id='word_1_408' title='bbox 3514 2571 3751 2631; x_wconf 75' lang='lat' dir='ltr'>famosae</span> 
     </span>
    </p>
   </div>
   <div class='ocr_carea' id='block_1_58' title="bbox 2043 2653 3751 2734">
    <p class='ocr_par' dir='ltr' id='par_1_58' title="bbox 2043 2653 3751 2734">
     <span class='ocr_line' id='line_1_58' title="bbox 2043 2653 3751 2734; baseline 0.006 -25"><span class='ocrx_word' id='word_1_409' title='bbox 2043 2653 2370 2725; x_wconf 63' lang='lat' dir='ltr'>prudentia;</span> <span class='ocrx_word' id='word_1_410' title='bbox 2427 2671 2635 2729; x_wconf 84' lang='lat' dir='ltr'>genere</span> <span class='ocrx_word' id='word_1_411' title='bbox 2680 2657 2893 2723; x_wconf 88' lang='lat' dir='ltr'>clarus,</span> <span class='ocrx_word' id='word_1_412' title='bbox 2942 2658 3162 2717; x_wconf 88' lang='lat' dir='ltr'>divitiis</span> <span class='ocrx_word' id='word_1_413' title='bbox 3220 2660 3553 2734; x_wconf 91' lang='lat' dir='ltr'>opulentus,</span> <span class='ocrx_word' id='word_1_414' title='bbox 3600 2666 3751 2720; x_wconf 86' lang='lat' dir='ltr'>certa</span> 
     </span>
    </p>
   </div>
   <div class='ocr_carea' id='block_1_59' title="bbox 2046 2743 3749 2823">
    <p class='ocr_par' dir='ltr' id='par_1_59' title="bbox 2046 2743 3749 2823">
     <span class='ocr_line' id='line_1_59' title="bbox 2046 2743 3749 2823; baseline 0.004 -22"><span class='ocrx_word' id='word_1_415' title='bbox 2046 2743 2193 2801; x_wconf 89' lang='lat' dir='ltr'>mihi</span> <span class='ocrx_word' id='word_1_416' title='bbox 2222 2744 2526 2804; x_wconf 86' lang='lat' dir='ltr'>devotione</span> <span class='ocrx_word' id='word_1_417' title='bbox 2552 2746 2951 2819; x_wconf 86' lang='lat' dir='ltr'>spoponderat.</span> <span class='ocrx_word' id='word_1_418' title='bbox 2984 2749 3138 2821; x_wconf 91' lang='lat' dir='ltr'>quod</span> <span class='ocrx_word' id='word_1_419' title='bbox 3165 2748 3212 2805; x_wconf 89' lang='lat' dir='ltr'>si</span> <span class='ocrx_word' id='word_1_420' title='bbox 3240 2753 3372 2806; x_wconf 89' lang='lat' dir='ltr'>ante</span> <span class='ocrx_word' id='word_1_421' title='bbox 3397 2765 3513 2808; x_wconf 93' lang='lat' dir='ltr'>non</span> <span class='ocrx_word' id='word_1_422' title='bbox 3540 2754 3749 2823; x_wconf 89' lang='lat' dir='ltr'>posset,</span> 
     </span>
    </p>
   </div>
   <div class='ocr_carea' id='block_1_60' title="bbox 2046 2831 3753 2906">
    <p class='ocr_par' dir='ltr' id='par_1_60' title="bbox 2046 2831 3753 2906">
     <span class='ocr_line' id='line_1_60' title="bbox 2046 2831 3753 2906; baseline 0.002 -16"><span class='ocrx_word' id='word_1_423' title='bbox 2046 2831 2251 2891; x_wconf 88' lang='lat' dir='ltr'>saltem</span> <span class='ocrx_word' id='word_1_424' title='bbox 2282 2834 2512 2906; x_wconf 90' lang='lat' dir='ltr'>expleto</span> <span class='ocrx_word' id='word_1_425' title='bbox 2538 2835 2844 2906; x_wconf 87' lang='lat' dir='ltr'>decennio,</span> <span class='ocrx_word' id='word_1_426' title='bbox 2873 2836 2943 2894; x_wconf 87' lang='lat' dir='ltr'>ad</span> <span class='ocrx_word' id='word_1_427' title='bbox 2971 2836 3382 2894; x_wconf 89' lang='lat' dir='ltr'>monasterium</span> <span class='ocrx_word' id='word_1_428' title='bbox 3410 2837 3473 2893; x_wconf 93' lang='lat' dir='ltr'>B.</span> <span class='ocrx_word' id='word_1_429' title='bbox 3508 2836 3753 2896; x_wconf 88' lang='lat' dir='ltr'>Vincen-</span> 
     </span>
    </p>
   </div>
   <div class='ocr_carea' id='block_1_61' title="bbox 2049 2922 3750 2994">
    <p class='ocr_par' dir='ltr' id='par_1_61' title="bbox 2049 2922 3750 2994">
     <span class='ocr_line' id='line_1_61' title="bbox 2049 2922 3750 2994; baseline 0.004 -16"><span class='ocrx_word' id='word_1_430' title='bbox 2049 2922 2134 2989; x_wconf 89' lang='lat' dir='ltr'>tii,</span> <span class='ocrx_word' id='word_1_431' title='bbox 2162 2923 2317 2994; x_wconf 90' lang='lat' dir='ltr'>quod</span> <span class='ocrx_word' id='word_1_432' title='bbox 2348 2923 2617 2982; x_wconf 88' lang='lat' dir='ltr'>videlicet</span> <span class='ocrx_word' id='word_1_433' title='bbox 2650 2924 2711 2981; x_wconf 92' lang='lat' dir='ltr'>in</span> <span class='ocrx_word' id='word_1_434' title='bbox 2743 2925 3007 2983; x_wconf 90' lang='lat' dir='ltr'>Urbinati</span> <span class='ocrx_word' id='word_1_435' title='bbox 3043 2926 3420 2983; x_wconf 89' lang='lat' dir='ltr'>constitutum</span> <span class='ocrx_word' id='word_1_436' title='bbox 3458 2931 3542 2985; x_wconf 90' lang='lat' dir='ltr'>est</span> <span class='ocrx_word' id='word_1_437' title='bbox 3582 2926 3750 2985; x_wconf 89' lang='lat' dir='ltr'>terri-</span> 
     </span>
    </p>
   </div>
   <div class='ocr_carea' id='block_1_62' title="bbox 245 3012 3748 3103">
    <p class='ocr_par' dir='ltr' id='par_1_62' title="bbox 245 3012 3748 3103">
     <span class='ocr_line' id='line_1_62' title="bbox 245 3012 3748 3103; baseline 0.004 -41"><span class='ocrx_word' id='word_1_438' title='bbox 245 3022 425 3090; x_wconf 49' lang='lat' dir='ltr'>atque’</span> <span class='ocrx_word' id='word_1_439' title='bbox 459 3018 836 3077; x_wconf 68' lang='lat' dir='ltr'>conﬂictuum</span> <span class='ocrx_word' id='word_1_440' title='bbox 876 3025 1092 3080; x_wconf 61' lang='lat' dir='ltr'>exorta,</span> <span class='ocrx_word' id='word_1_441' title='bbox 1134 3027 1272 3081; x_wconf 70' lang='lat' dir='ltr'>sum</span> <span class='ocrx_word' id='word_1_442' title='bbox 1309 3027 1688 3097; x_wconf 56' lang='lat' dir='ltr'>tempestates,</span> <span class='ocrx_word' id='word_1_443' title='bbox 1721 3034 1785 3084; x_wconf 66' lang='lat' dir='ltr'>ut</span> <span class='ocrx_word' id='word_1_444' title='bbox 1818 3013 2211 3103; x_wconf 70' lang='lat' dir='ltr'>ipsisctorio,</span> <span class='ocrx_word' id='word_1_445' title='bbox 2253 3012 2658 3103; x_wconf 85' lang='lat' dir='ltr'>monachicum</span> <span class='ocrx_word' id='word_1_446' title='bbox 2695 3021 3067 3085; x_wconf 88' lang='lat' dir='ltr'>suscepturus</span> <span class='ocrx_word' id='word_1_447' title='bbox 3112 3014 3378 3072; x_wconf 89' lang='lat' dir='ltr'>habitum</span> <span class='ocrx_word' id='word_1_448' title='bbox 3416 3015 3748 3075; x_wconf 87' lang='lat' dir='ltr'>declinaret.</span> 
     </span>
    </p>
   </div>
   <div class='ocr_carea' id='block_1_63' title="bbox 250 3105 1963 3184">
    <p class='ocr_par' dir='ltr' id='par_1_63' title="bbox 250 3105 1963 3184">
     <span class='ocr_line' id='line_1_63' title="bbox 250 3105 1963 3184; baseline 0.005 -20"><span class='ocrx_word' id='word_1_449' title='bbox 250 3105 510 3180; x_wconf 88' lang='lat' dir='ltr'>quotidie</span> <span class='ocrx_word' id='word_1_450' title='bbox 552 3108 853 3166; x_wconf 90' lang='lat' dir='ltr'>monachis</span> <span class='ocrx_word' id='word_1_451' title='bbox 890 3109 1146 3168; x_wconf 89' lang='lat' dir='ltr'>minaces</span> <span class='ocrx_word' id='word_1_452' title='bbox 1186 3109 1365 3184; x_wconf 83' lang='lat' dir='ltr'>gladii</span> <span class='ocrx_word' id='word_1_453' title='bbox 1410 3113 1563 3172; x_wconf 88' lang='lat' dir='ltr'>necis</span> <span class='ocrx_word' id='word_1_454' title='bbox 1600 3115 1828 3175; x_wconf 90' lang='lat' dir='ltr'>exitum</span> <span class='ocrx_word' id='word_1_455' title='bbox 1867 3116 1963 3173; x_wconf 86' lang='lat' dir='ltr'>in-</span> 
     </span>
    </p>
   </div>
   <div class='ocr_carea' id='block_1_64' title="bbox 248 3196 1961 3277">
    <p class='ocr_par' dir='ltr' id='par_1_64' title="bbox 248 3196 1961 3277">
     <span class='ocr_line' id='line_1_64' title="bbox 248 3196 1961 3277; baseline 0.008 -26"><span class='ocrx_word' id='word_1_456' title='bbox 248 3200 556 3254; x_wconf 87' lang='lat' dir='ltr'>tentarent.</span> <span class='ocrx_word' id='word_1_457' title='bbox 604 3196 779 3254; x_wconf 89' lang='lat' dir='ltr'>Fiunt</span> <span class='ocrx_word' id='word_1_458' title='bbox 830 3198 1091 3272; x_wconf 92' lang='lat' dir='ltr'>undique</span> <span class='ocrx_word' id='word_1_459' title='bbox 1138 3200 1596 3273; x_wconf 76' lang='lat' dir='ltr'>depraedationes</span> <span class='ocrx_word' id='word_1_460' title='bbox 1642 3211 1817 3277; x_wconf 88' lang='lat' dir='ltr'>atque</span> <span class='ocrx_word' id='word_1_461' title='bbox 1870 3223 1961 3264; x_wconf 84' lang='lat' dir='ltr'>ra-</span> 
     </span>
    </p>
   </div>
   <div class='ocr_carea' id='block_1_65' title="bbox 2050 3101 3756 3181">
    <p class='ocr_par' dir='ltr' id='par_1_65' title="bbox 2050 3101 3756 3181">
     <span class='ocr_line' id='line_1_65' title="bbox 2050 3101 3756 3181; baseline 0.004 -21"><span class='ocrx_word' id='word_1_462' title='bbox 2050 3101 2305 3160; x_wconf 89' lang='lat' dir='ltr'>Tandem</span> <span class='ocrx_word' id='word_1_463' title='bbox 2340 3101 2586 3159; x_wconf 88' lang='lat' dir='ltr'>termino</span> <span class='ocrx_word' id='word_1_464' title='bbox 2613 3103 2888 3161; x_wconf 57' lang='lat' dir='ltr'>condicta;</span> <span class='ocrx_word' id='word_1_465' title='bbox 2922 3105 3202 3178; x_wconf 86' lang='lat' dir='ltr'>pactionis</span> <span class='ocrx_word' id='word_1_466' title='bbox 3228 3110 3450 3174; x_wconf 86' lang='lat' dir='ltr'>exacto,</span> <span class='ocrx_word' id='word_1_467' title='bbox 3484 3122 3618 3164; x_wconf 90' lang='lat' dir='ltr'>cum</span> <span class='ocrx_word' id='word_1_468' title='bbox 3649 3123 3756 3181; x_wconf 87' lang='lat' dir='ltr'>ego</span> 
     </span>
    </p>
   </div>
   <div class='ocr_carea' id='block_1_66' title="bbox 2047 3191 3752 3267">
    <p class='ocr_par' dir='ltr' id='par_1_66' title="bbox 2047 3191 3752 3267">
     <span class='ocr_line' id='line_1_66' title="bbox 2047 3191 3752 3267; baseline 0.004 -18"><span class='ocrx_word' id='word_1_469' title='bbox 2047 3191 2187 3249; x_wconf 87' lang='lat' dir='ltr'>huic</span> <span class='ocrx_word' id='word_1_470' title='bbox 2211 3191 2482 3248; x_wconf 90' lang='lat' dir='ltr'>assiduus</span> <span class='ocrx_word' id='word_1_471' title='bbox 2513 3198 2746 3251; x_wconf 85' lang='lat' dir='ltr'>exactor</span> <span class='ocrx_word' id='word_1_472' title='bbox 2784 3192 3125 3263; x_wconf 86' lang='lat' dir='ltr'>insisterem,</span> <span class='ocrx_word' id='word_1_473' title='bbox 3170 3193 3271 3251; x_wconf 91' lang='lat' dir='ltr'>ille</span> <span class='ocrx_word' id='word_1_474' title='bbox 3305 3194 3441 3253; x_wconf 90' lang='lat' dir='ltr'>inde</span> <span class='ocrx_word' id='word_1_475' title='bbox 3476 3195 3752 3267; x_wconf 88' lang='lat' dir='ltr'>cedendo,</span> 
     </span>
    </p>
   </div>
   <div class='ocr_carea' id='block_1_67' title="bbox 249 3281 2113 3364">
    <p class='ocr_par' dir='ltr' id='par_1_67' title="bbox 249 3281 2108 3364">
     <span class='ocr_line' id='line_1_67' title="bbox 249 3281 2108 3364; baseline 0.005 -20"><span class='ocrx_word' id='word_1_476' title='bbox 249 3287 446 3361; x_wconf 66' lang='lat' dir='ltr'>pinea;</span> <span class='ocrx_word' id='word_1_477' title='bbox 483 3287 913 3360; x_wconf 86' lang='lat' dir='ltr'>conﬂagrantur</span> <span class='ocrx_word' id='word_1_478' title='bbox 941 3305 1073 3348; x_wconf 92' lang='lat' dir='ltr'>cum</span> <span class='ocrx_word' id='word_1_479' title='bbox 1109 3291 1401 3364; x_wconf 76' lang='lat' dir='ltr'>segetibus</span> <span class='ocrx_word' id='word_1_480' title='bbox 1429 3308 1580 3351; x_wconf 86' lang='lat' dir='ltr'>areae</span> <span class='ocrx_word' id='word_1_481' title='bbox 1608 3313 1621 3363; x_wconf 93' lang='lat'><strong>;</strong></span> <span class='ocrx_word' id='word_1_482' title='bbox 1654 3295 1965 3355; x_wconf 87' lang='lat' dir='ltr'>familiares</span> <span class='ocrx_word' id='word_1_483' title='bbox 2051 3281 2108 3338; x_wconf 69' lang='lat' dir='ltr'>bl</span> 
     </span>
    </p>
   </div>
   <div class='ocr_carea' id='block_1_68' title="bbox 2062 3281 3753 3364">
    <p class='ocr_par' dir='ltr' id='par_1_68' title="bbox 2062 3281 3753 3359">
     <span class='ocr_line' id='line_1_68' title="bbox 2062 3281 3753 3359; baseline 0.004 -21"><span class='ocrx_word' id='word_1_484' title='bbox 2062 3281 2401 3340; x_wconf 82' lang='lat' dir='ltr'>blandiendo</span> <span class='ocrx_word' id='word_1_485' title='bbox 2428 3282 2618 3341; x_wconf 90' lang='lat' dir='ltr'>verbis</span> <span class='ocrx_word' id='word_1_486' title='bbox 2650 3284 2886 3358; x_wconf 86' lang='lat' dir='ltr'>quidem</span> <span class='ocrx_word' id='word_1_487' title='bbox 2921 3284 3146 3344; x_wconf 92' lang='lat' dir='ltr'>bonum</span> <span class='ocrx_word' id='word_1_488' title='bbox 3177 3300 3350 3343; x_wconf 91' lang='lat' dir='ltr'>omne</span> <span class='ocrx_word' id='word_1_489' title='bbox 3376 3287 3753 3359; x_wconf 88' lang='lat' dir='ltr'>promitteret,</span> 
     </span>
    </p>
   </div>
   <div class='ocr_carea' id='block_1_69' title="bbox 250 3369 2113 3465">
    <p class='ocr_par' dir='ltr' id='par_1_69' title="bbox 250 3369 2113 3465">
     <span class='ocr_line' id='line_1_69' title="bbox 250 3369 2113 3465; baseline 0.004 -31"><span class='ocrx_word' id='word_1_490' title='bbox 250 3391 316 3434; x_wconf 90' lang='lat' dir='ltr'>ac</span> <span class='ocrx_word' id='word_1_491' title='bbox 362 3376 515 3434; x_wconf 89' lang='lat' dir='ltr'>servi</span> <span class='ocrx_word' id='word_1_492' title='bbox 566 3376 746 3434; x_wconf 86' lang='lat' dir='ltr'>sancti</span> <span class='ocrx_word' id='word_1_493' title='bbox 802 3377 911 3435; x_wconf 90' lang='lat' dir='ltr'>loci</span> <span class='ocrx_word' id='word_1_494' title='bbox 960 3379 1269 3437; x_wconf 88' lang='lat' dir='ltr'>crudeliter</span> <span class='ocrx_word' id='word_1_495' title='bbox 1313 3381 1789 3440; x_wconf 80' lang='lat' dir='ltr'>trucidanturzet</span> <span class='ocrx_word' id='word_1_496' title='bbox 1845 3399 1959 3465; x_wconf 86' lang='lat' dir='ltr'>non</span> <span class='ocrx_word' id='word_1_497' title='bbox 2047 3369 2113 3465; x_wconf 54' lang='lat' dir='ltr'>il?!</span> 
     </span>
    </p>
   </div>
   <div class='ocr_carea' id='block_1_70' title="bbox 2062 3369 3771 3465">
    <p class='ocr_par' dir='ltr' id='par_1_70' title="bbox 2062 3369 3756 3449">
     <span class='ocr_line' id='line_1_70' title="bbox 2062 3369 3756 3449; baseline 0.005 -23"><span class='ocrx_word' id='word_1_498' title='bbox 2062 3369 2231 3444; x_wconf 86' lang='lat' dir='ltr'>.psius</span> <span class='ocrx_word' id='word_1_499' title='bbox 2278 3378 2472 3429; x_wconf 88' lang='lat' dir='ltr'>autem</span> <span class='ocrx_word' id='word_1_500' title='bbox 2508 3373 2901 3431; x_wconf 89' lang='lat' dir='ltr'>conversionis</span> <span class='ocrx_word' id='word_1_501' title='bbox 2936 3373 3199 3433; x_wconf 72' lang='lat' dir='ltr'>effectum</span> <span class='ocrx_word' id='word_1_502' title='bbox 3252 3374 3603 3449; x_wconf 87' lang='lat' dir='ltr'>quibusdam</span> <span class='ocrx_word' id='word_1_503' title='bbox 3642 3382 3756 3434; x_wconf 86' lang='lat' dir='ltr'>ter-</span> 
     </span>
    </p>
   </div>
   <div class='ocr_carea' id='block_1_71' title="bbox 249 3459 2113 3543">
    <p class='ocr_par' dir='ltr' id='par_1_71' title="bbox 249 3459 2106 3543">
     <span class='ocr_line' id='line_1_71' title="bbox 249 3459 2106 3543; baseline 0.006 -21"><span class='ocrx_word' id='word_1_504' title='bbox 249 3466 368 3540; x_wconf 88' lang='lat' dir='ltr'>jam</span> <span class='ocrx_word' id='word_1_505' title='bbox 408 3465 602 3540; x_wconf 86' lang='lat' dir='ltr'>imago</span> <span class='ocrx_word' id='word_1_506' title='bbox 639 3467 859 3539; x_wconf 88' lang='lat' dir='ltr'>mortis,</span> <span class='ocrx_word' id='word_1_507' title='bbox 901 3469 1001 3527; x_wconf 90' lang='lat' dir='ltr'>sed</span> <span class='ocrx_word' id='word_1_508' title='bbox 1038 3485 1193 3528; x_wconf 90' lang='lat' dir='ltr'>mors</span> <span class='ocrx_word' id='word_1_509' title='bbox 1221 3470 1345 3543; x_wconf 87' lang='lat' dir='ltr'>ipsa</span> <span class='ocrx_word' id='word_1_510' title='bbox 1373 3478 1664 3542; x_wconf 85' lang='lat' dir='ltr'>grassatur</span> <span class='ocrx_word' id='word_1_511' title='bbox 1684 3490 1698 3542; x_wconf 88' lang='lat'>;</span> <span class='ocrx_word' id='word_1_512' title='bbox 1733 3471 1874 3532; x_wconf 88' lang='lat' dir='ltr'>adeo</span> <span class='ocrx_word' id='word_1_513' title='bbox 1900 3462 1967 3531; x_wconf 84' lang='lat' dir='ltr'>11t</span> <span class='ocrx_word' id='word_1_514' title='bbox 2048 3459 2106 3533; x_wconf 81' lang='lat' dir='ltr'>si</span> 
     </span>
    </p>
   </div>
   <div class='ocr_carea' id='block_1_72' title="bbox 2062 3459 3755 3543">
    <p class='ocr_par' dir='ltr' id='par_1_72' title="bbox 2062 3459 3755 3538">
     <span class='ocr_line' id='line_1_72' title="bbox 2062 3459 3755 3538; baseline 0.004 -21"><span class='ocrx_word' id='word_1_515' title='bbox 2062 3459 2537 3533; x_wconf 72' lang='lat' dir='ltr'>giversationibus</span> <span class='ocrx_word' id='word_1_516' title='bbox 2573 3460 2907 3535; x_wconf 86' lang='lat' dir='ltr'>protelaret;</span> <span class='ocrx_word' id='word_1_517' title='bbox 2947 3471 3132 3523; x_wconf 88' lang='lat' dir='ltr'>rector</span> <span class='ocrx_word' id='word_1_518' title='bbox 3180 3480 3412 3537; x_wconf 89' lang='lat' dir='ltr'>quoque</span> <span class='ocrx_word' id='word_1_519' title='bbox 3452 3464 3572 3538; x_wconf 89' lang='lat' dir='ltr'>jam</span> <span class='ocrx_word' id='word_1_520' title='bbox 3619 3465 3755 3523; x_wconf 88' lang='lat' dir='ltr'>dicti</span> 
     </span>
    </p>
   </div>
   <div class='ocr_carea' id='block_1_73' title="bbox 255 3551 3755 3635">
    <p class='ocr_par' dir='ltr' id='par_1_73' title="bbox 255 3551 3755 3635">
     <span class='ocr_line' id='line_1_73' title="bbox 255 3551 3755 3635; baseline 0.003 -34"><span class='ocrx_word' id='word_1_521' title='bbox 255 3556 489 3615; x_wconf 67' lang='lat' dir='ltr'>133(13er</span> <span class='ocrx_word' id='word_1_522' title='bbox 518 3557 638 3632; x_wconf 78' lang='lat' dir='ltr'>jam</span> <span class='ocrx_word' id='word_1_523' title='bbox 670 3558 980 3618; x_wconf 74' lang='lat' dir='ltr'>monachos</span> <span class='ocrx_word' id='word_1_524' title='bbox 1008 3558 1224 3629; x_wconf 59' lang='lat' dir='ltr'>vivere,</span> <span class='ocrx_word' id='word_1_525' title='bbox 1258 3559 1399 3616; x_wconf 88' lang='lat' dir='ltr'>dum</span> <span class='ocrx_word' id='word_1_526' title='bbox 1440 3575 1808 3634; x_wconf 74' lang='lat' dir='ltr'>nequaquam</span> <span class='ocrx_word' id='word_1_527' title='bbox 1841 3578 1968 3635; x_wconf 80' lang='lat' dir='ltr'>pos-</span> <span class='ocrx_word' id='word_1_528' title='bbox 2050 3552 2383 3610; x_wconf 70' lang='lat' dir='ltr'>monasterii</span> <span class='ocrx_word' id='word_1_529' title='bbox 2417 3551 2581 3611; x_wconf 92' lang='lat' dir='ltr'>illius</span> <span class='ocrx_word' id='word_1_530' title='bbox 2629 3551 2855 3610; x_wconf 88' lang='lat' dir='ltr'>favebat</span> <span class='ocrx_word' id='word_1_531' title='bbox 2893 3554 3059 3625; x_wconf 87' lang='lat' dir='ltr'>votis,</span> <span class='ocrx_word' id='word_1_532' title='bbox 3101 3554 3580 3630; x_wconf 86' lang='lat' dir='ltr'>dissuadebatque</span> <span class='ocrx_word' id='word_1_533' title='bbox 3618 3571 3755 3614; x_wconf 79' lang='lat' dir='ltr'><strong>COD-</strong></span> 
     </span>
    </p>
   </div>
   <div class='ocr_carea' id='block_1_74' title="bbox 254 3639 3756 3724">
    <p class='ocr_par' dir='ltr' id='par_1_74' title="bbox 254 3639 3756 3724">
     <span class='ocr_line' id='line_1_74' title="bbox 254 3639 3756 3724; baseline 0.003 -33"><span class='ocrx_word' id='word_1_534' title='bbox 254 3654 384 3703; x_wconf 74' lang='lat' dir='ltr'>sent</span> <span class='ocrx_word' id='word_1_535' title='bbox 437 3646 495 3704; x_wconf 83' lang='lat' dir='ltr'>in</span> <span class='ocrx_word' id='word_1_536' title='bbox 553 3649 851 3719; x_wconf 70' lang='lat' dir='ltr'>procinctu</span> <span class='ocrx_word' id='word_1_537' title='bbox 895 3648 1230 3707; x_wconf 71' lang='lat' dir='ltr'>certaminis</span> <span class='ocrx_word' id='word_1_538' title='bbox 1287 3650 1543 3708; x_wconf 81' lang='lat' dir='ltr'>amicum</span> <span class='ocrx_word' id='word_1_539' title='bbox 1600 3649 1785 3724; x_wconf 71' lang='lat' dir='ltr'>quieti</span> <span class='ocrx_word' id='word_1_540' title='bbox 1841 3667 1967 3711; x_wconf 58' lang='lat' dir='ltr'>sua},</span> <span class='ocrx_word' id='word_1_541' title='bbox 2050 3640 2216 3712; x_wconf 90' lang='lat' dir='ltr'>verti,</span> <span class='ocrx_word' id='word_1_542' title='bbox 2273 3640 2441 3713; x_wconf 89' lang='lat' dir='ltr'>cujus</span> <span class='ocrx_word' id='word_1_543' title='bbox 2496 3639 2778 3698; x_wconf 76' lang='lat' dir='ltr'>nimirum</span> <span class='ocrx_word' id='word_1_544' title='bbox 2832 3642 3274 3714; x_wconf 89' lang='lat' dir='ltr'>pernecessariis</span> <span class='ocrx_word' id='word_1_545' title='bbox 3329 3642 3756 3700; x_wconf 64' lang='lat' dir='ltr'>sustentabatur</span> 
     </span>
    </p>
   </div>
   <div class='ocr_carea' id='block_1_75' title="bbox 255 3729 3750 3816">
    <p class='ocr_par' dir='ltr' id='par_1_75' title="bbox 255 3729 3750 3816">
     <span class='ocr_line' id='line_1_75' title="bbox 255 3729 3750 3816; baseline 0.003 -21"><span class='ocrx_word' id='word_1_546' title='bbox 255 3737 633 3810; x_wconf 89' lang='lat' dir='ltr'>professionis</span> <span class='ocrx_word' id='word_1_547' title='bbox 665 3738 922 3798; x_wconf 81' lang='lat' dir='ltr'>ofﬁcium</span> <span class='ocrx_word' id='word_1_548' title='bbox 955 3740 1267 3799; x_wconf 88' lang='lat' dir='ltr'>custodire.</span> <span class='ocrx_word' id='word_1_549' title='bbox 1309 3740 1435 3798; x_wconf 91' lang='lat' dir='ltr'>Non</span> <span class='ocrx_word' id='word_1_550' title='bbox 1476 3741 1670 3815; x_wconf 88' lang='lat' dir='ltr'>parvis</span> <span class='ocrx_word' id='word_1_551' title='bbox 1698 3742 1969 3816; x_wconf 87' lang='lat' dir='ltr'>expensis</span> <span class='ocrx_word' id='word_1_552' title='bbox 2051 3729 2312 3789; x_wconf 70' lang='lat' dir='ltr'>allXi&#39;iiS-</span> <span class='ocrx_word' id='word_1_553' title='bbox 2389 3730 2610 3789; x_wconf 65' lang='lat' dir='ltr'>Interea</span> <span class='ocrx_word' id='word_1_554' title='bbox 2682 3729 2956 3803; x_wconf 70' lang='grc' dir='ltr'>ιθηευοτθ</span> <span class='ocrx_word' id='word_1_555' title='bbox 3013 3730 3266 3805; x_wconf 62' lang='lat' dir='ltr'>corporis</span> <span class='ocrx_word' id='word_1_556' title='bbox 3340 3731 3597 3791; x_wconf 65' lang='lat' dir='ltr'>irruente</span> <span class='ocrx_word' id='word_1_557' title='bbox 3652 3731 3750 3790; x_wconf 72' lang='grc' dir='ltr'>ἀθ-</span> 
     </span>
    </p>
   </div>
   <div class='ocr_carea' id='block_1_76' title="bbox 256 3826 1970 3905">
    <p class='ocr_par' dir='ltr' id='par_1_76' title="bbox 256 3826 1970 3905">
     <span class='ocr_line' id='line_1_76' title="bbox 256 3826 1970 3905; baseline 0.003 -22"><span class='ocrx_word' id='word_1_558' title='bbox 256 3827 329 3884; x_wconf 89' lang='lat' dir='ltr'>ad</span> <span class='ocrx_word' id='word_1_559' title='bbox 372 3826 699 3887; x_wconf 91' lang='lat' dir='ltr'>Teutonum</span> <span class='ocrx_word' id='word_1_560' title='bbox 750 3834 938 3902; x_wconf 87' lang='lat' dir='ltr'>partes</span> <span class='ocrx_word' id='word_1_561' title='bbox 985 3829 1297 3902; x_wconf 87' lang='lat' dir='ltr'>imperator</span> <span class='ocrx_word' id='word_1_562' title='bbox 1344 3831 1655 3904; x_wconf 83' lang='lat' dir='ltr'>expetitur,</span> <span class='ocrx_word' id='word_1_563' title='bbox 1700 3847 1970 3905; x_wconf 88' lang='lat' dir='ltr'>pragma-</span> 
     </span>
    </p>
   </div>
   <div class='ocr_carea' id='block_1_77' title="bbox 261 3914 1969 3990">
    <p class='ocr_par' dir='ltr' id='par_1_77' title="bbox 261 3914 1969 3990">
     <span class='ocr_line' id='line_1_77' title="bbox 261 3914 1969 3990; baseline 0.004 -19"><span class='ocrx_word' id='word_1_564' title='bbox 261 3914 394 3972; x_wconf 77' lang='lat' dir='ltr'>ticae</span> <span class='ocrx_word' id='word_1_565' title='bbox 429 3916 759 3975; x_wconf 83' lang='lat' dir='ltr'>sanctiones</span> <span class='ocrx_word' id='word_1_566' title='bbox 798 3932 931 3975; x_wconf 90' lang='lat' dir='ltr'>cum</span> <span class='ocrx_word' id='word_1_567' title='bbox 972 3917 1181 3989; x_wconf 81' lang='lat' dir='ltr'>sigillis</span> <span class='ocrx_word' id='word_1_568' title='bbox 1227 3918 1625 3990; x_wconf 89' lang='lat' dir='ltr'>imperialibus</span> <span class='ocrx_word' id='word_1_569' title='bbox 1662 3920 1969 3978; x_wconf 87' lang='lat' dir='ltr'>advehun-</span> 
     </span>
    </p>
   </div>
   <div class='ocr_carea' id='block_1_78' title="bbox 262 4004 1971 4081">
    <p class='ocr_par' dir='ltr' id='par_1_78' title="bbox 262 4004 1971 4081">
     <span class='ocr_line' id='line_1_78' title="bbox 262 4004 1971 4081; baseline 0.005 -22"><span class='ocrx_word' id='word_1_570' title='bbox 262 4009 385 4074; x_wconf 87' lang='lat' dir='ltr'>tur;</span> <span class='ocrx_word' id='word_1_571' title='bbox 427 4006 525 4064; x_wconf 91' lang='lat' dir='ltr'>sed</span> <span class='ocrx_word' id='word_1_572' title='bbox 562 4004 920 4063; x_wconf 88' lang='lat' dir='ltr'>tantumdem</span> <span class='ocrx_word' id='word_1_573' title='bbox 949 4012 1074 4075; x_wconf 88' lang='lat' dir='ltr'>est;</span> <span class='ocrx_word' id='word_1_574' title='bbox 1115 4005 1177 4063; x_wconf 93' lang='lat' dir='ltr'>in</span> <span class='ocrx_word' id='word_1_575' title='bbox 1208 4005 1482 4065; x_wconf 90' lang='lat' dir='ltr'>omnibus</span> <span class='ocrx_word' id='word_1_576' title='bbox 1512 4008 1727 4081; x_wconf 91' lang='lat' dir='ltr'>quippe</span> <span class='ocrx_word' id='word_1_577' title='bbox 1761 4008 1971 4067; x_wconf 86' lang='lat' dir='ltr'>studiis</span> 
     </span>
    </p>
   </div>
   <div class='ocr_carea' id='block_1_79' title="bbox 258 4094 1968 4170">
    <p class='ocr_par' dir='ltr' id='par_1_79' title="bbox 258 4094 1968 4170">
     <span class='ocr_line' id='line_1_79' title="bbox 258 4094 1968 4170; baseline 0.002 -18"><span class='ocrx_word' id='word_1_578' title='bbox 258 4110 377 4153; x_wconf 89' lang='lat' dir='ltr'>non</span> <span class='ocrx_word' id='word_1_579' title='bbox 416 4095 660 4167; x_wconf 84' lang='lat' dir='ltr'>fructus,</span> <span class='ocrx_word' id='word_1_580' title='bbox 704 4096 801 4153; x_wconf 89' lang='lat' dir='ltr'>sed</span> <span class='ocrx_word' id='word_1_581' title='bbox 834 4094 995 4153; x_wconf 90' lang='lat' dir='ltr'>labor</span> <span class='ocrx_word' id='word_1_582' title='bbox 1032 4112 1451 4169; x_wconf 90' lang='lat' dir='ltr'>supervacuus.</span> <span class='ocrx_word' id='word_1_583' title='bbox 1489 4122 1516 4146; x_wconf 76' lang='grc' dir='ltr'>»ι</span> <span class='ocrx_word' id='word_1_584' title='bbox 1556 4097 1705 4156; x_wconf 90' lang='lat' dir='ltr'>Tum</span> <span class='ocrx_word' id='word_1_585' title='bbox 1752 4097 1968 4170; x_wconf 85' lang='lat' dir='ltr'>subdit,</span> 
     </span>
    </p>
   </div>
   <div class='ocr_carea' id='block_1_80' title="bbox 262 4185 1972 4259">
    <p class='ocr_par' dir='ltr' id='par_1_80' title="bbox 262 4185 1972 4259">
     <span class='ocr_line' id='line_1_80' title="bbox 262 4185 1972 4259; baseline 0.001 -15"><span class='ocrx_word' id='word_1_586' title='bbox 262 4191 326 4245; x_wconf 90' lang='lat' dir='ltr'>ut</span> <span class='ocrx_word' id='word_1_587' title='bbox 358 4186 480 4244; x_wconf 88' lang='lat' dir='ltr'>suis</span> <span class='ocrx_word' id='word_1_588' title='bbox 519 4185 842 4259; x_wconf 67' lang='lat' dir='ltr'>praesertim</span> <span class='ocrx_word' id='word_1_589' title='bbox 893 4185 1148 4256; x_wconf 88' lang='lat' dir='ltr'>monitis,</span> <span class='ocrx_word' id='word_1_590' title='bbox 1193 4186 1461 4244; x_wconf 89' lang='lat' dir='ltr'>monachi</span> <span class='ocrx_word' id='word_1_591' title='bbox 1500 4186 1761 4245; x_wconf 89' lang='lat' dir='ltr'>divinam</span> <span class='ocrx_word' id='word_1_592' title='bbox 1796 4186 1972 4246; x_wconf 86' lang='lat' dir='ltr'>ultio-</span> 
     </span>
    </p>
   </div>
   <div class='ocr_carea' id='block_1_81' title="bbox 266 4273 1970 4349">
    <p class='ocr_par' dir='ltr' id='par_1_81' title="bbox 266 4273 1970 4349">
     <span class='ocr_line' id='line_1_81' title="bbox 266 4273 1970 4349; baseline 0.001 -17"><span class='ocrx_word' id='word_1_593' title='bbox 266 4289 401 4332; x_wconf 79' lang='lat' dir='ltr'>nem</span> <span class='ocrx_word' id='word_1_594' title='bbox 479 4281 876 4348; x_wconf 88' lang='lat' dir='ltr'>agnoscentes,</span> <span class='ocrx_word' id='word_1_595' title='bbox 940 4273 1172 4348; x_wconf 89' lang='lat' dir='ltr'>culpam</span> <span class='ocrx_word' id='word_1_596' title='bbox 1236 4275 1538 4333; x_wconf 91' lang='lat' dir='ltr'>humiliter</span> <span class='ocrx_word' id='word_1_597' title='bbox 1589 4274 1970 4349; x_wconf 81' lang='lat' dir='ltr'>expiaverint,</span> 
     </span>
    </p>
   </div>
   <div class='ocr_carea' id='block_1_82' title="bbox 266 4363 1973 4439">
    <p class='ocr_par' dir='ltr' id='par_1_82' title="bbox 266 4363 1973 4439">
     <span class='ocr_line' id='line_1_82' title="bbox 266 4363 1973 4439; baseline 0.002 -18"><span class='ocrx_word' id='word_1_598' title='bbox 266 4364 462 4436; x_wconf 88' lang='lat' dir='ltr'>sicque</span> <span class='ocrx_word' id='word_1_599' title='bbox 503 4363 750 4435; x_wconf 88' lang='lat' dir='ltr'>procella</span> <span class='ocrx_word' id='word_1_600' title='bbox 787 4363 980 4421; x_wconf 91' lang='lat' dir='ltr'>omnis</span> <span class='ocrx_word' id='word_1_601' title='bbox 1025 4364 1215 4422; x_wconf 86' lang='lat' dir='ltr'>sedata</span> <span class='ocrx_word' id='word_1_602' title='bbox 1260 4364 1434 4422; x_wconf 90' lang='lat' dir='ltr'>fuerit</span> <span class='ocrx_word' id='word_1_603' title='bbox 1463 4385 1474 4423; x_wconf 93' lang='lat'>:</span> <span class='ocrx_word' id='word_1_604' title='bbox 1507 4391 1532 4414; x_wconf 85' lang='lat'>«</span> <span class='ocrx_word' id='word_1_605' title='bbox 1565 4364 1844 4439; x_wconf 88' lang='lat' dir='ltr'>Tandem,</span> <span class='ocrx_word' id='word_1_606' title='bbox 1879 4367 1973 4425; x_wconf 87' lang='lat' dir='ltr'>in-</span> 
     </span>
    </p>
   </div>
   <div class='ocr_carea' id='block_1_83' title="bbox 266 4452 1973 4527">
    <p class='ocr_par' dir='ltr' id='par_1_83' title="bbox 266 4452 1973 4527">
     <span class='ocr_line' id='line_1_83' title="bbox 266 4452 1973 4527; baseline 0.003 -17"><span class='ocrx_word' id='word_1_607' title='bbox 266 4453 414 4526; x_wconf 85' lang='lat' dir='ltr'>quit,</span> <span class='ocrx_word' id='word_1_608' title='bbox 461 4452 532 4510; x_wconf 91' lang='lat' dir='ltr'>ad</span> <span class='ocrx_word' id='word_1_609' title='bbox 573 4468 671 4510; x_wconf 87' lang='lat' dir='ltr'>cor</span> <span class='ocrx_word' id='word_1_610' title='bbox 713 4453 978 4524; x_wconf 86' lang='lat' dir='ltr'>redeunt,</span> <span class='ocrx_word' id='word_1_611' title='bbox 1016 4453 1349 4527; x_wconf 89' lang='lat' dir='ltr'>pavimento</span> <span class='ocrx_word' id='word_1_612' title='bbox 1386 4469 1445 4512; x_wconf 91' lang='lat' dir='ltr'>se</span> <span class='ocrx_word' id='word_1_613' title='bbox 1485 4455 1789 4515; x_wconf 89' lang='lat' dir='ltr'>humiliter</span> <span class='ocrx_word' id='word_1_614' title='bbox 1828 4462 1973 4515; x_wconf 90' lang='lat' dir='ltr'>ster-</span> 
     </span>
    </p>
   </div>
   <div class='ocr_carea' id='block_1_84' title="bbox 268 4545 1975 4621">
    <p class='ocr_par' dir='ltr' id='par_1_84' title="bbox 268 4545 1975 4621">
     <span class='ocr_line' id='line_1_84' title="bbox 268 4545 1975 4621; baseline 0.004 -20"><span class='ocrx_word' id='word_1_615' title='bbox 268 4550 437 4615; x_wconf 90' lang='lat' dir='ltr'>nunt,</span> <span class='ocrx_word' id='word_1_616' title='bbox 462 4560 532 4603; x_wconf 85' lang='lat' dir='ltr'>ac</span> <span class='ocrx_word' id='word_1_617' title='bbox 561 4551 823 4617; x_wconf 89' lang='lat' dir='ltr'>percepta</span> <span class='ocrx_word' id='word_1_618' title='bbox 855 4545 1215 4621; x_wconf 65' lang='lat' dir='ltr'>poenitentia,</span> <span class='ocrx_word' id='word_1_619' title='bbox 1250 4562 1552 4621; x_wconf 87' lang='lat' dir='ltr'>nunquam</span> <span class='ocrx_word' id='word_1_620' title='bbox 1582 4564 1642 4606; x_wconf 90' lang='lat' dir='ltr'>se</span> <span class='ocrx_word' id='word_1_621' title='bbox 1670 4547 1740 4606; x_wconf 90' lang='lat' dir='ltr'>de</span> <span class='ocrx_word' id='word_1_622' title='bbox 1769 4555 1975 4607; x_wconf 67' lang='lat' dir='ltr'>czetero</span> 
     </span>
    </p>
   </div>
   <div class='ocr_carea' id='block_1_85' title="bbox 268 4634 1975 4711">
    <p class='ocr_par' dir='ltr' id='par_1_85' title="bbox 268 4634 1975 4711">
     <span class='ocr_line' id='line_1_85' title="bbox 268 4634 1975 4711; baseline 0.005 -18"><span class='ocrx_word' id='word_1_623' title='bbox 268 4636 632 4710; x_wconf 85' lang='lat' dir='ltr'>neglecturos</span> <span class='ocrx_word' id='word_1_624' title='bbox 673 4634 841 4694; x_wconf 88' lang='lat' dir='ltr'>solita</span> <span class='ocrx_word' id='word_1_625' title='bbox 881 4635 1187 4695; x_wconf 88' lang='lat' dir='ltr'>Genitricis</span> <span class='ocrx_word' id='word_1_626' title='bbox 1215 4636 1317 4695; x_wconf 90' lang='lat' dir='ltr'>Dei</span> <span class='ocrx_word' id='word_1_627' title='bbox 1349 4639 1633 4711; x_wconf 80' lang='lat' dir='ltr'>prmconia</span> <span class='ocrx_word' id='word_1_628' title='bbox 1673 4642 1975 4700; x_wconf 90' lang='lat' dir='ltr'>unanimi-</span> 
     </span>
    </p>
   </div>
   <div class='ocr_carea' id='block_1_86' title="bbox 270 4722 1975 4803">
    <p class='ocr_par' dir='ltr' id='par_1_86' title="bbox 270 4722 1975 4803">
     <span class='ocr_line' id='line_1_86' title="bbox 270 4722 1975 4803; baseline 0.005 -21"><span class='ocrx_word' id='word_1_629' title='bbox 270 4731 355 4784; x_wconf 90' lang='lat' dir='ltr'>ter</span> <span class='ocrx_word' id='word_1_630' title='bbox 384 4722 753 4798; x_wconf 88' lang='lat' dir='ltr'>pollicentur.</span> <span class='ocrx_word' id='word_1_631' title='bbox 788 4724 923 4784; x_wconf 85' lang='lat' dir='ltr'>Mox</span> <span class='ocrx_word' id='word_1_632' title='bbox 954 4724 1148 4800; x_wconf 86' lang='lat' dir='ltr'>itaque</span> <span class='ocrx_word' id='word_1_633' title='bbox 1180 4733 1244 4785; x_wconf 91' lang='lat' dir='ltr'>ut</span> <span class='ocrx_word' id='word_1_634' title='bbox 1280 4727 1477 4797; x_wconf 90' lang='lat' dir='ltr'>fatear,</span> <span class='ocrx_word' id='word_1_635' title='bbox 1511 4728 1587 4786; x_wconf 89' lang='lat' dir='ltr'>ita</span> <span class='ocrx_word' id='word_1_636' title='bbox 1618 4735 1743 4803; x_wconf 90' lang='lat' dir='ltr'>post</span> <span class='ocrx_word' id='word_1_637' title='bbox 1776 4746 1975 4790; x_wconf 89' lang='lat' dir='ltr'>corus-</span> 
     </span>
    </p>
   </div>
   <div class='ocr_carea' id='block_1_87' title="bbox 272 4815 1978 4895">
    <p class='ocr_par' dir='ltr' id='par_1_87' title="bbox 272 4815 1978 4895">
     <span class='ocr_line' id='line_1_87' title="bbox 272 4815 1978 4895; baseline 0.003 -21"><span class='ocrx_word' id='word_1_638' title='bbox 272 4831 386 4886; x_wconf 90' lang='lat' dir='ltr'>cos,</span> <span class='ocrx_word' id='word_1_639' title='bbox 430 4822 601 4891; x_wconf 90' lang='lat' dir='ltr'>atque</span> <span class='ocrx_word' id='word_1_640' title='bbox 643 4815 897 4875; x_wconf 88' lang='lat' dir='ltr'>tonitrua</span> <span class='ocrx_word' id='word_1_641' title='bbox 941 4819 1098 4873; x_wconf 84' lang='lat' dir='ltr'>tanta</span> <span class='ocrx_word' id='word_1_642' title='bbox 1143 4815 1275 4874; x_wconf 69' lang='lat' dir='ltr'>creti</span> <span class='ocrx_word' id='word_1_643' title='bbox 1326 4819 1603 4878; x_wconf 86' lang='lat' dir='ltr'>serenitas</span> <span class='ocrx_word' id='word_1_644' title='bbox 1658 4820 1848 4895; x_wconf 86' lang='lat' dir='ltr'>rediit,</span> <span class='ocrx_word' id='word_1_645' title='bbox 1911 4826 1978 4881; x_wconf 88' lang='lat' dir='ltr'>ut</span> 
     </span>
    </p>
   </div>
   <div class='ocr_carea' id='block_1_88' title="bbox 277 4910 1975 4989">
    <p class='ocr_par' dir='ltr' id='par_1_88' title="bbox 277 4910 1975 4989">
     <span class='ocr_line' id='line_1_88' title="bbox 277 4910 1975 4989; baseline 0.005 -25"><span class='ocrx_word' id='word_1_646' title='bbox 277 4915 496 4966; x_wconf 85' lang='lat' dir='ltr'>extunc</span> <span class='ocrx_word' id='word_1_647' title='bbox 528 4925 714 4983; x_wconf 90' lang='lat' dir='ltr'>usque</span> <span class='ocrx_word' id='word_1_648' title='bbox 746 4910 919 4969; x_wconf 88' lang='lat' dir='ltr'>hodie</span> <span class='ocrx_word' id='word_1_649' title='bbox 952 4910 1153 4971; x_wconf 87' lang='lat' dir='ltr'>fratres</span> <span class='ocrx_word' id='word_1_650' title='bbox 1180 4912 1459 4984; x_wconf 65' lang='lat' dir='ltr'>iucundas</span> <span class='ocrx_word' id='word_1_651' title='bbox 1497 4914 1652 4987; x_wconf 90' lang='lat' dir='ltr'>pacis</span> <span class='ocrx_word' id='word_1_652' title='bbox 1690 4914 1805 4973; x_wconf 91' lang='lat' dir='ltr'>otio</span> <span class='ocrx_word' id='word_1_653' title='bbox 1842 4930 1975 4989; x_wconf 91' lang='lat' dir='ltr'>per-</span> 
     </span>
    </p>
   </div>
   <div class='ocr_carea' id='block_1_89' title="bbox 275 4998 1976 5077">
    <p class='ocr_par' dir='ltr' id='par_1_89' title="bbox 275 4998 1976 5077">
     <span class='ocr_line' id='line_1_89' title="bbox 275 4998 1976 5077; baseline 0.003 -21"><span class='ocrx_word' id='word_1_654' title='bbox 275 4998 546 5057; x_wconf 84' lang='lat' dir='ltr'>fruantur</span> <span class='ocrx_word' id='word_1_655' title='bbox 572 5022 585 5070; x_wconf 90' lang='lat'>;</span> <span class='ocrx_word' id='word_1_656' title='bbox 620 5016 686 5058; x_wconf 88' lang='lat' dir='ltr'>ac</span> <span class='ocrx_word' id='word_1_657' title='bbox 712 5001 783 5059; x_wconf 88' lang='lat' dir='ltr'>de</span> <span class='ocrx_word' id='word_1_658' title='bbox 814 5000 1060 5075; x_wconf 66' lang='lat' dir='ltr'>Scyllaea</span> <span class='ocrx_word' id='word_1_659' title='bbox 1086 5003 1365 5077; x_wconf 88' lang='lat' dir='ltr'>voragine</span> <span class='ocrx_word' id='word_1_660' title='bbox 1399 5018 1460 5061; x_wconf 89' lang='lat' dir='ltr'>se</span> <span class='ocrx_word' id='word_1_661' title='bbox 1484 5003 1700 5061; x_wconf 89' lang='lat' dir='ltr'>delatos</span> <span class='ocrx_word' id='word_1_662' title='bbox 1735 5003 1805 5061; x_wconf 89' lang='lat' dir='ltr'>ad</span> <span class='ocrx_word' id='word_1_663' title='bbox 1843 5019 1976 5077; x_wconf 90' lang='lat' dir='ltr'>por-</span> 
     </span>
    </p>
   </div>
   <div class='ocr_carea' id='block_1_90' title="bbox 273 5088 1979 5165">
    <p class='ocr_par' dir='ltr' id='par_1_90' title="bbox 273 5088 1979 5165">
     <span class='ocr_line' id='line_1_90' title="bbox 273 5088 1979 5165; baseline 0.002 -20"><span class='ocrx_word' id='word_1_664' title='bbox 273 5092 419 5160; x_wconf 90' lang='lat' dir='ltr'>tum,</span> <span class='ocrx_word' id='word_1_665' title='bbox 467 5088 823 5160; x_wconf 84' lang='lat' dir='ltr'>gubernante</span> <span class='ocrx_word' id='word_1_666' title='bbox 873 5089 1021 5149; x_wconf 87' lang='lat' dir='ltr'>Filio</span> <span class='ocrx_word' id='word_1_667' title='bbox 1080 5090 1358 5165; x_wconf 90' lang='lat' dir='ltr'>Virginis,</span> <span class='ocrx_word' id='word_1_668' title='bbox 1408 5091 1817 5164; x_wconf 87' lang='lat' dir='ltr'>gratulentur:</span> <span class='ocrx_word' id='word_1_669' title='bbox 1851 5117 1877 5141; x_wconf 84' lang='lat'>»</span> <span class='ocrx_word' id='word_1_670' title='bbox 1915 5107 1979 5149; x_wconf 91' lang='lat' dir='ltr'>ac</span> 
     </span>
    </p>
   </div>
   <div class='ocr_carea' id='block_1_91' title="bbox 272 5177 1978 5252">
    <p class='ocr_par' dir='ltr' id='par_1_91' title="bbox 272 5177 1978 5252">
     <span class='ocr_line' id='line_1_91' title="bbox 272 5177 1978 5252; baseline 0 -16"><span class='ocrx_word' id='word_1_671' title='bbox 272 5177 509 5236; x_wconf 89' lang='lat' dir='ltr'>demum</span> <span class='ocrx_word' id='word_1_672' title='bbox 554 5178 636 5237; x_wconf 89' lang='lat' dir='ltr'>sic</span> <span class='ocrx_word' id='word_1_673' title='bbox 683 5178 1015 5239; x_wconf 87' lang='lat' dir='ltr'>concludit:</span> <span class='ocrx_word' id='word_1_674' title='bbox 1050 5205 1077 5229; x_wconf 83' lang='lat'><strong><em>«</em></strong></span> <span class='ocrx_word' id='word_1_675' title='bbox 1109 5179 1215 5250; x_wconf 84' lang='lat' dir='ltr'>Qui</span> <span class='ocrx_word' id='word_1_676' title='bbox 1277 5195 1411 5252; x_wconf 85' lang='lat' dir='ltr'>ergo</span> <span class='ocrx_word' id='word_1_677' title='bbox 1463 5180 1629 5237; x_wconf 86' lang='lat' dir='ltr'>facile</span> <span class='ocrx_word' id='word_1_678' title='bbox 1682 5181 1978 5239; x_wconf 89' lang='lat' dir='ltr'>seniorum</span> 
     </span>
    </p>
   </div>
   <div class='ocr_carea' id='block_1_92' title="bbox 275 5268 1980 5340">
    <p class='ocr_par' dir='ltr' id='par_1_92' title="bbox 275 5268 1980 5340">
     <span class='ocr_line' id='line_1_92' title="bbox 275 5268 1980 5340; baseline 0.001 -14"><span class='ocrx_word' id='word_1_679' title='bbox 275 5282 520 5327; x_wconf 87' lang='lat' dir='ltr'>suorum</span> <span class='ocrx_word' id='word_1_680' title='bbox 563 5273 771 5328; x_wconf 87' lang='lat' dir='ltr'>statuta</span> <span class='ocrx_word' id='word_1_681' title='bbox 807 5270 1160 5340; x_wconf 87' lang='lat' dir='ltr'>convellunt,</span> <span class='ocrx_word' id='word_1_682' title='bbox 1210 5269 1316 5327; x_wconf 90' lang='lat' dir='ltr'>ista</span> <span class='ocrx_word' id='word_1_683' title='bbox 1357 5268 1762 5327; x_wconf 87' lang='lat' dir='ltr'>considerent:</span> <span class='ocrx_word' id='word_1_684' title='bbox 1796 5276 1851 5327; x_wconf 91' lang='lat' dir='ltr'>et</span> <span class='ocrx_word' id='word_1_685' title='bbox 1905 5284 1980 5327; x_wconf 91' lang='lat' dir='ltr'>ne</span> 
     </span>
    </p>
   </div>
   <div class='ocr_carea' id='block_1_93' title="bbox 276 5357 1982 5435">
    <p class='ocr_par' dir='ltr' id='par_1_93' title="bbox 276 5357 1982 5435">
     <span class='ocr_line' id='line_1_93' title="bbox 276 5357 1982 5435; baseline 0.002 -19"><span class='ocrx_word' id='word_1_686' title='bbox 276 5358 461 5418; x_wconf 89' lang='lat' dir='ltr'>divini</span> <span class='ocrx_word' id='word_1_687' title='bbox 511 5358 725 5419; x_wconf 87' lang='lat' dir='ltr'>furoris</span> <span class='ocrx_word' id='word_1_688' title='bbox 767 5375 938 5435; x_wconf 89' lang='lat' dir='ltr'>super</span> <span class='ocrx_word' id='word_1_689' title='bbox 984 5375 1080 5418; x_wconf 89' lang='lat' dir='ltr'>eos</span> <span class='ocrx_word' id='word_1_690' title='bbox 1121 5357 1348 5432; x_wconf 87' lang='lat' dir='ltr'>gladius</span> <span class='ocrx_word' id='word_1_691' title='bbox 1408 5358 1620 5431; x_wconf 91' lang='lat' dir='ltr'>veniat,</span> <span class='ocrx_word' id='word_1_692' title='bbox 1681 5375 1798 5418; x_wconf 92' lang='lat' dir='ltr'>non</span> <span class='ocrx_word' id='word_1_693' title='bbox 1855 5359 1982 5420; x_wconf 89' lang='lat' dir='ltr'>sine</span> 
     </span>
    </p>
   </div>
   <div class='ocr_carea' id='block_1_94' title="bbox 273 5448 865 5509">
    <p class='ocr_par' dir='ltr' id='par_1_94' title="bbox 273 5448 865 5509">
     <span class='ocr_line' id='line_1_94' title="bbox 273 5448 865 5509; baseline 0.002 -3"><span class='ocrx_word' id='word_1_694' title='bbox 273 5462 447 5507; x_wconf 88' lang='lat' dir='ltr'>causa</span> <span class='ocrx_word' id='word_1_695' title='bbox 474 5448 803 5509; x_wconf 85' lang='lat' dir='ltr'>formident.</span> <span class='ocrx_word' id='word_1_696' title='bbox 838 5474 865 5498; x_wconf 73' lang='grc' dir='ltr'>ι»</span> 
     </span>
    </p>
   </div>
   <div class='ocr_carea' id='block_1_95' title="bbox 348 5537 1980 5614">
    <p class='ocr_par' dir='ltr' id='par_1_95' title="bbox 348 5537 1980 5614">
     <span class='ocr_line' id='line_1_95' title="bbox 348 5537 1980 5614; baseline -0.001 -15"><span class='ocrx_word' id='word_1_697' title='bbox 348 5538 448 5599; x_wconf 88' lang='grc' dir='ltr'>ΙΧ.</span> <span class='ocrx_word' id='word_1_698' title='bbox 483 5539 666 5600; x_wconf 89' lang='lat' dir='ltr'>Tanto</span> <span class='ocrx_word' id='word_1_699' title='bbox 704 5545 975 5614; x_wconf 74' lang='lat' dir='ltr'>praeterea</span> <span class='ocrx_word' id='word_1_700' title='bbox 1013 5552 1146 5610; x_wconf 86' lang='lat' dir='ltr'>erga</span> <span class='ocrx_word' id='word_1_701' title='bbox 1195 5537 1302 5597; x_wconf 87' lang='lat' dir='ltr'>hoc</span> <span class='ocrx_word' id='word_1_702' title='bbox 1349 5537 1408 5597; x_wconf 92' lang='lat' dir='ltr'>S.</span> <span class='ocrx_word' id='word_1_703' title='bbox 1460 5537 1750 5597; x_wconf 88' lang='lat' dir='ltr'>Vincentii</span> <span class='ocrx_word' id='word_1_704' title='bbox 1786 5553 1980 5597; x_wconf 77' lang='lat' dir='ltr'>coeno-</span> 
     </span>
    </p>
   </div>
   <div class='ocr_carea' id='block_1_96' title="bbox 1991 4408 2041 4466">
    <p class='ocr_par' dir='ltr' id='par_1_96' title="bbox 1991 4408 2041 4466">
     <span class='ocr_line' id='line_1_96' title="bbox 1991 4408 2041 4466; baseline 0 0"><span class='ocrx_word' id='word_1_705' title='bbox 1991 4408 2041 4466; x_wconf 94' lang='lat' dir='ltr'>D</span> 
     </span>
    </p>
   </div>
   <div class='ocr_carea' id='block_1_97' title="bbox 2051 3820 3753 3892">
    <p class='ocr_par' dir='ltr' id='par_1_97' title="bbox 2051 3820 3753 3892">
     <span class='ocr_line' id='line_1_97' title="bbox 2051 3820 3753 3892; baseline 0.002 -14"><span class='ocrx_word' id='word_1_706' title='bbox 2051 3820 2275 3892; x_wconf 92' lang='lat' dir='ltr'>cubuit,</span> <span class='ocrx_word' id='word_1_707' title='bbox 2335 3845 2362 3869; x_wconf 85' lang='lat'><strong>»</strong></span> <span class='ocrx_word' id='word_1_708' title='bbox 2418 3825 2525 3879; x_wconf 88' lang='lat' dir='ltr'>etc.</span> <span class='ocrx_word' id='word_1_709' title='bbox 2589 3820 2701 3880; x_wconf 84' lang='lat' dir='ltr'>Sed</span> <span class='ocrx_word' id='word_1_710' title='bbox 2770 3821 2842 3878; x_wconf 87' lang='lat' dir='ltr'>de</span> <span class='ocrx_word' id='word_1_711' title='bbox 2910 3821 3258 3881; x_wconf 90' lang='lat' dir='ltr'>monasterio</span> <span class='ocrx_word' id='word_1_712' title='bbox 3329 3821 3386 3881; x_wconf 94' lang='lat' dir='ltr'>S.</span> <span class='ocrx_word' id='word_1_713' title='bbox 3463 3821 3753 3881; x_wconf 88' lang='lat' dir='ltr'>Vincentii</span> 
     </span>
    </p>
   </div>
   <div class='ocr_carea' id='block_1_98' title="bbox 2045 3909 2376 3981">
    <p class='ocr_par' dir='ltr' id='par_1_98' title="bbox 2045 3909 2376 3981">
     <span class='ocr_line' id='line_1_98' title="bbox 2045 3909 2376 3981; baseline 0.006 -16"><span class='ocrx_word' id='word_1_714' title='bbox 2045 3909 2166 3981; x_wconf 90' lang='lat' dir='ltr'>jam</span> <span class='ocrx_word' id='word_1_715' title='bbox 2221 3910 2376 3968; x_wconf 87' lang='lat' dir='ltr'>satis.</span> 
     </span>
    </p>
   </div>
   <div class='ocr_carea' id='block_1_99' title="bbox 2123 3999 3761 4063">
    <p class='ocr_par' dir='ltr' id='par_1_99' title="bbox 2123 3999 3761 4063">
     <span class='ocr_line' id='line_1_99' title="bbox 2123 3999 3761 4063; baseline 0.002 -6"><span class='ocrx_word' id='word_1_716' title='bbox 2123 3999 2224 4058; x_wconf 88' lang='grc' dir='ltr'>ΧΙ.</span> <span class='ocrx_word' id='word_1_717' title='bbox 2256 4000 2337 4057; x_wconf 86' lang='lat' dir='ltr'>Ad</span> <span class='ocrx_word' id='word_1_718' title='bbox 2371 4000 2429 4060; x_wconf 92' lang='lat' dir='ltr'>S.</span> <span class='ocrx_word' id='word_1_719' title='bbox 2466 3999 2779 4060; x_wconf 89' lang='lat' dir='ltr'>Salvatoris</span> <span class='ocrx_word' id='word_1_720' title='bbox 2804 4000 2876 4059; x_wconf 90' lang='lat' dir='ltr'>de</span> <span class='ocrx_word' id='word_1_721' title='bbox 2906 4007 3101 4061; x_wconf 91' lang='lat' dir='ltr'>monte</span> <span class='ocrx_word' id='word_1_722' title='bbox 3131 4003 3316 4061; x_wconf 90' lang='lat' dir='ltr'>Acuto</span> <span class='ocrx_word' id='word_1_723' title='bbox 3354 4002 3621 4063; x_wconf 90' lang='lat' dir='ltr'>Perusini</span> <span class='ocrx_word' id='word_1_724' title='bbox 3657 4009 3761 4062; x_wconf 90' lang='lat' dir='ltr'>ter-</span> 
     </span>
    </p>
   </div>
   <div class='ocr_carea' id='block_1_100' title="bbox 2052 4091 3760 4166">
    <p class='ocr_par' dir='ltr' id='par_1_100' title="bbox 2052 4091 3760 4166">
     <span class='ocr_line' id='line_1_100' title="bbox 2052 4091 3760 4166; baseline 0.001 -16"><span class='ocrx_word' id='word_1_725' title='bbox 2052 4092 2238 4151; x_wconf 88' lang='lat' dir='ltr'>ritorii</span> <span class='ocrx_word' id='word_1_726' title='bbox 2266 4091 2596 4150; x_wconf 66' lang='lat' dir='ltr'>coenobium</span> <span class='ocrx_word' id='word_1_727' title='bbox 2630 4097 3008 4163; x_wconf 87' lang='lat' dir='ltr'>transeamus,</span> <span class='ocrx_word' id='word_1_728' title='bbox 3041 4093 3195 4166; x_wconf 90' lang='lat' dir='ltr'>quod</span> <span class='ocrx_word' id='word_1_729' title='bbox 3236 4092 3567 4152; x_wconf 84' lang='lat' dir='ltr'>Ludovicus</span> <span class='ocrx_word' id='word_1_730' title='bbox 3592 4093 3760 4152; x_wconf 86' lang='lat' dir='ltr'>Jaco-</span> 
     </span>
    </p>
   </div>
   <div class='ocr_carea' id='block_1_101' title="bbox 2052 4180 3864 4241">
    <p class='ocr_par' dir='ltr' id='par_1_101' title="bbox 2052 4180 3864 4241">
     <span class='ocr_line' id='line_1_101' title="bbox 2052 4180 3864 4241; baseline 0.001 -1"><span class='ocrx_word' id='word_1_731' title='bbox 2052 4180 2230 4240; x_wconf 90' lang='lat' dir='ltr'>billus</span> <span class='ocrx_word' id='word_1_732' title='bbox 2270 4180 2343 4239; x_wconf 90' lang='lat' dir='ltr'>de</span> <span class='ocrx_word' id='word_1_733' title='bbox 2389 4180 2492 4240; x_wconf 91' lang='lat' dir='ltr'>SS.</span> <span class='ocrx_word' id='word_1_734' title='bbox 2543 4180 2792 4240; x_wconf 65' lang='lat' dir='ltr'>Umbria:</span> <span class='ocrx_word' id='word_1_735' title='bbox 2842 4188 2977 4241; x_wconf 89' lang='lat' dir='ltr'>tom.</span> <span class='ocrx_word' id='word_1_736' title='bbox 3022 4182 3087 4241; x_wconf 51' lang='lat' dir='ltr'>II&#39;</span> <span class='ocrx_word' id='word_1_737' title='bbox 3111 4182 3311 4241; x_wconf 87' lang='lat' dir='ltr'>asserit</span> <span class='ocrx_word' id='word_1_738' title='bbox 3347 4198 3382 4239; x_wconf 86' lang='lat' dir='ltr'>a</span> <span class='ocrx_word' id='word_1_739' title='bbox 3423 4182 3481 4241; x_wconf 94' lang='lat' dir='ltr'>S.</span> <span class='ocrx_word' id='word_1_740' title='bbox 3532 4182 3593 4240; x_wconf 92' lang='lat' dir='ltr'>P.</span> <span class='ocrx_word' id='word_1_741' title='bbox 3640 4183 3760 4241; x_wconf 83' lang='lat' dir='ltr'>Bo-</span> <span class='ocrx_word' id='word_1_742' title='bbox 3856 4202 3864 4208; x_wconf 86' lang='grc'><strong>·</strong></span> 
     </span>
    </p>
   </div>
   <div class='ocr_carea' id='block_1_102' title="bbox 2056 4269 3759 4345">
    <p class='ocr_par' dir='ltr' id='par_1_102' title="bbox 2056 4269 3759 4345">
     <span class='ocr_line' id='line_1_102' title="bbox 2056 4269 3759 4345; baseline 0 -17"><span class='ocrx_word' id='word_1_743' title='bbox 2056 4270 2294 4330; x_wconf 88' lang='lat' dir='ltr'>mualdo</span> <span class='ocrx_word' id='word_1_744' title='bbox 2337 4269 2725 4339; x_wconf 69' lang='lat' dir='ltr'>aedificatum;</span> <span class='ocrx_word' id='word_1_745' title='bbox 2773 4271 2877 4329; x_wconf 89' lang='lat' dir='ltr'>etsi</span> <span class='ocrx_word' id='word_1_746' title='bbox 2924 4287 3062 4329; x_wconf 90' lang='lat' dir='ltr'>vero</span> <span class='ocrx_word' id='word_1_747' title='bbox 3097 4273 3460 4345; x_wconf 87' lang='lat' dir='ltr'>postmodum</span> <span class='ocrx_word' id='word_1_748' title='bbox 3505 4279 3639 4330; x_wconf 89' lang='lat' dir='ltr'>tom.</span> <span class='ocrx_word' id='word_1_749' title='bbox 3678 4270 3759 4329; x_wconf 91' lang='grc' dir='ltr'>ΙΙΙ</span> 
     </span>
    </p>
   </div>
   <div class='ocr_carea' id='block_1_103' title="bbox 2061 4359 3762 4420">
    <p class='ocr_par' dir='ltr' id='par_1_103' title="bbox 2061 4359 3762 4420">
     <span class='ocr_line' id='line_1_103' title="bbox 2061 4359 3762 4420; baseline 0 -2"><span class='ocrx_word' id='word_1_750' title='bbox 2061 4360 2209 4419; x_wconf 91' lang='lat' dir='ltr'>illud</span> <span class='ocrx_word' id='word_1_751' title='bbox 2260 4359 2416 4418; x_wconf 91' lang='lat' dir='ltr'>idem</span> <span class='ocrx_word' id='word_1_752' title='bbox 2466 4359 2576 4419; x_wconf 91' lang='lat' dir='ltr'>sub</span> <span class='ocrx_word' id='word_1_753' title='bbox 2621 4362 2825 4419; x_wconf 88' lang='lat' dir='ltr'>ordine</span> <span class='ocrx_word' id='word_1_754' title='bbox 2861 4359 3224 4419; x_wconf 83' lang='lat' dir='ltr'>Cisterciensi</span> <span class='ocrx_word' id='word_1_755' title='bbox 3260 4377 3416 4420; x_wconf 90' lang='lat' dir='ltr'>anno</span> <span class='ocrx_word' id='word_1_756' title='bbox 3455 4361 3589 4420; x_wconf 82' lang='lat'>1008</span> <span class='ocrx_word' id='word_1_757' title='bbox 3624 4376 3762 4420; x_wconf 91' lang='lat' dir='ltr'>con-</span> 
     </span>
    </p>
   </div>
   <div class='ocr_carea' id='block_1_104' title="bbox 2060 4449 3762 4524">
    <p class='ocr_par' dir='ltr' id='par_1_104' title="bbox 2060 4449 3762 4524">
     <span class='ocr_line' id='line_1_104' title="bbox 2060 4449 3762 4524; baseline 0 -15"><span class='ocrx_word' id='word_1_758' title='bbox 2060 4455 2341 4510; x_wconf 88' lang='lat' dir='ltr'>structum</span> <span class='ocrx_word' id='word_1_759' title='bbox 2394 4450 2602 4509; x_wconf 89' lang='lat' dir='ltr'>scribat</span> <span class='ocrx_word' id='word_1_760' title='bbox 2633 4469 2644 4507; x_wconf 91' lang='lat'>:</span> <span class='ocrx_word' id='word_1_761' title='bbox 2673 4455 2823 4524; x_wconf 83' lang='lat' dir='ltr'>patet</span> <span class='ocrx_word' id='word_1_762' title='bbox 2878 4449 3274 4523; x_wconf 89' lang='lat' dir='ltr'>impressionis</span> <span class='ocrx_word' id='word_1_763' title='bbox 3332 4466 3522 4509; x_wconf 90' lang='lat' dir='ltr'>errore</span> <span class='ocrx_word' id='word_1_764' title='bbox 3577 4451 3762 4509; x_wconf 90' lang='lat' dir='ltr'>conti-</span> 
     </span>
    </p>
   </div>
   <div class='ocr_carea' id='block_1_105' title="bbox 2059 4541 3759 4614">
    <p class='ocr_par' dir='ltr' id='par_1_105' title="bbox 2059 4541 3759 4614">
     <span class='ocr_line' id='line_1_105' title="bbox 2059 4541 3759 4614; baseline -0.002 -14"><span class='ocrx_word' id='word_1_765' title='bbox 2059 4542 2230 4613; x_wconf 87' lang='lat' dir='ltr'>gisse,</span> <span class='ocrx_word' id='word_1_766' title='bbox 2276 4547 2341 4599; x_wconf 90' lang='lat' dir='ltr'>ut</span> <span class='ocrx_word' id='word_1_767' title='bbox 2382 4542 2723 4597; x_wconf 74' lang='lat' dir='ltr'>Cisterciensz’</span> <span class='ocrx_word' id='word_1_768' title='bbox 2750 4553 2852 4612; x_wconf 90' lang='lat' dir='ltr'>pro</span> <span class='ocrx_word' id='word_1_769' title='bbox 2886 4541 3292 4596; x_wconf 79' lang='lat' dir='ltr'>Camaldulensi</span> <span class='ocrx_word' id='word_1_770' title='bbox 3323 4541 3759 4614; x_wconf 89' lang='lat' dir='ltr'>subrogaretur;</span> 
     </span>
    </p>
   </div>
   <div class='ocr_carea' id='block_1_106' title="bbox 2060 4628 3764 4705">
    <p class='ocr_par' dir='ltr' id='par_1_106' title="bbox 2060 4628 3764 4705">
     <span class='ocr_line' id='line_1_106' title="bbox 2060 4628 3764 4705; baseline -0.001 -16"><span class='ocrx_word' id='word_1_771' title='bbox 2060 4631 2359 4689; x_wconf 90' lang='lat' dir='ltr'>enimvero</span> <span class='ocrx_word' id='word_1_772' title='bbox 2401 4644 2474 4686; x_wconf 91' lang='lat' dir='ltr'>ne</span> <span class='ocrx_word' id='word_1_773' title='bbox 2510 4629 2748 4705; x_wconf 89' lang='lat' dir='ltr'>quidem</span> <span class='ocrx_word' id='word_1_774' title='bbox 2792 4634 2963 4686; x_wconf 90' lang='lat' dir='ltr'>natus</span> <span class='ocrx_word' id='word_1_775' title='bbox 3000 4644 3155 4686; x_wconf 90' lang='lat' dir='ltr'>anno</span> <span class='ocrx_word' id='word_1_776' title='bbox 3201 4628 3338 4687; x_wconf 76' lang='lat'>1008</span> <span class='ocrx_word' id='word_1_777' title='bbox 3387 4645 3510 4688; x_wconf 89' lang='lat' dir='ltr'>esse</span> <span class='ocrx_word' id='word_1_778' title='bbox 3547 4634 3764 4703; x_wconf 87' lang='lat' dir='ltr'>poterat</span> 
     </span>
    </p>
   </div>
   <div class='ocr_carea' id='block_1_107' title="bbox 2064 4716 3761 4790">
    <p class='ocr_par' dir='ltr' id='par_1_107' title="bbox 2064 4716 3761 4790">
     <span class='ocr_line' id='line_1_107' title="bbox 2064 4716 3761 4790; baseline -0.001 -10"><span class='ocrx_word' id='word_1_779' title='bbox 2064 4722 2120 4781; x_wconf 91' lang='lat' dir='ltr'>S.</span> <span class='ocrx_word' id='word_1_780' title='bbox 2174 4721 2464 4779; x_wconf 83' lang='lat' dir='ltr'>Robertus</span> <span class='ocrx_word' id='word_1_781' title='bbox 2504 4717 2681 4776; x_wconf 89' lang='lat' dir='ltr'>abbas</span> <span class='ocrx_word' id='word_1_782' title='bbox 2715 4716 3180 4776; x_wconf 80' lang='lat' dir='ltr'>Cisterciensium</span> <span class='ocrx_word' id='word_1_783' title='bbox 3227 4718 3409 4790; x_wconf 88' lang='lat' dir='ltr'>Pater,</span> <span class='ocrx_word' id='word_1_784' title='bbox 3457 4719 3601 4778; x_wconf 90' lang='lat' dir='ltr'>adeo</span> <span class='ocrx_word' id='word_1_785' title='bbox 3645 4735 3761 4779; x_wconf 86' lang='lat' dir='ltr'>non</span> 
     </span>
    </p>
   </div>
   <div class='ocr_carea' id='block_1_108' title="bbox 2061 4808 3761 4885">
    <p class='ocr_par' dir='ltr' id='par_1_108' title="bbox 2061 4808 3761 4885">
     <span class='ocr_line' id='line_1_108' title="bbox 2061 4808 3761 4885; baseline -0.002 -14"><span class='ocrx_word' id='word_1_786' title='bbox 2061 4817 2199 4871; x_wconf 91' lang='lat' dir='ltr'>tunc</span> <span class='ocrx_word' id='word_1_787' title='bbox 2235 4827 2337 4885; x_wconf 90' lang='lat' dir='ltr'>pro</span> <span class='ocrx_word' id='word_1_788' title='bbox 2381 4808 2854 4868; x_wconf 77' lang='lat' dir='ltr'>Cisterciensibus</span> <span class='ocrx_word' id='word_1_789' title='bbox 2886 4808 3033 4867; x_wconf 90' lang='lat' dir='ltr'>illud</span> <span class='ocrx_word' id='word_1_790' title='bbox 3073 4810 3491 4869; x_wconf 85' lang='lat' dir='ltr'>monasterium</span> <span class='ocrx_word' id='word_1_791' title='bbox 3530 4808 3761 4869; x_wconf 81' lang='lat' dir='ltr'>fundari</span> 
     </span>
    </p>
   </div>
   <div class='ocr_carea' id='block_1_109' title="bbox 2058 4900 3754 4978">
    <p class='ocr_par' dir='ltr' id='par_1_109' title="bbox 2058 4900 3754 4978">
     <span class='ocr_line' id='line_1_109' title="bbox 2058 4900 3754 4978; baseline -0.002 -17"><span class='ocrx_word' id='word_1_792' title='bbox 2058 4908 2315 4978; x_wconf 81' lang='lat' dir='ltr'>poterat;</span> <span class='ocrx_word' id='word_1_793' title='bbox 2352 4901 2470 4959; x_wconf 91' lang='lat' dir='ltr'>imo</span> <span class='ocrx_word' id='word_1_794' title='bbox 2498 4900 2639 4958; x_wconf 90' lang='lat' dir='ltr'>alibi</span> <span class='ocrx_word' id='word_1_795' title='bbox 2676 4900 2958 4959; x_wconf 89' lang='lat' dir='ltr'>duntaxat</span> <span class='ocrx_word' id='word_1_796' title='bbox 2984 4916 3138 4959; x_wconf 89' lang='lat' dir='ltr'>anno</span> <span class='ocrx_word' id='word_1_797' title='bbox 3189 4900 3324 4960; x_wconf 73' lang='grc'>1394</span> <span class='ocrx_word' id='word_1_798' title='bbox 3365 4902 3517 4962; x_wconf 89' lang='lat' dir='ltr'>illud</span> <span class='ocrx_word' id='word_1_799' title='bbox 3547 4900 3754 4959; x_wconf 88' lang='lat' dir='ltr'>Cister-</span> 
     </span>
    </p>
   </div>
   <div class='ocr_carea' id='block_1_110' title="bbox 2060 4990 3759 5069">
    <p class='ocr_par' dir='ltr' id='par_1_110' title="bbox 2060 4990 3759 5069">
     <span class='ocr_line' id='line_1_110' title="bbox 2060 4990 3759 5069; baseline 0 -20"><span class='ocrx_word' id='word_1_800' title='bbox 2060 4990 2351 5049; x_wconf 90' lang='lat' dir='ltr'>ciensibus</span> <span class='ocrx_word' id='word_1_801' title='bbox 2399 5004 2734 5049; x_wconf 89' lang='lat' dir='ltr'>concessum</span> <span class='ocrx_word' id='word_1_802' title='bbox 2778 4996 2978 5049; x_wconf 89' lang='lat' dir='ltr'>auctor</span> <span class='ocrx_word' id='word_1_803' title='bbox 3018 4990 3265 5064; x_wconf 87' lang='lat' dir='ltr'>fatetur;</span> <span class='ocrx_word' id='word_1_804' title='bbox 3323 4992 3479 5069; x_wconf 91' lang='lat' dir='ltr'>quod</span> <span class='ocrx_word' id='word_1_805' title='bbox 3524 4991 3759 5066; x_wconf 90' lang='lat' dir='ltr'>quidem</span> 
     </span>
    </p>
   </div>
   <div class='ocr_carea' id='block_1_111' title="bbox 2058 5082 3759 5154">
    <p class='ocr_par' dir='ltr' id='par_1_111' title="bbox 2058 5082 3759 5154">
     <span class='ocr_line' id='line_1_111' title="bbox 2058 5082 3759 5154; baseline -0.001 -13"><span class='ocrx_word' id='word_1_806' title='bbox 2058 5082 2129 5141; x_wconf 92' lang='lat' dir='ltr'>ab</span> <span class='ocrx_word' id='word_1_807' title='bbox 2159 5099 2311 5142; x_wconf 90' lang='lat' dir='ltr'>anno</span> <span class='ocrx_word' id='word_1_808' title='bbox 2352 5083 2483 5142; x_wconf 80' lang='grc'>1504</span> <span class='ocrx_word' id='word_1_809' title='bbox 2512 5082 2573 5140; x_wconf 93' lang='lat' dir='ltr'>in</span> <span class='ocrx_word' id='word_1_810' title='bbox 2602 5082 3013 5140; x_wconf 90' lang='lat' dir='ltr'>Commendam</span> <span class='ocrx_word' id='word_1_811' title='bbox 3040 5099 3072 5141; x_wconf 90' lang='lat' dir='ltr'>a</span> <span class='ocrx_word' id='word_1_812' title='bbox 3105 5082 3261 5144; x_wconf 90' lang='lat' dir='ltr'>Julio</span> <span class='ocrx_word' id='word_1_813' title='bbox 3288 5084 3373 5143; x_wconf 87' lang='lat' dir='ltr'>III</span> <span class='ocrx_word' id='word_1_814' title='bbox 3401 5098 3759 5154; x_wconf 86' lang='lat' dir='ltr'>concessum,</span> 
     </span>
    </p>
   </div>
   <div class='ocr_carea' id='block_1_112' title="bbox 2059 5170 3762 5243">
    <p class='ocr_par' dir='ltr' id='par_1_112' title="bbox 2059 5170 3762 5243">
     <span class='ocr_line' id='line_1_112' title="bbox 2059 5170 3762 5243; baseline 0 -15"><span class='ocrx_word' id='word_1_815' title='bbox 2059 5171 2131 5228; x_wconf 90' lang='lat' dir='ltr'>ad</span> <span class='ocrx_word' id='word_1_816' title='bbox 2200 5187 2409 5230; x_wconf 89' lang='lat' dir='ltr'>manus</span> <span class='ocrx_word' id='word_1_817' title='bbox 2475 5170 2715 5229; x_wconf 86' lang='lat' dir='ltr'>Galeatii</span> <span class='ocrx_word' id='word_1_818' title='bbox 2784 5170 3067 5231; x_wconf 89' lang='lat' dir='ltr'>Gabrielis</span> <span class='ocrx_word' id='word_1_819' title='bbox 3127 5172 3405 5230; x_wconf 87' lang='lat' dir='ltr'>Fanensis</span> <span class='ocrx_word' id='word_1_820' title='bbox 3477 5171 3762 5243; x_wconf 90' lang='lat' dir='ltr'>pervenit,</span> 
     </span>
    </p>
   </div>
   <div class='ocr_carea' id='block_1_113' title="bbox 2061 5260 3763 5337">
    <p class='ocr_par' dir='ltr' id='par_1_113' title="bbox 2061 5260 3763 5337">
     <span class='ocr_line' id='line_1_113' title="bbox 2061 5260 3763 5337; baseline -0.001 -16"><span class='ocrx_word' id='word_1_821' title='bbox 2061 5264 2163 5337; x_wconf 90' lang='lat' dir='ltr'>qui</span> <span class='ocrx_word' id='word_1_822' title='bbox 2229 5278 2383 5321; x_wconf 89' lang='lat' dir='ltr'>anno</span> <span class='ocrx_word' id='word_1_823' title='bbox 2444 5262 2599 5334; x_wconf 73' lang='lat'>1522,</span> <span class='ocrx_word' id='word_1_824' title='bbox 2656 5269 2948 5323; x_wconf 90' lang='lat' dir='ltr'>annuente</span> <span class='ocrx_word' id='word_1_825' title='bbox 3005 5262 3296 5322; x_wconf 88' lang='lat' dir='ltr'>Clemente</span> <span class='ocrx_word' id='word_1_826' title='bbox 3351 5260 3478 5333; x_wconf 90' lang='lat' dir='ltr'>VII,</span> <span class='ocrx_word' id='word_1_827' title='bbox 3536 5260 3763 5320; x_wconf 81' lang='lat' dir='ltr'>Gamal-</span> 
     </span>
    </p>
   </div>
   <div class='ocr_carea' id='block_1_114' title="bbox 2061 5354 3765 5430">
    <p class='ocr_par' dir='ltr' id='par_1_114' title="bbox 2061 5354 3765 5430">
     <span class='ocr_line' id='line_1_114' title="bbox 2061 5354 3765 5430; baseline -0.002 -15"><span class='ocrx_word' id='word_1_828' title='bbox 2061 5358 2399 5417; x_wconf 90' lang='lat' dir='ltr'>dulensium</span> <span class='ocrx_word' id='word_1_829' title='bbox 2487 5359 2856 5418; x_wconf 88' lang='lat' dir='ltr'>eremitarum</span> <span class='ocrx_word' id='word_1_830' title='bbox 2945 5355 3260 5416; x_wconf 87' lang='lat' dir='ltr'>Coronensi</span> <span class='ocrx_word' id='word_1_831' title='bbox 3335 5354 3765 5430; x_wconf 85' lang='lat' dir='ltr'>congregationi</span> 
     </span>
    </p>
   </div>
   <div class='ocr_carea' id='block_1_115' title="bbox 2063 5446 3764 5525">
    <p class='ocr_par' dir='ltr' id='par_1_115' title="bbox 2063 5446 3764 5525">
     <span class='ocr_line' id='line_1_115' title="bbox 2063 5446 3764 5525; baseline -0.001 -18"><span class='ocrx_word' id='word_1_832' title='bbox 2063 5449 2349 5508; x_wconf 88' lang='lat' dir='ltr'>abbatiam</span> <span class='ocrx_word' id='word_1_833' title='bbox 2400 5451 2548 5509; x_wconf 90' lang='lat' dir='ltr'>hanc</span> <span class='ocrx_word' id='word_1_834' title='bbox 2593 5451 2924 5525; x_wconf 84' lang='lat' dir='ltr'>resignavit,</span> <span class='ocrx_word' id='word_1_835' title='bbox 2967 5449 3120 5524; x_wconf 89' lang='lat' dir='ltr'>apud</span> <span class='ocrx_word' id='word_1_836' title='bbox 3162 5446 3414 5518; x_wconf 89' lang='lat' dir='ltr'>eosdem,</span> <span class='ocrx_word' id='word_1_837' title='bbox 3460 5447 3613 5506; x_wconf 90' lang='lat' dir='ltr'>Petri</span> <span class='ocrx_word' id='word_1_838' title='bbox 3656 5447 3764 5505; x_wconf 89' lang='lat' dir='ltr'>Fa-</span> 
     </span>
    </p>
   </div>
   <div class='ocr_carea' id='block_1_116' title="bbox 2066 5535 3768 5625">
    <p class='ocr_par' dir='ltr' id='par_1_116' title="bbox 2066 5535 3768 5625">
     <span class='ocr_line' id='line_1_116' title="bbox 2066 5535 3768 5625; baseline -0.003 -28"><span class='ocrx_word' id='word_1_839' title='bbox 2066 5539 2263 5600; x_wconf 89' lang='lat' dir='ltr'>nensis</span> <span class='ocrx_word' id='word_1_840' title='bbox 2314 5540 2550 5600; x_wconf 89' lang='lat' dir='ltr'>nomine</span> <span class='ocrx_word' id='word_1_841' title='bbox 2593 5545 2908 5615; x_wconf 86' lang='lat' dir='ltr'>assumpto,</span> <span class='ocrx_word' id='word_1_842' title='bbox 2952 5537 3300 5625; x_wconf 84' lang='lat' dir='ltr'>monachum</span> <span class='ocrx_word' id='word_1_843' title='bbox 3341 5536 3609 5602; x_wconf 87' lang='lat' dir='ltr'>induens,</span> <span class='ocrx_word' id='word_1_844' title='bbox 3662 5535 3768 5594; x_wconf 90' lang='lat' dir='ltr'>ubi</span> 
     </span>
    </p>
   </div>
  </div>
