4100 6210
191 249 258 308 57

1048 248 1627 312 PROLEGOMENA.
1669 222 1739 293 -ἐ
1776 249 1873 308 DE
1909 248 2316 310 INSTIT'UTO
2353 248 2787 313 CAMALDUL.

3634 254 3706 313 58

188 373 435 449 egregiis
484 374 885 433 sanctimonia:
946 375 1128 434 titulis
1169 376 1383 435 ﬂoruit.
1434 375 1633 449 Itaque
1686 375 1747 433 in
1796 376 1968 438 hocA
1991 375 2200 434 Christi
2253 392 2384 433 vere
2422 376 2897 451 philosophorum
2942 379 3263 453 percepisse
3303 380 3611 439 doctorem.
3680 402 3700 431 ι

189 467 361 524 etiam
416 466 701 535 ccenobio,
758 466 915 540 quod
970 476 1026 525 et
1075 466 1299 539 pridem
1374 463 1907 523 Camaldulensium

184 559 335 631 juris
384 558 512 627 fuit,
546 565 601 615 et
641 571 801 615 nunc
839 556 1011 614 etiam
1043 558 1114 614 ad
1145 556 1481 615 eorumdem
1511 556 1909 629 proprietatem

189 647 378 717 rediit,
442 647 655 720 smpius
713 651 1085 705 conversatus
1161 653 1245 704 est
1300 645 1504 704 Petrus
1570 646 1908 712 Damianus,

191 744 251 796 ut
284 742 446 794 notat
484 734 802 793 Jacobillus
840 735 1048 792 citatus
1078 752 1091 791 :
1121 733 1240 791 imo
1277 734 1538 807 ejusdem
1588 732 1765 791 abbas
1804 733 1907 789 ali-

190 825 424 898 quando
466 824 710 892 exstitit,
774 829 840 881 ut
882 838 956 880 ex
1005 829 1142 880 tom.
1194 821 1220 879 Ι
1267 822 1519 896 Operum
1565 821 1623 880 S.
1667 821 1913 879 doctoris

198 916 298 973 lib.
330 927 417 984 v1,
456 929 548 987 ep.
588 912 657 971 30
696 911 1005 986 colligitur,
1036 910 1141 969 ubi
1179 911 1259 968 sic
1288 911 1370 969 ait
1410 930 1422 968 :
1468 935 1489 965 α
1535 911 1599 968 In
1634 910 1913 969 Perusino

201 1003 571 1071 monasterio,
609 1000 803 1060 Sancti
840 1000 1107 1058 videlicet
1141 999 1473 1070 Salvatoris,
1516 1001 1613 1059 cui
1646 1017 1832 1074 nuper
1858 1007 1914 1058 et

199 1103 255 1153 et
295 1096 427 1170 ipse
456 1095 690 1167 praefui,
723 1092 960 1168 quidam
987 1094 1310 1152 monachus
1340 1093 1515 1169 paulo
1543 1101 1676 1152 ante
1706 1094 1910 1165 fuerat,

197 1186 442 1245 nomine
470 1182 736 1252 Guinizo,
772 1206 794 1232 ι
826 1189 931 1240 etc.

264 1274 404 1334 XII.
436 1274 682 1346 Insuper
710 1272 767 1329 in
796 1271 997 1330 eodem
1027 1271 1311 1331 Perusino
1337 1271 1626 1330 territorio
1655 1272 1725 1330 ad
1755 1286 1913 1330 mon-

197 1374 313 1426 tem
352 1365 625 1439 Pregium
676 1363 958 1421 habitavit
1000 1363 1320 1422 Damianus
1348 1364 1409 1422 in
1441 1379 1634 1421 eremo
1672 1362 1730 1423 S.
1767 1362 1913 1420 Vin-

197 1457 394 1526 centii,
442 1469 620 1530 quam
662 1451 720 1510 S.
758 1451 821 1511 P.
868 1451 1226 1511 Romualdus
1273 1452 1329 1510 in
1377 1452 1735 1526 possessione
1773 1451 1914 1510 Ilai-

198 1545 348 1603 nerii
382 1541 741 1601 marchionis
771 1539 1132 1606 fundaverat,
1168 1546 1234 1599 ut
1259 1557 1333 1598 ex
1364 1556 1485 1614 cap.
1517 1541 1584 1600 39
1610 1542 1738 1615 ejus
1763 1541 1913 1599 Vitm

200 1635 257 1692 in
292 1634 435 1703 fine,
464 1637 522 1691 et
560 1630 825 1704 sequenti
862 1629 933 1687 40
971 1629 1281 1703 colligitur,
1324 1632 1740 1704 continuatque
1778 1631 1914 1689 Cos-

1997 462 2157 533 Quod
2192 471 2341 524 certe
2371 464 2490 521 fieri
2524 481 2635 523 non
2668 472 2899 538 poterat,
2933 467 2982 524 si
3010 468 3306 541 religione,
3338 475 3391 527 et
3422 469 3703 542 instituto,

1998 552 2314 625 habituque
2366 568 2399 609 a
2450 552 2615 611 Petro
2674 553 2951 613 Damiano
3006 556 3342 615 Dominicus
3395 557 3737 616 Romualdi/

1996 651 2338 702 sectatorum
2370 642 2652 702 alumnus
2683 643 2967 704 distasset.

2066 732 2219 792 XIV.
2269 733 2578 806 Postquam
2623 749 2758 791 vero
2806 735 2864 792 in
2913 735 3183 809 proxima
3236 752 3369 795 cum
3432 737 3707 798 Damiano

1996 820 2140 879 cella
2173 821 2510 881 Dominicus
2550 822 2845 881 Loricatus
2880 823 2989 882 sub
3029 826 3156 897 ejus
3194 825 3498 900 disciplina
3536 827 3707 900 dege-

1997 918 2121 971 rat:
2155 911 2311 970 unde
2345 912 2441 970 lib.
2479 924 2562 972 Vt.
2602 928 2690 985 ep.
2727 911 2814 985 30,
2850 913 2922 972 de
2960 914 3085 988 ipso
3123 917 3207 973 sic
3230 915 3309 974 ait
3347 936 3359 975 :
3400 942 3424 965 «
3466 917 3577 977 Sed
3607 931 3710 975 cur

1995 1021 2100 1078 ego
2152 1012 2379 1064 sanctos
2432 1007 2935 1066 commemorando
2995 1008 3167 1074 viros,
3225 1007 3452 1066 diversa
3502 1007 3716 1083 passim

1996 1095 2117 1153 loca
2163 1096 2489 1171 perlustro?
2533 1096 3007 1171 quandoquidem
3054 1099 3201 1154 intra
3251 1097 3449 1166 limen,
3488 1104 3545 1155 et
3591 1114 3710 1170 prae

1994 1184 2265 1243 manibus
2310 1191 2499 1251 teneo,
2530 1186 2602 1243 ad
2651 1185 2823 1258 cujus
2870 1185 3043 1259 digne
3091 1185 3376 1243 efferenda
3429 1185 3714 1259 praeconia

1994 1267 2183 1347 impar
2214 1273 2438 1332 viribus
2466 1290 2582 1332 non
2613 1291 2887 1348 assurgo;
2920 1282 3071 1333 certe
3107 1274 3336 1333 cellulis
3372 1274 3715 1333 altrinsecus

1993 1364 2336 1435 constitutis,
2386 1365 2508 1423 solo
2553 1364 2809 1424 Basilicae
2869 1366 3173 1424 mediantis
3230 1365 3559 1436 interstitio,
3590 1381 3716 1438 ego,

1994 1453 2213 1528 illeque
2241 1453 2583 1525 dividimur,
2616 1455 2788 1528 cujus
2832 1455 2879 1513 si
2933 1455 3250 1513 virtutibus
3306 1454 3719 1512 enumerandis

1996 1544 2259 1619 invigilo,
2307 1552 2441 1603 ante
2483 1546 2604 1605 dies
2646 1546 2915 1617 elabitur,
2949 1562 3143 1623 quam‘
3183 1544 3473 1603 scribendi
3538 1550 3719 1603 mate-

1997 1635 2082 1692 ria
2170 1635 2414 1694 delicere
2499 1652 2667 1710 posse
2747 1636 3034 1695 videatur.
3116 1634 3489 1695 Dominicum
3567 1634 3715 1706 dico,

199 1739 331 1781 mus
386 1721 461 1780 de
520 1722 713 1778 Arena
766 1720 826 1777 in
883 1717 1047 1777 Seria
1108 1719 1338 1778 Ducum
1390 1720 1635 1779 Etruria}
1677 1730 1836 1793 parte
1871 1724 2291 1798 1,Bdoctorem
2344 1724 2632 1793 videlicet,
2665 1731 2722 1783 ct
2771 1725 3075 1784 dominum
3121 1740 3337 1783 meum.
3396 1750 3421 1773 υ
3464 1723 3715 1783 Postmo-

202 1828 329 1886 pag.
368 1811 491 1881 183,
519 1809 897 1882 eamdemque
919 1810 1071 1867 inter
1104 1809 1226 1867 loca
1250 1826 1284 1866 a
1313 1809 1369 1869 S.
1393 1810 1715 1869 Romualdo
1745 1813 1923 1871 aediﬁ-

204 1910 321 1962 cata
349 1906 609 1960 recenset
638 1898 952 1958 Jacobillus
976 1898 1045 1955 de
1077 1897 1181 1957 SS.
1214 1899 1471 1957 Umbrize
1497 1906 1635 1958 tom.
1668 1901 1722 1958 Il
1749 1909 1921 1977 atque

203 1991 273 2047 ab
297 1992 506 2049 eodem
535 1989 701 2047 Petro
727 1987 1027 2057 Damiano,
1058 1988 1270 2047 nedum
1300 1989 1698 2060 inhabitatam,
1721 1991 1819 2049 sed
1848 1992 1920 2049 ad

202 2083 488 2156 majorem
543 2077 817 2137 cellarum
876 2078 1118 2151 copiam,
1175 2084 1230 2135 et
1284 2094 1582 2137 servorum
1645 2079 1748 2137 Dei
1806 2080 1918 2138 fre-

201 2160 505 2244 quentiam
554 2174 871 2241 promotam
921 2167 1100 2225 fuisse
1149 2173 1344 2225 narrat
1381 2168 1438 2225 in
1478 2168 1741 2226 Damiani
1792 2169 1923 2226 Vita

205 2260 463 2317 Joannes
515 2255 856 2329 discipulus,
914 2271 1036 2329 cap.
1070 2256 1124 2327 7,
1156 2256 1235 2313 ibi
1288 2279 1300 2314 :
1353 2276 1381 2309 «
1430 2256 1699 2316 Pervenit
1744 2258 1923 2331 igitur

206 2348 267 2405 ad
310 2352 579 2405 montem
625 2344 919 2417 Pregium,
961 2344 1022 2402 in
1063 2343 1351 2402 territorio
1391 2344 1693 2416 Perusino,
1725 2346 1923 2420 ibique

204 2438 312 2495 alia
339 2442 564 2509 (praeter
598 2453 661 2491 ea
706 2438 977 2495 nimim-nx.
999 2451 1119 2504 qua:
1150 2435 1273 2504 jam
1311 2437 1623 2505 exstabant)
1651 2436 1920 2493 eremita-

207 2543 333 2585 rum
392 2525 667 2584 fundavit
720 2524 1092 2592 habitacula,
1152 2524 1256 2581 ubi
1312 2523 1578 2582 videlicet
1651 2524 1922 2582 cellulam

203 2616 519 2689 quamdam
552 2612 803 2683 invenit,
836 2612 895 2669 in
947 2628 1062 2687 qua
1100 2611 1165 2674 B.
1204 2612 1598 2671 Romualdum
1629 2613 1919 2687 quondam

204 2706 490 2763 mansisse
517 2704 797 2762 ferebant.
827 2723 856 2756 »

270 2797 435 2857 XIII.
491 2797 665 2855 Addit
714 2798 881 2869 porro
937 2795 1272 2865 Jacobillus,
1303 2794 1651 2855 Damianum
1712 2797 1922 2855 exinde

209 2890 512 2949 Perusiam
568 2888 908 2968 profectum,
938 2894 991 2945 et
1048 2887 1107 2945 in
1170 2887 1417 2961 hospitio
1470 2887 1919 2960 Camaldulensi,

206 2978 355 3053 quod
414 2976 574 3051 apud
622 2975 918 3036 ecclesiam
979 2974 1038 3033 S.
1084 2975 1338 3033 Matthaai
1384 2976 1445 3033 in
1494 2977 1707 3051 Campo
1748 2978 1921 3049 horti,

2005 1814 2167 1883 dum,
2204 1813 2466 1887 inquam,
2496 1816 2649 1889 prior
2686 1814 2744 1874 S.
2778 1816 2974 1873 Maria:
3004 1814 3194 1875 Sitrim
3234 1817 3415 1873 factus
3454 1820 3557 1883 est,
3588 1830 3720 1887 quas

2006 1903 2307 1962 notissima
2345 1920 2573 1963 eremus
2614 1922 2647 1962 a
2692 1904 2749 1963 S.
2803 1904 2864 1963 P.
2914 1904 3238 1963 Romualdo
3279 1909 3603 1963 constructa
3646 1918 3721 1962 ex

2006 1993 2134 2067 ejus
2159 1993 2288 2051 Vita
2314 2010 2436 2067 cap.
2493 1994 2584 2059 49,
2614 1993 2717 2051 ubi
2747 1992 2920 2051 etiam
2949 2018 2973 2041 ‹‹
3004 2010 3104 2066 per
3131 2001 3346 2066 septem
3389 1994 3507 2051 fere
3538 2008 3721 2051 annos

2006 2081 2267 2141 inclusus
2300 2081 2530 2152 mansit,
2566 2087 2621 2139 et
2666 2080 2964 2138 silentium
3022 2082 3365 2140 continuum
3418 2080 3725 2139 inviolabi-

2008 2170 2138 2227 liter
2195 2171 2438 2228 tenuit»
2475 2174 2565 2240 (ex
2620 2169 2819 2227 eadem
2880 2173 3011 2226 Vita
3061 2185 3181 2242 cap.
3244 2170 3326 2242 52)
3386 2185 3639 2243 qumque
3689 2184 3723 2226 a

2007 2259 2385 2317 sanctissimis
2427 2260 2551 2331 ejus
2599 2258 2898 2331 discipulis
2950 2259 3155 2316 referta
3201 2257 3470 2318 laudatur
3508 2259 3580 2318 ab
3635 2274 3727 2319 co-

2007 2350 2139 2407 dem
2174 2349 2336 2407 Petro
2370 2347 2649 2407 Damiano
2680 2347 2893 2405 ibidem
2924 2363 3046 2421 cap.
3077 2347 3144 2404 61
3176 2371 3187 2405 :
3223 2368 3249 2401 «
3282 2347 3498 2405 Taliter
3526 2353 3723 2406 autem

2007 2438 2067 2495 in
2096 2436 2269 2495 Sitria
2299 2436 2620 2506 vivebatur,
2653 2452 2718 2494 ac
2756 2436 2803 2493 si
2843 2452 2918 2493 ex
2959 2434 3344 2494 similitudine
3376 2451 3491 2494 non
3531 2437 3722 2495 solum

2007 2528 2285 2598 nominis,
2318 2528 2416 2586 sed
2445 2528 2619 2586 etiam
2658 2525 2866 2600 Operis,
2900 2524 3079 2583 altera
3108 2525 3299 2584 denuo
3338 2525 3521 2583 Nitria
3561 2524 3720 2583 vidc-

2008 2625 2185 2678 retur.
2283 2665 2297 2678 .
2394 2660 2412 2676 .
2509 2666 2522 2678 .
2583 2618 2627 2677 Ο
2700 2634 2946 2676 aureum
3029 2616 3341 2675 Romualdi
3413 2616 3721 2687 saeculum,

2008 2710 2162 2784 quod
2216 2709 2320 2767 etsi
2380 2716 2666 2768 tormenta
2751 2713 3184 2782 persecutorum
3264 2724 3384 2766 non
3464 2715 3722 2779 noverat,

2010 2807 2322 2874 spontaneo
2380 2804 2570 2857 tamen
2626 2798 2901 2872 martyrio
2967 2813 3085 2855 non
3137 2797 3401 2856 carebatl
3454 2813 3722 2867 aureum,

2009 2890 2271 2963 inquam,
2306 2887 2610 2958 saeculum,
2644 2888 2800 2963 quod
2834 2887 2987 2945 inter
3024 2887 3312 2945 montium
3340 2902 3408 2944 ac
3438 2886 3718 2945 silvarum

2010 2978 2158 3035 feras
2205 2981 2287 3034 tot
2331 2976 2578 3034 cmlestis
2620 2976 2948 3036 Jerusalem
3001 2975 3158 3034 cives
3204 2975 3392 3033 alebat
3428 2979 3437 3032 l
3476 2998 3503 3028 »
3534 2975 3726 3049 Hujus

208 3083 369 3126 nunc
425 3066 537 3125 PP.
598 3064 656 3124 S.
708 3064 995 3122 Francisci
1040 3079 1329 3135 concesso,
1368 3065 1710 3141 aliquandiu
1764 3069 2145 3158 habi-Gergo
2191 3065 2543 3135 monasterii,
2575 3064 2696 3123 sive
2741 3064 2920 3122 eremi
2964 3063 3120 3135 prior
3162 3063 3347 3122 factus
3393 3071 3479 3123 est
3527 3062 3725 3122 Domi-

212 3162 353 3216 tasse
386 3174 402 3226 ;
444 3156 565 3213 imo
604 3160 660 3213 et
689 3155 832 3213 alias
860 3154 919 3212 in
958 3155 1304 3213 monasterio
1336 3153 1393 3213 S.
1430 3154 1739 3215 Gismundi
1770 3160 1922 3231 apud
1952 3151 2177 3216 wnicus
2232 3156 2548 3224 Loricatus,
2581 3161 2648 3213 ut
2702 3160 2919 3212 constat
2978 3168 3054 3211 ex
3106 3153 3277 3212 titulo
3329 3151 3591 3227 epistolae
3630 3152 3720 3225 31,

209 3244 570 3304 Marsianum
617 3244 679 3301 in
730 3252 922 3301 monte
961 3241 1143 3315 Regio
1188 3243 1412 3301 ordinis
1449 3243 1927 3318 Camaldulensis,

208 3333 303 3392 ubi
338 3333 403 3393 S.
439 3332 505 3390 P.
547 3331 916 3390 Romualdus
948 3331 1325 3400 habitaverat,
1365 3340 1769 3391 conversatum
1809 3349 1931 3393 esse

208 3425 425 3497 pariter
454 3421 695 3480 Petrum
731 3419 1102 3489 Damianum,
1130 3436 1244 3479 non
1277 3437 1397 3479 uno
1436 3423 1494 3478 in
1539 3421 1658 3480 loco
1700 3421 1926 3482 fatetur.

212 3516 319 3574 Sed
365 3522 424 3573 et
463 3515 527 3572 in
559 3529 751 3571 eremo
789 3511 976 3571 Serra:
1036 3513 1260 3573 Sanctze
1309 3529 1412 3573 seu
1462 3512 1650 3573 Serra;
1706 3515 1932 3574 Sancto-

210 3620 339 3663 rum
374 3604 531 3676 apud
577 3608 832 3660 montem
866 3602 1285 3676 Appenninum
1332 3603 1394 3660 in
1442 3603 1674 3676 regione
1722 3604 1933 3661 Tadini

209 3694 482 3753 dioecesis
511 3693 821 3751 Nucerinze
850 3691 911 3751 S.
944 3691 1229 3751 doctorem
1270 3692 1509 3762 vixisse,
1542 3695 1765 3765 asserit,
1797 3710 1932 3752 cum

212 3783 270 3842 S.
328 3784 563 3843 Joanne
621 3780 910 3839 Laudensi
970 3780 1096 3853 ejus
1176 3781 1480 3855 discipulo,
1538 3781 1639 3840 ubi
1712 3782 1930 3855 pridem

215 3870 271 3929 S.
305 3868 681 3929 Romualdus
710 3876 767 3927 et
800 3868 858 3927 S.
890 3867 1264 3927 Facundinus
1309 3870 1608 3944 episcopus
1638 3870 1935 3931 habitave-

213 3967 367 4019 rant.
422 3959 689 4032 Itemque
743 3955 832 4015 vel
889 3956 1133 4030 ipsemet
1186 3957 1390 4016 Petrus
1446 3958 1785 4028 Damianus,
1843 3957 1936 4017 vel

211 4058 365 4110 certe
397 4050 465 4109 S.
506 4048 846 4107 Dominicus
882 4046 1183 4105 Loricatus
1212 4046 1337 4121 ejus
1361 4046 1700 4121 discipulus,
1728 4049 1937 4121 versati

211 4148 350 4199 sunt
382 4141 449 4197 in
485 4153 676 4195 eremo
706 4137 963 4206 Luceoli,
993 4152 1168 4211 quam
1200 4134 1259 4195 S.
1280 4136 1643 4195 Bomualdus
1672 4140 1819 4210 (post
1846 4152 1939 4195 ur-

210 4231 297 4289 bis
326 4231 503 4288 illius
526 4227 934 4287 vetustissima:
962 4229 1336 4287 vastationem
1366 4228 1437 4286 ab
1464 4227 1687 4287 Othone
1710 4228 1938 4300 III,sub

206 4335 437 4379 annum
498 4316 623 4387 996,
680 4319 1041 4393 imperatam,
1090 4335 1155 4377 eo
1198 4318 1350 4393 quod
1396 4325 1581 4392 partes
1627 4316 1940 4376 Crescentii

207 4408 471 4468 Romani
501 4406 759 4465 consulis
798 4408 1173 4482 sequeretur),
1206 4407 1407 4465 eodem
1451 4405 1730 4465 Jacobillo
1775 4412 1932 4477 teste,

202 4500 277 4557 ad
333 4497 779 4557 restaurandam
827 4496 1126 4571 antiquam
1185 4496 1294 4555 loci
1372 4495 1734 4567 religionem,
1795 4511 1934 4553 con-

205 4592 521 4648 struxerat
550 4592 725 4660 atque
774 4585 837 4643 in
886 4586 1084 4643 decem
1139 4591 1196 4643 et
1255 4591 1380 4643 octo
1436 4583 1609 4643 cellas
1662 4583 1940 4642 distinxe-

205 4689 345 4752 rat;
409 4679 519 4737 ubi
578 4685 876 4752 postquam
952 4677 1292 4737 Dominicus
1356 4676 1659 4735 Loricatus
1743 4696 1769 4728 ‹‹
1828 4674 1938 4733 sub

205 4770 562 4843 magisterio
641 4769 824 4827 sancti
877 4768 990 4826 viri
1050 4767 1313 4837 Joannis,
1370 4768 1471 4842 qui
1523 4767 1820 4825 dicebatur
1869 4765 1939 4823 de

206 4860 417 4919 Monte
478 4857 715 4923 Feretri,
754 4873 856 4931 per
900 4857 1183 4931 plurimos
1231 4856 1381 4915 vixit
1434 4872 1642 4921 annos,
1683 4880 1709 4903 α
1748 4853 1943 4928 inquit

208 4950 431 5009 Petrus
481 4946 744 5006 Damiani
772 4946 873 5006 lib.
906 4959 945 5017 I,
977 4962 1062 5019 ep.
1104 4946 1189 5018 19,
1224 4962 1284 5003 se
1321 4944 1579 5018 ejusdem
1628 4943 1777 5003 Petri
1826 4943 1939 5002 Da-

208 5040 406 5109 miani
459 5036 765 5094 directioni
806 5035 1104 5094 subdidit:
1145 5057 1165 5085 α
1205 5035 1402 5107 Longe
1451 5049 1589 5092 vero
1650 5038 1795 5107 post,
1826 5048 1943 5090 ma~

208 5127 402 5201 gistro
439 5123 736 5198 praebente
762 5138 1132 5192 consensum,
1160 5121 1433 5195 dignatus
1462 5127 1547 5179 est
1583 5121 1673 5179 vir
1710 5125 1942 5178 sanctus

206 5216 546 5292 praedictus
598 5212 746 5271 mihi
806 5212 1035 5282 misero,
1076 5218 1132 5268 et
1167 5225 1341 5284 quem
1372 5210 1493 5283 ipse
1531 5209 1817 5283 suscipere
1849 5206 1938 5264 di-

208 5312 526 5382 gnaretur,
562 5302 825 5377 indigno,
857 5302 1004 5360 mira
1042 5318 1101 5360 se
1141 5316 1375 5376 prorsus
1419 5301 1745 5359 humilitate
1783 5314 1942 5358 com-

210 5396 481 5462 mittere,
535 5399 592 5449 et
638 5390 791 5449 sicut
826 5389 1014 5448 abbati
1063 5389 1414 5448 monachum
1457 5388 1789 5461 subjugare.
1836 5384 1942 5444 Cui

212 5486 516 5544 nimirum
545 5481 832 5558 praestitit,
858 5494 975 5539 non
1002 5479 1252 5553 accepit;
1291 5485 1346 5537 et
1373 5493 1546 5555 quem
1578 5492 1943 5551 susceperam

218 5577 389 5637 velut
422 5576 482 5634 in
530 5572 887 5647 subjectione
929 5571 1218 5642 clientem,
1254 5569 1475 5644 gaudeo
1520 5582 1612 5626 me
1651 5566 1713 5624 in
1748 5567 1944 5626 schola

2011 3244 2112 3303 lib.
2149 3256 2210 3302 VI
2243 3262 2255 3301 :
2291 3268 2317 3292 α
2351 3244 2439 3301 Ad
2473 3242 2841 3300 Dominicum
2870 3241 3201 3300 Loricatum
3230 3241 3480 3315 priorem
3509 3239 3569 3299 S.
3601 3240 3726 3298 Ma-

2014 3336 2116 3394 ria}
2159 3334 2370 3405 Sitrize,
2404 3335 2644 3408 ejusque
2673 3333 2979 3404 eremitas;
3014 3354 3041 3386 »
3072 3338 3248 3407 atque
3292 3339 3431 3391 tunc
3477 3332 3652 3390 etiam
3695 3348 3728 3390 a

2015 3424 2169 3483 Petri
2216 3423 2483 3482 Damiani
2535 3429 2789 3493 nutu,et
2842 3423 3193 3496 magisterio,
3227 3438 3361 3481 cum
3411 3422 3551 3495 ipse,
3603 3429 3727 3480 tum

2015 3515 2141 3587 ejus
2169 3512 2385 3570 subditi
2417 3510 2760 3585 pendebant,
2787 3516 2851 3568 ut
2881 3527 2955 3569 ex
2986 3511 3243 3584 ejusdem
3274 3509 3531 3584 epistola:
3562 3509 3729 3567 initio

2016 3602 2327 3675 colligitur,
2385 3601 2486 3658 ubi
2537 3600 2619 3657 sic
2678 3600 2851 3657 habet
2898 3599 3217 3657 Damianus
3265 3619 3343 3657 :«
3405 3596 3726 3671 Scripsistis

2018 3692 2188 3761 mihi,
2223 3688 2602 3758 dilectissimi,
2638 3689 2778 3764 quia
2819 3694 3012 3747 tantus
3051 3703 3457 3763 perversorum
3492 3703 3561 3746 ac
3599 3686 3728 3745 vio-

2021 3781 2305 3840 lentorum
2379 3777 2683 3837 hominum
2740 3793 2840 3835 vos
2893 3776 3042 3836 livor
3092 3776 3343 3849 infestat,
3398 3776 3553 3850 quod
3614 3775 3730 3835 nisi

2018 3869 2182 3929 vobis
2208 3885 2313 3942 ego
2343 3868 2550 3942 raptim
2571 3866 2949 3943 celeriterque
2976 3882 3333 3939 succurram,
3361 3881 3463 3925 vos
3491 3866 3614 3925 loco
3639 3881 3733 3925 ce-

2019 3960 2172 4027 ditis,
2207 3958 2506 4033 aliumque
2534 3955 2719 4027 vobis,
2753 3955 2857 4031 qui
2890 3954 3108 4029 rapinis
3133 3957 3225 4017 his
3253 3962 3426 4031 atque
3452 3954 3731 4013 molestiis

2018 4053 2134 4106 non
2161 4047 2234 4104 sit
2258 4046 2568 4116 obnoxius,
2601 4043 2997 4119 providebitis.
3031 4066 3055 4093 ο

2091 4137 2213 4196 XV.
2247 4136 2434 4207 Quare
2490 4142 2643 4210 patet
2702 4134 3075 4194 Sitriensium
3132 4150 3332 4193 curam
3384 4135 3456 4194 ad
3508 4132 3734 4192 Damia-

2020 4241 2167 4285 num
2195 4225 2401 4298 utique
2431 4222 2813 4297 pertinuisse;
2855 4221 3011 4280 unde
3042 4228 3245 4281 mutua
3276 4221 3550 4294 probatur
3578 4220 3738 4279 loco-

2024 4331 2154 4375 rum
2183 4312 2513 4382 Romualdi,
2543 4327 2609 4371 ac
2643 4312 2797 4371 Petri
2836 4310 3105 4370 Damiani
3143 4311 3497 4381 communio,
3530 4317 3586 4368 et
3611 4325 3734 4369 mo-

2022 4403 2343 4461 nachorum
2393 4416 2465 4458 ex
2510 4400 2604 4458 his
2654 4400 2717 4458 in
2763 4400 2885 4469 illa,
2939 4415 3005 4457 ac
3050 4399 3333 4469 vicissim,
3367 4399 3734 4473 promiscuus

2025 4492 2301 4552 transitus
2332 4510 2344 4549 :
2375 4497 2439 4550 ut
2485 4498 2635 4549 certe
2685 4507 2761 4549 ex
2816 4489 2989 4550 Sitria
3038 4491 3383 4550 Dominicus
3438 4490 3736 4549 Loricatus

2018 4582 2256 4641 biennio
2280 4587 2414 4639 ante
2462 4588 2705 4639 mortem
2744 4580 2998 4651 recessit,
3025 4588 3079 4638 et
3108 4581 3180 4638 ad
3219 4596 3482 4639 eremum
3522 4580 3738 4638 montis

2025 4670 2323 4730 Suavicini
2369 4674 2531 4739 (nunc
2572 4669 2877 4741 Frontalis)
2922 4684 2983 4727 se
3026 4668 3293 4740 contulit,
3321 4683 3452 4742 quae
3495 4668 3569 4726 ab
3615 4667 3738 4740 ipso

2024 4762 2189 4820 Petro
2224 4759 2489 4818 Damiani
2530 4759 2767 4818 fundata
2807 4764 2946 4827 erat,
2980 4762 3044 4815 ut
3082 4757 3204 4831 ipse
3239 4759 3407 4817 tradit
3449 4763 3584 4816 tom.
3627 4756 3733 4828 III,

2025 4864 2222 4926 opusc.
2279 4860 2386 4920 XV,
2417 4863 2539 4922 cap.
2574 4846 2607 4904 6
2641 4871 2653 4904 :
2688 4868 2715 4900 ς(
2747 4846 2816 4904 In
2862 4844 2963 4904 illa
3011 4861 3223 4916 eremo,
3278 4846 3489 4919 inquit,
3537 4861 3738 4918 quam,

2023 4947 2253 5000 auctore
2300 4939 2436 5009 Deo,
2464 4939 2526 4997 in
2576 4937 2750 4997 latere
2807 4936 3126 4997 Suavicinii
3179 4935 3392 4994 montis
3442 4935 3553 5009 ipsi
3607 4953 3741 4996 con-

2027 5034 2373 5104 struximus,
2428 5052 2455 5084 »
2492 5031 2829 5105 ibidemque
2866 5029 3132 5103 spiritum
3178 5027 3290 5085 Deo
3328 5026 3596 5099 reddidit,
3629 5028 3741 5103 pri-

2028 5138 2188 5182 mum
2241 5122 2298 5180 in
2356 5136 2459 5180 sua
2512 5119 2655 5178 cella
2711 5117 2993 5192 sepultus,
3049 5116 3205 5187 dein,
3268 5113 3417 5174 Petri
3473 5116 3740 5175 Damiani

2021 5210 2210 5285 jussu,
2241 5209 2303 5267 in
2352 5207 2601 5281 capitulo
2646 5212 2772 5280 post
2819 5220 3042 5264 nonum
3090 5204 3245 5262 diem
3302 5205 3644 5276 tumulatus,
3676 5211 3742 5263 ut

2029 5300 2129 5358 lib.
2159 5310 2198 5368 1,
2227 5313 2314 5371 ep.
2355 5297 2441 5366 19,
2473 5296 2543 5354 ad
2572 5293 2974 5353 Alexandrum
3016 5293 3187 5351 refert
3222 5293 3343 5369 ipse
3387 5294 3585 5353 Petrus
3624 5294 3737 5353 Da-

2029 5389 2262 5446 mianus
2290 5404 2305 5456 ;
2334 5387 2435 5460 qui
2466 5384 2678 5458 pariter
2706 5399 2860 5442 nunc
2888 5383 3008 5441 illic
3036 5384 3546 5443 indiscriminatim
3572 5385 3737 5443 habi~

2030 5479 2200 5549 tabat,
2228 5477 2414 5552 deque
2462 5474 2790 5549 supradicto
2839 5474 3031 5535 Sitriaa
3076 5476 3442 5548 monasterio,
3472 5476 3629 5535 velut
3664 5473 3735 5533 ad

2032 5582 2092 5626 se
2125 5565 2425 5635 attinente,
2456 5563 2728 5638 pluribus
2784 5562 2847 5622 in
2901 5563 3043 5623 locis
3089 5564 3442 5623 mentionem
3503 5562 3735 5636 ingerit,
