4106 6204
369 244 437 303 59
1226 196 1235 207 ’
1296 240 1355 298 s.
1389 202 1678 301 Parens
1717 238 2110 301 DAMIANUS
2152 242 2216 303 s.
2258 244 2331 303 Β.
2371 246 2437 304 E.
2481 246 2961 309 CARDINALIS.
3798 252 3867 312 ω

370 368 488 456 imo
512 383 593 456 ex_
613 366 829 456 crebris
855 365 1225 456 Sitriensium
1245 368 1551 456 exemplis,
1574 377 1747 444 atque
1770 370 2216 445 colloquiisAet
2284 387 2400 447 qua
2456 373 2817 434 abundanter
2866 377 3065 449 finitis,
3118 379 3174 437 ei
3228 379 3542 438 clementer
3586 381 3863 456 exhibita,

368 455 442 512 ab
494 454 691 513 eodem
738 452 950 523 relatis,
1006 454 1367 527 frequentius
1413 455 1672 526 fortasse,
1713 472 1885 528 quam
1932 458 2082 516 inter
2165 467 2229 520 ut
2275 463 2346 520 de
2399 464 2568 522 ruina
2618 467 2708 523 sui
2760 465 2886 538 loci,
2917 468 3008 525 vel
3060 468 3431 527 habitationis
3480 471 3705 529 excidio
3750 452 3867 530 non

368 544 747 615 Avellanitas,
766 550 1053 601 versattim
1083 560 1145 601 se
1171 560 1295 602 esse
1321 544 1473 618 apud
1504 546 1812 605 ltomualdi
1835 548 2082 622 discipu-

370 632 474 702 los,
508 648 826 705 eorumque
852 647 1204 689 successores
1233 631 1291 688 in
1327 631 1519 701 Sitria,
1554 632 1809 693 indicare
1831 636 2075 694 videtur.

440 723 594 781 XVI.
641 723 803 780 Certe
860 731 995 780 tom.
1042 721 1147 793 III,
1193 738 1388 795 opusc.
1436 736 1565 797 xm,
1593 741 1714 800 cap.
1748 728 1836 798 “2‘2,
1867 729 1936 785 de
1975 728 2081 785 hoc

372 812 563 871 Sitrite
600 816 962 885 monasterio,
994 820 1269 887 tanquam
1308 815 1379 871 de
1422 818 1668 890 proprio,
1699 819 1780 876 sic
1824 819 2082 894 loquitur

369 910 600 960 sanctus
633 903 864 961 doctor:
903 924 929 955 ‹‹
961 902 1260 962 Habemus
1287 904 1539 978 denique
1560 923 1755 965 senem
1783 909 1842 967 in
1875 926 2078 969 mona-

370 993 560 1063 sterio,
603 993 823 1049 scilicet
881 991 1092 1063 Sitrire,
1142 988 1423 1054 vocabulo
1472 995 1858 1071 Mainardum,
1903 1016 2078 1074 quem

367 1079 583 1137 scilicet
635 1080 825 1137 adhuc
890 1080 1226 1153 paludatum
1306 1097 1440 1140 cum
1512 1085 1967 1158 admonuissem,
2018 1096 2083 1147 ut

365 1172 683 1231 monachus
710 1173 889 1245 ﬁeret,
930 1198 950 1226 κ
989 1182 1093 1233 etc.
1136 1175 1286 1233 Hinc
1314 1177 1524 1236 Leonis
1555 1178 1765 1251 Sitrize,
1798 1180 2082 1239 aliorum-

367 1278 481 1336 que
508 1263 766 1335 ejusdem
798 1264 909 1322 loci
943 1265 1317 1324 eremitarum
1349 1270 1637 1343 exempla,
1673 1276 1943 1345 tanquam
1976 1272 2082 1330 do-

367 1351 620 1423 mestica,
678 1352 973 1410 Theuzoni
1019 1353 1349 1413 Florentino
1391 1358 1646 1416 eremitze
1694 1359 1960 1432 proponit
2010 1360 2081 1417 ad

366 1443 491 1516 ejus
518 1443 847 1515 superbiam
864 1444 1355 1518 comprimendam
1384 1453 1518 1505 tom.
1543 1448 1589 1520 Ι,
1619 1448 1721 1506 lib.
1748 1461 1830 1518 VI,
1858 1466 1947 1523 ep.
1971 1449 2038 1510 30
2065 1469 2077 1507 :

372 1557 398 1580 «
449 1532 704 1599 Utinam,
736 1532 948 1609 inquit,
1006 1551 1264 1608 prmsens
1308 1538 1556 1610 adesses,
1587 1544 1642 1596 et
1686 1541 1823 1614 quid
1872 1540 1935 1597 in
1990 1542 2082 1599 his

366 1622 532 1680 silvis
568 1622 641 1679 ab
678 1622 910 1696 ignotis,
943 1630 1115 1698 atque
1146 1625 1425 1700 despectis
1462 1634 1683 1701 agatur,
1721 1629 1888 1689 oculo
1920 1631 2081 1705 judi-

2165 568 2396 611 nccesse
2454 554 2527 613 sit
2584 557 2883 630 trepidare.
2924 558 3110 617 Prosit
3158 559 3334 629 igitur
3385 558 3474 617 illi
3529 567 3640 618 tam
3702 562 3869 620 ardui

2170 642 2383 699 montis
2413 643 2660 703 subiisse
2704 644 3023 719 fastigium,
3057 673 3083 695 ι»
3113 654 3218 705 etc.
3256 646 3364 707 Sed
3403 654 3459 705 et
3487 649 3723 721 gloriari
3768 665 3867 722 po-

2163 734 2271 787 test
2302 730 2456 788 idem
2488 731 2784 792 Classense
2818 734 3164 801 cmnobium,
3198 737 3351 810 quod
3378 737 3530 810 apud
3561 753 3620 795 se
3649 744 3868 797 tantum

2166 818 2380 889 virum,
2438 830 2692 895 quantus
2745 828 2831 881 est
2890 824 3089 884 Petrus
3144 825 3481 894 Damianus,
3539 828 3863 897 exceperit;

2166 906 2464 966 enimvero
2489 909 2651 981 epist.
2692 910 2738 981 l,
2770 910 2869 969 lib.
2904 924 3010 981 VII,
3035 914 3186 987 apud
3215 913 3629 972 monasterium
3662 914 3869 973 Classis

2168 1009 2227 1052 se
2309 996 2593 1055 mansisse
2641 1003 2799 1056 notat
2857 999 3106 1060 Henrico
3160 1001 3485 1074 imperatori
3546 1002 3802 1061 scribens
3859 1023 3871 1062 :

2172 1111 2197 1133 «
2235 1084 2447 1142 Redeat
2476 1085 2548 1142 ad
2575 1088 2916 1146 memoriam
2963 1089 3185 1147 domini
3227 1090 3338 1147 mei
3380 1089 3548 1163 regis,
3580 1090 3717 1162 quia
3741 1107 3878 1149 cum

2165 1173 2319 1246 apud
2371 1175 2784 1234 monasterium
2829 1176 3038 1235 Classis
3087 1195 3120 1235 a
3178 1178 3342 1236 vobis
3385 1178 3747 1237 discessurus
3799 1195 3880 1238 es-

2170 1280 2290 1323 sem
2321 1284 2338 1335 ;
2372 1290 2397 1313 ››
2455 1272 2510 1323 et
2560 1266 2773 1325 iterum
2821 1266 2921 1325 lib.
2975 1279 3057 1337 VI,
3091 1284 3178 1342 ep.
3213 1267 3283 1325 ‘26
3316 1288 3329 1327 :
3365 1294 3391 1317 ‹‹
3448 1268 3537 1326 Ad
3587 1268 3883 1327 Marinum

2168 1371 2341 1414 suum
2363 1356 2686 1430 patruelem
2705 1358 3055 1416 monachum
3075 1357 3429 1415 Classensem
3443 1402 3456 1424 ,
3481 1383 3506 1404 ι»
3534 1363 3678 1415 tunc
3694 1357 3884 1415 adhuc

2170 1445 2491 1512 Novitium,
2520 1463 2653 1522 qua:
2685 1447 2886 1522 incipit
2919 1464 2931 1502 :
2966 1469 2994 1501 «
3025 1448 3212 1507 Rudis
3242 1455 3368 1522 tyro
3402 1447 3564 1506 facile
3594 1448 3654 1506 in
3695 1448 3882 1522 prima

2167 1534 2305 1593 belli
2358 1538 2762 1610 congressione
2818 1538 3218 1612 prosternitur,
3266 1560 3288 1589 ιο
3338 1544 3444 1595 etc.
3500 1537 3766 1596 Testatur
3820 1553 3880 1595 se

2165 1624 2254 1681 illi
2286 1626 2532 1698 propriis
2570 1627 2841 1685 manibus
2874 1627 3134 1685 habitum
3182 1625 3565 1685 monastieum
3611 1626 3673 1683 in
3716 1626 3878 1684 Clas-

366 1718 531 1771 cante
580 1714 1003 1788 perpenderesl
1044 1722 1232 1775 tamen
1282 1724 1346 1775 ut
1401 1735 1479 1789 se,
1508 1720 1555 1777 si
1608 1719 1862 1780 fortassis
1909 1722 2080 1795 inest,
2106 1714 2324 1795 Bsensi
2354 1714 2615 1774 ccenobio
2645 1716 2990 1791 imposuisse
3023 1737 3035 1775 :
3074 1742 3099 1766 «ι
3152 1715 3478 1775 Praesertim
3505 1730 3637 1774 cum
3668 1720 3724 1773 et
3756 1715 3876 1788 ipse

368 1811 561 1865 tumor
600 1808 942 1879 arrogantiae
987 1807 1291 1882 deprimat,
1322 1809 1413 1867 vel
1466 1810 1721 1869 breviter
1764 1812 1985 1887 aliquid
2036 1820 2088 1872 te

365 1894 436 1951 de
465 1894 699 1953 illorum
730 1896 1264 1955 conversationibus
1284 1896 1513 1955 erudire
1544 1913 1659 1955 non
1688 1898 1944 1972 pigeat,»
1977 1904 2082 1958 etc.

338 1984 521 2045 .Tum
573 1986 645 2042 de
696 1986 945 2044 Martino
995 1986 1224 2047 Storace
1275 1987 1610 2048 disserens:
1659 2013 1679 2040 α
1744 1990 2084 2063 Quemdam,

368 2074 584 2149 inquit,
618 2074 899 2134 habemus
937 2075 996 2133 in
1033 2076 1245 2135 cellula
1286 2080 1569 2138 rusticum
1613 2079 1874 2150 idiotam,
1906 2106 1932 2129 κ
1976 2086 2083 2140 etc.

369 2163 518 2222 Tum
548 2163 619 2221 ad
649 2164 903 2223 Leonem
935 2164 1125 2224 Sitriae
1156 2169 1442 2227 transiens
1473 2193 1485 2225 :
1522 2193 1547 2217 ‹‹
1577 2166 1843 2236 Veniam,
1871 2171 2085 2246 inquit,

2173 1803 2272 1862 tibi
2305 1804 2708 1863 monachicum
2741 1806 3073 1865 tradiderim
3102 1806 3388 1875 habitum,
3408 1821 3523 1863 non
3552 1806 3679 1864 sine
3701 1820 3877 1863 causa

2172 1909 2261 1951 me
2313 1909 2346 1950 a
2399 1893 2918 1952 consultationibus
2976 1895 3089 1953 tuis
3143 1895 3390 1953 ditﬁteor
3442 1894 3867 1965 absolutum;»

2168 1981 2271 2042 ubi
2317 1988 2371 2040 et
2422 1999 2481 2041 se
2518 1983 2661 2040 alias
2705 1989 3109 2042 conservatum
3158 1984 3337 2041 fuisse
3379 1984 3515 2042 satis
3564 1983 3779 2052 innuit,
3814 1989 3879 2041 ut

2167 2088 2300 2131 cum
2332 2073 2409 2130 ait
2441 2092 2452 2129 :
2488 2098 2513 2121 α
2556 2071 2623 2130 In
2660 2072 2860 2130 eodem
2894 2072 3063 2146 plane
3095 2072 3377 2131 Classensi
3413 2071 3697 2141 cmnobio,
3724 2073 3879 2146 quod

2169 2180 2325 2221 nunc
2366 2163 2590 2231 incolis,
2619 2171 2785 2221 zetate
2831 2171 3023 2222 nostra
3066 2165 3292 2237 (nempe
3337 2165 3479 2223 dum
3522 2164 3603 2223 ibi
3636 2165 3881 2238 degeret)

366 2252 439 2311 ad
498 2251 801 2311 dominum
838 2254 1113 2323 Leonem,
1157 2261 1213 2313 et
1257 2272 1389 2314 vero
1424 2257 1696 2326 Leonem,
1740 2280 1761 2307 ι
1803 2259 1973 2332 cujus
2028 2276 2088 2318 se
2167 2251 2406 2326 quidam
2454 2253 2774 2312 monachus
2820 2254 3008 2311 vicem
3045 2254 3253 2327 prioris
3291 2253 3562 2325 obtinuit,
3603 2277 3630 2308 »
3674 2262 3782 2313 etc.
3814 2255 3888 2312 Et

370 2341 630 2401 consiliis
653 2357 805 2416 srepe
827 2358 1002 2401 usum
1030 2343 1263 2416 indicat,
1293 2343 1610 2420 itidemque
1642 2346 2087 2419 Lupuminclu-
2166 2340 2315 2398 circa
2362 2340 2535 2398 finem
2586 2358 2646 2400 se
2700 2342 3095 2401 Classensium
3142 2346 3446 2416 consortio,
3477 2350 3534 2402 ct
3573 2349 3886 2403 consuetu-

370 2446 521 2496 sum,
560 2436 616 2488 et
652 2431 884 2489 Petrum
932 2433 1230 2490 eremitam
1285 2432 1543 2505 ejusdem
1577 2432 1871 2493 Sitriensis
1908 2438 2084 2495 eremi
2167 2428 2304 2487 dine
2348 2445 2515 2487 usum
2565 2429 2867 2503 significat,
2925 2431 3065 2491 dum
3109 2432 3184 2490 ita
3225 2432 3558 2491 concludit:
3605 2454 3626 2483 α
3673 2432 3889 2491 Omnes

370 2525 798 2577 commemorat.
841 2520 957 2578 Nec
991 2521 1232 2579 dubium
1293 2528 1375 2579 est
1430 2522 1773 2595 praedictum
1830 2526 2086 2586 Leonem
2166 2526 2361 2576 autem
2393 2524 2622 2576 sanctos
2658 2519 2857 2577 fratres
2888 2522 3218 2579 monasterii
3251 2523 3332 2580 tui
3362 2537 3489 2580 mea
3511 2521 3634 2579 vice
3664 2520 3875 2588 saluta;

371 2608 552 2667 fuisse
602 2607 752 2666 Petri
804 2608 1070 2667 Damiani
1116 2610 1487 2684 potissimum
1535 2612 1916 2684 directorom;
1950 2632 2083 2674 nam
2164 2606 2533 2664 charissimos
2561 2613 2755 2666 autem
2786 2609 2931 2667 mihi
2964 2610 3165 2668 fratres
3203 2610 3498 2669 Boninum
3526 2614 3581 2668 et
3620 2610 3877 2679 Petrum,

374 2702 510 2755 tom.
542 2694 648 2767 III,
691 2710 887 2769 opusc.
940 2709 1026 2767 x1,
1062 2697 1233 2756 illum
1282 2698 1364 2755 sic
1403 2698 1745 2774 alloquitur,
1776 2702 1835 2759 in
1880 2702 2081 2774 libelli,
2164 2697 2214 2752 si
2270 2696 2436 2753 solito
2486 2712 2643 2755 more
2696 2697 2911 2755 videris
2959 2698 3270 2775 aliquando
3316 2700 3603 2759 excelsius
3648 2716 3872 2769 canere,

373 2801 546 2860 quem
610 2784 750 2843 huic
788 2785 1041 2843 eremitze
1094 2786 1375 2858 inscribit,
1418 2791 1841 2863 nuncupatoria
1885 2813 1896 2850 :
1939 2819 1964 2842 ‹‹
2005 2793 2084 2852 To
2165 2784 2272 2843 hoc
2290 2784 2746 2856 distichon,meo
2770 2787 3101 2857 nomine,in
3137 2803 3334 2846 eorum
3371 2790 3638 2848 manibus
3667 2805 3873 2863 pone,»

374 2889 491 2931 non
541 2873 1030 2949 qualemcumque
1068 2874 1427 2948 complicem,
1466 2875 1553 2933 vel
1597 2878 1873 2948 amicum,
1905 2882 2004 2938 sed
2034 2888 2085 2939 te
2163 2882 2267 2930 etc.
2326 2873 2388 2929 Id
2440 2875 2593 2945 quod
2644 2891 2912 2949 magnam
2965 2875 3408 2934 familiaritatem
3460 2878 3563 2934 hos
3609 2877 3761 2934 inter
3824 2882 3880 2932 et

374 2969 614 3037 patrem,
668 2968 721 3020 te
773 2962 1085 3034 doctorem,
1143 2970 1196 3021 te
1254 2964 1616 3038 magistrum,
1674 2972 1729 3023 et
1777 2967 2084 3029 dominum
2163 2968 2427 3019 sanctam
2473 2961 2761 3020 doctorem
2804 2963 3192 3023 intercessisse
3232 2964 3481 3037 profecto
3530 2961 3776 3033 indicat;
3814 2970 3884 3020 ut

373 3050 619 3109 electum
676 3050 817 3109 mihi
865 3069 983 3126 prae
1030 3053 1252 3111 cunctis
1299 3068 1444 3126 pene
1494 3056 1835 3115 mortalibus
1875 3058 2076 3119 habeo.

2175 3048 2315 3106 nihil
2341 3049 2547 3106 addam
2582 3050 2653 3107 de
2680 3057 2884 3109 mutua
2911 3052 3381 3123 commigratione
3405 3058 3459 3108 et
3486 3050 3882 3108 Classensium

376 3141 446 3200 Et
502 3143 644 3217 quid
690 3144 940 3219 amplius
990 3145 1224 3203 dicam?
1264 3146 1736 3221 quandoquidem
1777 3165 1973 3210 meum
2028 3159 2081 3211 te

2175 3137 2237 3194 ad
2287 3137 2663 3209 Avellanitas,
2715 3147 2769 3197 et
2819 3140 3029 3199 horum
3088 3141 3159 3197 ad
3214 3139 3557 3210 Classenses,
3612 3155 3746 3213 quae
3802 3155 3881 3196 ex

375 3231 648 3305 angelum
681 3248 805 3291 esse
839 3235 1132 3305 constitui,
1164 3239 1227 3293 ut
1258 3234 1315 3292 in
1352 3235 1545 3295 dubiis
1578 3237 1750 3296 rebus
1779 3241 2083 3314 quodcun-

2175 3224 2328 3298 cpist.
2366 3226 2429 3283 1‘2
2484 3225 2615 3284 libri
2644 3239 2685 3284 II
2712 3236 2765 3284 et
2818 3228 2882 3286 15
2937 3227 3073 3285 libri
3120 3241 3183 3287 VI
3229 3229 3486 3287 relucet:
3524 3244 3643 3301 qua
3692 3227 3762 3284 de
3815 3243 3881 3286 re

377 3338 490 3398 que
523 3324 832 3397 hzesitanti,
863 3340 929 3383 ac
970 3325 1281 3385 sciscitanti
1324 3327 1469 3385 mihi
1508 3328 1817 3387 consilium
1872 3346 1946 3387 ex
1988 3338 2086 3389 tuo

352 3416 477 3470 'ore
503 3414 851 3488 procederet,
881 3416 959 3473 ita
1005 3417 1270 3490 protinus
1310 3416 1706 3476 indubitanter
1744 3417 2082 3492 acciperem,

379 3517 443 3560 ac
475 3502 522 3559 si
552 3518 667 3561 vox
695 3504 845 3563 mihi
882 3504 1129 3563 ccelestis
1166 3506 1382 3564 oraculi
1423 3506 1713 3579 angelitus
1750 3506 2037 3565 intonaret
2067 3524 2079 3563 :

377 3598 549 3665 atque
588 3592 715 3651 ideo
744 3595 793 3651 si
830 3594 1064 3667 quando
1095 3595 1451 3668 scrupulosze
1483 3595 1790 3669 cujuslibet
1826 3596 1907 3653 rei
1941 3596 2085 3654 mihi

378 3680 634 3754 subrepit
655 3683 951 3755 articulus,
981 3691 1292 3760 antequam
1326 3691 1375 3742 te
1398 3683 1770 3744 consulturus
1796 3686 2081 3757 accedam,

379 3767 486 3825 hoc
507 3769 658 3842 apud
688 3777 739 3826 te
766 3769 1023 3829 divinam
1055 3772 1302 3845 imploro
1331 3773 1718 3842 clementiam,
1748 3779 1808 3831 ut
1837 3779 1889 3831 te
1919 3772 2085 3848 quasi

384 3873 511 3915 suae
538 3858 850 3918 voluntatis
877 3875 1161 3933 organum
1190 3861 1424 3929 faciens,
1458 3868 1557 3919 tuo
1582 3862 1729 3919 mihi
1753 3877 1850 3920 ore
1881 3863 2085 3934 praaci-

383 3948 522 4022 piat,
546 3948 687 4022 quid
712 3964 801 4005 me
835 3948 1018 4007 facere
1039 3950 1098 4007 in
1124 3949 1342 4023 objecta
1362 3948 1739 4021 ambiguitate
1757 3950 2080 4008 decernat.»

448 4037 630 4096 XVII.
688 4036 886 4110 Neque
939 4053 1075 4097 vero
1125 4038 1276 4095 inter
1345 4036 1565 4097 ordinis
1631 4036 2087 4095 Camaldulensis

378 4127 521 4199 loca,
550 4128 611 4185 in
657 4127 870 4200 quibus
916 4127 1121 4185 Petrus
1166 4127 1430 4185 Damiani
1470 4126 1830 4186 domicilium
1858 4127 2083 4200 habuit,

381 4218 711 4277 coanobium
743 4226 1003 4277 nostrum
1027 4216 1085 4277 S.
1116 4218 1471 4291 Apollinaris
1498 4219 1557 4275 in
1579 4217 1758 4276 classe
1790 4216 2085 4276 Ravennae

381 4298 569 4368 omitti
597 4314 869 4379 meretur,
908 4307 1061 4381 quod
1100 4314 1154 4365 et
1192 4306 1501 4366 Romualdi
1540 4308 1936 4365 conversionis
1966 4309 2085 4382 pri-

383 4398 623 4458 mordiis
665 4406 748 4457 est
790 4404 1183 4458 consecratum
1223 4403 1316 4467 (ex
1367 4400 1491 4474 ejus
1521 4397 1650 4456 Vita
1675 4415 1797 4472 cap.
1833 4400 1882 4468 t)
1918 4416 2083 4458 eum-

2110 4449 2159 4507 D

2167 3315 2337 3372 etiam
2370 3316 2594 3374 dissert.
2627 3330 2707 3386 III,
2742 3333 2865 3392 cap.
2903 3319 2955 3389 7,
2990 3335 3156 3377 num.
3185 3321 3240 3390 8,
3270 3319 3455 3377 obiter
3483 3318 3763 3376 diximus.

2237 3404 2448 3462 XVIII.
2481 3405 2639 3474 Quod
2676 3407 2723 3464 si
2774 3407 2972 3478 igitur,
3005 3415 3069 3465 ut
3106 3408 3304 3467 omnia
3336 3408 3409 3465 ad
3449 3407 3682 3465 brevem
3714 3421 3877 3463 sum-

2166 3509 2321 3550 mam
2365 3494 2640 3567 redigam,
2689 3512 2762 3554 ex
2806 3497 3082 3555 hactenus
3121 3496 3233 3555 late
3268 3496 3530 3554 deductis
3562 3495 3874 3570 colligitur,

2168 3582 2582 3640 monasterium
2611 3583 2810 3643 Fontis
2840 3584 3128 3656 Avellani,
3161 3584 3262 3644 ubi
3305 3585 3505 3643 Petrus
3533 3591 3725 3642 noster
3749 3598 3877 3641 mo-

2167 3673 2384 3731 nastico
2433 3672 2721 3730 schemate
2768 3681 2851 3733 est
2901 3674 3181 3744 initiatus,
3221 3690 3255 3732 a
3311 3683 3504 3733 sancto
3558 3673 3719 3731 Patre
3768 3672 3881 3731 Ro-

2168 3764 2403 3823 mualdo
2434 3766 2725 3840 quondam
2756 3765 3164 3836 inhabitatum,
3195 3775 3247 3824 et
3277 3784 3309 3824 a
3359 3766 3523 3824 beato
3562 3764 3877 3837 Ludulpho

2168 3856 2296 3928 ejus
2338 3855 2620 3927 discipulo
2667 3853 3001 3914 institutum
3054 3876 3067 3914 :
3117 3857 3582 3915 Avellanitarum
3640 3854 3877 3912 vivendi

2168 3946 2412 4002 formam
2462 3952 2516 4002 et
2565 3946 2882 4017 generatim
2935 3963 3070 4006 cum
3125 3964 3220 4018 ea,
3278 3965 3452 4022 quam
3515 3945 3879 4004 Romualdus

2168 4034 2423 4092 eremitis
2464 4035 2832 4107 praescripsit,
2863 4042 2918 4094 et
2966 4038 3259 4111 speciatim
3303 4053 3435 4095 cum
3475 4036 3878 4095 tiamaldulen-

2169 4124 2325 4182 sium
2355 4124 2874 4184 consuetudinibus
2902 4126 3280 4197 convenisse;
3319 4126 3389 4185 ad
3422 4124 3733 4185 Romualdi
3768 4141 3877 4183 au-

2168 4214 2483 4272 ctoritatem
2536 4216 2745 4288 passim
2782 4232 2815 4273 a
2866 4216 3145 4273 Damiano
3196 4232 3522 4289 provocare,
3551 4216 3693 4275 dum
3740 4230 3878 4273 suo-

2173 4319 2302 4370 rum
2342 4305 2760 4363 monachorum
2791 4320 2977 4363 mores
3006 4320 3345 4377 componere
3394 4306 3640 4376 nititur;
3691 4305 3875 4377 ipsam

2174 4393 2322 4451 Petri
2354 4395 2617 4453 Damiani
2647 4395 2906 4470 regulam
2944 4396 3100 4469 apud
3139 4393 3606 4455 Camaldulcnses
3634 4395 3752 4453 vim
3790 4393 3877 4451 le-

381 4486 627 4562 demque
657 4487 894 4546 biennio
932 4488 1129 4546 saltem
1162 4488 1427 4547 abbatem
1466 4504 1526 4545 se
1564 4488 1835 4547 habuisse
1874 4488 2086 4562 gloria-
2112 4485 2260 4557 “gis
2316 4485 2633 4545 obtinuisse
2665 4509 2678 4557 ;
2738 4493 2943 4545 mutua
2994 4486 3261 4545 societate
3310 4486 3673 4545 Avellanitas
3739 4500 3876 4543 cum

385 4580 477 4635 tur
506 4578 748 4645 (ibidem,
780 4592 902 4650 cap.
945 4576 1056 4650 2'2),
1088 4581 1263 4649 atque
1303 4577 1486 4650 ipsius
1527 4576 1843 4651 vigilantiae
1896 4576 2083 4648 debet,

382 4664 534 4738 quod
565 4681 599 4722 a
626 4664 952 4724 Simoniaco
982 4665 1249 4739 praefecto
1287 4665 1537 4738 quodam
1575 4672 1885 4739 purgatum
1917 4665 2089 4724 fuerit

385 4756 497 4825 (ubi
540 4772 729 4828 supra,
762 4771 885 4830 cap.
918 4757 1025 4827 41).
1078 4756 1196 4815 Nec
1236 4755 1433 4815 minus
1480 4756 1715 4814 interim
1763 4755 1928 4814 Petro
1975 4755 2085 4813 Da-

382 4844 577 4902 miano
604 4844 789 4916 debet,
817 4844 970 4917 quod
990 4844 1499 4918 praesentissimam
1524 4845 1609 4902 illi
1633 4861 1802 4919 opem
1835 4845 1897 4903 in
1924 4845 2088 4918 gravi

382 4933 717 4993 discrimine
758 4933 969 5004 tulerit,
998 4940 1061 4993 ut
1108 4942 1327 4994 constat
1371 4952 1446 4993 ex
1492 4936 1619 5010 ejus
1677 4936 1880 4995 litteris
1928 4951 2086 4994 com-

383 5021 737 5081 mendatitiis
783 5022 854 5081 ad
885 5021 942 5082 S.
975 5023 1045 5081 Β.
1080 5023 1143 5081 Ε.
1197 5024 1515 5083 cardinales
1556 5023 1925 5081 Bonifacium
1963 5023 2086 5096 epi-

386 5125 623 5184 scopum
673 5110 1082 5183 Albanensem,
1138 5119 1192 5171 et
1252 5113 1609 5187 Stephanum
1662 5112 2086 5186 presbyterum,

381 5215 484 5274 pro
535 5198 739 5259 abbate
797 5200 855 5261 S.
910 5202 1282 5277 Apollinaris,
1339 5217 1471 5276 qum
1524 5201 1812 5259 habentur
1865 5210 1998 5259 tom.
2038 5200 2085 5274 Ι,

384 5286 487 5346 lib.
536 5300 599 5360 Il,
645 5304 733 5363 ep.
764 5289 794 5347 4
829 5310 840 5348 ;
874 5316 897 5339 ιι
945 5290 1088 5349 Nolo
1140 5306 1240 5349 vos
1297 5289 1487 5355 lateat,
1529 5288 1889 5348 dilectissimi
1942 5289 2088 5347 mihi

382 5380 605 5451 fratres,
646 5388 700 5439 et
737 5381 979 5454 domini,
1017 5384 1152 5456 quia
1191 5381 1503 5440 modernus
1541 5380 1646 5438 iste
1684 5380 1879 5453 Jacob,
1910 5389 2090 5439 rector

385 5469 652 5529 videlicet
682 5472 1014 5531 monasterii
1046 5471 1226 5530 sancti
1254 5468 1627 5543 Apollinaris,
1661 5470 1837 5528 nostri
1877 5468 2090 5526 montis

395 5574 675 5619 cacumen
705 5559 1094 5637 irrepsit.......
1127 5556 1599 5627 misericordiam,
1632 5574 1808 5633 quam
1849 5555 2091 5633 habetis,

2170 4572 2710 4633 Camaldult-usibus
2786 4575 2928 4633 olim
2981 4575 3335 4649 conjunctos,
3394 4575 3457 4632 in
3507 4572 3757 4647 hospitii,
3820 4579 3877 4630 et

2170 4662 2579 4737 suffragiorum
2637 4662 3107 4722 communionem
3160 4670 3431 4735 receptos,
3486 4662 3717 4734 habitu,
3769 4677 3874 4718 seu

2170 4751 2455 4825 colorem,
2513 4769 2615 4811 seu
2670 4754 2918 4811 formam
2977 4752 3277 4825 respicias,
3340 4752 3638 4811 simillimo
3697 4765 3871 4821 usos;

2172 4840 2359 4913 ipsum
2386 4839 2619 4898 Petrum
2652 4839 2938 4911 Damiani,
2969 4841 3058 4897 sin
3091 4841 3286 4898 minus
3318 4840 3625 4901 Romualdi
3653 4838 3876 4897 audito-

2168 4944 2311 5001 rem,
2372 4935 2522 4986 certe
2576 4929 2702 5002 ejus
2756 4928 3171 5001 discipulorum
3225 4929 3536 4990 alumnum
3586 4930 3763 4987 fuisse
3820 4930 3878 4984 et

2169 5018 2575 5077 verosimiliter
2618 5016 2676 5073 in
2730 5033 2920 5076 eremo
2959 5016 3414 5090 Camaldulensi,
3446 5015 3877 5076 evidentissinic

2167 5114 2360 5165 autem
2394 5107 2453 5164 in
2490 5112 2567 5164 tot
2603 5106 2736 5165 aliis
2782 5122 2814 5164 a
2866 5106 3194 5167 Romualdo
3238 5106 3595 5176 constructis,
3624 5104 3720 5163 vel
3766 5106 3877 5163 sub

2169 5197 2296 5269 ejus
2345 5195 2647 5268 disciplina
2702 5194 3085 5255 militantibus
3118 5198 3346 5266 eremis,
3377 5208 3549 5269 atque
3596 5192 3877 5251 cmnohiis

2168 5291 2606 5356 commoratum,
2656 5285 3033 5359 ejusdemque
3063 5284 3309 5343 instituti
3352 5283 3492 5340 lacte
3522 5282 3875 5342 enutritum.

2170 5372 2319 5443 Quid
2361 5373 2612 5447 amplius
2661 5373 2923 5433 dubitare
2960 5375 3123 5432 liceat
3160 5371 3322 5430 illum
3377 5388 3411 5428 a
3461 5368 3520 5429 S.
3550 5368 3876 5430 Romualdo

2170 5462 2396 5523 traditae
2438 5463 2761 5538 disciplinze
2805 5471 3136 5522 sectatorem
3180 5460 3417 5529 vixisse,
3464 5460 3723 5536 adeoque
3765 5457 3873 5517 Ca-

2172 5552 2604 5614 maldulensem
2655 5567 2789 5613 vere
2842 5558 2897 5610 et
2948 5549 3175 5625 proprie
3223 5547 3654 5624 appellandum,
3700 5548 3873 5622 juxta
