4106 6204
193 287 260 346 61
685 253 692 256 ’
1057 283 1633 346 PROLEGOMENA.
1673 313 1745 329 -
1779 283 1878 344 DE
1917 282 2320 344 INSTITUTO
2357 283 2791 344 CAMALDUL.
3628 289 3698 352 62

191 409 530 488 generalem
568 409 827 468 nominis
857 409 1034 484 hujus
1071 409 1577 484 significationem,
1608 407 1836 468 dissert.
1862 409 1965 480 I,A
1989 407 2106 466 cuti
2159 413 2332 480 sunt;
2366 416 2468 466 aut
2527 407 2587 466 in
2639 407 3069 480 distinguendis
3123 412 3504 485 monasteriis,
3559 417 3696 490 qua)

193 515 319 573 cap.
357 509 410 568 ε,
442 513 610 556 num.
642 497 733 567 Ἡ,
761 495 1116 570 explicatum
1143 498 1169 555 ?

265 588 422 646 XIX.
468 587 619 646 Hinc
658 588 1028 646 meritissime
1062 593 1140 646 tot
1185 594 1515 646 exterorum
1561 587 1906 660 scriptorum

197 695 491 737 consensu
518 679 723 738 Petrus
755 677 1022 737 Damiani
1048 677 1510 738 Camaldulensis
1537 683 1621 736 est
1652 677 1905 747 habitus,

194 775 248 826 et
283 768 631 842 appellatus,
672 784 704 826 e
753 767 966 840 quibus
1009 768 1121 828 hoc
1159 768 1278 826 loco
1327 782 1622 827 recensere
1660 765 1908 825 suﬂiciat

195 857 526 918 Gabrielem
559 857 1004 916 Pennottum'ab
1035 857 1157 931 ipso
1189 857 1253 916 P.
1279 855 1598 914 Laderchio
1626 855 1903 927 citatum;

195 947 565 1006 Ludovicum
621 945 969 1006 Jacobillum
1031 948 1102 1006 de
1161 945 1264 1005 SS.
1326 946 1616 1016 Umbriaa;
1658 945 1907 1004 Paulum

193 1035 524 1110 Morigiam,
556 1038 617 1095 in
640 1035 854 1094 IIistor.
886 1035 1261 1110 Religionum
1282 1052 1406 1109 cap.
1441 1037 1509 1095 58
1531 1055 1546 1106 ;
1568 1033 1905 1095 Cornelium

190 1142 222 1184 a
260 1125 486 1200 Lapide
527 1127 588 1184 in
621 1126 796 1199 Apoc.
831 1143 952 1200 cap.
1008 1128 1078 1196 3;
1123 1127 1440 1186 Martinum
1476 1126 1794 1187 Baronium
1843 1125 1906 1183 in

186 1215 320 1274 Vita
359 1216 622 1289 quinque
647 1216 914 1274 Fratrum
946 1215 1295 1275 Polonorum
1334 1224 1692 1290 martyrum;
1727 1215 1903 1274 Joan-

185 1321 326 1363 nem
377 1303 627 1364 Paulum
690 1305 1066 1365 I’ortesanum
1117 1306 1180 1363 in
1240 1305 1370 1364 Vita
1421 1305 1480 1366 S.
1541 1303 1902 1376 Theobaldi;

181 1394 477 1453 Joannem
518 1393 756 1452 Petrum
803 1393 1192 1452 Crescentium
1235 1395 1297 1454 in
1338 1394 1610 1454 Praesidio
1645 1395 1906 1454 Romano

171 1485 288 1544 ’lib.
328 1499 374 1554 1,
408 1493 549 1558 part.
585 1499 648 1555 tt,
681 1492 892 1543 narrat.
925 1485 999 1552 2;
1044 1485 1404 1558 Stephanum
1445 1485 1907 1544 Dcmalevicium

183 1578 244 1636 in
279 1577 415 1636 Vita
439 1577 498 1636 S.
529 1575 818 1652 Bogumili
841 1592 964 1650 cap.
995 1577 1102 1647 ‘28;
1134 1574 1472 1636 Secundum
1505 1576 1907 1636 Lancellotum

188 1665 341 1724 Hist.
385 1666 616 1736 Olivet.,
659 1665 760 1726 lib.
816 1679 878 1738 11,
921 1681 1044 1738 cap.
1078 1663 1180 1736 ‘22;
1228 1665 1592 1724 Ludovicum
1643 1664 1908 1724 Tornasi-

1987 495 2170 554 eidem
2227 496 2440 570 regula:
2491 497 2562 554 ab
2610 496 2832 571 origine
2880 497 3132 570 subjecta
3187 499 3364 572 fuere,
3391 505 3692 578 scrupulo—

1985 588 2122 658 sior,
2152 592 2252 645 aut
2279 586 2555 644 morosior
2585 587 2826 644 minime
2855 587 3014 645 fuero
3047 611 3058 644 :
3097 595 3286 646 certus
3311 595 3694 667 utrorumque

1988 676 2250 734 notitiam
2323 675 2394 733 ad
2464 682 2718 734 nostram
2798 677 3080 750 pertinere
3159 677 3488 752 historiam;
3545 687 3690 752 tum,

1986 767 2123 841 quia
2167 783 2340 835 unus,
2381 771 2444 824 ut
2490 767 2637 832 dixi,
2686 767 2950 826 omnium
2994 767 3133 826 ordo
3172 777 3324 842 crat;
3359 778 3482 829 tum
3531 772 3690 846 quia,

1987 857 2092 916 etsi
2123 855 2335 916 diversi
2369 861 2493 914 tum
2539 857 2781 915 fuissent
2825 857 3070 926 ordinis,
3102 859 3375 918 omnibus
3411 860 3526 919 illis
3569 878 3691 922 mo-

1988 948 2254 1008 nasteriis
2292 947 2360 1006 ad
2401 948 2668 1006 ordinem
2717 946 2980 1006 nostrum
3019 947 3324 1020 translatis,
3355 951 3426 1008 ad
3463 953 3692 1012 eosdem

1986 1039 2232 1114 pertinet
2286 1039 2486 1107 honos,
2547 1037 2762 1111 quibus
2815 1037 3074 1110 pervenit
3128 1039 3470 1112 hrereditas;
3519 1050 3692 1118 atque

1985 1125 2126 1184 adeo
2179 1125 2383 1184 mutila
2435 1129 2599 1196 esset,
2659 1131 2832 1199 atque
2881 1125 3209 1198 imperfecta
3247 1127 3466 1186 ordinis
3513 1132 3694 1190 nostri

1987 1214 2245 1295 historia,
2308 1215 2357 1273 si
2409 1214 2645 1274 illorum
2717 1213 3199 1274 monasteriorum
3257 1233 3324 1274 ac
3393 1220 3696 1279 monacho-

1987 1321 2118 1364 rum
2200 1305 2806 1363 commemorationem
2887 1305 3474 1377 prtetermitteremus.
3531 1307 3694 1377 Quod

1987 1397 2223 1471 quidem
2251 1411 2364 1454 non
2391 1395 2580 1454 solum
2605 1410 2815 1467 magno
2837 1393 3095 1452 historia)
3120 1403 3327 1454 nostrze
3349 1397 3692 1456 detrimento

1989 1487 2169 1557 fieret,
2201 1485 2298 1543 sed
2328 1486 2502 1544 etiam
2537 1485 2746 1558 ingrati
2767 1483 2952 1542 animi
2987 1483 3126 1542 vitio
3154 1485 3321 1543 nobis
3352 1493 3692 1546 verteretur.

1989 1577 2106 1635 Nos
2155 1592 2322 1648 porro
2379 1575 2583 1633 hacin
2635 1590 2693 1632 re
2739 1589 2956 1632 morem
3008 1574 3309 1648 sequimur
3351 1573 3693 1636 Christiana:

1989 1665 2298 1734 Ecclesiae;
2333 1681 2467 1742 quae
2497 1665 2650 1723 viros
2690 1670 2916 1722 sanctos
2953 1667 3009 1722 et
3047 1663 3300 1722 illustres
3331 1664 3552 1723 Veteris
3581 1665 3696 1726 Te-

188 1770 338 1813 num
368 1754 441 1812 de
469 1753 716 1814 Beneﬁc.
750 1759 892 1828 part.
925 1767 964 1824 I,
1001 1753 1100 1812 lib.
1129 1767 1212 1823 Ill,
1245 1771 1366 1829 cap.
1400 1755 1503 1824 25;
1542 1755 1899 1814 Ludovicum
1919 1769 1964 1828 Β
1989 1757 2259 1815 stamcnti
2290 1755 2400 1814 sibi
2427 1753 2683 1823 ascribit,
2716 1759 3011 1827 propterea
3041 1753 3192 1828 quod
3221 1769 3339 1812 una
3367 1753 3441 1812 sit
3476 1755 3694 1814 utrius-

190 1843 284 1904 Du
310 1844 422 1902 Pin
453 1843 730 1902 Biblioth.
773 1842 987 1901 Eccles.
1021 1849 1157 1901 tom.
1198 1842 1354 1912 VIII,
1384 1850 1528 1918 part.
1563 1857 1622 1915 ll,
1658 1860 1780 1917 cap.
1823 1845 1904 1916 lt’t,

192 1936 224 2008 §
248 1935 351 2004 10;
372 1934 696 1992 Antonium
719 1933 960 1992 Mariam
979 1933 1337 1992 Bonuccium
1361 1934 1604 2008 Ephem.
1628 1934 1902 2007 Euchar.,

189 2023 283 2082 die
351 2024 422 2082 2'2
487 2023 828 2092 Februarii;
883 2024 1277 2098 Augustinum
1337 2024 1532 2082 Lubin
1581 2023 1642 2082 in
1695 2024 1907 2082 Notitia

185 2111 560 2170 abbatiarum
637 2111 844 2181 Italiae,
920 2113 1028 2170 litt.
1085 2113 1176 2192 ᾼ;
1234 2111 1534 2186 pontiﬁces
1619 2113 1908 2170 maximos

187 2199 368 2258 Pium
405 2199 472 2268 V,
506 2199 848 2272 Gregorium
874 2199 999 2268 XV,
1033 2206 1089 2258 et
1140 2199 1436 2258 Urbanum
1468 2200 1622 2268 VIII,
1657 2217 1908 2274 quorum

187 2289 304 2347 duo
347 2289 626 2362 postremi
669 2289 909 2348 Petrum
959 2289 1306 2348 Damianum
1358 2290 1518 2344 decus
1571 2296 1621 2345 et
1676 2293 1909 2359 gloriam

192 2379 631 2438 Camaldulensis
661 2380 874 2436 ordinis
901 2377 1268 2452 appellarunt
1319 2378 1375 2436 in
1420 2379 1544 2437 suis
1581 2379 1910 2453 diplomati-

190 2466 298 2524 bus
331 2483 368 2524 a
399 2467 468 2524 D.
521 2468 750 2526 Andrea
799 2467 1202 2526 Vallemannio
1231 2467 1435 2526 abbate
1480 2475 1672 2528 nostro
1702 2468 1908 2539 citatis,

193 2565 318 2614 tum
383 2557 447 2614 in
499 2556 653 2616 Petri
707 2558 965 2632 ejusdem
1026 2558 1158 2617 Vita
1208 2557 1271 2616 in
1323 2559 1543 2618 tabulas
1591 2575 1726 2618 cum
1782 2560 1914 2618 aliis

193 2643 297 2704 SS.
331 2645 560 2704 ordinis
591 2647 795 2717 elogiis
823 2647 1060 2718 digesta,
1096 2653 1218 2705 tum
1247 2647 1306 2705 in
1331 2663 1594 2706 sermone
1621 2647 1691 2706 de
1721 2647 1910 2707 S.Do-

193 2736 416 2794 minico
473 2735 758 2805 Loricato,
800 2753 928 2810 pag.
966 2737 1057 2796 84.
1094 2737 1332 2797 Primus
1380 2753 1538 2806 vero,
1571 2745 1634 2796 ut
1676 2737 1912 2797 Ilaetius

191 2835 390 2882 noster
441 2824 508 2882 in
556 2825 950 2899 Descriptione
1002 2842 1179 2884 sacrm
1221 2825 1400 2884 eremi
1447 2843 1569 2900 cap.
1615 2826 1699 2897 19,
1753 2834 1809 2885 et
1851 2827 1914 2884 in

191 2911 320 2971 Vita
362 2915 630 2987 ejusdem
668 2913 818 2973 Petri
864 2915 1128 2973 Damiani
1163 2931 1290 2990 pag.
1323 2915 1412 2987 50,
1442 2924 1498 2975 et
1528 2917 1779 2974 Thomas
1814 2915 1916 2972 Mi-

187 3002 325 3061 nius
362 3003 584 3063 Histor.
619 3003 874 3062 Camald.
913 3004 1015 3062 lib.
1045 3017 1172 3076 VIII,
1197 3021 1319 3078 cap.
1366 3007 1415 3077 1,
1443 3013 1741 3074 testantur,
1773 3005 1916 3063 adeo

189 3107 536 3164 persuasum
571 3093 817 3152 habebat
847 3093 1198 3152 Damianum
1237 3093 1696 3153 Camaldulensis
1741 3093 1972 3184 insti-C

195 3183 296 3240 tuti
359 3181 568 3252 fuisse,
623 3191 682 3241 et
739 3184 1185 3243 Avellanenscm
1235 3185 1524 3243 abbat'iam
1576 3185 1798 3243 dudum
1851 3183 1912 3240 in

185 3273 391 3331 ordine
442 3279 638 3332 nostro
691 3273 974 3340 ﬂoruisse,
1032 3280 1098 3332 ut
1153 3275 1416 3332 eamdem
1475 3274 1662 3332 eidem
1717 3273 1910 3332 ordini

189 3361 518 3430 restituere,
573 3369 700 3436 post
745 3361 1114 3420 commissam
1143 3361 1357 3420 Joanni
1402 3362 1669 3436 Baptista:
1720 3362 1912 3420 Nova-

189 3449 373 3509 riensi
405 3451 665 3521 generali
697 3450 1066 3524 apostolicam
1105 3451 1232 3524 ejus
1260 3451 1598 3510 monasterii
1631 3451 1910 3508 visitatio-

191 3554 326 3597 nem
384 3539 480 3596 die
537 3539 610 3596 2'2
665 3537 964 3597 Decembr.
1033 3537 1168 3597 1568
1226 3539 1587 3608 decreverit;
1643 3539 1798 3614 quod
1856 3545 1911 3598 et

190 3628 434 3703 perfecit
481 3628 615 3686 aliis
662 3627 1088 3702 Diplomatibus
1146 3629 1242 3689 die
1293 3633 1312 3689 1
1359 3646 1425 3689 ac
1473 3629 1537 3688 10
1581 3636 1635 3688 et
1683 3629 1746 3688 14
1796 3629 1906 3687 De-

191 3717 446 3775 cembris
483 3715 636 3775 1569.

258 3805 393 3863 XX.
441 3803 610 3862 Unde
656 3803 749 3863 vel
787 3820 862 3862 ex
907 3805 1014 3862 hoc
1057 3805 1202 3880 ipso,
1229 3805 1386 3881 quod
1429 3806 1549 3879 jam
1609 3806 1910 3866 Camaldu-

197 3892 398 3951 lenses
449 3893 514 3950 in
559 3893 684 3951 loca
723 3909 757 3950 a
815 3893 873 3951 S.
929 3893 1094 3951 Petro
1138 3895 1436 3964 Damiano,
1488 3895 1735 3970 aliisque
1783 3897 1908 3968 ejus

197 3980 666 4055 congregationis
694 3980 1028 4040 illustribus
1057 3981 1218 4051 viris,
1248 3981 1569 4042 inhabitata
1590 3983 1710 4056 jam
1739 3985 1909 4058 plene

189 4071 594 4137 successerint,
628 4070 980 4144 litorumque
1011 4071 1205 4130 omnia
1239 4071 1376 4146 jura
1405 4073 1477 4130 ad
1528 4089 1634 4132 nos
1663 4073 1909 4133 transie-

188 4161 327 4229 rint,
365 4159 607 4218 Petrum
637 4161 828 4233 ipsum
873 4159 1244 4231 Damianum,
1279 4161 1522 4234 ejusque
1567 4161 1904 4235 discipulos,

185 4264 250 4306 ac
277 4265 647 4310 successores
679 4265 792 4308 non
828 4251 1149 4324 incongrue
1176 4249 1236 4308 in
1269 4257 1598 4308 nostrorum
1633 4251 1908 4323 catalogis

187 4337 554 4412 recipiendos
595 4338 728 4413 quis
769 4338 1228 4408 existimaverit;
1273 4339 1346 4396 ad
1393 4354 1497 4396 nos
1534 4355 1736 4398 eorum
1783 4339 1904 4397 cul-

191 4434 340 4499 lim,
401 4442 610 4486 eorum
667 4426 910 4499 gloriam
987 4427 1296 4500 pertinere,
1361 4443 1431 4484 ne
1502 4427 1906 4501 temporalium

187 4518 479 4578 duntaxat
537 4520 824 4578 bonorum
880 4517 1274 4577 hmreditalem
1321 4514 1533 4574 adiisse
1581 4517 1908 4587 videamur,

185 4627 251 4668 ac
287 4625 430 4683 quae
465 4611 690 4684 potiora
726 4618 866 4669 sunt
911 4611 1098 4684 primo
1141 4605 1556 4679 occupantibus
1597 4607 1906 4666 dimisisse.

187 4700 334 4769 Quae
376 4699 707 4758 observatio
753 4715 830 4756 an
878 4716 978 4773 per
1010 4701 1230 4775 jocum,
1265 4715 1339 4757 an
1387 4700 1536 4758 serio
1575 4697 1746 4771 adjici
1789 4712 1911 4755 me-

185 4789 399 4858 ruerit,
431 4789 683 4863 quisque
733 4805 836 4861 pro
883 4789 1120 4848 arbitrio
1163 4788 1460 4862 dijudicet.
1505 4786 1768 4846 Similem
1809 4803 1913 4862 ego

186 4878 298 4934 viri
345 4877 684 4950 gravissimi
722 4885 776 4937 et
817 4877 1133 4936 doctissimi
1193 4875 1434 4934 Joannis
1475 4874 1798 4934 Mabillonii
1849 4875 1912 4933 in

191 4966 458 5024 medium
485 4965 723 5024 afferam
752 4982 825 5024 ex
870 4967 994 5040 ejus
1019 4965 1356 5039 praefatione
1385 4963 1455 5022 ad
1491 4970 1626 5022 tom.
1661 4964 1684 5022 Ι
1715 4964 1913 5022 Histo-

193 5054 295 5113 riae
353 5055 716 5124 monasticae,
769 5071 900 5128 qua)
957 5060 1150 5111 nostro
1206 5051 1490 5126 proposito
1557 5051 1916 5110 adamussim

191 5145 483 5220 congruit,
517 5145 600 5202 sic
624 5144 804 5218 igitur
825 5143 996 5200 habet
1023 5166 1036 5200 :
1067 5167 1093 5194 αι
1124 5141 1268 5212 Quae
1293 5142 1570 5200 hactenus
1599 5141 1745 5212 dixi,
1791 5157 1916 5200 mo-

189 5235 398 5292 nastici
430 5234 658 5292 ordinis
696 5234 982 5304 (dicamus
1020 5248 1128 5290 nos
1158 5230 1622 5290 Camaldulensis
1659 5230 1914 5298 Ordinis)

192 5339 292 5396 per
336 5322 440 5380 illa
495 5329 753 5396 tempora
808 5321 1090 5380 unitatem
1147 5319 1408 5394 probant,
1438 5318 1532 5376 cui
1580 5318 1918 5391 regularum

191 5410 500 5470 diversitas
547 5410 712 5470 nullo
753 5411 923 5469 modo
955 5408 1382 5484 prtescribebat.
1415 5407 1800 5478 Quamobrem
1856 5407 1918 5465 in

192 5502 564 5562 secernendis
595 5502 830 5573 sanctis,
857 5509 954 5560 aut
993 5501 1315 5560 illustribus
1355 5499 1518 5568 viris,
1551 5499 1653 5574 qui
1699 5499 1759 5560 S.
1809 5499 1918 5558 Be-

192 5592 398 5652 nedicti
448 5590 720 5667 regulam
763 5592 885 5668 (seu
929 5589 996 5648 D.
1040 5588 1348 5651 Romualdi
1395 5587 1783 5664 disciplinam)
1835 5604 1920 5650 se-

1987 1864 2100 1922 que
2131 1845 2483 1906 Testamenti
2530 1845 2803 1904 Ecclesia.
2847 1843 2930 1902 Ob
2967 1844 3231 1902 eamdem
3267 1860 3502 1903 causam
3537 1843 3694 1903 anti-

1988 1937 2224 2012 quiores
2277 1935 2610 2006 monachos,
2644 1939 2710 1992 ut
2756 1939 2940 2010 patres
2993 1939 3232 2006 nostros,
3262 1933 3628 2010 suscipimus,
3666 1953 3692 1987 »

1987 2035 2094 2087 etc'
2641 2094 2886 2154 CAPUT
2925 2095 3048 2153 vn.

2156 2190 2442 2259 Praecipua
2464 2187 2758 2243 Laderchii
2785 2191 3108 2256 argumenta
3149 2189 3524 2255 confutantur.

1994 2273 2295 2348 SYNOPSts.
2326 2307 2390 2348 5—
2435 2276 2818 2348 tJouimissaAa
2868 2275 3184 2348 Laderchio
3236 2275 3699 2348 congregationis

2069 2353 2125 2405 et
2154 2347 2376 2404 ordinis
2407 2345 2686 2403 confusio.
2722 2345 2894 2403 Num.
2935 2346 2980 2404 l.
3017 2348 3104 2403 An
3153 2363 3227 2404 ex
3259 2345 3550 2414 regulas.
3583 2345 3694 2404 Be-

2061 2418 2270 2476 nedicti
2327 2417 2610 2490 probetur
2644 2415 3146 2490 Avellanitarum,
3184 2426 3239 2475 et
3290 2416 3697 2490 Gamaldulen-

2061 2491 2218 2547 sium
2269 2487 2552 2560 cognatio.
2591 2489 2643 2546 2.
2699 2490 2792 2560 An
2848 2503 2921 2545 ex
2971 2487 3283 2560 identitate,
3320 2487 3697 2546 Constitutio-

2062 2576 2228 2618 num.
2423 2559 2646 2632 Harum
2699 2557 3094 2617 diversitatem
3169 2559 3407 2632 probare
3493 2559 3698 2632 nititur

2068 2631 2441 2689 Laderchius.
2480 2631 2532 2687 4.
2568 2630 2762 2688 Plures
2780 2629 3276 2702 congregationes,
3295 2629 3537 2688 diversis
3556 2647 3695 2702 con-

2067 2702 2487 2770 stitutionibus,
2524 2702 2719 2759 eodem
2767 2701 2878 2759 sub
2910 2701 3128 2758 Ordine
3159 2701 3427 2759 militant.
3473 2702 3524 2760 ξ).
3555 2701 3697 2759 Item

2065 2777 2234 2852 plura
2267 2773 2528 2852 ejusdem
2578 2772 2798 2830 ordinis
2831 2774 3295 2852 nionasteria._6.
3340 2775 3698 2852 Argumento

2075 2843 2390 2913 Laderchii,
2453 2860 2556 2910 nec
2624 2843 2893 2901 monachi
2957 2851 3012 2900 et
3067 2844 3321 2902 eremitze
3386 2843 3696 2901 Camaldu-

2069 2915 2353 2988 lcnsesad
2383 2915 2652 2988 eumdem
2686 2915 2947 2973 ordinem
2986 2923 3322 2988 spectarent.
3342 2917 3410 2988 ,7.
3444 2915 3700 2973 Diversae

2067 2985 2798 3066 subin(1e_constitutiones,
2835 2993 2952 3042 tum
2990 2985 3092 3066 pro
3130 2986 3404 3066 eremitis,
3449 2994 3570 3066 tum
3601 3001 3701 3066 pro

2072 3058 2366 3118 monachis
2449 3058 2706 3131 ejusdem
2764 3057 3220 3131 congregationis
3268 3057 3695 3131 proppsitze_.’_8.

2069 3131 2337 3188 Diversas
2394 3127 2509 3186 non
2552 3129 2729 3186 fuisse
2761 3127 3242 3200 Avellanitarum,
3272 3127 3342 3200 'et
3375 3127 3702 3186 'Camaldu-

2069 3201 2341 3272 lensium
2375 3200 2830 3258 constitutiones.
2887 3199 2941 3258 9.
3010 3201 3209 3272 Gratis
3274 3199 3339 3272 id
3392 3200 3700 3272 knegaria

2071 3271 2406 3350 Laderchio,
2435 3272 2537 3346 qui
2565 3277 2836 3350 utrasque
2867 3287 2980 3329 non
3008 3271 3228 3350 legerit.
3264 3269 3354 3350 10.
3381 3269 3612 3350 Saepius
3638 3269 3696 3327 in

2066 3341 2530 3417 Avellanitaru'm
2585 3341 2802 3417 regula,
2857 3357 3030 3417 quam
3071 3341 3131 3417 in
3164 3341 3699 3417 Gamaldiilensium

2067 3385 2600 3494 conust‘i'lutioiiibus:
2637 3385 3030 3494 ﬁamuaidum
3304 3385 3401 3494 1;
3427 3393 3542 3494 Cur
3585 3427 3700 3469 non

2066 3488 2264 3563 omnia
2290 3501 2574 3563 expresse
2597 3484 2669 3542 ad
2701 3484 3698 3563 RomualdumreferatDamianus.

2074 3561 2154 3616 12.
2192 3555 2496 3628 Laderchii
2523 3557 2846 3628 observatio
2875 3564 2931 3613 et
2949 3555 3268 3628 gantilogia.
3311 3557 3390 3613 l3.
3435 3555 3556 3628 Etsi
3599 3567 3700 3626 pro

2067 3627 2413 3687 Avellanitis
2443 3625 2716 3700 speciales
2718 3633 2929 3705 “essent
2947 3625 3209 3705 Damiani
3223 3625 3700 3705 constitutiones,

2065 3713 2434 3758 communem
2474 3694 2666 3755 tamen
2717 3697 3022 3755 Romualdi
3059 3696 3410 3754 eremiticam
3442 3694 3698 3767 disciplié

2066 3787 2198 3847 nam
2253 3784 2594 3847 concernere
2642 3767 2918 3847 potuisse.
2958 3767 3042 3847 lli.
3081 3767 3208 3847 Non
3260 3767 3438 3847 modo.
3475 3765 3696 3847 aliqua,

2067 3843 2163 3900 sed.
2197 3855 2395 3900 omnia
2427 3841 2498 3898 ad
2545 3839 2852 3897 Romualdi
2888 3839 3315 3896 institutionem
3341 3839 3644 3895 attinentia
3668 3853 3702 3894 a

2068 3914 2348 3990 Damiano
2381 3911 2626 3990 probari.
2687 3911 2764 3990 ιζ).
2816 3910 3142 3990 Discipulos
3189 3909 3248 3969 S.
3283 3907 3697 3990 Bomualdiap

2067 3984 2246 4042 veluti
2270 3984 2340 4040 ad
2373 3979 2433 4042 se
2458 3981 2609 4041 nihil
2633 3983 2940 4040 attinentes
2965 3979 3206 4040 Damiau
3219 3998 3286 4040 us
3314 3980 3593 4038 nominet.
3619 3979 3702 4037 16.

2064 4074 2112 4133 Ι.
2167 4075 2297 4132 Jam
2344 4087 2481 4130 vero
2527 4071 2832 4130 Laderchii
2883 4077 3246 4144 argumenta,
3293 4069 3512 4144 quibus
3553 4070 3703 4128 hanc

1995 4163 2340 4224 sententiam
2389 4177 2685 4235 opugnare
2717 4160 2880 4217 nisus
2920 4168 3023 4230 est,
3053 4160 3378 4218 audiamus.
3425 4158 3522 4216 Ait
3562 4173 3698 4230 ergo

1994 4255 2096 4312 lib.
2145 4267 2186 4323 Ι,
2238 4268 2360 4325 cap.
2412 4249 2466 4322 8,
2502 4266 2560 4308 n.
2613 4250 2691 4308 6:
2753 4272 2774 4302 ι
2813 4249 3286 4308 Praetereundum
3339 4255 3532 4306 tamen
3583 4262 3704 4305 non

1993 4353 2285 4419 putamus,
2325 4341 2660 4411 nonnullos,
2693 4341 2886 4400 stellas
2932 4348 3230 4398 manentes
3276 4339 3339 4397 in
3392 4338 3614 4409 ordine,
3647 4341 3705 4395 et

1996 4450 2170 4492 cursu
2201 4447 2324 4502 suo,
2359 4431 2638 4490 nimirum
2667 4429 3135 4503 congregationes
3174 4427 3696 4496 Gamaldulensem,

1997 4531 2052 4582 et
2091 4522 2538 4580 Avellanensem
2577 4517 2900 4576 inordinate
2927 4518 2989 4575 in
3032 4533 3214 4576 unam
3251 4519 3501 4576 conﬂare
3534 4534 3702 4577 cona-

1999 4628 2129 4677 tos:
2163 4613 2434 4691 quamvis
2485 4611 2624 4685 ipsis
2678 4599 3096 4684 ignoscendum
3148 4611 3515 4684 arbitremur,
3565 4610 3702 4685 quia

1999 4703 2214 4763 scilicet
2272 4715 2546 4774 germana
2593 4699 2862 4768 Charitas,
2897 4706 2954 4757 et
2996 4698 3252 4767 societas,
3286 4715 3463 4774 quam
3505 4697 3702 4756 Domi-
3792 4693 3814 4714 ‘

2000 4809 2112 4851 nus
2157 4791 2314 4849 dedit
2367 4791 2518 4847 inter
2562 4787 3028 4855 Avellancnsem,
3089 4794 3144 4845 et
3203 4787 3704 4846 Camaldulensem

1994 4881 2280 4940 familiam
2308 4924 2322 4950 ,
2375 4879 2596 4952 decepit
2647 4891 2779 4947 eos,
2835 4891 2980 4950 quos
3032 4883 3182 4934 certe
3233 4875 3442 4934 melius
3499 4874 3700 4932 faciem

1999 4974 2130 5034 cmli
2171 4979 2226 5030 et
2269 4979 2434 5029 terra:
2465 4969 2702 5043 probare
2736 4982 3024 5041 rogamus.
3059 4967 3217 5025 Inter
3231 4968 3348 5048 \hOS
3377 4973 3705 5024 recensetur

1999 5061 2229 5124 Gabriel
2272 5061 2589 5120 Pennottus
2617 5073 2790 5132 supra
2821 5058 3052 5128 relatus,
3084 5073 3117 5115 a
3149 5073 3266 5132 quo
3299 5057 3500 5116 Fontis
3529 5057 3702 5116 Avel-

2001 5155 2150 5212 lanae
2195 5152 2454 5210 eremitaa
2513 5149 2724 5222 passim
2765 5147 3234 5208 Camaldulenses
3265 5155 3704 5222 nuncupantur,

1999 5251 2056 5302 et
2099 5242 2219 5300 alii.
2257 5265 2277 5292 ι
2319 5240 2426 5298 L’bi
2470 5255 2628 5308 sane,
2659 5240 2721 5296 in
2767 5240 2890 5312 ipso
2933 5238 3343 5297 controversiae
3391 5237 3614 5307 limine,
3643 5237 3705 5296 in

1999 5333 2124 5406 ipsa
2169 5328 2507 5404 quaestionis
2546 5327 2932 5402 propositione
2974 5325 3280 5399 insigniter
3311 5325 3707 5384 hallucinatus

2001 5419 2230 5478 videtur
2255 5423 2484 5486 auctor;
2515 5430 2704 5488 neque
2733 5413 2888 5472 enim
2921 5437 2942 5465 ι
2977 5415 3446 5488 congregationes
3475 5413 3706 5472 Camal-

2001 5508 2325 5576 dulensem,
2384 5511 2438 5562 et
2511 5502 2962 5562 Avellanensem
3017 5501 3351 5561 inordinare
3409 5501 3468 5559 in
3523 5517 3702 5562 unam

2009 5597 2260 5658 conﬂare
2288 5608 2642 5669 conamur,»
2683 5593 2827 5653 dum
2876 5591 2935 5652 S.
2994 5591 3228 5652 Petrum
3282 5591 3551 5651 Damiani
3601 5591 3709 5650 Ca-
