4106 6204
415 324 483 385 63
1326 322 1386 382 s.
1428 320 1720 382 eamus
1763 300 2153 380 DAMIANIIS
2193 318 2253 380 s.
2293 318 2364 379 n.
2407 320 2473 378 E.
2514 318 2994 379 CARDINALIS.

3841 325 3916 383 64

423 449 842 508 maldulensem
867 447 1178 507 asserimus
1208 467 1220 506 :
1252 446 1350 506 sed
1380 451 1693 519 utrumque
1719 444 1928 520 potius,
1962 444 2015 503 id
2051 444 2367 505 estAvivis
2405 444 2677 519 operibus
2724 444 2958 517 legitur,
2997 445 3171 503 etiam
3213 446 3472 520 apicibus
3508 446 3800 518 traditum,
3837 449 3915 507 ad

421 540 882 599 Camaldulensem
961 537 1023 596 in
1080 538 1310 611 speciali
1371 536 1716 611 acceptione,
1780 552 1913 610 quae
1970 536 2121 595 solos

418 644 595 687 sacrae
649 628 831 685 eremi
882 627 1133 686 Etruria:
1183 626 1449 684 eremitas
1496 623 1890 698 complectitur
1931 625 2122 698 (juxta

420 716 851 776 distinctionem
908 715 1047 773 alibi
1100 715 1466 788 expositam),
1522 721 1577 771 et
1625 717 2038 771 Aeellanenscm
2088 729 2119 771 a

416 805 479 866 B.
520 803 820 877 Lodulpho
848 801 904 861 S.
938 801 1244 862 Romualdi
1271 800 1554 874 discipulo
1583 801 1926 873 institutam,
1949 806 2121 874 atque

414 911 448 952 a
470 894 634 953 Petro
653 891 919 950 Damiani
943 890 1197 949 maxime
1225 890 1600 958 illustratam;
1630 891 2119 961 quemadmodum

418 989 472 1040 et
522 985 887 1046 Coronensem,
936 988 990 1038 et
1035 983 1439 1045 Taurinensem,
1492 985 1546 1036 et
1591 980 1877 1043 Gallicam,
1926 984 1981 1035 et
2017 994 2119 1037 n0-

416 1078 591 1130 stram
656 1074 714 1128 S.
766 1074 1050 1127 Michaelis
1101 1074 1325 1127 Muram‘
1385 1069 1759 1126 monasticam
1816 1068 2117 1137 familiam,

418 1161 476 1220 in
507 1175 695 1219 unum
725 1161 967 1215 ordinem
1003 1175 1035 1216 a
1066 1156 1387 1217 Romualdo
1416 1158 1749 1215 institutum
1772 1156 2119 1230 redegimus,

419 1264 593 1324 quem
622 1248 810 1306 latiori
850 1247 1276 1321 significatione
1328 1249 1812 1312 Camaldulensem,
1840 1262 1915 1305 ex
1954 1247 2121 1305 nobi-

414 1339 635 1397 lissimo
659 1353 725 1395 ac
752 1337 1131 1395 celeberrimo
1158 1336 1426 1395 omnium
1454 1336 1577 1395 loco
1608 1342 1833 1410 sumpta
1856 1336 2123 1395 denomi-

417 1428 672 1499 natione,
712 1426 1095 1501 appellamus,
1135 1441 1208 1484 ex
1245 1426 1336 1484 his
1379 1441 1513 1501 quae
1560 1425 1786 1484 dissert.
1821 1439 1862 1497 Ι,
1905 1440 2027 1500 cap.
2065 1426 2120 1497 2,

420 1516 772 1575 notavimus.
816 1514 997 1591 quue
1041 1530 1112 1573 ex
1145 1515 1248 1574 illa
1285 1515 1409 1588 ipsa
1452 1536 1474 1566 ι
1511 1530 1786 1587 germana
1824 1514 2120 1588 charitate,

419 1623 594 1682 quam
625 1607 911 1666 Dominus
945 1606 1103 1665 dedit
1132 1607 1282 1664 inter
1310 1604 1780 1677 Avellanensem,
1811 1612 1867 1663 et
1896 1606 2123 1663 Camal-

420 1695 726 1755 dulensem
753 1696 1055 1762 familiam,
1086 1717 1115 1751 »
1139 1690 1271 1769 jure
1292 1694 1507 1767 optimo
1536 1695 1752 1752 factum
1780 1709 1903 1752 esse
1929 1702 2120 1753 osten-

2210 549 2414 591 eorum
2469 534 2571 608 qui
2630 534 2796 593 nobis
2855 534 2917 592 in
2980 533 3101 593 loco
3185 534 3294 593 hoc
3377 537 3695 594 successuri
3752 544 3914 606 sunt,

2212 624 2473 681 notitiam
2514 625 2891 682 transferatur
2931 648 2943 680 ε
2981 630 3290 697 quatenus,
3321 623 3422 681 etsi
3458 640 3574 682 non
3611 625 3921 698 contigerit

2208 728 2305 770 eos
2354 713 2425 770 ad
2467 712 2668 771 altiora
2708 712 3108 782 conscendere,
3152 713 3415 771 eamdem
3444 713 3645 770 saltem
3679 713 3920 772 vivendi

2208 804 2490 878 regulam,
2519 820 2695 879 quam
2747 820 2849 861 vos
2884 803 3137 863 tenuisse
3182 800 3503 870 didicerint,
3543 810 3598 859 et
3631 802 3740 876 ipsi
3784 810 3919 862 stu-

2206 893 2377 951 deant
2413 893 2657 951 lideliter
2684 893 3027 966 observare;
3077 899 3140 953 ut
3166 893 3268 967 qui
3301 892 3668 951 habitationis
3699 893 3920 951 fuerint

2207 998 2579 1052 successores,
2661 984 2778 1041 sint
2856 983 3249 1042 nihilominus
3329 989 3384 1039 et
3461 984 3919 1043 conversationis

2208 1072 2510 1141 hteredes.)
2544 1072 2633 1131 Ex
2663 1089 2777 1147 quo
2806 1079 3028 1131 constat
3068 1079 3202 1130 ante
3244 1073 3366 1131 haec
3397 1078 3649 1146 tempora
3679 1072 3915 1131 Avella-

2207 1179 2417 1221 neuses
2458 1165 2728 1221 eremitas
2773 1170 2955 1222 certas
2995 1179 3112 1222 non
3143 1164 3414 1221 habuisse
3453 1164 3917 1235 constitutiones,

2207 1255 2259 1308 et
2314 1251 2502 1324 potius
2532 1252 2811 1322 moribus,
2848 1267 3024 1326 quam
3062 1252 3287 1327 legibus
3319 1251 3592 1311 deductos
3639 1252 3816 1311 fuisse
3840 1255 3920 1313 ad

2207 1337 2597 1398 obediendum
2627 1340 2762 1398 fidei
2793 1340 2852 1397 in
2883 1339 3179 1411 omnibus;
3217 1355 3333 1397 non
3362 1347 3446 1397 est
3469 1355 3625 1414 ergo,
3655 1341 3806 1413 quod
3839 1356 3920 1399 ex

2207 1429 2719 1491 constitutionibus
2755 1430 3026 1506 probetur
3054 1438 3252 1490 contra
3279 1432 3556 1491 unitatem
3598 1446 3919 1505 congrega-

2210 1518 2431 1577 tionum
2457 1519 2720 1592 istarum,
2758 1520 2898 1577 dum
2948 1536 3053 1579 nec
3082 1520 3206 1590 ista,
3245 1536 3349 1578 nec
3377 1520 3474 1578 illa
3503 1520 3655 1595 ipsas
3682 1520 3918 1589 habuit;

2206 1608 2327 1667 imo
2371 1608 2682 1668 dicendum
2735 1609 2933 1667 ambas
2980 1609 3138 1683 juste
3185 1616 3317 1667 ante
3372 1608 3554 1667 Deum
3619 1609 3927 1667 incessisse

2207 1696 2270 1755 in
2325 1698 2599 1756 omnibus
2658 1698 2946 1757 mandatis
2993 1705 3049 1756 et
3099 1697 3615 1772 justiﬁcationibus
3664 1697 3921 1769 Domini,

421 1784 628 1877 ditur,
649 1800 766 1844 non
788 1785 947 1877 enim
972 1786 1109 1877 alio,
1138 1800 1314 1877 quam
1350 1783 1608 1877 ejusdem
1646 1784 1894 1843 instituti
1910 1785 2183 1877 ‘vincu-B
2208 1801 2352 1861 quas
2392 1786 2523 1844 illas
2580 1787 2852 1846 docuerat
2910 1786 2970 1847 S.
3034 1788 3413 1858 Romualdus,
3476 1787 3602 1846 sine
3656 1787 3920 1862 querela,

419 1874 497 1945 lo,
527 1872 843 1948 eademque
874 1873 931 1932 S.
966 1873 1029 1932 P.
1063 1873 1373 1932 Romualdi
1400 1872 1722 1946 disciplinae
1752 1873 2123 1932 aemulatione

425 1965 633 2024 sociale
674 1966 863 2025 foedus
906 1965 1213 2039 utriusque
1262 1965 1500 2023 familia:
1537 1966 1846 2024 consistere
1885 1970 2123 2039 poterat,

423 2056 594 2129 quale
640 2057 794 2114 inter
841 2070 966 2126 nos,
997 2062 1049 2113 et
1083 2055 1226 2112 alias
1270 2055 1615 2113 monasticas
1660 2056 2129 2129 congregationes

419 2144 493 2202 ab
547 2144 749 2204 ordine
789 2150 985 2204 nostro
1031 2159 1268 2219 prorsus
1300 2143 1773 2219 iudepeudentes,
1802 2162 1918 2205 non
1956 2146 2127 2204 inter-

416 2234 609 2294 cessit.

486 2322 563 2382 II.
623 2322 999 2397 Prosequitur
1050 2328 1246 2383 autem
1308 2329 1507 2383 auctor
1558 2329 1754 2383 noster
1801 2340 1965 2383 num.
2026 2325 2059 2383 7
2109 2348 2121 2382 :

418 2431 449 2467 ‹‹
476 2412 640 2470 Hanc
667 2426 804 2470 vero
834 2413 1121 2470 unitatem
1153 2427 1226 2471 ex
1256 2411 1554 2470 identitate
1585 2412 1802 2484 regulae
1838 2429 1952 2471 non
1992 2428 2126 2487 pro-

417 2500 540 2558 bari
605 2499 826 2574 liquido
880 2507 1146 2573 apparet;
1207 2516 1343 2558 nam
1399 2501 1445 2558 si
1511 2516 1583 2559 ex
1644 2516 1711 2560 eo
1759 2518 1875 2576 quo
1925 2503 2125 2560 eadem

425 2588 484 2648 S.
514 2588 880 2648 P.Benedicti
905 2588 1105 2663 regula
1120 2588 1191 2645 ab
1217 2595 1465 2663 utraque
1480 2590 1919 2663 congregatione
1944 2598 2127 2649 custo-

421 2679 685 2739 diebatur
716 2679 911 2744 nimis,
944 2693 1125 2736 unam
1160 2679 1558 2737 tantummodo
1585 2679 1763 2737 fuisse
1790 2680 2115 2753 conjicitur;

421 2769 604 2844 igitur
643 2776 698 2827 et
747 2769 1234 2839 Cisterciensium,
1266 2776 1321 2826 et
1359 2769 1852 2842 Cluniacensium,
1894 2779 1949 2829 et
1988 2772 2126 2831 Val-

418 2859 950 2930 lumbrosanorum,
1005 2865 1060 2915 et
1117 2857 1592 2918 Silvestrinorum
1634 2861 2124 2934 congregationes,

423 2963 558 3023 quas
602 2963 803 3007 omnes
844 2948 1102 3005 eamdem
1137 2947 1194 3007 S.
1229 2948 1290 3007 P.
1324 2948 1616 3007 Benedicti
1660 2949 1918 3023 regulam
1951 2951 2126 3023 proﬁ-

421 3042 631 3106 tentur,
667 3051 781 3094 non
810 3035 1022 3109 plures,
1056 3036 1153 3094 sed
1174 3051 1292 3094 una
1320 3037 1721 3095 tantummodo
1751 3038 1859 3095 erit
1883 3054 2127 3112 congre-

415 3127 589 3228 gat-io.
621 3126 744 3198 Quo
775 3128 925 3231 nihil
963 3127 1277 3231 absurdius
1309 3127 1421 3231 dici
1451 3134 1650 3231 potest.
1692 3152 1718 3180 π
1758 3132 1834 3188 At
1863 3146 2035 3231 nemo
2066 3130 2123 3188 in
2144 3170 2188 3231 Ο

419 3218 685 3277 animum
710 3218 964 3288 induxit,
1001 3224 1066 3278 ut
1091 3235 1164 3276 ex
1196 3217 1317 3276 sola
1342 3216 1731 3275 Benedictinze
1760 3218 1977 3291 regulae
2004 3234 2130 3292 pro-

421 3307 670 3367 fessioue
715 3308 954 3366 Fontem
992 3307 1293 3366 Avellanze
1342 3306 1414 3364 ad
1451 3305 1988 3365 Camaldulensium
2036 3308 2128 3366 in-

422 3399 691 3457 stitutum
720 3398 1005 3471 pertinere
1036 3396 1342 3455 deduceret
1372 3420 1384 3453 :
1416 3394 1529 3453 nisi
1561 3396 1704 3453 forte
1726 3396 1876 3455 illud
1892 3395 2130 3454 aliunde

425 3490 560 3565 quis
609 3489 899 3562 adjiceret,
954 3495 1055 3547 aut
1106 3489 1309 3546 saltem
1354 3492 1719 3561 supponeret,
1770 3485 2130 3545 Avellanitas

420 3578 776 3638 eremiticam
809 3578 1052 3651 insuper
1084 3576 1263 3635 vitam
1300 3575 1568 3646 coluisse,
1601 3576 1767 3650 cujus
1799 3576 1869 3634 ad
1896 3575 2129 3634 Benedio

415 3666 586 3727 ctinas
625 3667 843 3740 regulae
882 3675 1131 3725 canones
1171 3665 1503 3739 conjunctio
1554 3665 1743 3724 solum
1800 3662 1858 3722 S.
1896 3664 1958 3722 P.
2012 3665 2128 3723 Ro-

424 3759 728 3819 mualdum
766 3766 1078 3827 auctorem,
1112 3763 1166 3815 et
1198 3756 1584 3815 institutorem
1610 3755 1891 3828 agnoscit,
1921 3771 2129 3828 quem-

422 3847 736 3907 admodum
790 3846 1015 3905 dissert.
1064 3859 1104 3918 Ι,
1159 3861 1283 3918 cap.
1329 3846 1384 3915 5,
1431 3860 1593 3904 num.
1658 3844 1742 3915 10,
1794 3845 2128 3904 observavi-

424 3954 575 3998 mus.
625 3938 749 4009 Qua
782 3937 1002 3996 ratione
1040 3942 1195 4011 patet
1238 3934 1465 3994 nullam
1510 3951 1634 3994 esse
1670 3936 1744 3995 ab
1785 3936 2131 3995 Avellanitis

422 4028 494 4088 ad
563 4036 798 4087 caeteros
847 4027 1180 4099 monachos,
1230 4041 1375 4100 puos
1425 4032 1682 4083 recenset
1754 4025 2127 4099 Laderchius,

418 4117 842 4176 deductionem.

493 4205 595 4264 III.
627 4205 819 4280 Pergit
873 4209 1059 4262 tamen
1114 4218 1278 4262 num.
1335 4202 1413 4262 8:
1457 4203 1724 4274 «Minus,
1781 4202 1993 4276 inquit,
2055 4220 2129 4262 ex

423 4295 718 4354 identitate
768 4293 1248 4353 constitutionum
1289 4297 1508 4350 constat
1550 4307 1665 4351 non
1698 4291 1924 4366 probari
1956 4292 2128 4351 talem

424 4385 725 4453 unitatem,
774 4399 876 4457 per
915 4398 1058 4456 quas
1104 4380 1542 4441 constitutiones
1581 4397 1953 4456 unaquaeque
1996 4397 2129 4441 con-

424 4472 677 4548 gregatio
706 4472 900 4530 diﬁ‘ert
928 4471 998 4529 ab
1034 4470 1167 4543 alia,
1196 4471 1343 4530 sicut
1376 4471 1540 4529 stella
1570 4487 1603 4529 a
1644 4470 1845 4542 stella;
1877 4487 2011 4530 nam
2054 4473 2123 4544 si,

423 4583 558 4627 cum
596 4564 922 4639 Augustino
971 4564 1270 4635 Fortunio,
1306 4563 1365 4624 S.
1413 4564 1802 4623 Romualdum
1846 4566 2127 4624 constitu-

422 4658 609 4717 tiones
633 4671 747 4713 non
779 4654 1028 4713 edidisse
1059 4655 1324 4726 fatemur,
1354 4660 1409 4713 et
1436 4655 1558 4713 suis
1589 4654 2131 4716 Camaldulensibus

422 4763 543 4807 non
589 4744 908 4813 tradidisse,
951 4743 1129 4815 igitur
1160 4759 1277 4802 non
1326 4750 1410 4803 est
1456 4744 1657 4803 eadem
1712 4759 1842 4802 cum
1897 4744 2130 4802 Avella-

423 4836 593 4896 nensi
640 4832 1100 4893 Camaldulensis
1144 4832 1533 4907 congregatio;
1575 4848 1711 4891 nam
1757 4831 1879 4903 illa,
1911 4834 1995 4892 uti
2039 4835 2130 4893 vi~

420 4925 674 4995 debitur,
733 4922 993 4997 proprias
1046 4922 1439 4982 institutiones
1496 4921 1719 4993 habuit,
1776 4937 1940 4980 secus
1997 4923 2123 4981 ista.

420 5015 573 5085 Quid
620 5013 879 5071 dicemus
932 5011 1003 5070 ad
1060 5010 1237 5070 haec?
1276 5010 1772 5085 Respondebimus
1809 5026 1949 5068 sane
1992 5027 2126 5069 san-

418 5107 577 5162 ctum
604 5099 997 5161 Romualdum
1042 5099 1235 5157 nullas
1274 5100 1496 5157 dedisse
1529 5099 1990 5171 constitutiones,
2029 5100 2123 5157 sed

420 5207 529 5251 nec
579 5190 729 5250 ullas
772 5190 1060 5260 habuisse,
1096 5204 1213 5247 non
1264 5188 1450 5246 solum
1504 5186 1996 5258 Camaldulenses,
2028 5187 2127 5246 sed

422 5298 528 5340 nec
567 5279 998 5339 Avellanenses.
1050 5277 1121 5334 Et
1166 5276 1272 5334 hoc
1317 5290 1391 5333 ex
1440 5275 1564 5347 ipso
1621 5274 1785 5334 Petro
1838 5273 2124 5349 Damiani,

419 5371 522 5446 qui
552 5369 613 5428 in
645 5384 841 5443 Opusc.
888 5367 967 5424 De
998 5364 1199 5424 ordine
1229 5362 1596 5422 eremitarum
1638 5363 1834 5423 Fontis
1861 5364 2126 5425 Avellani

421 5462 548 5520 haec
595 5459 785 5527 habet,
824 5470 998 5529 agens
1050 5453 1121 5511 de
1168 5468 1289 5511 suae
1329 5454 1786 5526 congregationis
1807 5453 2124 5514 institutis.

419 5551 587 5623 (Volo
626 5556 839 5619 autem,
892 5547 1096 5603 fratres
1139 5544 1272 5615 mei,
1311 5544 1380 5603 de
1432 5551 1636 5603 vestrm
1676 5545 2128 5605 conversationis

418 5638 621 5700 ordine
663 5651 845 5712 pauca
883 5632 1283 5708 perstringere,
1318 5637 1382 5693 ut
1411 5633 1565 5706 quod
1609 5635 1671 5693 in
1715 5635 1922 5697 vestris
1968 5651 2127 5699 nunc

2137 4534 2188 4594 D

2211 1884 2266 1934 et
2293 1876 2391 1933 tali
2422 1883 2581 1949 pacto
2610 1878 2809 1935 ambas
2841 1876 3186 1951 processisse
3211 1876 3273 1935 in
3309 1876 3514 1935 diebus
3540 1876 3678 1934 suis.
3709 1898 3737 1929 ››

2284 1963 2382 2022 IV.
2415 1964 2599 2033 Quam
2622 1964 3055 2039 responsionem
3067 1965 3148 2023 sic
3168 1964 3578 2023 confutandam
3589 1965 3930 2038 aggreditur

2213 2055 2479 2129 sequenti
2522 2072 2685 2115 num.
2720 2059 2773 2128 9,
2816 2056 3012 2114 dicens
3053 2081 3065 2114 :
3132 2081 3154 2104 α
3189 2054 3298 2114 Sed
3343 2070 3473 2113 cum
3520 2055 3592 2112 ab
3628 2071 3749 2114 uno
3797 2072 3928 2114 ma-

2212 2145 2388 2216 gistro
2436 2145 2885 2205 Avellanensem
2935 2152 2990 2204 et
3052 2146 3552 2205 Camaldulensem
3604 2147 3779 2205 simul
3837 2147 3926 2205 fa-

2212 2234 2437 2293 miliam
2496 2236 2789 2309 volumus,
2829 2254 2932 2297 cur
2976 2237 3170 2311 prima
3210 2238 3284 2295 ab
3320 2236 3436 2295 alia
3473 2236 3698 2310 legibus
3748 2238 3931 2310 ccepit

2213 2324 2429 2395 vivere,
2471 2341 2587 2385 non
2633 2327 3040 2386 traditionibus
3075 2332 3336 2386 contenta
3367 2327 3395 2385 ἶ)
3427 2328 3571 2386 Nam
3601 2344 3751 2387 anno
3790 2328 3929 2387 lOiO

2214 2414 2305 2471 vel
2358 2416 2603 2485 circiter,
2644 2434 2677 2475 a
2736 2417 2903 2476 Petro
2959 2423 3157 2476 nostro
3213 2418 3479 2476 Damiani
3525 2417 3930 2477 institutiones

2212 2520 2334 2563 sure
2367 2507 2825 2579 congregationis
2854 2507 3149 2582 inscriptae
3185 2508 3584 2582 perhibentur,
3616 2508 3707 2568 vel
3741 2509 3931 2567 tutius

2211 2610 2366 2653 anno
2418 2596 2545 2654 1071
2591 2597 2683 2656 vel
2735 2597 2891 2667 1072,
2933 2614 3070 2656 nam
3119 2614 3193 2657 ex
3248 2598 3433 2672 ipsius
3482 2598 3694 2670 verbis,
3749 2600 3931 2658 morti

2212 2684 2545 2758 proximum
2605 2686 2732 2744 illas
2784 2687 3080 2760 scripsisse
3129 2694 3320 2761 aperte
3366 2686 3661 2761 colligitur
3707 2711 3721 2746 :
3780 2688 3931 2746 dum

2211 2775 2514 2853 alloquens
2542 2778 2603 2835 in
2635 2780 2922 2852 prioratus
2954 2778 3141 2837 ollicio
3179 2794 3314 2836 suos
3342 2793 3701 2837 successores
3733 2778 3931 2850 (Ecce,

2212 2862 2367 2935 dicit,
2418 2864 2620 2922 fratres
2665 2867 2797 2935 mei,
2839 2866 2923 2924 fui
2978 2867 3131 2941 quod
3165 2865 3320 2936 estis,
3376 2873 3431 2922 et
3468 2881 3741 2924 emensus
3791 2881 3932 2925 sum

2212 2954 2366 3027 quod
2422 2954 2680 3013 transitis
2734 2975 2747 3012 :
2803 2963 3010 3030 prtesto
3061 2955 3226 3014 vobis
3274 2962 3410 3013 sunt
3474 2972 3608 3029 qua;
3667 2957 3932 3029 deserui,

2211 3043 2605 3119 propinquum
2660 3050 2745 3101 est
2793 3060 2907 3119 quo
2959 3043 3244 3117 perveni),
3301 3051 3355 3101 et
3402 3059 3555 3102 anno
3609 3045 3935 3104 centesimo

2211 3148 2383 3206 supra
2437 3133 2835 3203 millesimum,
2889 3138 2945 3190 et
3002 3131 3174 3204 ultra,
3232 3132 3491 3205 regulam
3539 3134 3929 3207 eremiticam,

2210 3229 2441 3279 auctore
2491 3221 2818 3293 Augustino
2903 3221 3201 3292 Fortunio,
3265 3220 3652 3294 promulgavit
3727 3222 3797 3281 Β.
3854 3223 3926 3282 P.

2210 3310 2553 3385 Bodulphus
2593 3311 2773 3369 eremi
2815 3311 3276 3370 Camaldulensis
3322 3311 3497 3385 prior,
3530 3313 3931 3371 consentiente

2210 3399 2575 3472 Helemperio
2622 3399 2875 3474 episcopi
2928 3400 3187 3460 Aretino.
3240 3399 3310 3459 Et
3355 3399 3426 3458 ad
3482 3400 3623 3477 quid
3673 3400 3929 3474 perditio

2210 3487 2337 3546 haec
2368 3504 2536 3547 nova)
2572 3488 2869 3562 Bodulphi
2900 3490 3134 3564 regulae,
3164 3491 3213 3549 si
3242 3508 3314 3550 ex
3348 3497 3486 3549 tunc
3518 3494 3742 3549 tantum
3775 3496 3924 3547 tem-

2210 3578 2367 3651 poris
2391 3578 2558 3637 illam
2593 3580 2994 3637 monumentis
3027 3579 3228 3639 Petrus
3277 3581 3344 3639 N.
3382 3580 3647 3638 Damiani
3678 3578 3924 3637 manda-

2212 3675 2372 3727 verat
2414 3671 2440 3724 ?
2486 3668 2556 3737 si,
2613 3673 2677 3725 ut
2737 3668 3107 3742 supponitur,
3160 3670 3423 3728 eamdem
3476 3670 3679 3742 ipsam,
3738 3683 3922 3742 quam

2213 3759 2544 3818 habuerunt
2568 3773 2641 3814 ex
2670 3772 2768 3816 ore
2790 3760 2972 3816 sancti
3004 3758 3316 3816 Bomualdi
3346 3756 3832 3827 Camaldulenses,
3864 3762 3923 3814 et

2214 3847 2631 3905 Avellanenses
2652 3862 2884 3920 quoque
2909 3847 3296 3921 acceperunt?
3330 3868 3356 3899 »
3389 3846 3530 3905 Haec
3557 3845 3675 3904 ille.

2285 3934 2354 3992 V.
2395 3935 2461 3992 In
2492 3935 2708 4009 quibus
2752 3934 2941 4009 primo
2992 3935 3348 3993 dissimulari
3394 3951 3509 3994 non
3555 3933 3721 3992 debet
3773 3933 3921 3991 scri-

2213 4030 2434 4099 ptorem
2465 4025 2621 4082 hunc
2650 4024 2711 4082 in
2747 4023 3040 4098 probanda
3072 4025 3582 4097 oongregationum
3620 4021 3921 4081 Avellanae

2214 4120 2268 4172 et
2304 4112 2632 4173 Camalduli
2675 4114 2902 4187 (nempe
2943 4129 3121 4172 sacrze
3169 4115 3349 4173 eremi
3395 4114 3660 4183 Etruriae)
3706 4112 3920 4171 distin-

2214 4203 2421 4274 ctione,
2456 4203 2689 4261 inanein
2748 4219 2980 4277 operam
3028 4202 3247 4274 ludere,
3274 4220 3407 4262 cum
3457 4202 3514 4261 id
3555 4202 3612 4261 in
3644 4199 3919 4277 quaestio-

2214 4310 2349 4352 nem
2382 4294 2625 4351 minime
2682 4291 2863 4364 cadat,
2927 4294 3025 4351 sed
3103 4300 3352 4365 tantum,
3413 4310 3488 4351 an
3545 4300 3790 4367 utraque
3847 4291 3919 4349 ad

2213 4383 2487 4442 eumdem
2519 4381 2783 4440 ordinem
2813 4398 2846 4440 a
2886 4380 2943 4441 S.
2997 4382 3322 4442 Romualdo
3360 4383 3713 4453 institutum,
3742 4396 3920 4456 quem

2214 4472 2716 4535 Camaldulensem
2751 4473 3018 4545 dicimus,
3062 4474 3341 4547 pertineat
3376 4482 3397 4531 7
3454 4473 3677 4531 Fucum
3727 4469 3921 4544 itaque

2217 4566 2527 4626 lectoribus
2566 4563 2719 4636 facit,
2760 4563 2902 4622 dum
2930 4564 3106 4623 anxie
3135 4563 3399 4637 inquirit,
3425 4579 3500 4621 an
3547 4568 3811 4636 utraque,
3839 4576 3919 4618 an

2218 4660 2425 4713 neutra
2482 4653 2687 4712 eodem
2763 4658 3017 4725 tempore
3099 4650 3327 4724 scriptis
3406 4648 3921 4710 constitutionibus

2217 4748 2453 4820 vixerit,
2486 4756 2541 4808 et
2576 4765 2649 4806 an
2680 4746 2969 4820 superfluo
3024 4744 3217 4804 labore
3249 4743 3570 4804 Camalduli
3607 4750 3918 4805 consuetu-

2215 4837 2380 4896 dines
2417 4837 2482 4897 B.
2529 4835 2873 4910 Rodulphus
2925 4833 3234 4907 scripserit,
3265 4840 3569 4910 postquam
3621 4832 3923 4893 Avellanaa

2214 4927 2604 4986 institutiones
2647 4923 2704 4984 S.
2759 4923 2963 4983 Petrus
3008 4922 3275 4981 Damiani
3328 4920 3694 4983 dictaverat?
3744 4920 3923 4992 Quasi

2212 5032 2349 5076 vero
2401 5015 2538 5074 hinc
2583 5013 2803 5072 ordinis
2843 5013 3038 5072 unitas
3097 5014 3369 5089 pendeat;
3399 5030 3532 5073 cum
3576 5012 3755 5071 nimis
3802 5010 3927 5070 evi-

2213 5105 2356 5163 dens
2412 5104 2485 5163 sit
2544 5110 2657 5162 tam
2734 5102 2948 5162 multas
3006 5102 3219 5177 passim
3286 5118 3585 5162 occurrere
3662 5100 3925 5174 ejusdem

2212 5191 2433 5252 ordinis
2469 5191 2961 5266 congregationes,
3012 5207 3144 5265 qua;
3172 5206 3285 5250 non
3318 5190 3542 5259 iisdem,
3575 5205 3677 5247 nec
3717 5189 3923 5247 eodem

2215 5290 2470 5354 tempore
2527 5280 2753 5355 scriptis
2799 5280 3263 5341 institutionibus
3315 5284 3596 5336 utantur:
3646 5276 3924 5351 quemad-

2214 5369 2449 5428 modum
2496 5369 2627 5428 alire
2694 5375 2833 5428 sunt
2880 5368 3359 5443 Capucciuorutn,
3415 5365 3546 5425 alite
3617 5366 3918 5425 minorum

2211 5458 2662 5523 observantium,
2721 5456 2853 5515 alia:
2915 5452 3384 5515 conventualium
3437 5456 3610 5526 leges,
3644 5451 3915 5527 quamvis

2212 5547 2324 5606 sub
2365 5549 2564 5607 eodem
2622 5546 2682 5608 S.
2741 5545 3026 5605 Francisci
3081 5542 3283 5603 ordine
3338 5542 3917 5611 militantium;alize

2211 5637 2424 5713 pariter
2472 5637 2933 5707 Carmelitarum,
2987 5649 3131 5711 quos
3208 5632 3498 5694 Calceatos
3551 5638 3912 5706 nuncupant,
