4100 6210
175 341 246 399 65
1035 340 1609 404 PROLEGOMENA.
1656 374 1726 388 --
1762 344 1858 404 DE
1897 342 2298 404 INSTITUTO
2337 338 2769 403 CAMALDUL.
3618 345 3687 405 66

164 467 303 526 aliae
340 467 818 527 Excalceatorum
853 469 1322 543 constitutiones;
1352 471 1489 529 item
1529 470 1659 529 aliae
1699 469 1948 533 Nndi-A
1970 469 2185 544 primas
2230 468 2496 528 Patribus
2538 467 2929 543 promulgavit
2972 469 3436 541 constitutiones,
3468 470 3685 545 quibus

164 555 388 630 pedum
426 556 998 630 Augustiniensium,
1030 558 1162 618 aliae
1189 561 1703 634 congregationum
1734 565 1893 618 vete-

166 644 251 700 ris
281 642 604 701 Eremitani
642 644 896 703 instituti
931 645 1267 719 sequacium
1305 646 1754 705 consuetudines
1785 667 1797 704 :
1832 651 1896 705 ut

172 729 325 787 nihil
391 729 463 789 de
524 732 861 803 mouastico,
915 732 1063 790 nihil
1128 733 1197 791 de
1266 732 1391 808 ipso
1464 732 1895 792 Camaldulensi

174 820 384 879 ordine
426 821 713 895 adjiciam,
748 821 811 880 in
841 824 968 897 'quo
1007 822 1107 881 alii
1142 830 1281 883 sunt
1314 824 1758 893 caenobitarum,
1793 822 1894 881 alii

172 911 555 969 eremitarum
613 927 790 970 sacrae
856 912 1033 971 eremi
1099 912 1367 985 Etruriae,
1425 914 1526 972 alii
1583 929 1895 987 congrega-

176 998 352 1058 tionis
405 999 624 1059 montis
674 1001 933 1073 Coronae,
974 1002 1075 1061 alii
1125 1002 1378 1079 denique
1416 1003 1892 1073 Taurinensium,

170 1088 273 1145 alii
330 1087 635 1149 Gallorum
687 1092 1061 1152 eremitarum
1117 1092 1351 1151 vivendi
1405 1108 1614 1165 mores,
1671 1091 1896 1152 tametsi

169 1178 451 1237 eumdem
508 1196 712 1239 omnes
762 1197 1133 1240 communem
1187 1181 1413 1241 Patrem
1473 1183 1891 1256 Romualdutn,

166 1282 418 1341 suaeque
448 1270 898 1329 conversationis
928 1270 1271 1344 magistrum
1300 1278 1633 1345 agnoscant,
1661 1272 1891 1332 eodem-

165 1371 284 1430 que
316 1357 854 1417 Camaldulensium
884 1360 1226 1433 cognomine
1252 1360 1595 1435 glorientur.

243 1446 342 1505 VI.
370 1446 662 1521 Secundo,
695 1465 828 1508 cum
844 1465 915 1507 ex
936 1449 1103 1508 dictis
1126 1449 1353 1509 dissert.
1372 1463 1409 1520 Ι,
1442 1467 1490 1508 c.
1518 1452 1569 1520 2,
1600 1465 1765 1508 num.
1804 1449 1889 1521 11,

165 1536 369 1594 omnia
441 1536 663 1609 pridem
742 1536 1105 1608 monasteria,
1189 1539 1350 1611 quasi
1429 1538 1665 1597 totidem
1750 1554 1888 1596 con-

165 1624 556 1698 gregationes,
614 1626 719 1684 abs
772 1642 832 1684 se
886 1626 1139 1686 invicem
1198 1626 1644 1700 independentia
1701 1627 1891 1686 consi-

1975 558 2165 617 omnis
2206 574 2340 617 vere
2379 558 2736 617 ccenohiticae
2784 557 3157 617 instituendae
3202 559 3339 619 vitae
3382 559 3687 631 rationem,

1978 656 2089 705 tam
2130 647 2317 721 quoad
2361 646 2583 717 divina,
2621 662 2796 719 quam
2843 647 3031 720 quoad
3082 662 3287 719 mores,
3345 656 3475 718 etc.,
3520 648 3686 721 quin-

1975 741 2088 811 que
2129 737 2292 796 libris
2340 738 2677 812 complexus
2723 746 2826 798 est.
2859 765 2883 786 ››
2945 738 3146 812 Itaque
3200 739 3294 798 hic
3336 738 3448 797 dici
3500 747 3689 811 posset

1974 844 2109 886 cum
2141 828 2458 886 Laderchio
2483 853 2495 887 :
2534 850 2561 881 ς(
2590 828 2776 902 Igitur
2805 844 2921 886 non
2953 836 3036 886 est
3066 829 3265 885 eadem
3295 844 3433 887 cum
3472 828 3688 886 eremi-

1977 920 2165 975 tarum
2194 915 2729 975 Camaldulensium
2754 916 3192 990 congregatione
3223 914 3687 976 Camaldulensis

1974 1006 2391 1066 monachorum
2423 1007 2822 1082 congregatio:
2860 1022 2994 1065 nam
3039 1005 3160 1077 illa,
3207 1006 3291 1064 uti
3342 1006 3533 1065 visum
3577 1014 3685 1078 est,

1974 1095 2230 1170 proprias
2281 1097 2672 1155 institutiones
2723 1095 2927 1154 habuit
2962 1101 3017 1164 (a
3054 1103 3307 1169 tempore
3356 1096 3421 1155 Β.
3476 1097 3687 1156 Rodul-

1973 1184 2096 1259 phi,
2149 1200 2335 1259 usque
2384 1185 2456 1243 ad
2510 1185 2664 1257 1234)
2710 1199 2876 1242 secus
2929 1182 3081 1241 ista:
3120 1182 3271 1252 Quid
3322 1184 3580 1244 dicemus
3613 1187 3685 1243 ad

1974 1274 2152 1333 haec?
2180 1300 2203 1328 υ
2245 1276 2467 1335 Pariter
2497 1292 2631 1335 cum
2681 1274 2881 1333 eodem
2923 1273 3241 1332 Laderchio
3289 1274 3401 1333 dici
3450 1283 3681 1349 posset:

1978 1391 2005 1419 α
2036 1367 2148 1427 Sed
2188 1384 2325 1427 cum
2356 1368 2428 1427 ab
2466 1384 2586 1427 uno
2632 1367 2902 1441 magistro
2939 1364 3338 1437 eremitarum,
3381 1372 3437 1424 et
3482 1382 3687 1425 mona-

1973 1458 2219 1516 chorum
2258 1456 2814 1526 Camaldulensium,
2855 1456 3032 1514 simul
3072 1454 3354 1513 familiam
3391 1456 3687 1527 volumus,

1972 1562 2077 1625 cur
2118 1546 2306 1620 prima
2352 1547 2425 1605 ab
2461 1546 2573 1605 alia
2613 1546 2838 1620 legibus
2882 1544 3054 1617 ccepit
3106 1543 3324 1615 vivere,
3361 1560 3477 1602 non
3520 1547 3692 1603 tradi-

1973 1636 2229 1696 tionibus
2267 1644 2581 1697 contenta?
2619 1637 2689 1695 Et
2739 1636 2811 1696 ad
2855 1636 2997 1712 quid
3052 1636 3293 1708 perditio
3341 1637 3467 1694 haec
3518 1652 3687 1695 novae

166 1717 405 1784 starent,
466 1729 792 1788 congruum
849 1723 970 1774 erat
1035 1715 1307 1790 profectO,
1368 1723 1432 1774 ut
1489 1715 1715 1790 Singula
1769 1715 1892 1774 Silis
1970 1725 2283 1786 B.Martini
2303 1726 2387 1785 III
2408 1726 2645 1801 regulae,
2675 1725 2815 1784 siex
2835 1732 3211 1783 tunclantum
3240 1724 3686 1797 temporisillam

164 1804 684 1863 constitutionibus
716 1804 941 1878 scriptis
978 1811 1301 1875 uterentur,
1339 1803 1539 1879 quales
1577 1821 1651 1862 ex
1691 1804 1891 1863 multis
1914 1816 2378 1885 Bmonumemis
2409 1815 2475 1873 Β,
2508 1815 2853 1889 Rodulphus
2886 1813 3309 1871 mandaverat?
3352 1813 3421 1885 si,
3453 1819 3518 1872 ut
3545 1828 3689 1888 sup-

165 1908 307 1950 mss.
371 1902 789 1952 commemorat
836 1893 1094 1951 Martene
1148 1895 1218 1952 de
1271 1892 1527 1967 antiquis
1576 1893 1890 1952 monacho-

164 1996 302 2039 rum
338 1981 572 2052 ritibus,
609 1991 750 2056 puta
789 1982 1183 2053 Corbeienses,
1214 1982 1611 2053 Divionenses,
1647 1982 1888 2042 Tullen.

160 2087 277 2142 ses,
334 2070 843 2145 Compendienses,
899 2072 1338 2144 Laudunenses,
1396 2073 1703 2146 Lyrenses,
1758 2081 1888 2145 etc.,

159 2174 354 2234 quare
382 2160 527 2233 quid
547 2160 781 2229 mirum,
810 2161 859 2218 si
890 2160 1348 2220 Camaldulensis
1377 2176 1606 2219 eremus
1630 2162 1890 2234 proprias

160 2248 379 2307 habuit
408 2247 874 2321 consuetudines,
915 2250 1170 2322 itemque
1194 2249 1457 2324 proprias
1488 2248 1686 2307 Fontis
1715 2248 1889 2309 Avel-

161 2339 317 2397 lanae
364 2338 620 2397 solitudo
649 2345 919 2411 servaret,
951 2339 1139 2414 primo
1176 2338 1412 2413 quidem
1454 2355 1529 2398 ex
1559 2338 1679 2413 sola
1711 2339 1889 2398 tradi-

163 2430 319 2489 tione
390 2446 497 2504 per
559 2430 949 2489 Romualdum
1018 2440 1297 2505 acceptas,
1380 2432 1589 2491 deinde
1661 2432 1890 2506 scriptis

1972 1907 2227 1980 ponitur,
2276 1906 2537 1965 eamdem
2583 1906 2786 1979 ipsam,
2845 1919 3017 1980 quam
3070 1903 3408 1961 habuerunt
3460 1918 3536 1960 ex
3588 1919 3687 1962 ore

1977 1994 2035 2054 S.
2049 1995 2359 2055 Romualdi
2372 1995 2644 2062 eremitae,
2659 2002 2711 2052 et
2730 1993 2996 2053 monachi
3018 2008 3250 2068 quoque
3277 2001 3634 2066 acceperunt.
3659 2017 3680 2046 ι

1972 2085 2044 2143 Et
2090 2093 2275 2143 tamen
2327 2101 2445 2144 non
2482 2084 2653 2143 modo
2700 2083 2773 2142 ad
2820 2083 3091 2142 eumdem
3145 2082 3431 2151 ordinem,
3464 2082 3562 2142 sed
3612 2080 3685 2140 ad

1970 2172 2233 2232 eamdem
2290 2180 2424 2232 tunc
2478 2172 2812 2245 indivisam,
2867 2173 3042 2230 etiam
3103 2171 3292 2245 quoad
3352 2177 3686 2229 extremum

1972 2263 2251 2335 regimen,
2301 2261 2823 2334 congregationem,
2870 2258 3172 2318 ccenobitae
3224 2259 3456 2333 pariter,
3514 2267 3686 2333 atque

1971 2352 2222 2409 eremitae
2251 2350 2727 2410 Camaldulenses
2762 2349 3148 2423 pertinebant.

2043 2442 2198 2500 VIII.
2251 2444 2324 2500 At
2365 2458 2437 2499 ne
2471 2443 2533 2499 in
2577 2441 2804 2499 diverso
2853 2440 2989 2498 vitae
3041 2454 3275 2512 genere,
3315 2438 3468 2512 quod
3516 2438 3600 2508 hi,
3633 2446 3690 2496 et

160 2519 478 2593 expositas,
536 2520 726 2593 primo
785 2519 1019 2593 quidem
1075 2536 1108 2577 a
1163 2519 1329 2578 Petro
1407 2520 1887 2594 Daminiani‘pro

2043 2533 2057 2590 i
2091 2534 2202 2592 sub
2235 2534 2413 2591 unius
2442 2532 2575 2591 licet
2603 2529 3062 2604 congregationis
3090 2529 3374 2602 regimine
3403 2528 3685 2599 viventes,

154 2607 537 2678 Avellanitis,
582 2607 879 2681 aliquanto
923 2614 1117 2666 autem
1166 2609 1355 2666 serius
1401 2624 1435 2665 a
1470 2608 1536 2666 B.
1578 2608 1887 2683 Bodulpho

2043 2620 2380 2694 quebantur,
2410 2619 2672 2694 aliquam
2706 2619 3036 2692 argumenti
3075 2618 3468 2692 disparitatem
3503 2616 3689 2675 cavil-

152 2712 257 2770 pro
297 2695 899 2755 Camaldulensibus?
928 2695 1050 2755 Etsi
1089 2696 1246 2754 enim
1293 2712 1494 2755 omnes
1523 2698 1712 2772 quoad
1741 2698 1887 2756 sub-
1970 2710 2078 2768 131-1
2120 2712 2254 2784 quis
2306 2710 2502 2783 possit,
2555 2717 2763 2784 quarto
2816 2706 3277 2777 observabimus,
3336 2706 3397 2764 iu
3455 2705 3691 2764 eadem-

152 2786 437 2844 stantiam
478 2787 877 2857 convenirent,
916 2802 1021 2861 pro
1061 2786 1366 2857 regionum
1412 2795 1601 2844 tamen
1641 2786 1886 2843 diversi-
1968 2806 2087 2856 me:
2124 2798 2581 2872 congregatione,
2611 2813 2677 2855 ac
2724 2796 2833 2855 sub
2867 2795 3068 2854 eodem
3099 2795 3382 2869 generali,
3424 2810 3531 2853 nec
3569 2811 3686 2853 non

154 2882 288 2944 tate,
330 2882 562 2949 poterat
607 2876 670 2933 in
719 2874 1171 2934 circumstantiis
1224 2874 1526 2948 quidpiam
1564 2890 1887 2947 occurrere,

2086 2885 2347 2959 ejusdem
2400 2885 2724 2960 disciplinae
2772 2900 3002 2959 genere,
3054 2883 3370 2941 militantia
3416 2882 3559 2952 loca,
3608 2882 3693 2941 di-

152 2963 311 3038 quod
360 2964 524 3022 varie
554 2963 1106 3023 accommodandum
1142 2971 1289 3022 esset
1339 2964 1497 3032 locis,
1530 2964 1887 3037 temporibus

2044 2990 2163 3032 rsas
2195 2974 2542 3048 quandoque
2570 2972 3006 3032 constitutiones
3033 2971 3366 3045 regionibus
3394 2972 3511 3030 illis
3542 2987 3689 3029 con-

152 3062 333 3127 atque
388 3053 671 3127 personis.
713 3053 873 3123 Quod
918 3059 973 3111 et
1009 3052 1071 3110 in
1117 3058 1312 3110 nostro
1348 3068 1484 3109 casu
1518 3051 1885 3124 potissimum

2043 3074 2238 3125 nentes
2284 3066 2493 3125 habere
2544 3073 2599 3124 et
2652 3081 2880 3125 servare
2936 3063 3332 3122 consuevisse.
3386 3062 3482 3121 Sic
3530 3062 3684 3121 idem

158 3143 434 3242 ςνθοίεεε
505 3150 747 3213 Constat.
802 3159 938 3200 nam
1000 3143 1123 3217 ipso
1178 3141 1497 3240 Damiallus
1524 3157 1747 3242 ‘Opuﬁc-
1800 3154 2251 3242 XVCMartinus
2289 3154 2396 3227 III,
2428 3155 2531 3229 qui
2571 3169 2726 3212 anno
2768 3153 2923 3223 1254,
2955 3158 3019 3211 ιιι
3059 3150 3387 3223 retulimus,
3419 3151 3686 3209 omnium

156 3234 400 3303 fatetur,
460 3250 576 3292 non
643 3242 808 3292 extra
870 3247 1150 3301 eremum,
1210 3231 1269 3289 in
1336 3247 1450 3306 qua
1510 3231 1767 3303 degebat,
1826 3247 1887 3289 se

2043 3246 2393 3303 onachorum
2445 3243 2887 3303 constitutiones
2941 3241 3297 3315 compilavit,
3347 3242 3469 3314 jam
3531 3256 3687 3299 anno

152 3323 607 3381 ωηεῐίῑυίίοιιθε
644 3338 777 3381 suas
821 3321 1178 3380 θκιθῐιάθτθί
1219 3344 1249 3409 ἦ
1280 3318 1395 3377 Nec
1439 3327 1575 3391 iam.
1622 3320 1763 3393 (inid
1813 3321 1887 3378 ab
1980 3334 2130 3404 1248,
2176 3351 2278 3409 pro
2316 3335 2437 3393 solo
2473 3332 2735 3392 coenobio
2769 3331 2828 3391 S.
2880 3330 3113 3391 Mathiae
3164 3330 3391 3391 Murani
3426 3331 3689 3404 peculia-

152 3412 423 3471 ετθωηίε
475 3412 601 3470 ﬁeri
653 3412 854 3470 debeat
906 3409 1162 3485 generali
1224 3408 1560 3467 ἀθίίηίίίουο
1622 3409 1884 3482 ρΐεθεεΐίσ
1974 3438 2064 3480 res
2093 3423 2530 3481 constitutiones
2572 3421 2886 3492 addiderat,
2930 3436 3066 3495 quae
3103 3419 3218 3493 legi
3253 3425 3491 3492 possunt
3531 3419 3687 3490 apud

153 3501 383 3573 bimus,
410 3519 588 3577 quam
620 3503 764 3579 quid
809 3502 870 3559 in
916 3502 1022 3559 hac
1046 3516 1241 3559 eremo
1274 3501 1556 3570 tiat,‘cum
1583 3500 1726 3570 IOCO,
1760 3507 1884 3558 tum
1974 3509 2340 3580 Fortunium,
2393 3510 2543 3568 Hist.
2596 3508 2851 3568 Camald.
2902 3514 3049 3582 part.
3093 3519 3155 3576 Il,
3209 3507 3313 3564 lib.
3361 3519 3445 3577 tu,
3476 3521 3596 3578 cap.
3633 3507 3686 3565 5.

154 3612 429 3670 personae
518 3595 843 3670 specialiter
937 3594 1300 3652 intimamus.
1388 3612 1415 3646 »
1494 3591 1887 3663 Similiterque
1973 3597 2096 3656 Imo
2148 3605 2346 3656 notare
2383 3599 2551 3670 juvat
2599 3597 2829 3655 eosdem
2879 3596 3034 3668 ipsos
3082 3593 3400 3666 religiosos,
3450 3592 3717 3651 iisdem-‘

154 3684 222 3743 Β·
281 3684 588 3758 ΒοάΠῙΡῙιί
643 3691 852 3743 Staium
897 3698 1017 3742 UOH
1064 3682 1213 3741 υἶῐΐὶὶ
1255 3697 1474 3740 sacram
1522 3687 1799 3748 eremum,
1834 3684 1887 3736 ει
1973 3704 2087 3764 que
2137 3688 2277 3747 locis
2313 3693 2565 3759 agentes,
2617 3702 2721 3759 pro
2760 3685 2918 3743 varia
2959 3691 3284 3757 temporum
3334 3681 3684 3748 conditione,

152 3788 472 3833 annexum
514 3772 849 3835 Fontisboni
882 3772 1235 3840 ccenohium,
1285 3786 1448 3829 suam
1488 3769 1609 3828 vim
1654 3784 1885 3827 exerce-

154 3862 325 3935 bant,
366 3864 594 3922 dicente
629 3862 788 3921 Luca
814 3862 1074 3936 Hispano
1109 3861 1318 3919 Hister.
1360 3858 1673 3919 Romuald.
1706 3858 1810 3917 lib.
1842 3872 1883 3928 Ι,

153 3969 283 4027 cap.
325 3951 396 4009 12
431 3975 444 4009 :
482 3976 508 4003 α
538 3952 684 4010 Nam
714 3952 833 4022 illa,
860 3967 994 4026 quae
1028 3951 1183 4025 apud
1207 3951 1581 4024 Rodulpbum
1609 3954 1713 4015 est,
1746 3947 1887 4007 sub-

147 4040 437 4116 iectionis
509 4041 839 4102 constitutio
907 4041 1060 4101 ultra
1138 4040 1477 4099 Fontisboni
1544 4035 1889 4097 habitatores

152 4146 271 4189 non
327 4129 690 4193 extenditur.
721 4157 746 4179 ››
782 4130 942 4189 Nihil
994 4147 1133 4204 ergo
1179 4130 1433 4204 cogebat,
1468 4135 1532 4186 ut
1574 4128 1754 4186 unius
1779 4128 1889 4186 loci

150 4219 611 4278 constitutiones
660 4220 732 4277 ad
784 4219 1021 4279 alterius
1059 4219 1171 4277 loci
1208 4217 1471 4276 notitiam
1526 4216 1884 4283 devcuirent,

148 4312 377 4368 nedum
409 4317 479 4367 ut
505 4325 641 4383 quae
668 4310 729 4367 in
755 4326 873 4369 uno
902 4309 1428 4385 promulgarentur,
1458 4310 1519 4368 in
1549 4309 1665 4367 alio
1698 4310 1887 4367 statim

146 4408 424 4472 receptae,
462 4396 609 4455 inibi
652 4399 922 4472 degentes
951 4397 1229 4458 continuo
1264 4399 1601 4472 obligarent.

216 4486 358 4545 VII.
412 4484 629 4557 Tertio,
672 4487 721 4546 si
773 4502 891 4560 qua
941 4496 1088 4546 esset
1130 4486 1512 4546 Laderchiani
1560 4486 1885 4560 argumenti

144 4574 255 4645 vis,
290 4591 480 4649 aeque
515 4546 1275 4649 probaret’Camaldulenses
1303 4546 1949 4649 caenohitas,vnequi-D

1973 3793 2109 3836 suas
2137 3775 2577 3836 constitutiones
2606 3774 2818 3849 passim
2864 3773 3162 3831 innovare.
3219 3772 3313 3833 Sic
3344 3772 3411 3831 B.
3460 3772 3687 3832 Rodul-

1972 3864 2142 3939 phus,
2198 3871 2325 3937 post
2386 3863 2601 3937 primas
2659 3860 3117 3930 constitutiones,
3179 3859 3421 3919 alteram
3479 3860 3690 3920 deinde

1973 3953 2263 4011 mitiorem
2293 3951 2530 4012 vivendi
2556 3951 2817 4025 regulam
2843 3951 2965 4009 suis
2990 3950 3248 4009 eremitis
3273 3954 3591 4027 proposuit,
3623 3960 3690 4012 ut

1973 4048 2125 4117 patet
2152 4057 2227 4101 ex
2256 4039 2533 4099 Fortunio
2563 4039 2664 4097 lib.
2699 4053 2738 4110 Ι,
2770 4054 2892 4113 cap.
2936 4038 3005 4097 65
3037 4039 3243 4113 primas
3278 4040 3454 4113 partis
3490 4040 3688 4099 Histo-

1974 4133 2196 4189 riarum
2227 4128 2761 4187 Camaldulensium
2796 4147 2808 4185 :
2843 4128 2939 4186 cui
2968 4143 3289 4187 successere
3321 4130 3688 4202 postmodum

1974 4217 2191 4277 Placidi
2242 4223 2471 4288 statuta,
2520 4226 2645 4276 tum
2693 4215 2975 4275 Gherardi
3025 4217 3493 4289 constitutiones,
3546 4220 3688 4277 hinc

1973 4309 2140 4369 Pauli
2190 4307 2505 4367 Justiniani
2543 4307 2743 4380 regula
2780 4307 2917 4366 vitae
2970 4307 3301 4377 eremiticae,
3338 4324 3405 4367 ac
3451 4309 3689 4368 demum

1973 4412 2106 4472 quas
2147 4396 2256 4456 sub
2294 4396 2585 4455 Clemente
2630 4396 2683 4455 X
2727 4397 3068 4470 prodierunt
3104 4398 3443 4457 eorumdem
3476 4400 3689 4459 eremi-

1971 4494 2162 4546 tarum
2201 4486 2453 4545 Etruriae
2489 4486 2553 4543 in
2586 4484 2870 4558 Regulam
2908 4484 2967 4545 S.
3008 4485 3302 4545 Benedicti
3341 4486 3651 4546 declaratio
3675 4522 3688 4531 -

1975 4591 2097 4644 nes,
2139 4575 2357 4648 quibus
2382 4575 2505 4647 jam
2534 4582 2810 4646 utuntur;
2847 4574 3340 4648 quemadmodum
3384 4583 3439 4635 et
3472 4578 3688 4635 consti-

137 4665 279 4725 dem
352 4665 566 4740 primis
620 4666 742 4725 illis
796 4668 1059 4742 quinque
1121 4665 1374 4735 smculis,
1423 4666 1641 4739 quibus
1691 4665 1889 4725 sociali
1974 4666 2296 4725 tutionibus
2327 4663 2891 4724 monachorumaB.
2922 4665 3169 4724 Martino
3193 4665 3278 4725 III
3304 4666 3681 4736 concinnatis,

140 4756 374 4814 {uadere
422 4771 560 4814 cum
597 4756 853 4816 eremitis
894 4773 1069 4816 sacrae
1113 4758 1293 4816 eremi
1338 4755 1590 4814 Etruriae
1641 4756 1886 4830 conjun-

129 4846 424 4917 ctissimi,
459 4845 573 4903 sub
601 4846 802 4903 eodem
840 4846 1096 4919 generali
1134 4848 1325 4921 priore
1362 4846 1662 4919 vixerunt,
1692 4847 1766 4904 ad
1795 4848 1882 4922 ip-

131 4944 406 4994 sumtnet
460 4934 963 4993 Camaldulensem
1004 4935 1269 4995 ordinem
1312 4937 1655 5009 pertinuisse
1689 4955 1702 5006 ;
1745 4953 1885 4997 nam

129 5025 409 5084 eremitis
439 5023 679 5097 quidem
718 5025 934 5097 primas
972 5025 1417 5084 constitutiones
1446 5020 1506 5082 B.
1538 5025 1883 5099 Rodulphus

128 5116 317 5186 prior,
367 5114 590 5171 fatente
627 5111 966 5183 Laderchio,
1017 5114 1361 5187 proposuit:
1406 5113 1709 5172 etenobitae
1749 5130 1882 5174 vero

126 5214 324 5275 usque
356 5199 434 5256 ad
474 5198 793 5257 Martinum
824 5198 909 5257 III
946 5201 1164 5274 absque
1198 5199 1338 5258 ullis
1369 5200 1601 5273 scriptis
1630 5216 1878 5261 consue-

126 5293 453 5352 tudinibus
493 5292 912 5365 peculiaribus,
946 5293 1068 5353 sola
1095 5292 1152 5353 S.
1180 5294 1483 5353 Benedicti
1516 5294 1736 5365 regulae
1765 5295 1877 5354 ob-

130 5381 477 5441 servatione
534 5389 773 5454 retenta,
831 5388 962 5442 vota
1020 5398 1125 5441 sua
1182 5382 1432 5440 Domino
1479 5381 1875 5456 reddiderunt,

133 5480 275 5529 teste
349 5470 637 5529 Fortuuio
700 5470 916 5530 Hister.
995 5470 1251 5530 Gamald.
1326 5478 1474 5545 part.
1546 5483 1589 5538 1,
1656 5470 1759 5530 lib.
1812 5485 1874 5545 11,

137 5575 260 5637 cap.
289 5562 392 5629 40,
427 5561 531 5620 ubi
559 5561 632 5619 de
663 5560 910 5621 Martino
942 5561 1025 5621 III
1058 5563 1183 5621 haec
1208 5560 1383 5621 habet
1413 5585 1426 5620 :
1463 5584 1489 5611 α
1522 5560 1591 5618 In
1620 5561 1876 5635 generali

142 5655 394 5714 concilio
434 5654 593 5728 apud
639 5668 860 5712 sacram
903 5668 1168 5715 eremum
1202 5669 1359 5714 anno
1401 5652 1539 5714 1254
1567 5651 1871 5724 celebrato,

1968 4755 2104 4815 aliae
2151 4755 2260 4814 sub
2310 4755 2618 4815 Octaviano
2663 4750 3028 4830 imperatore,
3084 4757 3218 4815 aliae
3266 4757 3378 4816 sub
3423 4754 3683 4827 generali

1971 4845 2376 4906 Bonaventura
2421 4846 2753 4920 Ptolomaeo,
2809 4848 2941 4908 aliae
2998 4848 3107 4909 sub
3151 4848 3338 4907 Gallio
3382 4846 3683 4917 cardinali,

1969 4935 2101 4994 aliae
2129 4935 2237 4993 sub
2267 4936 2369 4994 Pio
2402 4935 2470 5006 V,
2500 4937 2802 4994 nonnullae
2839 4935 3014 4995 etiam
3052 4936 3162 4994 sub
3212 4935 3506 4993 Clemente
3546 4934 3683 4993 VIII

1967 5024 2203 5098 adjectae
2232 5034 2385 5097 sunt.
2436 5024 2511 5083 Ut
2553 5024 2701 5083 nihil
2729 5026 2938 5084 addam
2984 5024 3056 5082 de
3087 5024 3330 5097 ipsomet
3374 5023 3539 5083 Petro
3568 5023 3681 5083 Da.

1968 5114 2185 5186 miano,
2229 5114 2332 5188 qui
2383 5113 2845 5188 congregationis
2885 5129 3009 5171 suae
3058 5111 3462 5172 Avellanensis
3511 5113 3682 5171 iustis

1968 5211 2093 5263 tuta
2173 5203 2263 5262 bis
2347 5204 2751 5276 conscripsisse
2831 5203 3300 5278 deprehenditur,
3398 5203 3675 5261 nimirum

1966 5308 2159 5366 opusc.
2204 5303 2311 5351 XIV
2340 5298 2393 5349 et
2425 5304 2530 5362 xv,
2556 5307 2632 5348 an
2666 5306 2783 5349 non
2822 5307 2956 5349 vero
2987 5292 3081 5350 hic
3109 5290 3318 5366 pariter
3358 5291 3549 5349 locum
3579 5292 3683 5349 ha-

1964 5381 2124 5440 beret
2171 5381 2566 5440 Laderchiana
2606 5382 2968 5451 exclamatio,
3004 5397 3078 5439 ex
3122 5380 3450 5440 inconsulto
3496 5382 3681 5438 simu-

1964 5471 2193 5547 latoque
2221 5471 2250 5530 J
2259 5472 2389 5531 udae
2416 5470 2724 5544 proditoris
2756 5471 2876 5530 zelo
2905 5472 3126 5531 imitata
3160 5490 3173 5529 :
3214 5475 3282 5530 Ut
3324 5473 3460 5543 quid
3482 5472 3680 5545 perdi-

1964 5564 2039 5618 tio
2066 5563 2174 5618 haec
2200 5564 2229 5617 ?
2260 5559 2739 5634 Quandoquidem
2780 5577 2883 5636 pro
2910 5563 3194 5633 eremitis,
3235 5577 3340 5636 pro
3379 5562 3677 5620 monachis

1963 5651 2525 5724 Gamaldulensibus,
2586 5667 2689 5726 pro
2737 5652 2883 5727 ipsis
2927 5650 3280 5716 Avellanitis
3330 5651 3683 5713 sutlicientes
