4106 6204
381 404 452 472 67

1296 410 1354 473 S.
1396 406 1690 471 PETRUS
1729 400 2122 466 DAMIANUS
2162 399 2221 460 S.
2264 399 2335 460 Β.
2376 396 2442 458 Ε.
2483 382 2968 458 CARDINALIS.

3818 381 3894 441 68

382 536 621 596 vivendi
650 537 807 610 leges
847 536 1242 595 monumentis
1261 537 1382 611 jam
1415 534 1642 593 traditae
1672 533 1921 591 fuerant.
1952 525 2158 585 TamA
2179 526 2275 584 sed
2327 524 2426 583 illa
2481 538 2661 598 pauca
2711 521 3013 587 duntaxat,
3065 530 3198 590 ᾳυω
3246 526 3518 586 expresse
3568 508 3637 567 ad
3699 508 3895 611 ipsum

388 643 502 685 non
534 627 800 684 diversus
835 626 1012 698 igitur
1041 626 1179 682 hinc
1211 624 1378 698 argui
1424 632 1605 698 potest
1633 624 1704 681 ab
1741 618 2102 680 Avellanita-

380 734 512 777 rum
557 718 757 775 ordine
802 716 939 774 ordo
984 715 1466 787 Camaldulensis,
1505 729 1681 789 quam
1720 729 1835 779 non
1875 710 2106 784 ipsimet

388 804 858 863 Camaldulenses
895 821 928 861 a
966 803 1526 873 Camaldulensibus,
1559 811 1615 861 et
1651 800 1999 859 Avellanitae
2032 797 2103 854 ab

389 896 734 955 Avellanitis
763 897 977 953 diversi
1013 896 1352 969 probantur.

460 984 557 1041 IX.
607 983 717 1042 Sed
764 986 969 1057 quinto
1007 984 1243 1042 demum
1284 980 1623 1054 respondeo,
1660 978 1767 1037 etsi
1815 978 1958 1035 alias
2002 992 2106 1050 pro

386 1071 655 1130 Avellani
692 1071 889 1129 Fontis
933 1072 1188 1130 alumnis
1242 1069 1680 1128 constitutiones
1719 1066 1962 1124 ediderit
2001 1064 2107 1122 Pe-

389 1167 515 1218 trus
569 1158 857 1228 Damiani,
907 1159 1050 1216 alias
1098 1158 1442 1232 Rodulphus
1494 1172 1597 1229 pro
1649 1150 2107 1211 Camaldulensi-

388 1246 517 1315 bus,
578 1262 696 1305 non
756 1254 946 1304 tamen
1000 1247 1278 1316 diversas,
1344 1260 1447 1303 nec
1507 1245 1567 1301 in
1632 1240 2110 1301 substantialibus

387 1335 750 1407 dissidentes,
793 1336 911 1394 imo
951 1344 1226 1410 utrasque
1275 1335 1486 1408 pariter
1524 1350 1557 1391 a
1591 1330 1903 1391 Romualdi
1940 1329 2109 1387 insti-

392 1428 613 1485 tutione
657 1427 966 1499 derivatas,
1013 1427 1504 1503 quemadmodum
1553 1426 1682 1483 fuse
1734 1438 1855 1494 cap.
1906 1424 1937 1475 3
1985 1428 2041 1478 et
2076 1421 2108 1478 4

391 1530 566 1587 supra
603 1516 963 1573 ostendimus
996 1539 1008 1572 :
1057 1532 1235 1588 quare
1276 1531 1347 1573 ex
1405 1511 1669 1572 Damiani
1723 1515 1778 1567 et
1815 1508 2111 1581 Rodulphi

391 1607 922 1677 constitutionibus,
956 1621 1071 1664 non
1126 1605 1429 1663 diversitas
1477 1603 1575 1662 sed
1625 1600 1898 1659 identitas
1944 1598 2109 1656 insti-

392 1696 499 1754 tuti
546 1696 1030 1754 Avellanensium
1066 1702 1121 1753 et
1164 1692 1698 1752 Camaldulcnsium
1750 1689 2110 1746 demonstra-

392 1793 506 1845 tur.
577 1786 758 1860 quue
834 1786 1157 1859 praesertim
1235 1784 1476 1851 obtinet,
1546 1797 1619 1838 ex
1686 1792 1802 1852 quo
1862 1776 2114 1849 amplius

2185 594 2573 674 Romualdum
2612 611 2946 669 referuntur
2979 626 2991 663 :
3031 604 3089 661 id
3120 604 3289 677 plane
3336 599 3680 667 ostenderet,
3713 594 3900 654 multo

2187 706 2383 761 minus
2447 697 2713 759 eremitas
2772 711 2837 754 ac
2894 692 3205 752 monachos
3261 686 3733 746 Camaldulenscs
3785 683 3900 740 sub

2185 790 2443 864 ejusdem
2486 787 2545 848 S.
2594 786 2776 845 Patris
2807 780 3134 848 Rotnualdi,
3170 776 3259 850 vel
3293 774 3431 835 olim
3475 773 3768 837 militasse,
3802 770 3897 827 vel

2186 858 2346 939 nunc
2390 875 2638 935 militare
2668 872 2934 942 vexillis;
2968 867 3264 926 enimvero
3296 864 3355 921 in
3385 864 3643 935 ipsorum
3685 858 3869 916 consti

2187 967 2510 1028 tutionibus
2538 965 2638 1024 vix
2667 963 2831 1021 toties
2862 957 3255 1019 Romualdum
3285 952 3446 1011 citari
3481 946 3902 1023 deprehendes,

2187 1058 2411 1134 quoties
2461 1057 2522 1114 in
2567 1053 3027 1113 Avellanitarum
3082 1046 3307 1119 legibus
3347 1059 3379 1100 a
3419 1041 3584 1099 Petro
3625 1037 3905 1097 Damiano

2189 1126 2531 1221 descriptis:
2564 1160 2769 1217 nempe
2811 1143 2871 1200 in
2918 1141 3009 1199 his
3040 1137 3303 1213 quidem,
3344 1137 3546 1206 quater
3587 1135 3686 1187 aut
3727 1126 3903 1201 quin-

2190 1216 2719 1313 quies-Romualdi
2784 1231 3139 1289 mentionem
3197 1236 3527 1298 expressam
3586 1216 3908 1277 Damianus

2191 1308 2430 1403 ingerit;
2463 1326 2523 1383 in
2574 1325 2809 1383 illorum
2841 1336 2976 1379 vero
3013 1315 3317 1377 nonnullis
3354 1311 3552 1382 semel,
3598 1316 3769 1382 atque
3800 1308 3905 1364 ite-

2193 1397 2355 1485 rum;
2399 1417 2457 1474 in
2508 1412 2638 1471 aliis
2685 1428 2755 1470 ne
2800 1408 2976 1469 semel
3032 1407 3265 1483 quidem
3328 1397 3638 1461 Romualdi
3691 1411 3906 1454 nomen

2192 1506 2462 1574 auditur;
2504 1519 2685 1575 quare
2723 1501 2773 1558 si
2823 1496 3122 1557 Laderchii
3156 1493 3376 1569 judicio
3416 1487 3695 1549 standum
3738 1490 3909 1551 esset,

2195 1611 2300 1653 nec
2325 1570 3073 1651 oninis‘Camaldulensium
3098 1580 3402 1653 disciplina
3427 1594 3459 1635 a
3482 1576 3548 1633 D.
3582 1570 3913 1633 Romnaldo

2192 1683 2488 1759 penderet,
2528 1695 2636 1737 nec
2675 1686 2952 1750 tanquam
2994 1671 3253 1746 magistri
3284 1676 3337 1727 et
3376 1664 3724 1725 institutoris
3762 1677 3915 1735 prae-

2194 1753 2371 1846 cepta,
2413 1769 2509 1828 sed
2547 1777 2611 1827 ut
2658 1766 2961 1839 cujusdam
2998 1760 3304 1837 peculiaris
3350 1758 3531 1815 sancti
3580 1753 3821 1813 consilia
3860 1761 3918 1809 et

389 1875 605 1933 eaedem
652 1874 710 1934 S.
760 1875 910 1933 Petri
946 1876 1211 1933 Damiani
1239 1871 1678 1931 constitutiones
1706 1840 1778 1924 ⁸ἱι]
1818 1840 1979 1923 sacra
2007 1863 2170 1944 Ca-B
2196 1840 2519 1930 sententiae,
2565 1856 2841 1931 quaelibet
2888 1849 3202 1911 Romnaldi
3248 1847 3511 1906 instituta
3545 1844 3618 1901 ab
3655 1840 3919 1901 eremitis

390 1961 742 2020 maldulensi
789 1978 982 2020 eremo
1036 1971 1275 2035 receptae
1333 1961 1579 2027 fuerant,
1620 1971 1686 2013 ac
1731 1951 1947 2025 regulze
1991 1930 2170 2007 vim"
2196 1949 2408 2008 nostris
2442 1944 2705 2004 habenda
2750 1944 2936 2001 forent
2967 1964 2978 1998 :
3013 1954 3128 2014 quo
3158 1935 3306 1994 nihil
3352 1934 3466 1991 dici
3500 1938 3679 2004 potest
3711 1930 3922 1987 absur-

391 2050 746 2119 obtinebant,
804 2058 927 2108 tum
985 2058 1117 2108 ante
1298 2021 1703 2119 Rodulpli'um,
1763 2021 1886 2100 tum
1939 2040 2113 2097 etiam
2192 2040 2346 2099 dius.
2380 2038 2594 2096 Verum
2624 2051 2698 2094 an
2731 2034 3049 2093 Damianus
3077 2026 3410 2096 Romualdi,
3441 2025 3599 2083 velut
3633 2021 3919 2095 magistri,

389 2146 515 2211 post
565 2138 779 2211 ipsum.
828 2138 929 2211 qui
984 2138 1113 2196 illas
1162 2139 1417 2210 (excepta
1463 2132 1698 2193 Sabbati
1748 2128 2108 2195 remissione,
2192 2127 2588 2187 auctoritatem
2651 2121 3008 2195 allegaverit,
3070 2119 3207 2177 satis
3280 2132 3354 2174 ex
3413 2113 3580 2172 dictis
3654 2109 3925 2184 superius

391 2242 457 2284 ac
484 2227 680 2299 paucis
708 2226 859 2297 aliis,
895 2241 1027 2300 qum
1054 2242 1188 2284 cum
1221 2241 1396 2283 sacrae
1431 2225 1611 2281 eremi
1651 2216 2111 2278 liamaldulensis

393 2316 601 2374 usibus
641 2331 757 2372 non
786 2315 1015 2388 penitus
1043 2316 1483 2385 conveniebant)
1515 2312 1705 2369 adhuc
1741 2308 1814 2366 ab
1859 2304 2115 2363 eremitis

396 2404 784 2463 observandas
817 2404 875 2461 in
925 2404 1046 2461 suis
1075 2405 1217 2476 ipsis
1255 2401 1769 2461 constitutionibus
1801 2397 2024 2467 statuit,
2054 2401 2119 2453 ut

398 2509 572 2567 supra
600 2510 721 2566 cap.
756 2495 808 2560 5,
842 2509 1006 2550 num.
1040 2494 1092 2557 5,
1123 2491 1156 2548 6
1185 2499 1241 2548 et
1262 2491 1293 2546 7
1324 2492 1874 2548 demonstravimus.

474 2581 544 2639 X.
583 2582 671 2638 Ex
719 2596 835 2653 quo
882 2587 1029 2653 patet
1062 2578 1359 2652 responsio
1399 2577 1470 2635 ad
1504 2594 1587 2648 ea,
1623 2594 1755 2653 quae
1789 2580 1850 2638 in
1897 2591 2121 2641 senten-

404 2672 500 2730 tia;
520 2686 644 2728 suae
669 2667 1164 2728 confirmationem
1198 2666 1552 2723 Laderchius
1582 2668 1779 2725 subdit
1814 2685 1976 2729 num.
2012 2672 2076 2729 10
2102 2695 2114 2729 :

408 2781 435 2812 ‹‹
505 2760 614 2818 Sed
678 2766 735 2815 et
810 2756 1287 2815 constitutionum
1345 2754 1607 2827 ipsarum
1670 2755 1824 2814 inter
1877 2774 1937 2816 se
2002 2760 2122 2817 col-

405 2849 655 2907 latarum
698 2846 892 2910 series.
945 2845 1108 2912 ordo,
1154 2851 1209 2901 et
1259 2850 1462 2901 caetera
1521 2843 1860 2917 hujusmodi
1896 2864 2009 2906 non
2051 2849 2124 2906 ab

408 2951 528 2995 uno
577 2937 731 2993 fonte
779 2933 1122 3008 processisse
1161 2931 1393 2990 abunde
1436 2932 1866 3005 demonstrant;
1908 2943 1962 2993 et
1995 2936 2126 2995 licet

410 3040 615 3083 verum
661 3024 733 3080 sit
780 3020 1064 3080 nonnulla
1096 3020 1278 3079 sancti
1320 3020 1633 3079 Bomualdi
1664 3026 1881 3081 monita
1911 3023 1969 3082 in
2005 3025 2126 3083 suis

410 3112 933 3181 constitutionibus,
962 3120 1014 3170 et
1041 3111 1204 3180 alibi,
1236 3111 1468 3169 Petrum
1512 3112 1828 3171 inseruisse
1848 3132 1863 3183 ;
1914 3131 1987 3172 ex
2021 3116 2130 3173 hoc

2194 2217 2504 2289 colligitur,
2533 2230 2598 2271 ac
2643 2210 2959 2285 praesertim
3003 2225 3078 2267 ex
3120 2208 3232 2278 his,
3264 2220 3398 2279 quae
3435 2219 3557 2276 cap.
3592 2203 3645 2275 5,
3682 2215 3848 2259 num.
3888 2199 3923 2255 ‘2

2195 2315 2251 2365 et
2289 2306 2319 2363 3
2351 2302 2705 2361 notavimus.

2268 2409 2398 2468 XII.
2444 2408 2610 2466 Itatio
2642 2414 2856 2474 autem,
2890 2419 2993 2462 cur
3037 2417 3220 2475 pauca
3258 2400 3529 2475 quaedam
3558 2413 3590 2455 e
3621 2392 3820 2453 multis
3848 2391 3925 2450 ad

2198 2497 2510 2558 Bomualdi
2550 2495 2975 2553 institutionem
3020 2505 3293 2564 expresse
3339 2505 3373 2546 a
3422 2487 3588 2545 Petro
3639 2480 3929 2541 Damiano

2201 2589 2545 2656 referantur,
2595 2592 2700 2655 est,
2753 2582 2909 2657 quod
2950 2579 3175 2654 reliqua
3218 2594 3333 2636 non
3370 2575 3441 2634 ab
3474 2575 3600 2648 ipso
3644 2572 3702 2631 S.
3758 2570 3931 2628 Patre

2202 2675 2497 2749 speciatim
2552 2673 2872 2743 excogitata
2915 2685 2981 2727 ac
3031 2667 3258 2726 noviter
3311 2664 3625 2723 adinventa
3672 2662 3930 2727 fuerant,

2203 2748 2303 2822 sed
2357 2764 2428 2821 ab
2480 2761 2856 2834 antiquorum
2911 2757 3395 2815 anachoretarum
3454 2749 3689 2809 vivendi
3754 2748 3934 2806 modo

2202 2853 2701 2922 imitatasuoque
2763 2847 3027 2904 instituto
3094 2842 3391 2916 aptissime
3464 2837 3929 2897 accommodata.

2207 2940 2412 2998 Narrat
2440 2938 2599 2995 enim
2637 2935 2953 2993 Damianus
2996 2933 3057 2988 in
3088 2931 3219 2988 Vita
3261 2930 3319 2988 S.
3360 2926 3673 2986 Romualdi
3713 2942 3836 2998 cap.
3873 2924 3936 2996 8,

2207 3030 2380 3088 illum
2426 3030 2489 3085 in
2533 3033 2794 3084 veterum
2833 3022 3069 3080 Patrum
3113 3018 3369 3077 historiis
3406 3014 3665 3089 legendis
3706 3015 3939 3071 versari

2210 3120 2466 3187 solitum,
2503 3127 2822 3187 eorumque
2865 3108 3149 3183 exemplis
3195 3121 3370 3165 usum
3420 3105 3601 3163 fuisse
3648 3102 3710 3158 in
3758 3102 3939 3158 resti-
3975 3140 3988 3158 .

412 3212 605 3262 tamen
655 3219 772 3293 non
822 3203 1085 3293 sequitur
1130 3217 1331 3293 omnes
1383 3202 1825 3293 constitutiones
1875 3221 1907 3261 a
1966 3204 2126 3263 Petro
2156 3208 2423 3293 Ctuenda
2458 3200 2920 3277 perliciendaque
2959 3213 3058 3271 per
3096 3194 3463 3254 Occidentem
3505 3188 3801 3247 eremitica
3840 3189 3941 3247 di-

413 3294 539 3365 ipso
589 3289 1075 3348 Avellanensibus
1111 3289 1342 3346 traditas
1393 3287 1574 3345 fuisse
1617 3288 1948 3348 Romualdi.
2003 3291 2126 3349 Imo

413 3381 739 3454 oppositum
787 3393 903 3436 non
951 3377 1150 3440 fuisse,
1189 3376 1299 3434 nisi
1340 3392 1454 3445 eas,
1504 3392 1649 3450 quas
1689 3381 1983 3450 signanter
2021 3395 2126 3437 no-

415 3473 642 3531 minat:
675 3487 809 3529 nam
862 3471 909 3528 si
956 3484 1159 3528 omnes
1206 3469 1452 3528 fuissent
1499 3470 1829 3542 llomualdi,
1880 3487 1997 3530 non
2045 3480 2131 3531 est

414 3560 791 3632 excogitanda
848 3558 1009 3627 ratio,
1062 3573 1167 3616 cur
1217 3556 1511 3615 debuisset
1560 3559 1870 3617 nonnullas
1906 3567 2131 3619 tantum

415 3651 736 3710 Bomualdo
793 3649 1066 3720 tribuere,
1114 3654 1167 3705 et
1216 3664 1333 3705 non
1387 3663 1610 3720 omnes,
1657 3650 1703 3706 si
1758 3665 1880 3708 sua;
1920 3656 2128 3708 essent.

420 3739 769 3812 Legentibns
796 3738 955 3794 enim
985 3736 1352 3809 perspicuum
1392 3745 1495 3805 est,
1528 3739 1681 3810 quod
1715 3753 1845 3795 cum
1896 3738 2131 3813 aliquod

420 3826 727 3887 Romualdi
770 3827 988 3884 dictum
1025 3825 1308 3896 enuntiat,
1342 3824 1487 3882 illud
1526 3841 1637 3882 non
1690 3833 1751 3882 ut
1783 3835 2134 3899 praeceptum

421 3916 701 3987 magistri,
741 3914 839 3971 sed
884 3915 1070 3986 potius
1109 3930 1175 3972 eo
1225 3928 1383 3969 more
1426 3914 1617 3981 refert,
1667 3926 1782 3984 quo
1822 3914 1879 3969 in
1935 3914 2136 3986 pleris—

421 4022 534 4081 que
577 4002 793 4078 regulis
838 4003 1171 4077 Augustini,
1202 4000 1571 4073 Hieronymi,
1606 4000 1695 4057 vel
1746 3999 2003 4073 Patrum,
2041 4004 2135 4061 vel

427 4096 718 4154 seniorum
777 4093 995 4151 monita
1051 4099 1107 4149 et
1172 4091 1322 4148 dicta
1376 4090 1953 4164 enuntiantnr;qure
2009 4090 2136 4149 ideo

427 4184 500 4243 ob
554 4185 704 4240 hanc
752 4196 985 4240 causam
1040 4178 1279 4251 Regula:
1328 4177 1643 4251 Augustini
1698 4178 1787 4236 vel
1846 4178 2134 4252 Hierony~

426 4273 528 4342 mi,
580 4283 709 4344 etc.,
760 4271 889 4345 jure
940 4285 1053 4327 non
1102 4267 1457 4326 dicuntur.»
1517 4265 1690 4333 Patet,
1739 4264 2005 4337 inquam,
2065 4281 2141 4328 ex

433 4360 793 4435 supradictis,
845 4359 916 4416 ad
958 4359 1085 4415 haec
1132 4355 1328 4414 omnia
1377 4352 1693 4425 responsio,
1724 4368 1860 4411 nam
1905 4370 2142 4427 prorsus

427 4449 820 4508 commentitia
849 4456 1000 4516 sunt,
1030 4454 1085 4503 et
1118 4451 1314 4502 contra
1358 4451 1612 4515 apertam
1657 4441 1740 4499 rei
1787 4442 2139 4501 evidentiam

426 4540 604 4614 gratis
630 4539 869 4597 conficta
898 4556 910 4593 :
943 4549 1143 4593 verum
1175 4531 1394 4605 aliquid
1419 4530 1754 4590 donandum
1783 4538 1868 4588 est
1892 4532 2135 4599 homini,

428 4628 531 4702 qui
568 4642 758 4685 causae
789 4639 910 4682 sua:
948 4622 1200 4680 nimium
1242 4620 1445 4689 fidens,
1477 4626 1791 4693 antequam
1845 4621 1937 4680 vel
1968 4622 2143 4679 mini-

431 4734 587 4781 mam
644 4716 1121 4775 eonsntntionum
1168 4711 1234 4771 B.
1287 4711 1586 4785 Rodulplii
1639 4712 1855 4771 lineam
1913 4714 2144 4782 legeret,

432 4809 527 4867 vel
556 4815 794 4866 externa
832 4804 1006 4861 etiam
1049 4801 1263 4859 codicis
1292 4802 1550 4874 ipsarum
1586 4809 1875 4875 tegmenta
1906 4801 2145 4871 videret,

432 4898 672 4973 perinde
715 4904 907 4953 tamen
938 4909 1005 4950 ac
1038 4891 1089 4949 si
1130 4907 1262 4950 cum
1297 4890 1450 4948 Petri
1482 4890 1748 4949 Damiani
1781 4891 1980 4963 regula
2018 4890 2151 4949 illas

436 4986 788 5050 contulisset,
840 4984 1214 5057 pronuntiare
1258 4997 1437 5040 ausus
1480 4991 1611 5053 est,
1667 4981 1823 5055 quod
1869 5002 1897 5034 (ι
1936 4978 2150 5038 consti-

438 5075 728 5134 tutionum
770 5075 1028 5147 ipsarum
1080 5072 1230 5130 inter
1270 5088 1330 5129 se
1375 5070 1717 5130 collatarum
1766 5069 1966 5137 series,
2012 5068 2150 5125 ordo

437 5172 493 5221 et
544 5171 749 5220 caetera
794 5161 1129 5236 hujusmodi
1174 5176 1290 5219 non
1341 5161 1415 5219 ab
1460 5174 1577 5218 uno
1607 5159 1762 5215 fonte
1813 5156 2153 5230 processisse

440 5253 672 5313 abunde
700 5253 1119 5311 demonstrant.
1156 5274 1181 5301 η

511 5340 608 5400 ΧΙ.
641 5340 804 5410 Quod
846 5356 982 5400 vero
1011 5339 1188 5407 addit,
1220 5335 1531 5396 Romualdi
1571 5335 1883 5393 sententias
1909 5334 1969 5392 in
2002 5333 2153 5392 Petri

442 5431 711 5491 Damiani
758 5428 1269 5488 constitutionibus
1312 5424 1569 5495 allegari,
1620 5439 1736 5481 non
1782 5432 1846 5482 ut
1895 5421 2148 5495 magistri

443 5525 748 5595 praecepta,
790 5518 1110 5592 -sed,quasi
1152 5523 1484 5573 sanctorum
1539 5510 1809 5570 Ecclesiae
1857 5513 2153 5569 doctorum

449 5613 686 5680 monita,
718 5618 776 5668 et
820 5609 990 5677 dicta,
1030 5608 1279 5678 indeque
1329 5618 1445 5661 non
1475 5601 1671 5660 omnia
1715 5602 1863 5660 inibi
1891 5606 2157 5660 contenta

445 5703 518 5759 ab
572 5696 881 5757 llomualdi
932 5693 1298 5753 institutione
1364 5691 1616 5764 profecta
1683 5689 1860 5747 asseri
1924 5688 2155 5760 debere,

2220 3293 2496 3367 sciplina;
2526 3306 2643 3364 qua
2669 3287 2740 3345 de
2777 3303 2837 3344 re
2859 3287 2983 3359 jam
3008 3284 3234 3344 dissert.
3277 3283 3327 3351 l,
3361 3278 3684 3354 praesertim
3715 3294 3838 3350 Cap.
3875 3277 3944 3348 5,

2218 3382 2487 3456 pluribus
2504 3385 2697 3436 actum
2715 3382 2795 3433 est
2814 3393 2828 3446 ;
2858 3374 3012 3432 unde
3028 3383 3082 3429 et
3099 3372 3252 3429 idem
3271 3370 3590 3428 Damianus
3608 3382 3806 3439 opusc.
3826 3379 3942 3437 XV,

2219 3455 2341 3544 cap.
2394 3470 2446 3539 ‘2,
2498 3467 2763 3525 altiorem
2810 3463 2945 3523 vita:
2990 3460 3301 3520 eremitica:
3351 3458 3637 3531 originem
3684 3474 3717 3514 a
3756 3455 3943 3514 Paulo

2220 3566 2277 3616 et
2322 3555 2575 3614 Antonio
2621 3552 2843 3626 repetit,
2874 3556 2930 3608 et
2958 3567 3081 3624 cap.
3130 3549 3240 3607 18:
3289 3570 3309 3599 α
3359 3545 3673 3619 Quidquid,
3721 3544 3939 3617 inquit,

2221 3649 2283 3706 in
2323 3647 2388 3705 B.
2442 3644 2733 3704 Benedicti
2770 3642 3004 3713 regula;
3038 3636 3325 3713 quidquid
3375 3636 3437 3693 in
3476 3633 3771 3703 institutis,
3813 3634 3945 3692 sive

2221 3736 2282 3794 in
2313 3732 2716 3794 collationibus
2745 3731 2980 3789 Patrum
3020 3734 3106 3786 est
3149 3725 3389 3795 dictum,
3438 3725 3577 3783 huic
3618 3729 3945 3795 competere

2222 3824 2545 3897 disciplina:
2600 3818 3029 3894 perpendimus.
3071 3838 3091 3868 ι
3141 3815 3211 3872 Et
3260 3822 3449 3871 tamen
3502 3813 3674 3870 audet
3731 3810 3942 3868 Lader-

2223 3914 2393 3970 chius
2425 3909 2772 3969 Damianum
2802 3905 2967 3980 quasi
2996 3903 3308 3962 eremiticze
3341 3903 3474 3959 vitm
3518 3900 3740 3958 Patrem
3773 3898 3946 3956 nobis

2224 4001 2445 4074 ubique
2484 3998 2814 4071 depingere,
2860 4003 2924 4053 ut
2972 4010 3107 4051 cum
3156 3992 3256 4049 lib.
3312 4004 3353 4061 1,
3403 4005 3526 4062 cap.
3587 3987 3669 4058 14,
3713 4003 3878 4045 num.
3914 3989 3945 4043 7

2226 4088 2614 4164 pronuntiat:
2661 4106 2682 4136 ι
2736 4086 2886 4142 Ante
2940 4084 3171 4141 Petrum
3224 4079 3593 4146 Damianum,
3648 4074 3945 4133 neminem

2227 4197 2301 4238 ex
2341 4178 2543 4238 ordine
2595 4176 2653 4234 Β.
2711 4173 3028 4245 Benedicti,
3077 4173 3139 4230 in
3188 4169 3355 4228 Italia
3397 4167 3621 4237 saltem,
3665 4174 3773 4224 tam
3824 4165 3947 4223 exi-

2230 4269 2374 4326 mias
2443 4263 2766 4325 eremiticas
2847 4261 3239 4319 institutiones
3310 4256 3635 4315 tradidisse.
3697 4278 3717 4308 ι
3780 4252 3945 4322 Quod

2227 4358 2419 4431 ipsum
2452 4355 2657 4430 potiori
2688 4356 2818 4425 jure
2851 4352 2921 4409 de
2955 4350 3013 4409 S.
3059 4349 3121 4408 P.
3156 4347 3482 4407 Romualdo
3514 4361 3646 4404 vero
3672 4342 3945 4402 eremita-

2229 4428 2360 4505 rum
2414 4428 2738 4503 Occidentis
2788 4440 3164 4512 antesignano
3221 4435 3574 4495 censendum
3628 4439 3731 4500 est,
3772 4457 3791 4480 ιι
3838 4428 3946 4505 qui

2230 4541 2361 4592 ante
2424 4547 2625 4590 omnes
2684 4534 2769 4599 (ut
2824 4535 2979 4587 notat
3047 4526 3111 4584 B.
3175 4524 3391 4583 Paulus
3459 4519 3829 4582 Justinianus
3882 4518 3946 4574 in

2233 4620 2568 4697 praefatione
2608 4634 2729 4677 sua:
2780 4615 3023 4689 regulae)
3071 4613 3361 4672 eremitice
3410 4610 3644 4670 vivendi
3693 4605 3947 4679 regulas,

2231 4721 2286 4771 et
2316 4710 2726 4777 institutiones,
2755 4722 2871 4763 non
2911 4703 3156 4777 scriptis,
3192 4701 3289 4758 sed
3330 4717 3435 4758 suo
3474 4697 3713 4757 vivendi
3742 4710 3949 4753 exem-

2230 4802 2346 4875 plo,
2385 4798 2625 4872 suisque
2669 4791 3030 4853 documentis
3076 4800 3130 4848 et
3179 4788 3699 4857 admonitionibus,
3739 4790 3950 4840 coaeta-

2232 4871 2360 4947 neis
2405 4886 2529 4944 suis
2579 4881 2829 4951 tradidit,
2887 4887 2942 4938 et
2990 4879 3233 4953 posteris
3287 4877 3562 4936 omnibus
3614 4871 3949 4944 dereliquit,

2234 4976 2528 5035 Christum
2586 4973 2822 5030 fortasse
2877 4968 3194 5028 Dominum
3262 4967 3548 5035 imitatus,
3611 4963 3732 5035 qui,
3791 4958 3948 5033 quod

2233 5069 2355 5141 ipse
2389 5065 2669 5133 faciendo,
2699 5079 2762 5119 ac
2801 5059 3056 5119 docendo
3095 5058 3366 5128 instituit,
3413 5071 3525 5113 non
3574 5050 3800 5125 scriptis
3832 5056 3952 5105 tra-

2235 5136 2401 5222 didit,
2447 5152 2545 5209 sed
2594 5149 2725 5208 aliis
2769 5156 2893 5222 post
2938 5164 2998 5205 se
3049 5146 3353 5205 scribenda
3393 5141 3645 5212 reliquit.
3689 5160 3715 5190 »
3758 5136 3951 5206 Quare

2233 5251 2385 5319 patet
2420 5242 2569 5299 nihil
2607 5240 2829 5299 obstare
2874 5238 3191 5314 quominus
3239 5251 3313 5291 ex
3361 5228 3674 5289 Bomualdi
3730 5242 3953 5301 proces-

2235 5313 2377 5390 sisse
2414 5328 2719 5400 disciplina
2760 5326 3194 5385 constitutiones
3233 5319 3384 5379 Petri
3422 5317 3693 5375 Damiani
3746 5313 3953 5372 dican-

2237 5430 2352 5493 tur,
2383 5421 2488 5478 etsi
2519 5434 2633 5477 non
2664 5416 2859 5475 omnia
2888 5414 2945 5474 S.
2980 5408 3288 5472 Romualdi
3316 5406 3543 5480 prepria
3573 5404 3808 5470 fuerint,
3846 5402 3951 5459 sed

2236 5489 2360 5583 ipsa
2397 5509 2679 5567 duntaxat
2716 5521 2790 5565 ex
2846 5504 2915 5561 D.
2964 5497 3255 5559 Benedicti
3311 5503 3365 5552 et
3419 5494 3794 5568 antiquorum
3839 5489 3951 5547 Pa-

2237 5578 2391 5657 trum
2452 5595 2733 5656 institutis
2778 5591 3009 5651 collecta
3061 5584 3389 5656 methodus,
3442 5582 3821 5657 ejusdemque
3877 5578 3952 5636 ad

2240 5685 2554 5744 monachos
2586 5682 2732 5742 facta
2768 5673 3094 5753 applicatio,
3132 5670 3362 5748 propria
3400 5666 3706 5728 Romnaldi
3746 5663 3955 5735 fuerit,
