4100 6210
206 407 278 466 69

1085 396 1662 462 PROLEGOMENA.
1707 434 1766 446 —
1811 400 1905 460 DE
1943 395 2348 461 INSTITUTO
2385 396 2817 461 CAMALDUL.

3657 396 3728 466 70

205 531 511 607 aliquibus
542 535 766 588 tantum
797 527 1033 587 eximiis
1065 527 1301 585 monitis
1329 526 1402 586 ab
1435 527 1637 585 eodem
1669 525 1728 585 S.
1764 526 1990 589 PatreA
2015 541 2198 598 quens
2255 526 2327 583 de
2373 525 2714 585 discretione
2763 527 2983 600 praelati
3033 530 3103 601 (et
3152 544 3257 588 nos
3311 530 3721 603 approbamus)

207 621 579 693 locupletala,
639 633 774 691 quae
831 617 903 675 ad
958 616 1150 691 ipsum
1207 632 1479 690 expresse
1559 616 1770 673 referre
1825 629 1930 673 vo-

210 712 321 769 luit
354 709 695 778 Damianus,
730 707 800 764 ad
834 707 1109 780 majorem
1156 705 1274 763 illis
1303 706 1703 765 auctoritatem
1733 704 1927 762 conci-

210 798 493 864 liandam,
521 813 657 856 cum
694 803 898 854 caetera
939 804 1197 854 veterum
1246 793 1353 852 PP.
1405 793 1928 852 consuetudinibus

210 894 543 945 consecrata
636 886 757 959 jam
838 892 1050 954 essent,
1126 892 1296 957 atque
1372 882 1549 941 semel
1634 882 1716 950 (in
1800 881 1930 939 Vita

215 974 275 1034 S.
332 975 647 1033 Itomnaldi
700 990 821 1047 cap.
853 974 889 1031 8
922 982 993 1031 et.
1025 975 1078 1044 9)
1135 988 1333 1030 eorum
1387 973 1655 1030 omnium
1710 972 1928 1029 fontem

213 1063 549 1134 indicasset,
585 1080 661 1122 ex
688 1078 805 1137 quo
856 1062 1215 1121 Romualdus
1262 1060 1463 1119 eadem
1507 1062 1569 1118 in
1604 1060 1928 1118 occidenta-

212 1152 386 1221 lium,
418 1168 566 1227 quos
592 1153 879 1210 instruere
905 1165 1208 1223 aggressus
1233 1148 1728 1222 cst,eremitarum
1752 1163 1928 1206 nsum

211 1241 575 1298 traduxerat.

284 1328 449 1387 XIII.
487 1328 682 1399 Pergit
731 1344 867 1387 vero
905 1327 1261 1386 Ladercbius
1294 1328 1494 1385 eodem
1528 1342 1651 1401 cap.
1683 1326 1737 1396 8,
1768 1327 1924 1383 citat.

213 1436 384 1478 num.
420 1420 480 1477 11
519 1439 532 1477 :
567 1442 596 1472 (ι
650 1420 721 1477 Et
763 1419 965 1477 Petrus
1011 1420 1131 1491 ipse
1168 1420 1239 1476 de
1282 1434 1407 1476 suae
1466 1417 1929 1489 congregationis

212 1509 500 1567 institutis
541 1510 798 1568 scribens
853 1509 926 1567 ad
989 1508 1342 1582 Stephanum
1409 1510 1781 1578 monachum,
1822 1507 1931 1564 hoc

214 1601 501 1670 insinuat,
530 1601 677 1659 dum
706 1601 858 1659 dixit
900 1606 1173 1667 (nectam
1210 1601 1350 1675 quid
1401 1601 1473 1657 ab
1504 1599 1760 1657 eremitis
1801 1598 1930 1655 ﬁeri

212 1689 441 1754 debeat.
494 1691 752 1760 generali
824 1690 1163 1748 deﬁnitione
1243 1689 1696 1763 praescribimus,
1752 1703 1930 1762 quam

216 1779 371 1852 quod
398 1778 461 1836 in
497 1780 601 1837 hac
628 1794 822 1836 eremo
848 1778 966 1846 ﬁat,
983 1788 1107 1836 tum
1138 1780 1207 1835 de
1238 1779 1380 1848 loco,
1415 1787 1538 1835 tum
1566 1778 1638 1835 de
1666 1792 1928 1851 persona,

2009 615 2166 687 dicit,
2217 616 2370 690 quod
2443 617 2564 675 suis
2638 633 2790 689 saepe
2845 617 3148 690 discipulis
3224 618 3285 677 B.
3364 619 3726 679 Romualdns

2009 704 2230 763 dixisse
2260 706 2618 779 perhibetur,
2655 706 2798 763 dum
2835 709 3110 779 approbat
3149 707 3327 783 igitur
3367 710 3473 767 hoc
3514 726 3725 782 unum,

2008 796 2165 867 quod
2196 798 2318 852 suis
2356 795 2655 868 discipulis
2688 796 2909 854 dicebat
2944 797 3000 855 S.
3039 797 3422 866 Romnaldus,
3465 807 3520 855 et
3555 806 3724 856 caete-

2008 901 2073 942 ra
2124 901 2324 958 pauca,
2377 900 2512 958 quae
2554 884 2857 957 distinguit
2905 886 3217 957 signanter,
3248 902 3449 945 omnes
3489 888 3731 947 institu-

2012 973 2193 1029 tiones
2232 987 2344 1028 non
2402 972 2638 1029 fuerunt
2695 969 2751 1028 S.
2807 971 3246 1043 Romnaldi,.ut
3292 973 3593 1044 diximus;
3623 991 3731 1032 nec

2010 1062 2199 1120 dicere
2228 1063 2507 1120 debuerat
2552 1062 2946 1120 Romualdum
2998 1064 3122 1121 haec
3167 1064 3438 1122 docuisse
3471 1081 3606 1123 suos
3646 1066 3732 1123 di-

2010 1149 2281 1222 scipulos,
2316 1150 2455 1208 istos
2497 1158 2561 1207 ut
2607 1150 2675 1207 ad
2729 1166 2789 1207 se
2819 1151 3060 1208 omnino
3089 1167 3203 1209 non
3238 1153 3592 1224 pertinentes
3623 1169 3729 1211 no-

2010 1243 2265 1307 minans,
2298 1242 2345 1299 si
2386 1257 2587 1299 eorum
2627 1258 2687 1299 se
2726 1242 3059 1314 magisterio
3096 1243 3429 1315 subjecisset
3460 1267 3472 1300 :
3504 1258 3571 1300 eo
3602 1259 3727 1301 ma-

2010 1331 2119 1405 gis,
2158 1333 2311 1405 quod
2362 1339 2500 1390 tunc
2552 1334 2821 1407 temporis
2864 1333 3137 1391 videbant
3184 1334 3607 1407 quampluritni
3654 1351 3728 1392 ex

2010 1421 2150 1490 illis,
2205 1437 2238 1478 a
2290 1421 2504 1494 quibus
2554 1430 2610 1481 et
2663 1422 2891 1495 egregia
2951 1424 3091 1480 tanti
3142 1422 3326 1480 Patris
3374 1430 3551 1495 gesta,
3594 1439 3727 1497 quae

2012 1511 2237 1584 scriptis
2289 1511 2605 1582 mandavit,
2654 1528 2713 1569 se
2760 1512 3029 1570 didicisse
3075 1513 3301 1570 fatetur.
3340 1513 3412 1570 Et
3458 1512 3610 1571 infra
3652 1514 3734 1571 di-

2012 1617 2146 1659 cens
2198 1601 2350 1674 quod
2382 1596 2577 1673 ‘supra
2633 1602 2956 1668 retulimus,
3016 1600 3282 1661 videlicet
3337 1610 3477 1667 (non
3530 1601 3732 1659 omnia

2013 1689 2189 1764 hujus
2216 1689 2597 1747 institutionis
2646 1696 2926 1762 przecepta
2974 1689 3264 1749 minutius
3305 1706 3408 1748 nos
3451 1689 3730 1747 describi-

2014 1793 2168 1847 mus,
2198 1778 2296 1835 sed
2334 1777 2535 1847 multa,
2570 1794 2705 1852 quis
2747 1786 2802 1836 et
2835 1778 3049 1851 passim
3092 1778 3258 1836 nobis
3286 1784 3620 1848 occurrunt,
3654 1792 3731 1834 ex

217 1870 543 1942 specialiter
589 1869 953 1937 intimamus)
1011 1893 1024 1926 :
1080 1869 1406 1927 Peculiares
1447 1869 1640 1942 itaque
1686 1869 1779 1926 sui
1824 1867 1993 1948 lociB
2019 1867 2212 1926 studio
2250 1868 2772 1941 praetermisimus:
2807 1867 3093 1942 quidquid
3131 1867 3290 1924 enim
3332 1866 3393 1924 in
3431 1866 3496 1925 B.
3539 1866 3733 1925 Bene-

216 1958 461 2015 fuernnt
491 1957 1014 2016 institutionesillae
1034 1958 1438 2032 quasscripsit,
1458 1973 1573 2015 non
1595 1972 1934 2014 communes
2013 1957 2151 2015 dicti
2177 1957 2395 2029 regula,
2430 1957 2716 2032 quidquid
2759 1958 2819 2015 in
2866 1956 3167 2025 institutis,
3196 1957 3319 2014 sive
3364 1956 3423 2013 in
3469 1955 3733 2014 collatio-

212 2046 579 2119 quibuslibet
612 2047 721 2104 sub
756 2047 824 2104 B.
865 2045 1172 2105 Romnaldi
1204 2044 1509 2117 disciplina
1551 2043 1929 2115 degentibus;
2014 2047 2188 2104 nibus
2230 2046 2463 2104 Patrum
2495 2055 2578 2104 est
2616 2047 2857 2117 dictum,
2889 2047 3027 2105 huic
3055 2055 3377 2119 competere
3408 2047 3731 2120 disciplinae

211 2149 360 2191 nam
390 2135 455 2192 in
485 2135 581 2192 tali
607 2150 742 2193 casu
773 2134 964 2192 dicere
994 2135 1183 2207 potius
1208 2133 1525 2201 debuisset,
1559 2132 1713 2205 quod
1759 2147 1933 2189 omne
2014 2135 2445 2209 perpendimus,
2476 2142 2663 2193 tamen
2695 2135 2755 2192 in
2807 2152 2998 2193 unum
3042 2136 3136 2192 hic
3185 2141 3389 2192 cuncta
3437 2134 3729 2206 colligere,

212 2223 272 2281 id
330 2224 650 2294 intimaret,
692 2224 845 2298 quod
888 2231 943 2281 et
979 2240 1011 2281 a
1050 2239 1157 2282 suo
1205 2224 1346 2285 loco,
1379 2230 1436 2277 et
1482 2238 1516 2278 a
1550 2221 1773 2279 cunctis
1816 2235 1937 2276 ere-
2016 2223 2377 2293 superﬂnum
2405 2222 2752 2294 judicamnS)
2782 2232 2976 2294 aperte
3002 2224 3204 2280 innuit
3235 2237 3295 2278 se
3322 2222 3597 2295 speciales
3630 2222 3725 2279 sui

217 2313 380 2370 mitis
424 2312 732 2371 Romualdi
777 2313 1152 2371 sectatoribus
1197 2310 1645 2375 custodiebatur,
1679 2325 1784 2366 nec
1842 2308 1933 2365 sui
2016 2310 2124 2369 loci
2154 2310 2402 2368 edidisse
2450 2310 2862 2379 institutiones,
2898 2326 3009 2366 non
3046 2310 3344 2381 signanter
3374 2326 3407 2367 a
3447 2310 3729 2369 Romnal-

212 2403 325 2459 loci
354 2402 637 2474 speciales
680 2410 895 2474 poterat
936 2416 1275 2473 nuncupare
1329 2398 1577 2472 regulas,
1610 2412 1754 2472 quas
1803 2396 1935 2453 aliis
2016 2402 2089 2459 do
2138 2408 2360 2458 tantum
2394 2408 2670 2481 acceptas,
2725 2401 2823 2457 sed
2870 2402 3088 2474 regula:
3138 2400 3197 2458 S.
3247 2400 3564 2475 Benedicti,
3619 2401 3734 2458 Pa-

216 2491 359 2551 locis
402 2492 791 2563 comperiebat
827 2507 949 2549 esse
988 2506 1349 2547 communes.
1384 2512 1403 2539 ι
1458 2487 1569 2546 Ubi
1621 2488 1935 2546 obset'van-
2020 2499 2175 2549 trum
2216 2491 2677 2549 institutionibus
2705 2498 2759 2547 et
2805 2492 3091 2564 praecipue
3119 2490 3318 2560 eremi,
3352 2506 3529 2564 quam
3576 2490 3732 2547 cole-

215 2578 359 2635 dum
414 2586 505 2635 est
531 2577 868 2651 scriptorem
896 2578 1057 2635 hunc
1108 2576 1262 2634 haud
1314 2575 1449 2633 satis
1496 2574 1608 2633 sibi
1654 2584 1932 2643 constare,
2019 2582 2132 2650 bat,
2185 2581 2397 2638 sanctis
2447 2579 2967 2638 consuetudinibus
3014 2587 3068 2637 et
3121 2580 3380 2638 moribus
3410 2580 3668 2637 innixas.
3705 2605 3731 2627 ι»

212 2670 361 2727 dum
401 2686 577 2743 supra
614 2670 805 2728 verbis
842 2685 1007 2728 num.
1038 2673 1092 2738 4,
1125 2668 1322 2725 relatis
1358 2667 1681 2725 mirabatur
1714 2665 1933 2724 Rodul-
1973 2666 2201 2741 'Quod,
2231 2670 2495 2743 inquam,
2533 2669 2628 2726 hic
2664 2669 2878 2729 subdit.
2911 2685 2982 2725 ex
3014 2675 3171 2740 parte
3195 2668 3315 2741 jam
3358 2669 3421 2726 in
3471 2670 3735 2742 superio-

214 2761 407 2833 phum
446 2774 631 2817 novas
666 2760 987 2817 eremiticas
1024 2757 1463 2815 constitutiones
1497 2772 1598 2828 pro
1636 2754 1939 2812 Camaldu-
2020 2759 2182 2815 ribus
2207 2756 2569 2814 confutatum
2598 2765 2703 2825 est,
2734 2772 2838 2814 nec
2887 2763 3139 2830 repetere
3194 2764 3356 2814 vacat
3384 2774 3518 2829 ane
3568 2760 3734 2817 toties

218 2848 493 2906 lensibns
527 2847 852 2916 adornasse,
884 2862 1018 2905 cum
1056 2846 1188 2903 illas
1217 2845 1337 2917 jam
1378 2844 1579 2901 Petrus
1622 2842 1938 2900 Damianus
2022 2863 2196 2920 supra
2228 2846 2546 2904 clarissime
2579 2847 2941 2904 ostendimus
2974 2871 2986 2903 :
3022 2861 3095 2902 ex
3128 2855 3284 2917 parte
3314 2863 3450 2905 vero
3481 2849 3734 2919 facilem,

215 2946 381 2997 tanta
432 2944 605 2995 antea
646 2935 1042 2994 monumentis
1085 2933 1415 3003 tradiderat,
1449 2949 1604 2989 nunc
1654 2947 1789 2988 vero
1835 2944 1933 2987 110-
2022 2946 2074 2994 et
2113 2936 2347 2994 obviam
2402 2936 2829 3009 responsionem
2879 2935 3073 3015 habet,
3105 2936 3463 2994 observando
3506 2937 3739 2996 Damia-

216 3026 450 3085 biscum
488 3027 697 3083 fatetur
724 3024 990 3083 Damiani
1021 3022 1251 3096 regulas
1280 3036 1382 3094 pro
1417 3020 1537 3078 sola
1565 3018 1940 3078 AvellaueDSi
2024 3026 2331 3096 num,loco
2352 3042 2451 3099 per
2479 3025 2858 3083 Ladercbinm
2880 3024 3069 3093 citato,
3095 3039 3460 3098 nequaquam
3490 3026 3738 3085 innuere

118 3149 139 3171 .
217 3134 418 3177 eremo
456 3117 826 3190 conscriptas,
861 3115 1119 3189 adeoque
1177 3113 1366 3170 locum
1411 3111 1591 3169 fuisse
1629 3110 1760 3168 aliis
1800 3124 1939 3167 con-
2024 3131 2085 3173 se
2144 3114 2289 3171 illud
2329 3130 2514 3172 unum
2568 3116 2801 3187 praecise
2838 3114 3153 3189 approbare
3195 3115 3351 3187 quod
3398 3116 3467 3172 de
3520 3116 3739 3187 praelati

218 3206 650 3276 stitutionibus,
696 3220 829 3278 qua:
861 3203 1003 3261 alios
1031 3209 1198 3261 extra
1238 3200 1579 3259 Avellanam
1631 3198 1996 3304 RomualdiC
2024 3203 2364 3261 discretione
2415 3203 2472 3262 S.
2509 3204 2674 3261 Pater
2722 3203 3082 3262 Romualdus
3128 3205 3417 3273 docuerat,
3449 3204 3547 3262 sed
3594 3203 3737 3260 sim-

216 3305 529 3355 scctatores
547 3294 931 3351 devincircnt.
1956 3294 1996 3304 “”
2035 3294 2166 3368 plici
2210 3294 2524 3352 assertione
2562 3294 2623 3352 id
2659 3295 2991 3368 approbare,
3026 3312 3135 3353 nec
3167 3304 3361 3353 tamen
3396 3303 3737 3353 caaterorum

286 3393 449 3453 XIV.
508 3395 792 3451 Caeterum
846 3392 1046 3450 eodem
1106 3391 1298 3462 modo,
1364 3407 1479 3462 quo
1531 3387 1804 3462 speciales
1848 3402 1949 3459 pro
2027 3401 2062 3441 a
2112 3382 2436 3441 Romualdo
2484 3383 2899 3443 derivationem
2938 3383 3215 3454 abnuere,
3266 3399 3443 3457 quam
3480 3400 3568 3441 res
3616 3385 3741 3456 ipsa

216 3482 657 3540 Camaldnlensi
712 3497 926 3549 eremo,
975 3488 1040 3538 ut
1084 3497 1251 3538 num.
1317 3479 1351 3536 6
1398 3478 1947 3538 animadvertimus.

213 3571 664 3630 constitutiones
706 3570 770 3627 B.
823 3568 1119 3641 Rodulpbi
1173 3574 1627 3641 essepoterant,
1675 3564 1950 3640 speciales

216 3662 367 3719 item
424 3677 528 3734 pro
589 3660 850 3718 coenobio
913 3658 951 3717 S
1015 3636 1248 3717 Mathiaa
1304 3636 1533 3717 Μιλωηὶ
1590 3636 1795 3729 primae
1832 3655 1952 3711 illm

218 3748 285 3808 B.
322 3748 559 3807 Martini
593 3747 674 3806 IlI
702 3747 1242 3816 constitutiones,de
1268 3745 1483 3820 quibus
1510 3761 1672 3803 num.
1705 3744 1738 3800 8
1760 3750 1951 3801 actum

216 3845 328 3906 est,
392 3850 528 3906 qua:
584 3844 896 3907 propterea,
948 3833 1081 3891 licet
1139 3833 1465 3905 disciplina:
1523 3832 1582 3890 S.
1639 3829 1953 3889 Romnaldi

216 3927 557 3985 conformes
585 3931 793 3993 essent,
822 3925 936 3981 alia
976 3932 1169 3981 tamen
1204 3923 1345 3994 loca,
1391 3923 1483 3980 vel
1519 3939 1553 3979 a
1584 3920 1643 3980 S.
1675 3918 1953 3979 Bomual-

220 4018 295 4075 do
334 4015 593 4082 condita,
616 4017 708 4072 vel
734 4016 804 4071 ad
834 4014 1340 4073 Gamaldnlensem
1389 4013 1652 4071 ordinem
1701 4019 1956 4085 spectan-

222 4107 322 4174 tia,
351 4104 619 4173 obligare
666 4119 1032 4178 nequaquam
1078 4103 1439 4169 debuerant;
1483 4103 1563 4159 ita
1594 4110 1649 4159 et
1692 4100 1758 4159 B.
1804 4099 1956 4157 Petri

220 4195 503 4254 Damiani
559 4194 1013 4264 constitutiones,
1052 4193 1182 4250 licet
1220 4209 1557 4251 communes
1610 4191 1956 4250 Romualdi-

222 4299 445 4342 norum
486 4282 883 4341 observantiae
937 4283 1504 4356 comprehenderent,
1537 4280 1715 4339 eremi
1764 4288 1956 4337 tamen

221 4374 433 4432 Fontis
463 4371 764 4429 Avellanae
794 4371 1135 4444 peculiares,
1165 4387 1238 4428 ex
1277 4369 1549 4443 primaria
1582 4369 1671 4427 sui
1709 4368 1958 4426 auctoris

222 4462 580 4521 intentione.
631 4476 756 4518 esse
806 4467 1071 4533 poterant
1119 4478 1131 4516 :
1175 4474 1276 4516 seu
1334 4458 1491 4531 quia,
1544 4463 1754 4531 praeter
1799 4472 1955 4514 com-

220 4567 449 4610 munes
490 4550 712 4607 ordinis
752 4550 1216 4618 consuetudines,
1251 4549 1535 4607 nonnulla
1578 4547 1750 4606 etiam
1796 4561 1954 4605 com-

216 4639 663 4715 prehenderent
712 4639 974 4713 personis
1020 4638 1183 4696 illius
1237 4638 1347 4696 loci
1401 4638 1684 4694 duntaxat
1737 4652 1955 4695 accom-

215 4728 487 4793 modata.
510 4727 734 4800 regioni
755 4726 1175 4794 convenientia,
1211 4732 1383 4798 atque
1413 4740 1525 4782 usu
1551 4732 1772 4797 recepta
1805 4743 1817 4781 :
1849 4739 1952 4780 seu

215 4817 390 4890 quia,
426 4816 535 4872 etsi
579 4815 812 4889 penitus
850 4814 991 4876 illic.
1040 4822 1248 4887 praeter
1289 4828 1660 4872 communem
1720 4812 1953 4869 vivendi

216 4919 482 4970 morem,
536 4903 999 4976 pnescriberent,
1047 4918 1114 4961 eo
1157 4904 1280 4976 ipso
1326 4910 1542 4972 tamen,
1582 4900 1735 4974 quod
1775 4899 1848 4957 ab
1890 4915 1958 4957 eo

216 4994 475 5067 praelato
522 4992 1006 5065 proponebantur,
1060 4991 1162 5064 qui
1214 4990 1546 5063 particulari
1591 4989 1779 5046 eidem
1834 4988 1956 5046 loco

219 5088 503 5155 praserat,
536 5094 651 5136 non
679 5077 952 5137 omnibus
982 5080 1113 5137 aliis
1140 5079 1211 5136 ad
1243 5076 1513 5136 eumdem
1545 5078 1810 5135 ordinem
1835 5092 1958 5148 spe-

217 5170 437 5237 ctanti,
464 5168 670 5241 utique
697 5169 790 5227 (ad
826 5170 943 5226 vim
972 5168 1266 5241 obligandi
1300 5166 1455 5243 quod
1484 5168 1709 5235 attinet)
1742 5166 1952 5239 specia-

222 5263 313 5320 les
367 5259 619 5318 evadere
668 5260 1007 5329 debuerant,
1044 5274 1149 5316 nec
1178 5258 1358 5316 veluti
1416 5257 1733 5330 generales,
1765 5255 1958 5313 omni-

223 5350 467 5423 basque
485 5363 830 5406 communes
858 5347 1054 5406 haberi
1075 5353 1356 5418 poterant,
1386 5353 1617 5419 propter
1651 5344 1956 5418 specialem

221 5437 636 5510 praecipientis
682 5436 1101 5501 auctoritatem,
1140 5435 1427 5508 certisque
1462 5448 1862 5507 personarum,
1893 5448 1961 5489 ac

230 5529 505 5586 locorum
563 5526 849 5584 limitibus
894 5528 1212 5583 restrictam
1252 5524 1744 5597 jnrisdictionem.

305 5615 440 5673 XV.
469 5613 639 5684 Quod
685 5629 822 5671 vero
856 5614 1055 5672 subdit
1099 5613 1454 5671 Laderchins
1511 5626 1674 5669 num.
1730 5611 1813 5681 1‘2,
1860 5609 1962 5669 ubi

2030 3471 2292 3544 loquitur
2331 3486 2406 3528 ex
2445 3471 2752 3529 collatione
2795 3472 3107 3542 utriusque
3131 3472 3385 3529 instituti
3413 3487 3537 3543 cap.
3567 3470 3597 3525 3
3628 3478 3681 3527 et
3710 3473 3741 3529 ~i

2031 3560 2177 3616 facta
2230 3563 2462 3631 (praeter
2506 3574 2838 3630 expressam
2894 3560 3256 3617 mentionem
3297 3562 3362 3618 D.
3410 3561 3744 3627 Romualdi,

2030 3664 2167 3722 qua)
2202 3648 2450 3705 occurrit
2480 3647 2633 3720 apud
2688 3646 3036 3704 Damianum
3083 3648 3144 3705 in
3186 3648 3522 3720 psalmodize
3568 3649 3745 3706 disci-

2033 3736 2213 3809 plina,
2257 3735 2525 3808 aliisque,
2555 3751 2589 3791 a
2635 3734 2801 3791 nobis
2840 3750 2962 3807 cap.
3007 3736 3059 3801 5,
3094 3751 3260 3794 num.
3300 3735 3335 3792 ‘2
3368 3744 3425 3794 et
3458 3737 3489 3795 3
3525 3737 3744 3810 ponde-

2032 3825 2190 3898 ratis)
2224 3840 2520 3900 quamque
2576 3823 2742 3882 tacite
2791 3824 2991 3907 saltem
3020 3824 3323 3897 designare
3359 3826 3591 3885 videtur
3628 3827 3738 3885 Da-

2034 3915 2269 3974 mianus
2342 3914 2416 3973 iis
2491 3912 2631 3986 ipsis
2704 3913 2896 3970 verbis
2947 3930 2981 3971 a
3032 3914 3353 3974 Laderchio
3408 3916 3671 3989 allegatis
3725 3934 3738 3972 :

2039 4028 2064 4053 -
2098 4002 2223 4060 Non
2262 4003 2459 4060 omnia
2504 4001 2683 4074 hujus
2713 4002 3098 4062 institutionis
3135 4014 3418 4078 praecepta
3458 4005 3742 4063 minutius

2037 4108 2141 4149 nos
2194 4092 2595 4160 describimus,
2625 4092 2725 4148 sed
2784 4092 2983 4160 multa,
3027 4109 3158 4165 qua:
3211 4102 3266 4150 et
3312 4093 3525 4166 passim
3575 4093 3743 4150 nobis

2035 4186 2364 4247 occurrunt,
2425 4196 2502 4237 ex
2559 4180 2750 4238 studio
2804 4181 3209 4254 prieterimus,
3271 4204 3293 4233 ι
3352 4198 3550 4255 opusc.
3615 4193 3741 4250 XV,

2034 4286 2156 4342 cap.
2191 4269 2273 4327 18.
2299 4269 2440 4338 Qua:
2468 4269 2626 4326 enim
2651 4268 2766 4326 alia
2788 4274 2909 4327 erat
2938 4269 3271 4341 hujnsmodi
3299 4271 3598 4328 eremitica
3617 4270 3737 4327 ins-

2040 4357 2247 4428 titutio,
2282 4357 2397 4415 nisi
2446 4372 2579 4431 qua:
2608 4374 2641 4414 a
2674 4356 2740 4414 B.
2778 4356 3097 4416 Romnaldo
3127 4363 3263 4416 tunc
3294 4373 3495 4416 recens
3527 4360 3741 4417 instau-

2038 4454 2160 4504 rata
2186 4443 2468 4517 vigebat?
2500 4445 2643 4502 Nam
2677 4444 2783 4502 etsi
2814 4445 2885 4502 ab
2913 4445 3171 4518 antiquis
3197 4444 3448 4504 Orientis
3478 4446 3743 4505 Patribus

2037 4534 2336 4607 complura
2358 4535 2429 4591 ad
2457 4536 2606 4591 hanc
2632 4532 2997 4606 disciplinam
3022 4534 3371 4606 pertinentia
3385 4534 3747 4594 Romualdus

2040 4626 2213 4683 fuerit
2245 4623 2522 4693 imitatus,
2552 4624 2624 4681 ad
2660 4620 2971 4680 certiorem'
2996 4630 3185 4681 tamen
3222 4624 3582 4692 methodum,
3615 4639 3743 4696 per-

2036 4714 2356 4786 fectamque
2388 4712 2732 4785 regulariter
2760 4710 2995 4769 vivendi
3025 4727 3320 4782 normam,
3351 4713 3548 4770 omnia
3575 4726 3745 4767 revo-

2038 4803 2210 4871 cavit,
2266 4809 2322 4859 et
2401 4802 2460 4858 in
2513 4801 2605 4858 bis
2656 4800 3109 4859 occidentalibus
3160 4800 3346 4874 plagis
3396 4800 3623 4872 primus
3675 4800 3747 4857 ad

2039 4892 2271 4963 praxim
2316 4890 2550 4948 reduxit
2580 4910 2591 4947 :
2623 4889 2848 4947 dicente
2873 4888 3073 4948 Paulo
3104 4889 3434 4948 Justiniano
3470 4888 3534 4945 in
3578 4891 3743 4963 praef.

2039 4996 2163 5040 sua:
2222 4981 2440 5053 regula;
2498 4980 2808 5038 eremiticae
2841 5000 2853 5038 :
2888 5006 2914 5029 «ι
2972 4978 3098 5037 Vita
3151 4995 3286 5037 vero
3338 4978 3641 5037 eremitica.
3685 4979 3748 5037 in

2039 5070 2382 5129 occidentali
2420 5070 2674 5128 Ecclesia
2721 5077 3055 5128 sectatorem
3092 5068 3235 5126 forte
3264 5067 3546 5143 aliquem,
3578 5069 3747 5127 insti-

2042 5167 2288 5218 tutorem
2315 5168 2509 5218 autem
2542 5158 2776 5217 nullum
2810 5157 3083 5224 habebat;
3122 5155 3344 5227 primus
3367 5165 3562 5215 autem
3589 5155 3651 5214 in
3688 5172 3754 5215 ea

2042 5258 2257 5315 auctor,
2285 5256 2341 5306 et
2378 5250 2676 5306 institutor
2706 5248 2815 5305 fuit
2848 5246 2942 5302 vir
2979 5244 3140 5302 omni
3180 5245 3478 5304 sanctitate
3514 5246 3750 5319 conspi—

2043 5354 2210 5396 cuns.
2236 5346 2407 5410 atque
2448 5352 2549 5409 per
2574 5335 2775 5393 omnia
2800 5332 3348 5393 admirabilissimus
3378 5334 3751 5392 beatissimus
3809 5372 3818 5381 -

2034 5427 2422 5487 'Romualdus,
2453 5449 2480 5473 ι»
2506 5432 2611 5483 etc.

2114 5515 2270 5574 XVI.
2301 5514 2587 5573 Caeterum
2635 5530 2709 5572 an
2762 5514 3076 5588 discipulos
3118 5514 3180 5574 S.
3220 5514 3556 5584 Romualdi,
3590 5515 3750 5572 velut

2046 5607 2119 5664 ad
2148 5622 2209 5663 se
2245 5603 2484 5662 minime
2521 5603 2827 5662 attinentes
2865 5605 3125 5663 nominet
3153 5604 3495 5676 Damianns,
3536 5612 3601 5661 ut
3640 5603 3749 5660 La-

236 5705 310 5762 de
368 5702 542 5761 Petro
596 5701 866 5759 Damiani
914 5704 998 5761 sic
1048 5702 1268 5761 habet:
1308 5724 1331 5754 ι
1384 5698 1611 5759 Ibidem
1662 5698 1838 5758 etiam
1884 5699 1965 5757 lo-
2047 5695 2321 5755 dercbius
2343 5694 2666 5767 cavillatnr,
2694 5696 2817 5770 jam
2842 5696 2982 5754 alibi
3010 5696 3472 5759 observavimus,
3509 5708 3757 5768 prmser~
