4106 6204
354 374 420 437 71
1269 374 1331 435 S.
1370 371 1661 434 PETRUS
1702 370 2094 434 DAMIANUS
2133 373 2194 434 S.
2234 372 2305 434 Β.
2348 374 2413 432 Ε.
2454 366 2931 437 CARDINALIS.

3810 368 3884 434 72

357 505 462 562 tim
482 519 605 577 cap.
640 501 693 575 5,
724 518 890 561 num.
929 502 994 562 10
1019 509 1074 561 et
1096 518 1219 576 cap.
1249 502 1302 573 6,
1338 517 1502 561 num.
1539 502 1587 561 3.
1626 501 1772 560 Nam
1802 500 1865 558 in
1891 503 2135 576 prom-A
2158 499 2310 557 disse
2366 501 2595 573 asserat)
2650 500 2890 559 memini
2926 516 3020 559 me
3060 506 3186 560 tum
3225 500 3427 560 Romae
3467 470 3763 574 degentem
3802 502 3879 560 ab

354 593 472 652 mio
526 592 673 650 Vitae
724 590 783 650 S.
834 589 1145 649 Romualdi
1189 590 1322 648 illos
1368 606 1505 649 suos
1552 590 1754 647 fratres
1805 587 2070 662 appellat,

264 674 279 688 ί
356 697 675 756 eorumque
724 679 991 754 precibus
1040 678 1355 737 adductum
1405 695 1466 737 se
1515 679 1738 750 asserit,
1801 694 2074 749 germana

355 771 630 829 charitate
672 776 931 844 urgente,
974 766 1047 825 ad
1099 766 1162 826 S.
1204 766 1391 825 Patris
1429 774 1585 842 gesta
1645 766 1850 824 litteris
1885 765 2075 824 consi-

356 860 601 933 gnanda.
654 857 816 927 Quod
870 856 918 915 si
969 855 1028 913 id
1073 871 1192 914 non
1250 871 1475 929 semper
1526 870 1797 929 expresse
1851 854 2073 927 repetit,

356 950 584 1023 quoties
607 948 678 1006 de
703 947 1003 1021 discipulis
1034 946 1092 1006 S.
1123 945 1434 1005 Romualdi
1463 947 1817 1004 mentionem
1841 944 2074 1019 ingerit,

357 1043 412 1095 et
442 1036 585 1109 quid
620 1035 711 1093 vir
748 1034 1149 1093 sanctissimus
1188 1033 1502 1106 discipulos
1540 1048 1674 1091 suos
1712 1034 1957 1103 doceret,
1984 1048 2075 1090 re-

361 1124 507 1183 ferre
542 1122 742 1198 satagit
773 1142 786 1181 :
822 1138 939 1181 non
981 1129 1279 1197 propterea
1319 1122 1450 1180 illos
1488 1122 1646 1181 velut
1678 1138 1714 1180 a
1751 1138 1811 1180 se
1855 1121 2077 1180 alienos

356 1227 806 1272 commemorare
846 1210 1167 1270 censendus
1201 1218 1322 1281 est;
1357 1210 1473 1267 nisi
1513 1209 1795 1281 dicamus,
1824 1226 2075 1282 evange-

361 1302 523 1361 listas
573 1319 633 1361 se
682 1317 716 1359 a
772 1300 984 1359 Christi
1037 1298 1344 1372 disciplina
1399 1298 1621 1357 alienos
1672 1299 2074 1374 pronuntiare,

358 1390 584 1463 quoties
622 1395 891 1445 enarrant
948 1385 1266 1461 parabolas,
1308 1400 1450 1459 quas
1503 1388 1652 1441 dixit
1688 1390 1842 1442 Jcsus
1903 1388 2077 1442 disci-

363 1480 513 1552 pulis
565 1481 712 1545 suis;
754 1481 854 1534 aut
890 1474 1003 1533 nisi
1040 1490 1368 1535 asseramus
1396 1474 1666 1533 eumdem
1702 1474 1937 1533 Petrum
1973 1474 2079 1532 Da-

364 1566 629 1626 mianum
671 1565 843 1623 etiam
870 1581 903 1621 a
941 1564 1000 1624 S.
1045 1563 1339 1622 Benedicti
1386 1562 1695 1636 disciplina
1725 1579 1785 1621 se
1815 1562 2078 1621 alienum

366 1656 570 1728 facere,
599 1656 742 1713 dum
772 1654 830 1713 S.
859 1654 1154 1713 Benedicti
1182 1653 1496 1727 discipu‘los
1526 1652 1787 1711 nominat
1829 1659 1967 1711 tom.
1998 1652 2076 1724 II,

368 1761 542 1805 serm.
598 1744 652 1817 8,
711 1759 819 1801 nec
874 1759 933 1802 se
988 1742 1108 1802 illis
1161 1759 1431 1818 expresse
1485 1743 1807 1818 conjungit,
1866 1758 2078 1817 eosque

2154 587 2415 662 ejusdem
2446 589 2698 649 auctoris
2726 605 2824 648 ore
2850 587 3165 659 audivisse,
3196 589 3337 647 dum
3374 588 3633 649 invicem
3659 590 3729 650 de
3770 593 3879 650 hac

2156 678 2278 752 ipsa
2315 680 2705 739 controversia
2756 681 3235 754 colloqueremur,
3272 680 3425 754 quod
3478 697 3551 739 ex
3601 681 3881 742 omnibus

2156 771 2533 842 argumentis,
2590 788 2723 845 quas
2771 788 2874 846 pro
2935 780 3129 831 nostra
3186 772 3467 830 sententia
3530 774 3875 846 atteruntur,

2156 871 2346 913 unum
2376 856 2483 915 hoc
2513 857 2621 916 sibi
2650 859 2995 923 maximum.
3028 876 3147 933 pra:
3178 859 3423 931 caeteris,
3462 860 3761 933 negotium
3791 864 3879 920 ta-

2156 953 2418 1015 cesscret,
2454 946 2584 1005 licet
2609 950 2734 1022 ejus
2762 950 2819 1008 vi
2859 966 2893 1007 a
2929 958 3326 1024 praeconcepta
3365 951 3649 1009 sententia
3688 953 3881 1010 se‘di-

2161 1039 2378 1097 moveri
2407 1056 2522 1098 non
2556 1049 2867 1115 pateretur.

2230 1127 2305 1185 II.
2340 1127 2435 1187 Sic
2474 1129 2651 1203 igitur
2680 1131 2966 1205 proponit,
2999 1139 3170 1206 atque
3221 1132 3470 1190 enodare
3524 1132 3883 1194 Ladercbius

2159 1219 2493 1293 aggreditur
2527 1222 2813 1295 ejusmodi
2853 1222 3250 1282 ditlicultatem
3293 1238 3460 1281 num.
3501 1225 3563 1282 1.5
3600 1243 3612 1280 :
3656 1248 3679 1276 ι
3713 1225 3884 1284 Dices

2160 1304 2551 1368 Romualdum
2591 1326 2855 1369 eremum
2898 1310 3088 1370 Sitriaa
3126 1310 3423 1380 fundasse,
3461 1311 3525 1368 in
3562 1326 3677 1385 qua
3718 1311 3885 1370 deiu-

2161 1419 2292 1478 ceps
2328 1405 2438 1463 fuit
2478 1405 2814 1463 Dominicus
2845 1405 3162 1477 Loricatus,
3199 1405 3470 1465 Damiani
3520 1404 3878 1482 discipulus;

2163 1495 2272 1554 sub
2298 1497 2809 1556 constitutionibus
2834 1513 2971 1571 ergo
3000 1496 3333 1566 Ilomualdi,
3366 1502 3559 1570 utpote
3587 1497 3645 1555 in
3688 1513 3885 1558 eremo

2162 1587 2234 1645 ab
2281 1587 2389 1646 hoc
2432 1587 2694 1646 fundata.
2738 1610 2765 1642 »
2828 1588 2933 1647 Cui
2980 1605 3116 1662 ergo
3168 1596 3510 1660 argumento
3553 1589 3635 1647 sic
3687 1592 3882 1648 statim

2163 1676 2467 1748 respondet
2498 1699 2510 1734 :
2546 1697 2575 1729 tt
2607 1676 2716 1736 Sed
2753 1683 2994 1749 negatur
3022 1692 3382 1751 consequens
3409 1693 3484 1735 ex
3512 1692 3685 1749 supra
3734 1679 3884 1737 alla-

2164 1763 2257 1834 tis,
2287 1764 2444 1835 quod
2492 1764 2855 1825 Romualdus
2899 1766 3342 1824 constitutiones
3386 1781 3503 1823 non
3558 1766 3715 1825 dedit
3766 1768 3886 1840 (sed

362 1840 660 1908 propterea
702 1840 771 1893 ut
818 1833 889 1892 ad
930 1850 991 1892 se
1033 1833 1272 1891 omnino
1314 1848 1429 1891 non
1476 1835 1845 1907 pertinentes,
1875 1832 2081 1891 Lader-

2230 1832 2385 1910 cente
2431 1853 2650 1928 lingua,
2698 1864 2752 1913 et
2800 1855 3149 1929 praedicante
3194 1854 3333 1924 vita)
3386 1854 3600 1924 docuit,
3642 1863 3697 1912 et
3748 1832 3888 1914 licet

364 1922 759 2017 qhiiiudiciO.
800 1928 1229 2017 90mu}emorat-
1269 1921 1403 2017 ,θεά
1440 1922 1728 2017 quomodo
1767 1920 2081 2017 Βοωξιίιιάὶ
2169 1943 2353 2001 multa
2399 1920 2757 2017 subvregula
2798 1920 2856 2004 ὲ.
2907 1943 3202 2003 Benedicti
3246 1920 3764 2014 fundaverit'loca;
3796 1953 3886 2002 ta-

363 2010 697 2086 discipulos,
730 2011 891 2071 velut
921 2012 991 2069 ad
1034 2027 1095 2069 se
1139 2010 1381 2069 minime
1416 2010 1724 2068 attinentes
1779 2010 2082 2069 nominare

367 2101 686 2163 Damianus
722 2108 942 2176 poterat
970 2101 997 2161 ?
1032 2118 1128 2160 eos
1164 2118 1393 2175 nempe,
1423 2100 1773 2175 quibuscum
1806 2103 2080 2175 frequen-

366 2193 588 2253 tissime
617 2194 868 2264 vivebat,
897 2200 963 2253 ut
1002 2199 1117 2251 toto
1146 2208 1269 2266 cap.
1299 2192 1331 2251 6
1358 2198 1655 2250 ostensum
1695 2199 1798 2262 est,
1833 2207 2085 2267 quorum

367 2282 542 2340 etiam
578 2281 905 2356 magisterio
944 2287 997 2339 et
1034 2279 1347 2338 directione
1384 2279 1670 2353 utebatur,
1710 2287 1774 2339 ut
1826 2288 2085 2354 respectu

367 2369 435 2431 B.
459 2370 671 2429 Leonis
718 2368 1014 2428 Sitriensis
1059 2384 1183 2443 cap.
1216 2369 1337 2439 cit.,
1372 2384 1537 2426 num.
1576 2368 1640 2426 16
1689 2385 1762 2426 ex
1804 2368 2086 2427 Damiano

368 2459 783 2534 probavimus;
844 2458 948 2531 qui
1000 2465 1193 2515 tamen
1251 2458 1391 2529 Leo,
1424 2474 1499 2515 ex
1552 2458 1751 2516 eodem
1813 2457 2086 2517 Damiano

368 2544 473 2603 lib.
506 2558 589 2615 Vl,
617 2562 706 2618 ep.
744 2546 803 2603 17
836 2564 849 2602 :
884 2567 911 2598 (ι
950 2544 1081 2603 Jam
1116 2561 1218 2618 per
1251 2545 1614 2618 septuaginta
1644 2547 1763 2604 fere
1801 2562 1987 2605 annos
2024 2549 2087 2605 in

370 2634 686 2693 monastico
716 2633 920 2692 habitu
958 2633 1236 2705 degebat:
1275 2656 1302 2687 ››
1344 2632 1602 2709 adeoque
1638 2633 1963 2693 Romualdo
1995 2636 2087 2693 vi-

371 2729 564 2795 vente,
582 2730 637 2780 et
657 2720 767 2780 sub
795 2721 920 2796 ejus
944 2720 1239 2795 auspiciis.
1257 2716 1568 2780 eremiticaa
1590 2723 1724 2781 vitae
1754 2723 2089 2782 tirocinium

372 2821 660 2889 posuerat,
692 2812 844 2870 inter
870 2812 996 2885 ejus
1022 2810 1335 2885 discipulos
1361 2812 1512 2885 apud
1541 2812 1777 2872 Sitriam
1809 2814 2090 2888 supersti-

374 2909 478 2975 tes,
505 2904 773 2962 omnium
800 2902 1039 2959 fortasse
1068 2901 1532 2976 antiquissimus.

1024 3017 1267 3078 CAPUT
1290 3018 1446 3078 VIII.

588 3114 821 3183 Reliqua
848 3129 884 3166 a
910 3111 1208 3167 Laderchio
1236 3110 1446 3180 objecta
1475 3111 1868 3170 discutiuntur.

2169 2047 2303 2089 men
2345 2048 2480 2106 quas
2528 2032 2591 2091 in
2638 2033 2710 2091 iis
2752 2049 2928 2106 supra
2975 2032 3232 2105 regulam
3288 2032 3779 2101 custodiebantur,
3808 2034 3888 2092 ab

2169 2119 2294 2192 ipso
2341 2121 2637 2192 magistro,
2685 2121 2953 2195 exemplo
3000 2121 3211 2194 potius,
3251 2137 3428 2194 quam
3472 2121 3669 2190 verbo,
3704 2120 3794 2195 vel
3833 2123 3889 2181 si

2170 2209 2366 2280 verbo,
2408 2209 2582 2267 verbo
2633 2217 2823 2269 tamen
2871 2210 3382 2289 constitutionibus
3421 2210 3588 2269 certis
3632 2226 3749 2268 non
3793 2209 3886 2268 al-

2170 2300 2364 2373 ligato,
2390 2301 2769 2375 jubebantur,
2799 2310 2865 2361 ut
2909 2302 2981 2359 ab
3026 2301 3248 2371 abbate,
3278 2317 3395 2359 non
3436 2300 3509 2358 ab
3558 2300 3890 2359 institutore

2170 2406 2338 2450 novae
2388 2389 2623 2460 regulae,
2655 2392 2753 2450 sed
2808 2392 2999 2464 potius
3055 2398 3120 2450 ut
3171 2408 3204 2448 a
3251 2391 3529 2464 peculiari
3586 2390 3766 2463 illius,
3794 2391 3889 2447 vel

2171 2480 2338 2538 istius
2368 2479 2478 2538 loci
2513 2486 2862 2553 praeceptore
2897 2487 2952 2538 et
2989 2481 3288 2553 magistro.
3320 2479 3487 2549 Quod
3520 2480 3720 2553 utique
3750 2494 3888 2551 per-

2171 2568 2420 2639 duravit,
2452 2585 2758 2645 usquequo
2794 2569 2952 2628 ducti
2990 2570 3198 2643 spiritu
3236 2568 3565 2637 Romualdi,
3607 2568 3891 2626 constitu-

2173 2657 2356 2715 tiones
2407 2657 2533 2730 ejus
2575 2658 3046 2718 Camaldulenses
3089 2658 3354 2732 apicibus
3410 2658 3803 2728 tradiderunt;
3830 2662 3893 2715 et

2174 2745 2377 2807 Petrus
2406 2747 2544 2806 item
2591 2763 2723 2805 suas
2760 2748 2935 2817 dedit,
2969 2764 3045 2805 ex
3088 2747 3305 2822 quibus
3345 2748 3545 2821 utique
3587 2746 3659 2805 ab
3709 2745 3893 2805 Avel-

2171 2836 2399 2913 lanensi
2450 2837 2828 2911 distinguitur
2876 2836 3335 2894 Camaldulensis
3382 2835 3765 2907 congregatio,
3802 2836 3897 2894 uti

2173 2925 2282 2984 sub
2319 2925 2516 2997 regula
2557 2924 2615 2983 S.
2656 2924 2949 2982 Benedicti
2988 2923 3412 2993 Cistercienses,
3450 2921 3895 2994 Cluniacenses,

2174 3010 2675 3071 Vallumbrosanaa
2729 3012 3200 3087 congregationes
3248 3017 3586 3083 separantur
3626 3010 3699 3068 ab
3733 3011 3900 3068 invi-

2174 3118 2318 3161 cem.
2353 3123 2381 3155 »
2424 3102 2564 3161 Haec
2590 3101 2711 3160 ille.

380 3205 679 3266 SYNOPSIS.
739 3238 807 3248 —
862 3204 1621 3280 Quodnam-argumentum
1684 3205 2086 3280 gliaderchium

2243 3192 2346 3250 III.
2394 3192 2461 3249 In
2508 3191 2742 3266 quibus,
2792 3189 2934 3264 quid
2977 3189 3171 3280 prius.
3199 3187 3342 3264 quid
3397 3187 3582 3261 magis
3612 3187 3894 3260 admirer,

445 3280 703 3337 maxime
721 3276 1203 3356 premat.JNum..
1230 3278 1275 3334 1.
1318 3276 1386 3334 Ut
1426 3276 1573 3356 illud
1614 3278 1839 3356 snolvere
1870 3279 2088 3356 nitatur

444 3357 661 3408 auctor.
717 3347 770 3406 ἲ.
827 3347 1145 3407 Solutionis
1189 3348 1571 3415 impugnatio.
1627 3348 1679 3405 3.
1724 3349 1812 3406 Ad
1868 3349 2090 3407 ordinis

447 3422 539 3479 sui
572 3420 990 3486 fundalionem,
1015 3417 1337 3476 Romualdo
1369 3419 1747 3477 necessariam
1775 3436 1888 3477 non
1912 3420 2090 3478 fuisse

447 3491 881 3569 institutionum
908 3489 1295 3569 :propriarum
1340 3490 1743 3569 s_criptionem._
1777 3493 1920 3569 Ibid.
1965 3491 2090 3569 Duo

445 3564 559 3621 alia
644 3562 950 3620 Laderchii
1023 3562 1173 3619 dicta
1246 3563 1636 3620 confutantur.
1720 3562 1772 3619 4.
1845 3562 2092 3620 Ulterior

448 3634 642 3706 evasio
671 3634 929 3706 primarii
960 3633 1371 3706 argumentima
1420 3632 1739 3706 Laderchio
1765 3640 1996 3691 tentata.
2032 3635 2086 3690 5.

450 3702 749 3763 Classeiise
786 3702 1117 3762 cmnobium
1160 3718 1266 3760 cur
1291 3702 1720 3762 Camalduleusi
1765 3721 1959 3763 eremo
1991 3721 2086 3763 co-

447 3778 716 3851 pulatum
750 3774 975 3833 fuerit?
1003 3775 1054 3851 6_.
1084 3774 1167 3832 De
1202 3774 1335 3851 aliis
1384 3775 2087 3851 monasteriorum_unio-_

449 3846 626 3905 nibus
675 3849 826 3904 intra
870 3846 1139 3904 eumdem
1191 3846 1473 3903 ordinem.
1509 3846 1561 3904 7.
1602 3847 1733 3904 Alia
1784 3847 2090 3905 Ladercliii

447 3917 740 3977 cavillatio
770 3918 1071 3976 refutatur.
1104 3917 1158 3974 8.
1193 3916 1470 3974 Instautia
1502 3933 1709 3975 rursus
1738 3917 1853 3975 alia
1879 3920 2088 3976 adver-

448 3989 586 4062 sarii
622 3995 1113 4062 contra_nos_tram_
1147 3991 1513 4062 sententiam,
1548 3989 1690 4062 falso
1724 3989 1913 4047 nitens
1945 4005 2086 4062 sup-

444 4060 647 4138 posito:
703 4060 759 4138 9.
793 4059 1044 4138 Duplex
1082 4059 1405 4138 disparitas,
1445 4059 1515 4116 ad
1571 4060 1689 4138 hoc;
1730 4059 2088 4138 propositum

446 4130 480 4203 ξι
528 4130 857 4203 Ladercbio
884 4130 1149 4203 adducta,
1184 4130 1585 4203 impugnatur.
1631 4130 1906 4203 tOCDu'aa
1955 4132 2089 4189 alim

446 4176 784 4281 1:135:56th
810 4176 1179 4281 ὄὺῆῗοιῶὶξέ.
1222 4176 1585 4281 ιμῗἻζπῖιξᾴεξ
1630 4176 1906 4281 ἰῇὲιτίξιῖιῗ
1928 4176 2089 4281 εὸῙῇιῖ

446 4275 544 4332 tio.
578 4273 658 4331 l2.
694 4272 976 4332 Secunda:
994 4272 1327 4332 confutatio.
1357 4272 1441 4332 l3.
1472 4272 1758 4332 Ultimum
1785 4274 2092 4332 Laderchii

450 4351 859 4420 argumentum
886 4343 1150 4403 diluitur.
1186 4343 1269 4401 14.

449 4433 498 4493 Ι.
543 4434 686 4492 Tam
733 4433 950 4508 potenti
1004 4432 1131 4491 luce
1180 4432 1269 4491 vis
1319 4431 1576 4491 veritatis
1628 4432 1880 4503 irradiat,
1921 4438 1985 4492 ut
2034 4432 2099 4491 in

378 4526 577 4585 oculos
623 4524 799 4583 etiam
847 4540 907 4582 se
954 4522 1307 4598 fugientium
1361 4522 1619 4582 incurrat
1654 4547 1666 4582 :
1699 4523 1829 4582 ideo
1873 4522 2092 4582 Lader-

381 4616 583 4675 chium
628 4622 893 4674 nostrum
936 4582 1112 4673 latere
1159 4628 1529 4689 nequaquam
1560 4614 1764 4688 potuit,
1797 4630 1986 4674 unum
2016 4582 2151 4673 exD

382 4705 695 4780 praecipuis
745 4704 1125 4778 argumentis,
1186 4704 1401 4781 quibus
1449 4704 1887 4765 Camaldulense
1941 4705 2096 4764 Petri

383 4794 650 4855 Damiani
704 4796 1040 4854 institutum
1091 4794 1322 4868 probari
1372 4794 1535 4867 solet,
1575 4813 1650 4854 ex
1706 4813 1772 4855 eo
1830 4798 2093 4869 petitum,

381 4884 537 4959 quod
579 4885 641 4944 S.
679 4882 1021 4943 Dominicus
1061 4883 1361 4942 Loricatus
1401 4882 1593 4941 Sitrite
1632 4885 1807 4958 prior,
1836 4884 2096 4958 ejusdem

385 4971 539 5032 Petri
589 4972 857 5031 Damiani
897 4971 1222 5046 discipulus
1268 4971 1461 5042 fuerit,
1504 4974 1993 5046 quemadmodum
2043 4978 2099 5030 et

387 5077 492 5120 nos
521 5078 643 5134 cap.
676 5064 731 5129 6,
762 5078 927 5121 num.
965 5062 1024 5121 14
1059 5061 1603 5120 demonstravimus.
1637 5062 1877 5122 Nullum
1905 5063 2099 5135 itaque

386 5166 508 5212 non
542 5163 733 5211 movet
773 5151 1018 5227 lapidem
1054 5154 1295 5227 scriptor
1323 5158 1535 5223 noster,
1564 5160 1627 5210 ut
1664 5154 1769 5211 hoc
1806 5167 1929 5211 sum
1958 5170 2096 5211 cau-

388 5256 469 5301 sa:
508 5241 913 5316 prmjudicium
948 5241 1280 5306 amoliatur.
1311 5248 1489 5315 atque
1528 5242 1587 5299 in
1622 5257 1850 5299 omnem
1882 5258 1941 5299 se
1970 5258 2099 5301 ver-

312 5391 329 5411 ,
387 5342 474 5393 sat
503 5343 742 5407 partem,
773 5343 836 5394 ut
867 5333 1090 5393 obicem
1123 5335 1279 5393 hunc
1318 5335 1429 5394 sibi
1462 5333 1935 5393 molestissimum
1968 5349 2101 5406 pro-

392 5431 557 5484 terat.
587 5425 733 5484 Nam
784 5442 970 5501 usque
1013 5426 1086 5483 ab
1129 5441 1282 5485 anno
1339 5426 1472 5484 1699
1511 5442 1626 5500 quo
1672 5433 1924 5500 tempore
1970 5426 2104 5483 vitae

390 5512 451 5574 S.
482 5511 635 5572 Petri
667 5513 936 5572 Damiani
974 5512 1313 5587 colligendae
1339 5513 1712 5574 incumbebat
1752 5512 2105 5574 Ladercbius

388 5601 543 5675 (licet
583 5603 647 5660 in
679 5602 857 5677 hujus
892 5602 1083 5675 operis
1116 5617 1270 5661 anno
1305 5601 1439 5661 i702
1466 5603 1605 5663 editi
1655 5602 2013 5678 praefatione,
2046 5617 2105 5659 se

387 5689 460 5750 ad
492 5690 620 5765 ejus
648 5690 1113 5752 lucubrationem
1154 5697 1269 5752 tres
1304 5706 1536 5752 menses
1571 5693 1855 5753 duntaxat
1885 5693 2110 5766 impen-

2171 3281 2463 3355 ambigere
2502 3297 2594 3339 me
2633 3282 2847 3349 fateor;
2892 3295 3031 3338 num
3076 3278 3313 3349 scilicet,
3350 3279 3505 3353 quod
3547 3279 3894 3340 Sitriensem

2173 3386 2433 3430 eremum
2473 3387 2507 3428 a
2546 3370 2603 3429 S.
2647 3369 2969 3429 Romualdo
3007 3369 3332 3442 fundatam,
3372 3370 3620 3444 ejusque
3658 3371 3893 3428 habita-

2174 3465 2321 3517 tores
2364 3458 2435 3516 ad
2484 3457 2746 3516 ordinem
2780 3456 3281 3516 Camaldulensem
3329 3458 3616 3532 pertinere
3661 3457 3893 3515 inﬁcia-

2174 3554 2285 3617 tur,
2320 3545 2461 3621 quia
2511 3544 2568 3604 S.
2620 3544 2785 3604 Pater
2821 3546 3262 3604 constitutiones
3308 3562 3444 3604 suas
3497 3547 3722 3619 scriptis
3769 3561 3891 3605 non

2172 3636 2470 3707 exaravit;
2510 3651 2656 3694 num
2690 3636 2847 3710 quod
2884 3636 3156 3694 eumdem
3198 3637 3256 3695 S.
3298 3637 3544 3707 Patrem,
3576 3651 3689 3694 non
3725 3636 3886 3701 velut

2171 3723 2481 3784 eremiticae
2528 3724 2663 3781 vitae
2700 3724 3163 3793 instauratorem,
3202 3723 3299 3781 sed
3343 3724 3501 3782 velut
3536 3724 3891 3798 peculiarem

2173 3814 2371 3888 hujus,
2402 3813 2495 3871 vel
2532 3812 2695 3870 illius
2740 3811 2849 3870 loci
2904 3816 3312 3886 praeceptorem
3364 3812 3531 3871 nobis
3571 3812 3889 3883 exhibeat;

2176 3920 2319 3962 num
2357 3904 2625 3977 denique,
2660 3902 2813 3977 quod
2865 3903 3022 3962 hunc
3070 3919 3268 3962 rerum
3310 3911 3522 3963 statum
3568 3904 3891 3964 obtinuisse

2175 3999 2483 4063 asseveret,
2514 3991 2840 4065 usquedum
2881 3992 3350 4052 Camaldulenses
3379 3993 3893 4054 constitutionibus

2175 4080 2299 4139 suis
2350 4080 2778 4138 conscribendis
2822 4080 3086 4138 animum
3133 4082 3557 4154 applicuerunt.
3610 4085 3685 4141 At
3729 4084 3894 4141 enim

2176 4186 2310 4246 quae
2352 4176 2608 4229 monstra
2661 4171 2787 4228 haec
2824 4178 2962 4228 sunt
2995 4186 3190 4229 rerum
3226 4179 3282 4228 et
3318 4171 3778 4230 sententiarum?
3810 4173 3893 4232 De

2176 4260 2363 4336 primo
2386 4261 2505 4334 jam
2533 4275 2657 4331 cap.
2693 4258 2935 4332 prmced.
2960 4276 3129 4318 num.
3154 4260 3235 4331 1'2,
3261 4260 3523 4319 diximus
3547 4277 3679 4319 cum
3711 4261 3893 4321 Paulo

2176 4351 2506 4411 Justiniano
2553 4350 2948 4409 Romualdum
3007 4351 3212 4424 utique
3263 4351 3704 4410 constitutiones
3754 4367 3894 4409 suas

2178 4442 2405 4514 scriptis
2442 4455 2553 4499 nou
2592 4440 2931 4513 prodidisse,
2962 4439 3176 4497 Christi
3213 4438 3396 4512 ipsius
3434 4439 3668 4499 Domini
3708 4442 3894 4499 nostri

2178 4528 2446 4602 exemplo
2492 4553 2505 4586 :
2559 4553 2580 4578 ι
2641 4529 2771 4599 Qui,
2822 4527 2975 4603 quod
3031 4527 3153 4600 ipse
3205 4528 3465 4588 faciendo
3515 4545 3581 4586 ac
3636 4530 3894 4588 docendo

2185 4617 2457 4687 instituit,
2514 4632 2632 4676 non
2701 4616 2928 4690 scriptis
3006 4615 3258 4687 tradidit,
3318 4617 3416 4676 sed
3472 4616 3603 4674 aliis
3656 4624 3779 4690 post
3833 4633 3896 4675 se

2185 4706 2503 4766 scribendis
2531 4705 2808 4780 reliquit;
2837 4731 2863 4753 ››
2896 4704 2995 4763 sed
3035 4720 3140 4762 nec
3177 4704 3425 4777 Magnus
3462 4706 3753 4765 Antonius
3792 4706 3901 4764 ab-

2184 4795 2303 4863 bas,
2365 4800 2444 4852 tot
2498 4794 2916 4852 monachorum
2973 4792 3158 4865 Pater,
3219 4794 3404 4853 ullam
3457 4793 3740 4867 regulam,
3799 4802 3901 4853 aut

2185 4884 2605 4944 institutionem
2640 4882 2848 4956 scripto
2887 4882 3204 4953 mandavit,
3237 4891 3294 4941 at
3341 4885 3477 4942 vitm
3525 4900 3649 4943 suae
3695 4899 3901 4941 exem-

2184 4974 2314 5047 plis,
2348 4981 2402 5030 et
2429 4971 2788 5031 documentis
2840 4971 2903 5029 in
2947 4971 3075 5045 ejus
3118 4972 3535 5047 discipulorum
3583 4983 3776 5032 mente
3811 4973 3903 5031 a1-

2186 5063 2301 5120 tius
2343 5059 2662 5133 impressis,
2695 5067 2996 5121 sectatores
3046 5077 3185 5120 suos
3236 5063 3465 5122 abunde
3510 5063 3783 5132 erudivit,
3838 5069 3907 5120 ut

2184 5159 2385 5210 auctor
2412 5156 2498 5207 est
2529 5149 2882 5207 Athanasius
2911 5169 2924 5207 :
2954 5171 2983 5203 ι(
3019 5150 3118 5209 Est
3153 5153 3330 5222 enim,
3356 5153 3568 5225 inquit,
3605 5151 3904 5211 monachis

2188 5239 2480 5299 sufficiens
2548 5238 2839 5295 character
2889 5240 2960 5297 ad
3007 5240 3304 5298 asceticam
3384 5241 3625 5298 Antonii
3697 5242 3900 5298 vita.»

2189 5329 2352 5400 Quod
2398 5330 2591 5401 ipsum
2629 5329 2700 5387 de
2748 5328 3071 5388 Romualdo
3104 5331 3218 5389 dici
3257 5337 3458 5403 potest,
3492 5330 3594 5405 qui
3632 5332 3902 5389 omnium

2188 5419 2633 5483 occidentalium
2667 5422 3041 5479 eremitarum
3079 5419 3281 5489 Patris,
3324 5426 3380 5476 et
3414 5418 3762 5477 institutoris
3829 5419 3902 5475 ti—

2192 5512 2381 5569 tulum
2408 5524 2513 5567 suo
2539 5506 2776 5567 vivendi
2805 5506 3259 5581 exemplo,suisq
3273 5522 3346 5565 uc
3371 5507 3607 5566 monitis
3634 5505 3901 5565 saluber-

2190 5598 2357 5658 rimis
2406 5597 2743 5672 promeruit,
2781 5602 2846 5655 ut
2897 5595 3120 5655 dissert.
3166 5597 3215 5666 1,
3267 5610 3389 5669 cap.
3433 5596 3465 5654 5
3502 5595 3898 5671 probavimus,

2194 5697 2250 5750 et
2275 5703 2450 5765 quem
2478 5687 2793 5749 Damianus
2820 5684 2941 5759 ipse
2976 5683 3043 5745 in
3083 5685 3209 5762 ejus
3248 5684 3376 5747 Vita
3421 5702 3545 5761 cap.
3575 5686 3610 5747 9
3651 5684 3904 5748 asseruit
