4106 6204
249 345 312 404 73
1137 335 1712 399 l‘ROLEGOMENA.
1756 366 1820 376 -
1862 331 1957 390 os
1999 327 2400 388 lNSTI'I‘U'l‘O
2441 330 2875 394 UAMALDUL.
3689 342 3760 402 74

249 470 678 531 nihilominus:
713 491 734 520 ι
773 467 1013 527 vivendi
1067 466 1331 540 regulam
1374 463 1600 522 cunctis
1643 458 2025 535 singularisA
2046 455 2172 529 ejus
2225 457 2651 532 congregationi
2705 461 2979 520 traditum
3041 462 3165 523 fuit.
3208 465 3352 526 Nam
3411 483 3560 528 nova
3613 475 3766 530 certe

252 562 388 620 vitae
442 558 824 619 sectatoribus
871 556 1210 632 praeﬁxisse,
1246 577 1275 610 »
1322 569 1498 629 quam
1552 552 1615 610 in
1663 551 1788 625 ipsa
1836 549 1963 622 ejus
2050 548 2158 606 ista
2198 547 2426 606 traditio
2474 549 2764 621 superﬂua
2814 557 2954 623 erat,
2987 552 3036 611 si
3074 568 3148 612 ex
3188 562 3326 615 tunc
3363 562 3583 618 tantum
3615 565 3764 621 tem-

253 647 580 709 admirabili
619 647 876 706 Historia
923 646 1280 705 relucentem
1327 642 1670 716 accepimus,
1702 639 1858 698 unde
1910 646 1966 696 et

253 741 312 800 B.
354 739 703 813 Rodulphus
736 738 800 796 in
832 737 1059 796 constit.
1100 737 1240 794 anni
1292 733 1426 794 1085
1467 734 1684 809 primos
1737 728 1969 790 Gamal-

254 828 511 889 dulensis
541 827 722 885 eremi
745 827 965 886 incolas
996 825 1162 884 nobis
1191 824 1486 895 describit,
1512 848 1539 876 ί(
1560 822 1777 896 jugiter
1799 835 1969 879 vene-

254 918 450 978 rabilis
503 915 814 977 Romualdi
863 915 1043 974 vitam
1094 919 1267 988 atque
1337 912 1655 972 doctrinam
1715 925 1967 969 comme-

254 1013 562 1068 morantes.
595 1030 622 1062 »
659 1007 869 1067 Omitto
906 1003 1062 1080 quod
1111 1020 1216 1062 nec
1256 1003 1314 1064 S.
1341 1004 1596 1063 Joannes
1624 1001 1971 1061 Gualbertus

257 1096 758 1157 Vallumbrosanae
822 1095 1098 1166 familias,
1156 1110 1264 1153 nec
1319 1093 1378 1154 S.
1433 1093 1718 1152 Roberlus
1793 1090 1972 1149 abbas

252 1185 730 1246 Cisterciensibus
796 1186 1034 1259 scriptas
1098 1183 1534 1244 constitutiones
1583 1182 1961 1257 reliquerunt,

252 1291 352 1336 nec
406 1275 466 1336 S.
502 1276 829 1349 Stephanus
881 1273 1494 1334 Grandimontensium
1521 1271 1688 1331 Pater
1732 1271 1965 1331 institu-

253 1364 434 1424 tiones
481 1381 616 1425 suas
659 1367 870 1439 scripto
913 1363 1306 1437 consignavit;
1340 1378 1483 1436 quas
1510 1363 1582 1420 ab
1631 1361 1760 1436 ejus
1796 1360 1974 1419 disci-

255 1453 406 1527 pulis
459 1453 602 1512 olim
649 1453 930 1523 collectas,
981 1458 1036 1510 et
1077 1452 1138 1510 in
1187 1450 1475 1511 Gallicum
1522 1450 1734 1508 idioma
1789 1464 1974 1522 nuper

255 1559 582 1616 conversas,
641 1545 796 1619 apud
865 1543 1264 1619 Augustinum
1329 1541 1569 1601 Mercier
1626 1557 1780 1600 anno
1841 1540 1973 1599 1701

255 1635 563 1708 impressas
610 1635 971 1694 audivimus.
1007 1634 1173 1693 Unde
1215 1637 1385 1707 patet,
1422 1631 1570 1689 nihil
1616 1629 1854 1689 omnino
1893 1644 1974 1688 re-

257 1724 419 1794 ferre,
451 1724 606 1798 quod
645 1724 1082 1784 constitutiones
1114 1738 1248 1781 suas
1282 1719 1646 1780 Romualdus
1685 1733 1800 1777 non
1831 1716 1975 1776 scri-

257 1814 432 1888 pserit
503 1813 576 1871 ad
650 1813 1069 1872 monasterium
1149 1809 1342 1870 Sitriaa
1419 1810 1494 1868 ab
1564 1808 1689 1883 ejus
1771 1808 2036 1890 ordineB

260 1903 700 1975 secernendum,
759 1919 875 1977 qua
935 1901 1158 1960 ratione
1219 1897 1677 1958 Camaldulensis
1743 1913 1975 1972 quoque

2052 635 2206 710 poris
2258 634 2420 695 locus
2485 637 2636 696 idem
2691 639 3008 700 beatissimi
3074 643 3423 705 institutoris
3481 656 3766 724 prae-cepta

2054 724 2377 798 recepisset,
2407 741 2542 785 cum
2596 726 2860 787 videlicet
2906 737 2972 789 ut
3007 730 3183 790 abbas
3221 733 3274 792 ei
3310 735 3565 808 praefuit.
3600 735 3767 798 Sicut

2054 814 2232 888 igitur
2286 830 2360 872 ex
2426 815 2536 873 hoc
2602 824 2843 890 constat,
2900 817 3370 882 Camaldulenses
3434 826 3763 902 nuncupari

2054 919 2173 962 non
2217 903 2470 977 potuisse
2503 906 2830 975 monachos,
2867 907 2958 966 vel
3007 915 3257 984 tempore
3308 913 3638 986 Romualdi,
3673 915 3765 975 vel

2055 1001 2179 1070 post
2220 997 2344 1070 ejus
2392 994 2792 1054 felicissimum
2832 996 3078 1070 obitum,
3133 1017 3320 1076 usque
3367 1005 3439 1063 ad
3493 1005 3762 1080 supradi-

2055 1093 2212 1146 ctum
2259 1101 2486 1145 annum
2537 1085 2672 1145 1138
2720 1085 2781 1144 in
2827 1089 3089 1148 cmnobio
3134 1092 3420 1153 Classensi
3458 1094 3763 1169 degentes;

2061 1176 2140 1234 ita
2168 1174 2290 1248 pari
2322 1176 2510 1246 modo,
2550 1192 2655 1235 nec
2693 1176 3194 1238 Camaldulensem
3226 1183 3416 1243 vocari
3458 1200 3624 1259 posse
3653 1185 3767 1247 Do~

2061 1265 2347 1324 minicum
2395 1265 2721 1324 Loricatum
2777 1281 2851 1324 ex
2894 1281 2960 1325 eo
3011 1275 3253 1342 tantum,
3287 1273 3442 1344 quod
3489 1275 3661 1335 fuerit
3704 1275 3767 1337 in

2059 1371 2251 1414 eremo
2302 1354 2493 1414 Sitrire
2528 1371 2561 1411 a
2606 1354 2927 1415 Romualdo
2962 1357 3218 1429 fundata,
3259 1361 3630 1435 arbitramur,
3668 1366 3768 1424 sed

2056 1442 2247 1515 potius
2321 1442 2726 1502 Avellanensis
2788 1445 3282 1519 congregationis,
3345 1457 3539 1525 utpote
3593 1450 3770 1511 disci-

2059 1531 2268 1606 pulum
2329 1530 2482 1589 Petri
2541 1531 2826 1602 Damiani,
2866 1533 2967 1607 qui
3019 1550 3154 1594 eum
3203 1537 3595 1610 peculiaribus
3644 1540 3768 1600 suis

2059 1620 2550 1691 Institutionibus,
2587 1635 2620 1679 a
2659 1621 3196 1684 Camaldulensium
3225 1630 3313 1696 (ut
3343 1627 3628 1700 videmus)
3657 1629 3770 1690 dis-

2059 1710 2250 1768 tinctis
2277 1709 2636 1782 informavit,
2661 1727 2795 1770 cum
2824 1712 3080 1786 seipsum
3111 1714 3448 1776 Dominicus
3477 1717 3604 1793 ejus
3643 1734 3767 1778 ma-

2058 1801 2292 1877 gisterio
2318 1801 2580 1874 subjecit.
2614 1824 2641 1857 »

2133 1892 2232 1952 VI.
2261 1894 2401 1964 Quae
2455 1895 2625 1968 plane
2678 1895 2994 1956 concidunt
3039 1914 3114 1958 ex
3167 1898 3336 1960 dictis
3375 1902 3602 1962 dissert.
3637 1916 3659 1964 Ι
3698 1905 3770 1965 de

261 2007 490 2052 eremus
543 1999 691 2051 esset
728 1989 996 2050 similiter
1043 1988 1445 2062 adjudicanda,
1482 2002 1615 2046 cum
1662 2001 1852 2061 neque
1891 1986 1976 2044 ibi
2057 1981 2275 2057 duplici
2305 1982 2766 2043 Camaldulensis
2806 1986 3062 2046 nominis
3089 1990 3434 2064 acceptione,
3473 2009 3647 2068 quam
3689 1993 3772 2056 ibi

260 2079 624 2141 Romualdus
672 2077 855 2138 ullam
910 2077 1169 2151 regulam
1222 2075 1533 2149 scripserit,
1563 2090 1670 2133 nec
1729 2089 1976 2147 usquam
2058 2090 2181 2148 cap.
2219 2086 2280 2144 ιι,
2309 2088 2474 2132 num.
2518 2073 2579 2132 21
2627 2074 3026 2148 distinximus,
3066 2082 3122 2134 et
3153 2077 3507 2140 Laderchius
3557 2082 3771 2156 passim

260 2170 508 2230 omnino
539 2167 857 2243 peculiares
884 2183 1008 2227 suae
1042 2165 1363 2239 disciplina:
1413 2179 1660 2222 canones
1713 2177 1980 2222 exarasse
2059 2164 2407 2237 confundit;
2448 2181 2636 2238 neque
2663 2167 2820 2226 enim
2849 2169 3010 2227 aliud
3041 2170 3256 2230 evincit
3291 2172 3538 2233 adducta
3572 2175 3773 2235 obser-

264 2256 743 2332 deprehendatur.
2062 2255 2232 2323 vatio,
2267 2254 2380 2312 nisi
2410 2255 2562 2327 quod
2589 2272 2622 2312 a
2649 2259 3086 2328 congregatione
3123 2276 3299 2318 sacrae.
3336 2263 3517 2322 eremi
3545 2266 3771 2325 Gamal-

333 2347 436 2408 IV.
471 2347 553 2408 De
580 2347 835 2407 secundo
865 2361 1022 2415 vero,
1052 2345 1160 2403 hoc
1193 2349 1277 2402 est
1296 2358 1372 2401 an
1399 2339 1784 2412 Romualdus,
1819 2340 1981 2399 velut
2062 2343 2324 2403 dulensis
2377 2342 2478 2400 diu
2531 2344 2853 2417 sejunctum
2908 2349 3186 2406 manserit
3235 2350 3531 2411 Classense
3577 2371 3774 2414 emno-

267 2439 444 2498 unius
470 2439 713 2512 privatae
735 2437 943 2496 domus
965 2433 1235 2508 magister
1257 2431 1636 2493 Sitriensibus
1663 2431 1977 2504 praefuerit,
2064 2433 2229 2491 bium
2260 2475 2276 2502 ,
2337 2432 2830 2505 quemadmodum
2912 2443 2967 2494 et
3037 2443 3114 2497 tot
3166 2438 3278 2498 alia
3327 2440 3448 2501 loca
3499 2459 3533 2501 a
3586 2445 3644 2504 S.
3708 2446 3770 2504 P.

268 2546 336 2589 an
385 2528 584 2603 potius
639 2535 705 2588 ut
761 2525 1093 2586 communis
1146 2524 1411 2582 omnium
1465 2521 1884 2589 coenobiarcha,
1926 2527 1982 2579 et
2070 2517 2394 2577 Romualdo
2428 2518 2730 2592 mdiﬁcata,
2769 2537 2884 2595 quo
2933 2523 3215 2585 nimirum
3249 2535 3500 2602 tempore
3545 2533 3776 2606 singula

269 2618 582 2678 eremiticze
634 2616 960 2691 disciplina}
1009 2613 1304 2672 institutor
1360 2611 1686 2682 haberetur,
1736 2610 1983 2669 videnda
2070 2606 2418 2664 monasteria
2445 2607 2678 2666 totidem
2717 2612 3186 2684 congregationes
3212 2615 3466 2675 invicem
3495 2618 3774 2692 indepen-

271 2715 403 2766 sunt
442 2722 580 2783 quae
625 2706 852 2764 dissert.
887 2707 936 2773 1,
967 2719 1091 2778 cap.
1125 2704 1177 2774 3,
1210 2718 1373 2762 num.
1415 2702 1497 2771 14,
1537 2707 1733 2759 contra
1761 2701 1867 2758 hoc
1893 2699 1982 2774 ip—
2072 2696 2303 2766 dentes,
2359 2695 2490 2754 licet
2547 2697 2804 2772 ejusdem
2866 2699 3145 2774 instituti,
3201 2705 3663 2781 constituebant,
3716 2717 3782 2770 ut

271 2813 399 2856 sum
474 2796 782 2855 Laderchii
857 2794 1091 2853 effatum
1124 2837 1138 2864 ,
1195 2808 1466 2867 expresse
1525 2792 1983 2864 observavimus,
2077 2786 2240 2844 tcties
2264 2785 2642 2859 monuimus;
2671 2793 2729 2845 at
2757 2803 2874 2847 non
2904 2790 3126 2864 probat,
3149 2793 3220 2852 ad
3253 2796 3523 2856 eumdem
3549 2796 3780 2859 Gamal-

275 2901 460 2960 neque
510 2886 620 2944 hoc
677 2885 800 2943 loco
857 2884 1071 2943 frustra
1123 2889 1258 2941 sunt
1305 2881 1630 2956 repetenda.
1688 2882 1770 2940 De
1825 2882 1987 2940 tertio
2073 2875 2375 2936 dulensem
2432 2875 2695 2936 ordinem
2730 2921 2745 2951 ,
2803 2887 3094 2953 quatenus
3159 2883 3282 2944 loca
3346 2888 3544 2947 omnia
3573 2935 3589 2959 ,
3649 2907 3784 2965 qua:

277 2978 509 3037 demum
555 2976 698 3051 quid
755 2975 983 3046 addam,
1019 2973 1131 3031 nisi
1184 2973 1339 3046 quod
1385 2972 1670 3045 ejusmodi
1719 2971 1987 3031 observa-
2075 2968 2144 3027 D.
2174 2968 2487 3028 Bomualdi
2535 2975 2870 3044 acceperant
2923 2971 3312 3048 disciplinam,
3361 2980 3784 3055 complectitur,

279 3067 428 3126 tione
485 3067 756 3126 videatur
801 3065 1014 3124 inferre
1056 3064 1431 3136 Laderchius,
1466 3079 1570 3122 nos
1621 3079 1991 3139 nequaquam
2077 3057 2446 3116 referendum
2494 3073 2610 3118 non
2659 3074 2784 3118 esse
2820 3059 2977 3119 idem
3014 3062 3309 3124 Classense
3346 3070 3785 3130 monasterium.

277 3174 308 3215 a
363 3157 741 3255 Romualdo)
800 3155 899 3214 sed
948 3155 1019 3213 ab
1056 3153 1151 3254 .iis
1207 3154 1497 3255 qui‘ejus
1551 3150 2374 3255 constitutionescNimirum
2425 3151 2489 3250 in
2544 3153 2652 3210 hoc
2695 3151 2913 3227 insigni
2969 3156 3244 3216 asceterio
3295 3159 3608 3233 primordia
3665 3179 3790 3223 sum

279 3247 510 3319 scriptis
576 3245 951 3314 tradiderunt,
985 3244 1271 3318 originem
1327 3243 1584 3302 ducere?
1632 3244 1788 3318 quod
1840 3239 2478 3304 essetvconversionis
2531 3250 2798 3314 posuerat
2856 3244 3251 3316 Bomualdus,
3310 3248 3496 3308 eidem
3552 3250 3791 3311 biennio

277 3336 507 3413 insigne
537 3337 878 3412 patriarchae
908 3334 1162 3409 elogium
1188 3334 1514 3393 Bomualdo
1547 3337 1788 3409 eripere,
1817 3335 1994 3394 illud-

275 3444 388 3501 que
429 3429 495 3487 in
533 3427 917 3501 Bodulphum
968 3428 1314 3498 transferre;
1354 3442 1460 3484 nec
1489 3427 1677 3485 solum
1714 3425 1995 3486 Romual-

279 3517 387 3578 dus
438 3535 471 3576 e
519 3518 926 3589 reiigiosarum
981 3515 1334 3575 familiarum
1391 3513 1830 3584 fundatoribus,
1892 3515 1998 3572 hac

279 3611 518 3681 ratione,
551 3611 864 3681 exsularet,
901 3609 997 3669 sed
1029 3615 1084 3668 et
1119 3610 1373 3668 Joannes
1399 3608 1762 3679 Gualbertus,
1795 3612 1852 3666 et
1881 3605 1995 3666 Bo-

279 3699 500 3770 bertus,
541 3705 598 3757 et
648 3700 996 3773 Stephanus,
1025 3704 1081 3756 et
1107 3713 1308 3756 omnes
1337 3697 1517 3755 ferme
1547 3696 1999 3756 inonasticarum

279 3788 670 3862 propaginum
718 3787 1100 3855 institutores,
1135 3787 1237 3861 qui
1303 3785 1514 3859 pariter
1567 3784 1717 3843 nihil
1775 3785 2002 3858 scriptis

281 3876 666 3946 tradiderunt,
703 3891 1024 3950 eorumque
1046 3875 1168 3933 loco
1192 3875 1448 3948 ipsorum
1471 3872 1764 3946 discipuli,
1795 3880 1850 3932 et
1879 3888 2001 3931 suc-

278 3981 559 4036 cessores,
581 3973 862 4038 quotquot
888 3971 1094 4024 statuta
1123 3965 1320 4038 aliqua
1357 3964 1588 4022 ordines
1617 3979 1752 4022 suos
1777 3978 2002 4022 concer-

280 4056 485 4114 nentia
537 4054 942 4125 condiderunt,
982 4052 1296 4127 reponendi
1349 4059 1560 4123 essent,
1601 4068 1666 4110 ac
1711 4068 1813 4126 pro
1867 4051 2003 4109 Val-

282 4145 835 4216 lumbrosanorum,
914 4144 1419 4214 Cisterciensium,
1508 4149 1608 4202 aut
1692 4143 2006 4216 respective

283 4233 910 4294 Grandimontensium
938 4233 1278 4306 patriarchis
1315 4231 1570 4291 habendi
1597 4236 1808 4292 essent.
1841 4231 2004 4301 Quod

281 4331 368 4381 est
397 4323 617 4398 oppido
641 4322 1078 4396 perridiculum.

359 4414 429 4473 ν.
461 4414 845 4489 Prosequitur
873 4420 1061 4472 autem
1095 4413 1450 4473 Laderchius
1472 4428 1636 4472 num.
1664 4412 1727 4472 14
1754 4435 1766 4470 :
1804 4433 1826 4464 α
1850 4411 2007 4470 Prat-

2075 3329 2378 3404 praafuisse
2423 3329 2652 3402 legitur,
2708 3347 3180 3409 successoresque
3223 3336 3494 3397 habuisse
3547 3341 3792 3400 Ardefa-

2076 3421 2237 3492 dum,
2271 3428 2326 3479 et
2363 3420 2591 3481 Bonum
2647 3438 2781 3482 suos
2818 3424 3152 3498 discipulos,
3193 3432 3431 3487 testatur
3475 3429 3796 3492 Fortunius

2077 3509 2227 3567 Hist.
2279 3508 2462 3582 Cam.,
2522 3516 2665 3584 part.
2724 3525 2784 3582 Il,
2837 3513 2937 3570 lib.
2967 3525 3010 3583 Ι,
3039 3530 3163 3587 cap.
3218 3515 3304 3574 15.
3345 3516 3606 3592 Ejusquc
3663 3519 3797 3579 licet

2079 3597 2318 3656 dimisso
2370 3598 2673 3670 regimine,
2735 3617 2795 3658 se
2859 3601 3221 3662 Bomualdus
3283 3605 3425 3664 adeo
3482 3607 3796 3668 sollicitum

2084 3687 2349 3762 praebuit,
2389 3691 2456 3744 ut
2490 3703 2625 3745 cum
2657 3686 2859 3746 Veneti
2894 3691 3197 3762 cujusdam
3225 3692 3447 3752 abbatis
3484 3693 3799 3756 Simouiaci

2081 3779 2383 3840 invasione
2430 3779 2708 3840 fmdatum
2765 3783 3197 3846 nobilissimum
3245 3784 3577 3847 cmnobium
3623 3789 3796 3850 inau-

2083 3870 2261 3928 disset
2293 3893 2304 3927 :
2337 3891 2360 3920 α
2392 3868 2538 3928 Illuc
2561 3871 2827 3943 protinus
2855 3872 2939 3932 ire
2964 3873 3133 3933 miles
3159 3873 3372 3935 Christi
3398 3876 3644 3952 impiger
3671 3885 3796 3939 stu-

2084 3958 2230 4030 duit,
2263 3957 2624 4032 diversisque
2655 3959 2843 4018 modis
2887 3977 2962 4020 ex
3004 3977 3072 4021 eo
3110 3965 3524 4025 monasterium
3553 3981 3802 4042 purgare

2086 4049 2348 4120 tentavit,
2386 4069 2414 4102 »
2447 4054 2514 4107 ut
2563 4050 2734 4108 refert
2785 4049 3104 4112 Damianus
3152 4054 3215 4112 in
3272 4055 3416 4125 Vita,
3448 4072 3570 4129 cap.
3604 4057 3694 4116 41.
3726 4061 3803 4117 At

2086 4140 2234 4200 illud
2263 4140 2418 4198 idem
2444 4139 2744 4198 Classense
2786 4142 3117 4202 coenobium
3149 4144 3581 4206 Camaldulensi
3607 4163 3802 4208 eremo

2091 4229 2149 4290 S.
2192 4229 2357 4287 Pater
2410 4244 2526 4286 non
2577 4229 2946 4304 cepulaverat
2980 4250 2994 4288 :
3026 4233 3170 4306 quid
3226 4234 3442 4294 mirum
3496 4235 3698 4311 igitur,
3753 4235 3803 4296 si

2092 4318 2424 4378 Gualterius
2501 4319 2910 4379 Ravennatum
2981 4322 3444 4400 archiepiscopus
3517 4326 3804 4401 ejusmodi

2091 4409 2370 4468 unionem
2407 4407 2559 4467 inire
2600 4407 2829 4469 voluit?
2869 4410 3071 4490 Exstat
3099 4415 3252 4488 apud
3293 4415 3640 4476 Fortunium
3682 4417 3804 4478 loco

285 4509 372 4562 ter
419 4519 607 4578 quam
660 4501 814 4576 quod
861 4502 1298 4562 constitutiones
1339 4502 1670 4574 Romualdi,
1710 4501 1805 4562 vel
1859 4501 2214 4579 vivaancitq
2246 4499 2348 4558 lib.
2379 4511 2441 4571 II,
2479 4514 2602 4572 cap.
2653 4499 2736 4570 l7,
2788 4498 3080 4574 integrum
3134 4504 3368 4564 unionis
3419 4505 3692 4579 diploma,
3729 4521 3805 4566 ex

285 4594 452 4652 vocis
488 4592 744 4662 oraculo,
781 4591 874 4650 vel
911 4590 1121 4650 deinde
1171 4590 1431 4665 apicibus
1474 4592 1738 4663 traditas,
1766 4606 1884 4650 non
1917 4608 2007 4650 re-

282 4689 570 4756 ceperunt
622 4681 818 4740 omnia
856 4679 996 4752 loca,
1027 4681 1119 4739 vel
1170 4696 1302 4755 quae
1339 4681 1630 4751 fundasse,
1661 4679 1755 4740 vel
1795 4680 2008 4754 quibus

282 4772 600 4846 praefuisse
645 4776 955 4843 narratur;
997 4769 1153 4829 unde
1175 4770 1249 4829 ad
1293 4785 1461 4830 suam
1508 4772 2008 4846 congregationem

283 4860 803 4921 Camaldulensem
847 4875 967 4920 non
1015 4859 1301 4934 pertinere
1331 4876 1448 4933 eos,
1479 4862 1581 4936 qui
1621 4861 1683 4920 in
1723 4860 1883 4935 ipsis,
1915 4861 2007 4920 vel

281 4951 528 5020 eremis,
558 4951 653 5008 vel
687 4949 1050 5009 monasteriis
1075 4951 1330 5017 fuerunt,
1359 4950 1654 5009 evidenter
1681 4949 2008 5024 colligimus

282 5039 424 5098 aliis
451 5039 883 5114 praetermissis,
914 5054 988 5097 ex
1025 5055 1092 5098 eo
1133 5039 1287 5115 quod
1323 5039 1454 5098 licet
1485 5039 1772 5100 Classensi
1805 5054 2010 5097 mona-

284 5126 468 5187 sterio
519 5127 826 5202 praefuisse
871 5142 944 5185 ex
980 5126 1261 5200 jussione,
1290 5133 1408 5185 tam
1445 5126 1803 5202 imperatoris
1832 5125 2007 5185 Otho-

286 5219 411 5286 nis,
473 5231 652 5291 quam
709 5215 894 5290 ipsius
953 5217 1137 5275 sancti
1188 5217 1545 5290 Apollinaris
1622 5215 2010 5274 infallibiliter

283 5307 628 5367 habeantur
681 5331 695 5366 :
758 5307 1147 5366 nihilominus
1203 5307 1359 5366 idem
1422 5305 1864 5376 monasterium,
1915 5305 2010 5364 cui

285 5397 532 5470 praefuit
560 5403 798 5454 sanctus
829 5396 1214 5469 Romualdus,
1244 5396 1482 5456 nonnisi
1511 5413 1668 5455 anno
1697 5395 2011 5455 centesimo

287 5485 598 5558 trigesimo
638 5491 838 5544 octavo
879 5492 1005 5560 post
1040 5485 1441 5554 millesimum,
1474 5493 1708 5546 centum
1744 5485 2014 5544 videlicet

287 5581 350 5632 et
377 5575 643 5652 amplius
671 5590 856 5637 annos
879 5583 1008 5653 post
1054 5576 1313 5652 ejusdem
1349 5576 1662 5638 Romualdi
1689 5577 2008 5648 decessum,

289 5666 368 5726 ab
392 5667 831 5744 archiepiscopo
879 5668 1214 5732 Ravennate
1256 5671 1555 5734 Gualterio
1584 5669 2015 5735 Camaldulensi

618 5784 874 5844 PATROL.
911 5787 1157 5848 CXLIV.

2028 4557 2078 4618 D

2096 4607 2212 4665 quo
2288 4594 2439 4664 patet
2509 4589 3022 4664 Archiepisoopum
3089 4592 3272 4650 Azoni
3347 4593 3806 4668 Camaldulensis

2089 4679 2270 4740 eremi
2300 4678 2476 4752 priori
2511 4677 2808 4738 Classense
2837 4681 3256 4740 monasterium
3294 4697 3429 4741 cum
3459 4684 3580 4743 suis
3611 4685 3802 4743 omni-

2089 4770 2201 4828 bus
2259 4767 2627 4842 pertinentiis
2669 4768 3048 4842 commisisse,
3108 4785 3226 4829 non
3272 4770 3436 4846 quasi
3473 4771 3546 4830 ab
3576 4787 3695 4831 uno
3732 4773 3804 4832 ad

2090 4861 2274 4920 alium
2303 4859 2566 4919 ordinem
2596 4859 2746 4918 illud
2783 4859 3197 4932 transferendo,
3227 4861 3324 4918 sed
3356 4867 3419 4920 ut
3439 4861 3808 4924 uberioribus

2090 4949 2473 5011 observantiae
2528 4949 2811 5008 fructibus
2850 4965 2951 5022 per
2991 4949 3119 5023 ejus
3168 4949 3438 5010 alumnos
3476 4952 3810 5014 refloresce-

2092 5046 2196 5112 ret,
2229 5056 2295 5099 ac
2320 5040 2538 5113 majora
2573 5037 2857 5097 virtutum
2892 5037 3246 5097 incrementa
3275 5042 3587 5116 susciperet
3615 5061 3628 5101 :
3665 5065 3692 5094 α
3719 5043 3808 5103 Ad

2092 5129 2523 5190 reformandam
2557 5129 2758 5197 (verba
2787 5135 2923 5187 sunt
2959 5128 3324 5204 Diplomatis)
3369 5137 3426 5190 et
3469 5147 3811 5192 conservan-

2093 5221 2226 5280 dam
2271 5218 2631 5292 religionem,
2666 5238 2694 5270 η
2728 5225 2780 5275 et
2810 5218 2962 5276 infra
2991 5237 3003 5276 :
3037 5239 3065 5271 α
3101 5217 3235 5276 Solo
3282 5219 3522 5292 intuitu,
3556 5227 3610 5278 et
3635 5236 3810 5280 causa

2095 5309 2476 5371 reformandaa
2554 5305 2872 5380 religionis.
2919 5331 2947 5355 κ
3011 5306 3128 5366 Nec
3181 5325 3319 5368 sane
3374 5310 3555 5369 ullam
3610 5328 3810 5372 mona-

2095 5401 2339 5458 chorum
2391 5395 2818 5455 distractionem
2849 5439 2864 5468 ,
2916 5403 3017 5456 aut
3073 5397 3304 5459 habitus
3377 5401 3812 5462 innovationem

2096 5491 2393 5563 propterea
2422 5483 2484 5543 in
2513 5483 2799 5544 Glassensi
2837 5486 3101 5546 cnenobio
3138 5488 3211 5548 ob
3247 5487 3537 5565 ejusmodi
3576 5489 3814 5552 unionis

2099 5573 2552 5646 exsecutionem,
2591 5574 2842 5648 legimus
2867 5574 3279 5639 intercessisse.

2178 5666 2299 5726 VII.
2349 5665 2419 5724 Et
2479 5681 2638 5737 vero,
2671 5664 2720 5727 si
2773 5682 2906 5740 quae
2951 5666 3174 5730 dissert.
3209 5681 3250 5741 I,
3281 5683 3404 5744 cap.
3434 5669 3492 5743 ‘2,
3522 5682 3687 5730 num.
3725 5667 3811 5737 11,

3501 5784 3532 5840 3
