4106 6204
315 312 388 373 75

1228 311 1284 371 S.
1328 310 1620 371 PETRUS
1660 309 2054 371 DAMIANUS
2095 311 2155 371 S.
2197 311 2267 371 Β.
2312 312 2373 370 Ε.
2421 312 2898 372 CARDINALIS.

3751 318 3819 377 76

310 439 385 503 de
426 437 774 501 monasterio
841 436 1193 498 Valliscastri
1234 438 1409 514 (quod
1449 435 1508 496 S.
1546 436 1612 498 P.
1661 435 2347 500 RomualdusAlanitam
2429 438 2643 509 hunc,
2685 442 2741 496 et
2822 434 2996 496 illum
3073 436 3205 511 quis
3276 436 3506 509 fecerit,
3580 439 3827 513 perinde

311 526 734 600 aediﬁcaverat,
785 533 961 604 atque
1022 527 1126 588 ubi
1180 526 1546 588 mortalitatis
1608 542 1732 589 suae
1775 526 2027 601 spolium

311 610 575 691 exuerat)
609 625 737 694 post
780 617 885 680 360
922 635 1109 679 annos
1133 619 1422 681 duntaxat
1449 633 1631 678 sacrm
1670 616 1849 679 eremi
1883 616 2026 676 locis

308 716 632 787 aggregato,
660 710 989 783 docuimus,
1020 711 1138 771 huc
1182 710 1528 782 referantur,
1562 724 1768 784 quaeve
1804 707 2024 768 ibidem

306 815 473 860 num.
505 797 593 872 23,
622 799 694 858 de
721 799 900 861 variis
938 799 1217 859 coenobiis
1251 798 1474 859 ordinis
1512 797 1780 872 alicujus,
1824 798 1887 857 in
1924 814 2025 873 pe-

305 889 584 953 culiarem
649 888 910 965 ejusdem
966 890 1190 950 ordinis
1246 890 1746 965 congregationem
1811 904 2021 949 conve-

308 980 628 1052 nientibus,
684 979 1004 1055 generatim
1078 979 1553 1052 observavimus,
1612 984 1809 1039 nostro
1885 979 2024 1038 huic

308 1070 597 1146 proposito
659 1068 1022 1146 applicentur
1072 1093 1085 1131 :
1140 1068 1357 1144 patebit
1409 1070 1639 1144 utique,
1701 1074 1817 1127 tam
1871 1068 2023 1127 nihil

306 1161 532 1223 obstare
570 1160 818 1223 uniones
851 1158 1136 1234 ejusmodi
1168 1160 1677 1230 monasteriorum,
1709 1157 2022 1217 Camaldu—

304 1249 457 1313 lensi
485 1252 820 1312 eorumdem
849 1251 1133 1324 instituto,
1174 1251 1349 1313 etiam
1380 1250 1453 1311 ad
1488 1256 1741 1326 tempora
1774 1250 2022 1310 uniones

306 1340 412 1400 has
465 1341 867 1416 praecedentia,
899 1340 1095 1414 relato,
1137 1356 1316 1417 quam
1371 1340 1536 1400 nulla
1590 1355 1828 1415 prorsus
1864 1339 2021 1398 difﬁ-

303 1430 491 1495 cultas
542 1430 604 1491 in
652 1448 719 1493 eo
770 1433 1038 1506 occurrit,
1065 1432 1220 1507 quod
1272 1431 1503 1505 ipsimet
1549 1431 2021 1492 Camaldulenses

304 1523 608 1595 cmnohitae
652 1524 840 1600 primo
883 1539 1096 1585 novem
1127 1522 1411 1594 locorum,
1448 1521 1657 1582 deinde
1696 1521 2017 1596 septemde-

305 1614 422 1681 cim
450 1615 932 1677 monasteriorum
981 1616 1490 1691 congregationem
1532 1613 1887 1689 collegerint,
1923 1613 2019 1673 cui

305 1706 555 1768 subinde
608 1706 740 1767 aliis
793 1706 1018 1768 ordinis
1069 1706 1349 1768 coenobiis
1408 1707 1750 1781 aggregatis,
1801 1704 1859 1766 S.
1904 1705 2019 1765 Mi-

305 1795 525 1855 chaelis
555 1797 916 1872 congregatio
962 1796 1175 1857 coaluit
1236 1820 1250 1856 :

306 1887 540 1948 tendere
602 1888 756 1949 ausit
810 1888 1012 1949 eadem
1067 1887 1332 1951 ccenobia
1398 1888 1473 1946 ad
1528 1886 1859 1947 institutum
1918 1885 2018 1944 Ca-

301 1978 690 2052 maldulense,
722 1978 976 2042 velante
1008 1979 1220 2041 Leonis
1249 1978 1301 2038 X
1330 1983 1608 2053 tempora,
1640 1976 1859 2053 quibus
1891 1976 2018 2036 haec

301 2071 665 2147 congregatio
745 2072 994 2145 perfecte
1046 2070 1280 2144 coaluit,
1326 2070 1683 2145 pertinuisse
1716 2087 1731 2142 ;
1766 2067 2014 2141 tametsi,

301 2167 368 2225 ut
417 2161 735 2225 Fortunius
786 2162 1052 2238 loquitur
1105 2168 1250 2237 part.
1293 2176 1337 2234 Ι,
1371 2161 1475 2223 lib.
1506 2173 1592 2234 IlI,
1623 2176 1747 2236 cap.
1791 2160 1844 2233 1,
1874 2159 2016 2219 adeo

302 2252 515 2315 veteris
534 2253 969 2314 communionis
1005 2253 1281 2327 pleraque
1302 2252 1486 2313 oblita
1515 2250 1703 2313 videri
1728 2254 2013 2326 poterant,

298 2343 724 2419 pristinamque
748 2342 1075 2405 libertatem
1107 2357 1426 2414 resumere,
1455 2346 1630 2416 atque
1655 2339 1727 2399 ad
1756 2339 2014 2399 nativam

192 2476 211 2487 .
298 2431 809 2507 independentiam
862 2429 1145 2505 paulatim
1193 2429 1384 2489 redire
1440 2428 1822 2490 nitebantur:
1884 2448 1907 2479 α
1942 2426 2016 2484 Ut

298 2527 382 2587 tot
428 2528 621 2583 essent
667 2519 1096 2596 quodammodo
1146 2518 1211 2577 in
1247 2518 1533 2592 religione
1577 2514 2014 2576 Camalduleusi

296 2629 551 2691 corpora,
580 2618 721 2689 quot
742 2611 1098 2684 debuissent,
1120 2611 1258 2684 jure
1291 2625 1550 2685 summo,
1581 2612 1646 2669 in
1677 2610 1854 2670 unico
1882 2625 2011 2669 cor-

293 2718 433 2780 pore
467 2702 780 2765 consistere
808 2701 1088 2769 membra.
1130 2725 1153 2755 ι

365 2792 525 2855 VIII.
562 2792 674 2855 Sed
701 2792 1007 2853 audiamus
1043 2792 1188 2868 quid
1218 2807 1384 2853 num.
1426 2792 1491 2851 15
1541 2790 1751 2851 subdat
1791 2791 2010 2851 Lader-

291 2881 484 2945 chius.
545 2909 571 2934 α
604 2882 907 2954 Prmterea,
966 2881 1200 2957 inquit,
1256 2882 1391 2942 licet
1437 2881 1809 2952 admittatur,
1852 2879 2009 2956 quod

289 2972 468 3035 fuerit
514 2973 579 3033 in
623 2988 818 3033 eremo
863 2970 1056 3033 Sitrice
1099 2971 1463 3044 Dominicus,
1493 2976 1550 3031 et
1594 2969 1750 3045 quod
1805 2970 2007 3029 eadem

288 3077 523 3125 eramus
545 3061 620 3121 ad
650 3060 1145 3134 Gamaldulenses,
1182 3063 1401 3138 nonad
1426 3059 1850 3122 Avellanenses
1872 3076 2003 3135 per-

288 3153 487 3228 tinuit,
514 3168 634 3213 non
667 3168 747 3213 ex
781 3153 892 3212 hoc
926 3156 1121 3213 tamen
1152 3151 1483 3225 deducitur,
1512 3150 1631 3210 nisi
1670 3152 1824 3227 quod
1860 3152 2003 3211 olim

284 3242 441 3303 inter
466 3242 939 3305 Camaldulenses
967 3241 1144 3302 fuerit
1172 3259 1186 3312 ;
1243 3256 1379 3301 nam
1406 3257 1544 3302 cum
1574 3258 1635 3301 se
1665 3242 1832 3302 Petro
1860 3242 2000 3302 sub-

287 3331 456 3405 didit,
480 3347 603 3392 non
639 3347 867 3407 semper
908 3332 973 3392 in
1019 3344 1213 3393 eremo
1251 3328 1445 3391 Sitriae
1483 3330 1654 3402 vixit,
1689 3331 1810 3391 imo
1837 3335 2000 3401 (teste

286 3422 489 3485 eodem
514 3423 702 3494 Petro)
731 3422 903 3483 modo
930 3422 993 3483 in
1018 3420 1413 3495 Avellanensi,
1440 3421 1561 3481 solo
1589 3420 1853 3481 Basilicas
1883 3437 2001 3481 ωε-

284 3511 498 3572 diantis
524 3511 849 3584 interstitio,
874 3510 948 3571 ab
976 3509 1080 3570 illo
1101 3509 1346 3583 divisus,
1370 3510 1541 3571 modo
1562 3511 1636 3569 ab
1660 3511 1785 3585 ipso
1803 3525 1998 3569 remo-

287 3605 399 3674 tus,
441 3598 614 3661 modo
648 3600 819 3675 juxta
846 3598 1265 3661 monasterium
1309 3599 1683 3675 Conjunctuli
1726 3599 1999 3660 cellulam

281 3690 506 3764 habuit,
538 3695 596 3750 et
619 3690 997 3757 conﬁrmatur
1021 3703 1100 3751 ex
1126 3703 1216 3761 eo,
1242 3688 1400 3763 quod
1435 3703 1557 3748 non
1586 3689 1651 3747 in
1674 3703 1872 3748 eremo
1904 3688 2000 3748 Si-

281 3783 411 3851 triae
457 3782 765 3845 defunctus
807 3786 911 3853 est,
945 3786 1003 3840 et
1049 3779 1331 3854 sepultus,
1360 3781 1461 3840 sed
1509 3780 1702 3854 potius
1743 3781 1807 3839 in
1850 3780 1995 3853 loco,

278 3874 386 3948 qui
440 3873 516 3933 ad
563 3874 864 3949 praefatam
918 3886 1179 3935 eremum
1225 3872 1392 3933 nullo
1436 3878 1601 3946 pacto
1650 3871 1998 3947 pertinuisse

278 3962 584 4038 reperitur.
618 3985 646 4021 ι
679 3963 882 4039 Itaque
910 3963 1081 4023 modo
1122 3980 1196 4023 ne
1236 3962 1471 4023 Petrum
1498 3961 1859 4023 Damianum
1887 3961 1997 4021 Ca-

277 4051 701 4117 meldulensem
760 4051 1023 4125 fateatur,
1071 4052 1444 4113 Dominicum
1494 4052 1825 4113 Loricatum
1871 4052 2000 4126 ejus

277 4142 632 4218 discipulum
663 4142 1202 4207 Gamaidulensium
1230 4143 1403 4217 quasi
1439 4142 1799 4217 transfugam
1827 4140 1998 4199 nobis

278 4233 534 4297 obtrudit
572 4233 670 4293 hic
713 4238 931 4307 auctor,
968 4248 1172 4294 verum
1208 4232 1373 4291 inani
1397 4247 1591 4306 opera,
1621 4248 1690 4290 ac
1727 4245 1998 4305 superva-

277 4336 389 4385 cuo
437 4328 648 4383 conatu
712 4321 935 4383 laborat
984 4346 999 4385 ε
1051 4321 1343 4397 siquidem
1392 4337 1517 4395 cap.
1576 4321 1630 4393 6,
1679 4335 1848 4380 num.
1909 4320 1996 4388 14,

245 4412 641 4503 ,οεωηῷηηιβ
670 4411 1042 4473 Dominicum
1073 4410 1407 4471 Loricatum
1428 4410 1544 4471 sub
1574 4409 1844 4470 Damiani
1871 4424 1998 4469 ma-

278 4502 516 4579 gisterio
550 4502 790 4576 vixisse,
825 4504 969 4564 dum
1015 4501 1252 4563 Sitriam
1288 4501 1660 4574 inhabitaret,
1688 4517 1808 4562 non
1841 4504 2000 4575 post-

282 4610 461 4671 quam
510 4609 549 4657 a
596 4593 772 4655 Sitria
819 4591 1070 4664 recessit,
1118 4598 1186 4653 ut
1221 4597 1374 4668 patet
1410 4608 1484 4652 ex
1526 4592 1767 4667 epistola
1819 4590 1879 4650 31
1924 4591 2002 4650 11-

281 4687 375 4748 bri
421 4699 505 4760 VI,
547 4700 726 4761 quam
766 4682 1091 4745 Damianus
1145 4684 1217 4743 ad
1266 4684 1638 4745 Dominicum
1695 4682 1755 4744 Β.
1809 4681 2009 4741 Mariae

286 4776 489 4839 Sitrim
540 4775 791 4849 priorem
857 4772 1128 4847 scripsit;
1184 4773 1430 4848 ipsemet
1482 4774 1684 4833 Petrus
1736 4770 2006 4832 Damiani

287 4864 597 4928 Sitrienses
622 4864 786 4926 velut
808 4862 947 4925 suos
975 4870 1412 4938 commemorat,
1455 4870 1521 4923 ut
1541 4880 1620 4923 ex
1644 4879 1844 4938 opusc.
1872 4876 2005 4935 xm,

288 4971 414 5031 cap.
440 4954 534 5025 22,
564 4954 648 5015 ibi
674 4977 690 5017 ι
723 4976 748 5007 α
776 4952 1074 5014 Habemus
1101 4952 1358 5028 denique
1386 4967 1587 5012 senem
1627 4953 1690 5010 in
1720 4958 2009 5011 monaste-

290 5045 379 5109 rio
430 5042 646 5114 Sitriaa,
694 5068 716 5098 ι
768 5050 898 5117 etc.,
937 5043 1162 5104 ostendi
1219 5043 1343 5102 loco
1393 5040 1515 5112 cit.,
1569 5056 1735 5100 num.
1784 5042 1866 5110 16,
1909 5041 2011 5100 ubi

290 5137 469 5197 etiam
494 5134 692 5196 notavi
718 5134 1258 5211 frequentissimum
1284 5131 1437 5206 apud
1464 5131 1774 5190 Sitrienses
1798 5131 2015 5191 vixisse

294 5229 571 5290 eumdem
594 5228 967 5302 ﬂaminum,
1002 5242 1069 5285 ao
1117 5224 1330 5283 Leonis
1358 5222 1617 5281 eremitae
1653 5221 2015 5296 spiritualem

293 5322 510 5394 ﬁlium,
540 5327 596 5381 et
618 5321 972 5397 discipulum
1002 5317 1213 5389 fuisse;
1256 5316 1516 5390 adeoque
1548 5315 1746 5389 potius
1777 5315 2011 5376 Petrum

297 5411 567 5473 Damiani
592 5428 671 5472 ex
698 5409 1027 5472 Avellanita
1050 5406 1558 5467 Camaldulensem
1574 5406 1814 5482 factum,
1836 5422 2016 5481 quam

298 5506 671 5567 Dominicum
705 5501 1042 5563 Loricatum
1081 5514 1158 5558 ex
1184 5497 1619 5559 Camaldulensi
1663 5499 1737 5558 ad
1780 5498 2019 5560 Avella-

297 5595 452 5655 nitas
489 5610 551 5654 se
587 5593 890 5667 recepisse,
930 5600 1188 5649 asserere
1229 5589 1447 5647 Auctor
1483 5585 1781 5649 debuerat.
1820 5588 2017 5660 Quan-

296 5699 500 5762 quam,
526 5688 595 5745 ut
618 5680 784 5745 toties
816 5679 1104 5750 diximus,
1130 5676 1258 5738 sive
1286 5675 1647 5750 Sitrtensem,
1678 5678 1804 5739 sive
1842 5677 2019 5739 Avel-

2110 528 2571 590 Camaldulensis
2613 527 2865 589 instituti
2917 531 3255 588 sectatorem
3299 532 3618 603 utrumque
3670 527 3825 588 indi-

2110 621 2279 681 cabit.

2179 717 2280 777 IX.
2326 717 2612 777 Dominici
2651 716 2832 792 igitur
2870 716 3122 777 Loricati
3159 717 3389 792 negotio
3428 716 3510 775 sic
3546 716 3821 791 confecto,

2108 807 2177 867 ad
2232 808 2346 869 alia
2381 824 2505 869 sese
2541 823 2700 867 arma
2736 807 3017 869 convertit
3052 806 3426 878 Laderchius,
3462 810 3526 865 ut
3566 810 3823 867 nostram

2108 898 2430 958 doctrinam
2455 903 2764 973 oppugnet.
2800 918 2830 953 α
2854 898 3125 971 Demum,
3157 895 3349 969 inquit
3378 911 3540 967 num.
3571 896 3655 970 16,
3686 911 3824 972 quo-

2109 987 2281 1048 modo
2317 987 2791 1049 strenuissimum
2814 986 3162 1047 humilitatis
3188 985 3568 1061 professorem
3587 985 3823 1047 Petrum

2110 1076 2179 1137 N.
2207 1076 2476 1137 Damiani
2512 1078 2802 1145 crebuisse
2833 1076 3220 1149 censebimus,
3252 1076 3620 1151 magistrum,
3645 1092 3680 1134 a
3703 1092 3822 1151 quo

2108 1172 2315 1240 totum,
2349 1167 2503 1243 quod
2530 1167 2827 1239 didicerat,
2864 1182 2971 1227 sua
3014 1165 3213 1226 Fontis
3246 1164 3549 1224 Avellante
3580 1180 3818 1240 congre-

2106 1258 2258 1331 gatio
2293 1257 2570 1329 ebiberat,
2603 1256 2827 1317 nullam
2863 1256 2936 1314 de
2966 1271 3065 1329 eo,
3104 1256 3169 1314 in
3206 1254 3525 1315 scribendis
3562 1254 3687 1328 ejus
3724 1255 3818 1314 in-

2107 1345 2529 1418 stitutionibus,
2582 1346 2925 1407 memoriam
2972 1343 3254 1417 faciendo,
3310 1344 3632 1417 praesertim
3682 1359 3819 1407 cum

2105 1435 2299 1509 ipsum
2331 1439 2448 1494 tam
2475 1435 2721 1495 miriﬁce
2741 1434 3004 1507 coluerit,
3032 1434 3452 1509 ipsiusquemet
3479 1432 3659 1493 vitam
3689 1448 3819 1493 con-

2107 1525 2442 1601 scripserit?
2472 1551 2496 1579 ι
2541 1527 2618 1586 At
2652 1530 2806 1601 patet
2849 1525 2912 1585 id
2953 1524 3167 1587 falsum
3205 1540 3349 1599 esse,
3378 1540 3515 1584 nam
3553 1541 3631 1584 ex
3667 1541 3819 1599 saepe

2105 1616 2290 1689 dictis,
2350 1617 2556 1678 Petrus
2608 1616 2930 1676 Damianus
2983 1616 3048 1675 in
3101 1622 3349 1690 utraque
3401 1615 3622 1690 regula,
3684 1631 3820 1692 quae

2105 1721 2300 1781 cpusc.
2334 1720 2438 1767 x1v
2487 1713 2544 1767 et
2592 1720 2678 1767 xv
2725 1707 3076 1779 continetur,
3137 1705 3350 1781 saepius
3405 1704 3464 1765 S.
3504 1704 3819 1765 Romualdi

1299 1812 1406 1857 nec
1453 1803 1645 1857 tamen
1690 1795 1823 1871 quis
1869 1811 2016 1871 prae-
2039 1797 2461 1875 Bmentionem
2510 1796 2718 1872 injicit,
2745 1795 2904 1870 quod
2950 1801 3007 1855 et
3056 1811 3231 1870 supra
3281 1796 3560 1859 idemmet
3596 1790 3818 1854 Lader—

2099 1888 2269 1951 chius
2311 1890 2422 1953 hoc
2465 1890 2591 1965 ipso
2629 1906 2778 1965 cap.,
2818 1904 2984 1949 num.
3037 1889 3122 1961 10,
3167 1886 3651 1951 animadverterat
3694 1886 3816 1947 illis

2099 1980 2290 2044 verbis
2324 2001 2339 2041 :
2374 2000 2404 2037 α
2435 1981 2507 2041 Ει
2544 1981 2678 2041 licet
2705 1996 2912 2041 verum
2947 1978 3042 2051 sit,
3083 1977 3368 2041 nonnulla
3400 1978 3461 2039 S.
3499 1976 3812 2039 Romualdi

2098 2071 2316 2131 monita
2353 2070 2417 2128 in
2454 2069 2579 2130 suis
2612 2067 3142 2141 constitutionibus,
3182 2074 3238 2127 et
3271 2066 3415 2127 alibi
3448 2066 3683 2127 Petrum
3714 2065 3812 2126 in-

2098 2163 2367 2233 seruisse,
2399 2180 2427 2215 »
2459 2168 2568 2219 etc.
2610 2166 2675 2219 ut
2709 2160 3020 2220 retulimus
3046 2175 3172 2233 cap.
3204 2157 3475 2232 praeced.,
3514 2172 3682 2218 num.
3721 2156 3810 2228 10,

2097 2258 2164 2310 ut
2190 2252 2409 2310 mirum
2439 2251 2535 2323 sit,
2567 2256 2683 2309 tam
2712 2251 2823 2309 cito
2853 2266 2929 2308 ex
2966 2250 3144 2324 hujus
3175 2248 3457 2309 memoria
3489 2246 3806 2322 scriptoris,

2096 2357 2230 2417 quas
2263 2347 2397 2401 ante
2434 2341 2699 2417 quinque
2739 2342 3126 2415 paragrapbos
3163 2340 3586 2411 enuntiaverat,
3628 2337 3808 2397 dilabi

2094 2431 2371 2506 potuisse.
2408 2430 2574 2490 Unde
2622 2434 2797 2505 patet,
2837 2430 3016 2490 telum
3067 2431 3178 2497 hoc
3226 2429 3464 2489 imbelle
3515 2428 3644 2488 sine
3694 2426 3814 2487 ictu

2094 2538 2329 2598 prorsus
2385 2521 2685 2581 concidere
2716 2539 2729 2579 :
2761 2520 2917 2596 quod
2953 2525 3008 2578 et
3042 2518 3276 2581 nullius
3330 2535 3432 2594 per
3471 2534 3533 2578 se
3586 2517 3814 2578 roboris

2095 2619 2262 2686 esset,
2319 2612 2546 2673 etiamsi
2601 2626 2896 2685 nusquam
2949 2609 3262 2670 Romualdi
3317 2609 3634 2668 Damianus
3684 2623 3812 2666 me-

2094 2704 2383 2776 minisset,
2416 2718 2553 2762 cum
2594 2708 2651 2761 et
2701 2716 2793 2760 res
2837 2700 2960 2775 ipsa
3001 2716 3102 2774 per
3150 2716 3210 2759 se
3248 2698 3539 2775 loquatur,
3569 2698 3813 2773 ipsaque

2094 2795 2402 2870 utriusque
2437 2792 2688 2853 instituti
2718 2790 3149 2865 comparatione
3185 2805 3308 2863 cap.
3341 2790 3397 2863 3,
3431 2791 3464 2849 4
3489 2795 3547 2848 et
3579 2790 3611 2847 5
3638 2789 3805 2854 facta,

2092 2886 2305 2946 veritas
2356 2886 2483 2945 haec
2539 2884 2823 2943 elucescat
2854 2901 2868 2941 :
2901 2887 2957 2941 et
3010 2879 3347 2953 exemplum
3394 2878 3460 2936 B.
3504 2878 3810 2952 Ludulphi

2090 2974 2389 3035 Avellanze
2418 2971 2787 3045 institutoris,
2816 2970 2982 3045 cujus
3020 2969 3235 3044 pariter
3265 2982 3558 3042 nusquam
3593 2966 3809 3025 memi-

2092 3066 2198 3137 nit,
2236 3064 2462 3124 nullam
2511 3068 2817 3139 praetensaa
2868 3058 3183 3119 mentionis
3231 3056 3631 3118 necessitatem
3678 3070 3808 3115 esse

2089 3154 2513 3231 agnoscendam
2544 3154 2799 3213 evincat.

2159 3250 2230 3309 X.
2261 3249 2407 3320 Quia
2437 3264 2576 3308 vero
2621 3248 2772 3307 hanc
2805 3246 2990 3322 ipsam
3019 3247 3321 3322 paritatem
3356 3243 3468 3303 sibi
3504 3255 3803 3317 opponen-

2087 3339 2220 3399 dam
2249 3337 2607 3397 Laderchius
2633 3335 2997 3412 praeviderat,
3028 3335 3111 3395 sic
3144 3335 3308 3395 illam
3329 3332 3532 3393 eodem
3560 3346 3807 3392 numero

2086 3444 2426 3505 proponere,
2457 3434 2629 3503 atque
2669 3427 2914 3499 elevare,
2953 3425 3175 3502 duplici
3225 3424 3547 3499 excogitato
3596 3421 3805 3481 discri-
3887 3424 3900 3436 '

2086 3521 2265 3592 mine,
2313 3519 2540 3579 nititur.
2588 3541 2611 3572 α
2639 3518 2716 3577 At
2768 3533 2874 3577 nec
2921 3516 2994 3575 de
3047 3514 3354 3590 Lodulpho
3403 3511 3675 3587 (inquies)
3737 3516 3808 3570 ut

2086 3610 2434 3686 supponitur
2460 3607 2920 3684 congregationis
2949 3606 3253 3667 Avellanze
3277 3603 3627 3673 institutore,
3644 3614 3809 3659 men-

2087 3699 2304 3760 tionem
2346 3700 2502 3760 fecit.
2536 3698 2649 3759 Sed
2688 3698 2884 3758 simile
2922 3713 3042 3757 non
3091 3696 3472 3765 admittimus,
3503 3708 3609 3753 nec
3646 3690 3807 3750 enim

2088 3791 2331 3866 aequalis
2372 3790 2642 3863 ponderis
2680 3795 2802 3849 erat
2846 3787 3158 3848 auctoritas
3199 3782 3511 3860 Lodulphi,
3558 3781 3709 3841 sicut
3747 3786 3807 3840 et

2088 3879 2401 3941 Romualdi
2454 3881 2575 3954 jam
2633 3896 2668 3937 a
2716 3879 2776 3940 S.
2824 3879 2974 3939 Sede
3023 3877 3331 3953 apostolica
3380 3875 3533 3933 inter
3576 3876 3805 3931 sanctos

2087 3970 2293 4042 relati;
2325 3970 2419 4029 vel
2446 3968 2781 4041 dicendum,
2811 3974 3046 4044 propter
3073 3968 3224 4040 illos,
3254 3965 3358 4040 qui
3385 3966 3575 4025 adhuc
3590 3963 3802 4021 vivum

2087 4058 2497 4131 Lodulphum,
2543 4058 2686 4117 dum
2730 4057 2934 4116 Petrus
2981 4056 3051 4117 N.
3093 4056 3359 4115 Damiani
3409 4052 3803 4112 institutiones

2086 4148 2387 4208 Avellaum
2438 4146 2619 4206 edidit
2650 4189 2666 4219 ,
2696 4146 2916 4205 faciunt
2958 4164 2972 4204 :
3007 4145 3213 4204 merito
3254 4146 3326 4205 de
3376 4140 3683 4216 Lodulpho
3716 4138 3801 4197 si-

2087 4238 2285 4312 luisse,
2312 4237 2451 4312 quia
2480 4235 2658 4295 nimis
2694 4238 3083 4310 incongruum
3117 4232 3401 4308 judicavit
3427 4231 3663 4291 laudare
3692 4230 3801 4287 ho-

2087 4327 2309 4387 minem
2337 4332 2469 4385 ante
2506 4331 2750 4386 mortem
2786 4328 2943 4396 (nam
2979 4323 3353 4398 Lodulphum
3384 4322 3577 4396 ipsum
3602 4332 3803 4392 iusque

2086 4419 2159 4477 ad
2204 4431 2430 4476 annum
2480 4414 2989 4490 quadragesimum
3032 4412 3344 4486 septimum
3392 4427 3566 4486 supra
3606 4408 3801 4470 mille-

2087 4509 2307 4568 simum
2354 4506 2573 4567 vixisse
2594 4550 2611 4579 ,
2657 4513 2715 4566 et
2769 4505 3004 4565 Petrum
3057 4503 3501 4578 quadragesimo
3550 4499 3802 4563 secundo

2018 4566 2070 4629 Β
2086 4566 2244 4659 anno
2275 4613 2451 4672 supra
2493 4566 2875 4655 mitissimum
2906 4566 3312 4652 institutiones
3327 4593 3481 4667 ipsas
3502 4590 3801 4665 scripsisse

2085 4691 2383 4763 censent).__
2408 4711 2434 4737 ι
2470 4686 2609 4745 Haec
2643 4684 2781 4755 ille;
2828 4690 2888 4742 at
2916 4688 3123 4742 neutra
3150 4682 3459 4756 disparitas
3487 4679 3802 4742 subsistere

2088 4775 2537 4853 deprehenditur
2569 4800 2581 4834 :
2613 4790 2751 4834 cum
2794 4774 2954 4833 enim
3004 4773 3167 4833 toties
3219 4774 3285 4833 in
3331 4770 3454 4832 suis
3506 4769 3798 4845 operibus,

2089 4874 2261 4943 atque
2293 4867 2359 4927 in
2387 4866 2529 4939 ipsis
2564 4861 3072 4924 constitutionibus
3114 4862 3379 4937 opusculi
3409 4874 3513 4932 xv,
3552 4876 3677 4935 cap.
3710 4858 3800 4929 14,

2093 4956 2298 5016 Petrus
2340 4954 2608 5014 Damiani
2651 4951 2722 5011 de
2764 4951 2828 5011 B.
2868 4951 3170 5011 Dominico
3212 4951 3474 5011 Loricato
3506 4948 3684 5010 verba
3712 4946 3804 5004 fa-

2093 5045 2246 5114 ciat;
2304 5042 2620 5115 itidemque
2667 5054 2818 5115 sape
2865 5047 3277 5100 commemoret
3325 5040 3470 5099 alios
3516 5037 3802 5107 viventes,

2094 5136 2349 5194 Leonem
2402 5133 2760 5204 Prezensem,
2808 5131 3197 5206 Mainardum,
3235 5132 3553 5191 Martinam
3607 5127 3805 5186 Stora-

2095 5240 2243 5297 cem,
2276 5223 2533 5298 Lupum,
2576 5223 2828 5282 Leonem
2865 5220 3075 5295 Sitriaa,
3104 5229 3235 5295 etc.,
3277 5222 3383 5296 qui
3418 5234 3535 5278 non
3567 5217 3806 5291 majoris

2095 5321 2260 5375 erant
2310 5311 2670 5373 auctoritatis
2721 5328 2787 5371 ac
2842 5312 3034 5385 famae,
3094 5325 3270 5386 quam
3318 5309 3383 5367 B.
3450 5306 3806 5382 Ludulphus

2097 5405 2210 5466 loci
2262 5402 2555 5463 institutor
2585 5426 2600 5462 :
2628 5401 2851 5478 quique
2896 5404 3089 5462 adhuc
3125 5402 3186 5460 in
3220 5397 3494 5459 humanis
3531 5397 3801 5472 agebant,

2100 5511 2221 5556 non
2269 5500 2492 5570 poterat
2540 5499 2773 5557 sanctus
2812 5494 3010 5552 doctor
3054 5507 3092 5549 a
3150 5488 3450 5563 Ludulphi
3506 5487 3806 5547 mentione

2099 5585 2439 5660 injicienda,
2476 5582 2601 5645 sive
2634 5586 2721 5645 ob
2740 5584 3027 5642 minorem
3065 5578 3192 5655 ejus
3229 5581 3647 5650 auctoritatem,
3679 5576 3806 5636 sive

2098 5675 2259 5752 quod
2289 5674 2486 5737 adhuc
2527 5680 2814 5749 superstes
2840 5673 3081 5745 viveret,
3112 5670 3393 5733 deterreri
3422 5689 3438 5744 ;
3478 5668 3801 5743 praesertim
