4106 6204
350 277 423 335 77

1251 275 1827 339 PROLEGOMENA.
1873 306 1934 320 -
1976 273 2073 336 DE
2111 273 2515 347 INSTITUTO
2553 278 2987 341 CAMALDUL.

3799 294 3870 354 78

350 416 493 469 cum
534 401 739 461 eodem
770 415 971 476 opusc.
1006 414 1114 477 xv,
1154 418 1279 480 cap.
1314 403 1405 474 28,
1437 384 1729 465 efﬁcacius
1758 418 1881 463 esse
1915 402 2332 494 vivo-Atinus,
2376 407 2478 482 qui
2517 406 2579 465 in
2609 406 3039 469 Camaldulensi
3084 424 3278 470 eremo
3319 400 3727 492 cemmoratur,
3775 421 3869 481 vir

354 510 508 565 rum,
541 510 719 570 quam
742 501 1111 559 mortuorum
1137 494 1495 571 exemplum,
1524 493 1595 554 ad
1621 494 1849 554 animos
1869 494 2073 559 cohor-
2163 495 2429 557 videlicet
2475 498 2717 559 diversis
2758 499 3073 560 virtutibus
3112 500 3444 577 adornatus,
3483 512 3537 569 et
3578 510 3869 586 praecipue

357 588 591 677 tandos,
630 587 1049 651 arbitraretur:
1081 614 1107 638 «
1141 587 1467 659 Ellicacius,
1516 585 1730 662 inquit,
1768 585 2076 677 moderno-
2158 586 2398 661 jugibus
2445 587 2838 665 lacrymarum
2885 588 3119 657 ﬂuentis
3160 593 3439 677 irriguus,
3486 597 3634 667 mihi
3672 585 3871 671 retulit

357 692 492 737 rum
517 676 889 739 cohortantur
907 679 1196 755 exempla,
1224 694 1405 755 quam
1432 682 1694 738 veterum
1724 694 1738 736 :
1769 670 2078 753 et‘magnzn

357 765 722 826 confusionis
769 767 953 842 pudor
990 773 1094 843 est,
1146 766 1197 826 si
1246 783 1380 827 cum
1420 768 1631 835 sanctis
1671 766 1814 827 viris
1850 766 1914 825 in
1959 783 2079 826 una

358 856 542 923 simul
578 861 747 921 aetate
778 855 1060 931 viventes,
1103 857 1165 916 in
1205 863 1376 916 recta:
1406 855 1860 925 conversationis
1888 854 2080 915 studio

358 947 447 1013 eis
478 948 538 1009 in
578 947 780 1025 aliquo
810 964 929 1008 non
954 948 1319 1024 reperiantur
1343 948 1615 1024 aequales.
1650 974 1677 999 ››

437 1036 541 1099 ΧΙ.
576 1037 701 1097 Duo
732 1036 972 1115 insuper
1003 1030 1115 1095 tela
1144 1035 1210 1096 in
1246 1043 1506 1096 nostram
1537 1037 1883 1097 sententiam
1914 1053 2076 1098 num.

372 1129 443 1189 17
478 1127 835 1187 Laderchius
866 1131 1211 1202 contorquet
1237 1152 1250 1187 :
1279 1129 1528 1188 alterum
1560 1145 1632 1188 ex
1660 1146 1776 1204 quo
1804 1130 2082 1189 Romual—

364 1219 513 1285 dum
566 1234 871 1292 nunquam
923 1218 1077 1293 apud
1117 1217 1463 1279 Avellanam
1506 1220 1829 1283 constitisse
1860 1219 1922 1278 in
1959 1219 2083 1293 ejus

366 1312 501 1375 Vita
556 1311 879 1371 Damianus
931 1318 1148 1370 asserat
1180 1334 1194 1370 :
1226 1311 1499 1384 alterum,
1568 1310 1723 1387 quod
1774 1309 2083 1370 Camaldu-

363 1403 580 1477 lenses,
616 1402 777 1463 velut
810 1401 883 1460 ad
914 1416 975 1460 se
1006 1400 1348 1461 nullatenus
1386 1402 1603 1461 attincn
1616 1407 1696 1459 tes
1727 1415 2085 1461 commemo-

365 1498 478 1554 rat.
522 1492 611 1552 En
653 1492 952 1571 primum:
987 1516 1014 1541 «ι
1045 1492 1157 1552 Sed
1200 1496 1256 1552 et
1294 1492 1367 1551 ab
1411 1492 1555 1566 ipsa,
1599 1489 1809 1568 inquit,
1858 1490 1919 1551 S.
1967 1489 2087 1549 Ro-

366 1579 592 1642 mualdi
633 1580 780 1654 Vita,
823 1596 1020 1657 quam,
1055 1585 1122 1640 ut
1158 1581 1440 1654 diximus,
1475 1581 1678 1641 Petrus
1713 1581 1783 1639 N.
1816 1577 2087 1639 Damiani

364 1670 619 1748 scripsit,
675 1672 845 1737 facile
901 1672 1112 1749 conjici
1172 1678 1377 1748 potest,
1443 1672 1841 1735 Romualdum
1894 1671 2087 1748 ipsum

2164 678 2318 753 quod
2370 693 2558 741 narro.
2594 703 2621 727 »
2656 677 2830 748 Quid,
2873 695 3090 755 quicso,
3137 681 3200 747 in
3250 683 3342 745 his
3384 686 3579 753 verbis
3628 689 3868 767 relucet,

2164 771 2319 830 unde
2355 768 2637 835 Martinus
2665 785 2699 829 a
2730 768 3014 832 Damiano
3041 775 3355 833 extraneus
3383 773 3720 841 indicetur?
3758 777 3869 841 Sed

2165 865 2285 918 esto
2310 858 2609 935 quidpiam
2639 858 2996 919 discriminis
3042 860 3192 923 inter
3236 862 3772 935 Camaldulensium
3815 877 3871 945 ct

2165 949 2630 1009 Avellanitarum
2662 948 3020 1007 mentionem
3047 966 3081 1008 a
3105 949 3386 1015 Damiano
3415 953 3645 1030 factam,
3673 958 3874 1023 adver-

2160 1039 2356 1099 sarius
2394 1037 2769 1098 acutissimus
2809 1037 3198 1111 deprehendat
3226 1060 3238 1099 :
3264 1042 3373 1101 hoc
3432 1044 3542 1104 tale
3583 1045 3657 1105 ad
3705 1065 3871 1121 sum-

2168 1144 2333 1221 mum
2370 1126 2498 1221 erit,
2539 1126 2696 1201 quod
2737 1126 2997 1221 subditos
3040 1145 3238 1221 aAnon
3283 1131 3533 1193 subditis
3566 1135 3870 1221 discernat,

2168 1219 2321 1295 quod
2350 1218 2528 1278 unius
2557 1217 3019 1293 congregationis
3050 1219 3322 1283 alumnos
3349 1223 3422 1295 ab
3445 1225 3701 1297 alumnis
3726 1217 3871 1303 aue;

2170 1312 2294 1373 rius
2363 1310 2824 1386 congregationis
2897 1310 3159 1385 ejusdem
3232 1314 3454 1375 ordinis
3517 1317 3870 1396 distinguat;

2169 1417 2360 1479 neque
2391 1400 2550 1461 enim
2576 1400 2746 1461 aliter
2780 1400 2966 1475 magis
3008 1401 3291 1463 Damiano
3333 1405 3533 1469 afﬁnes
3575 1409 3689 1475 dici
3719 1420 3879 1487 pote-

2170 1496 2303 1551 rant
2351 1490 2716 1563 Avellanitze,
2764 1496 2866 1557 aut
2905 1491 3214 1553 Sitrienses
3258 1510 3378 1568 prie
3423 1495 3880 1569 Camaldulensi—

2172 1583 2304 1657 bus,
2338 1597 2514 1656 quam
2540 1597 2607 1639 eo
2642 1580 2833 1654 modo,
2864 1596 2980 1656 quo
3010 1581 3159 1642 mibi
3181 1584 3365 1659 magis
3391 1585 3595 1648 afﬁnes
3618 1596 3757 1653 sunt
3779 1591 3881 1655 alii

2174 1674 2644 1735 Camaldulenses
2675 1672 2968 1747 monachi,
2993 1690 3169 1749 quam
3190 1676 3485 1745 ereinitas:
3520 1684 3577 1739 et
3590 1668 3677 1758 ad
3688 1698 3886 1757 quem-

368 1777 680 1838 nunquam
734 1762 941 1822 Fontis
981 1761 1289 1823 Avellanee
1344 1777 1607 1823 eremum
1656 1763 1887 1825 adiisse.
1941 1761 2088 1820 Nam
2111 1763 2318 1841 Blibet
2362 1779 2539 1824 sacrm
2576 1762 3035 1825 Camaldulensis
3081 1765 3263 1829 eremi
3306 1766 3559 1830 incolam
3599 1773 3888 1846 pertinere

366 1868 510 1913 cum
552 1852 738 1919 multa
778 1857 893 1917 tam
937 1852 1206 1913 distincte
1251 1852 1461 1925 referat
1489 1851 1610 1911 loco
1649 1851 1711 1923 in
1739 1853 1866 1928 ipso
1894 1850 2089 1911 Monte

371 1940 602 2016 (Satria),
643 1958 781 2018 quae
815 1941 1085 2002 circuivit
1117 1942 1362 2005 dilectus
1394 1942 1495 2001 ille
1534 1942 1843 2015 Altissimi,
1876 1942 2089 2003 saliens

372 2032 440 2093 in
500 2032 817 2105 montibus,
877 2033 1212 2097 transiliens
1278 2032 1485 2104 colles;
1541 2049 1845 2110 nunquam
1898 2038 2091 2092 tamen

376 2122 580 2185 Fontis
604 2121 903 2183 Avellanie
927 2122 1286 2184 mentionem
1313 2123 1470 2196 facit,
1496 2138 1631 2184 cum
1661 2128 1853 2185 tamen
1883 2123 2090 2198 hujuss

376 2214 539 2274 modi
573 2213 920 2277 vocabulum
964 2214 1095 2286 loci,
1142 2230 1319 2290 quem
1357 2216 1480 2289 ipse
1517 2215 1764 2289 colebat,
1810 2216 2094 2290 cujusque

377 2312 498 2369 tam
536 2306 867 2382 frequenter
889 2306 964 2365 in
1002 2305 1126 2365 suis
1170 2305 1399 2381 scriptis
1432 2305 1720 2377 meminit,
1751 2320 1890 2367 eum
1918 2303 2095 2365 latere

377 2414 501 2458 non
534 2398 790 2472 potuisse
827 2398 1203 2459 manifestum
1244 2398 1335 2457 sit.
1368 2423 1394 2447 »
1430 2398 1519 2456 En
1551 2414 1690 2457 vero
1717 2395 2045 2456 secundum
2077 2415 2089 2454 :

383 2513 409 2537 ιι
449 2487 560 2548 Cui
590 2488 823 2553 tandem
859 2487 1191 2551 addendum
1221 2487 1473 2559 videtur,
1505 2485 1663 2563 quod
1689 2487 1753 2547 in
1784 2485 2095 2549 Camaldu-

378 2577 531 2637 lensi
567 2593 761 2641 eremo
795 2582 1236 2650 commorantes,
1270 2582 1548 2653 tanquam
1592 2576 1665 2637 ad
1694 2592 1756 2635 se
1788 2574 1940 2634 nihil
1968 2590 2098 2634 om-

381 2667 525 2729 nino
592 2668 965 2742 pertinentes,
1039 2672 1474 2739 commemorat,
1529 2669 1594 2731 ut
1644 2665 1841 2725 videre
1896 2669 1983 2724 est
2033 2663 2098 2722 in

2179 1856 2365 1930 magis
2399 1855 2501 1915 alii
2533 1854 2791 1933 ejusdem
2823 1855 3283 1930 congregationis
3312 1860 3567 1923 eremitae
3594 1859 3891 1940 videntur,

2181 1960 2356 2027 quam
2376 1945 2749 2017 Coronenses,
2771 1960 2948 2025 quam
2969 1945 3258 2021 monachi,
3280 1961 3459 2022 quam
3473 1949 3725 2021 aliarum
3745 1954 3795 2039 ej
3802 1971 3895 2015 us-

2180 2039 2318 2101 dem
2345 2036 2802 2105 tlamaldulensis
2827 2037 3052 2099 ordinis
3079 2042 3590 2118 congregationum
3617 2036 3862 2107 alumni.

2254 2125 2409 2188 XIV.
2454 2126 2742 2193 Ultimum
2791 2125 3065 2203 denique,
3109 2143 3175 2188 ac
3218 2132 3674 2206 peremptorium
3721 2151 3900 2213 algu-

2185 2223 2472 2287 mentum,
2502 2232 2667 2275 num.
2706 2218 2789 2288 18,
2834 2223 3134 2291 promovet
3161 2217 3519 2285 Laderchius
3546 2224 3641 2285 his
3665 2228 3894 2291 verbis:

2191 2333 2218 2357 α
2246 2308 2494 2381 Insuper
2530 2308 2847 2365 monachos
2868 2308 2940 2365 de
2966 2309 3247 2369 Avellana
3275 2329 3380 2371 suo
3419 2320 3675 2389 tempore
3707 2321 3899 2380 unitos

2188 2395 2618 2469 congregationi
2649 2395 3107 2456 Camaldulensis
3136 2398 3344 2461 fatetur
3368 2403 3667 2466 Arnoldus
3694 2406 3902 2484 Wion,

2189 2504 2325 2561 ergo
2362 2488 2525 2561 prius
2573 2486 2816 2563 separati
2860 2494 3024 2557 erant
3059 2490 3133 2549 ab
3166 2488 3459 2556 invicem:
3497 2498 3759 2576 alioquin
3799 2518 3902 2564 su-

2188 2577 2481 2656 perﬂuum
2526 2582 2665 2648 erat,
2704 2584 2760 2637 et
2809 2594 3023 2638 vanum
3071 2579 3196 2656 jam
3248 2584 3417 2644 unita
3468 2590 3836 2666 conjungere.
3873 2620 3900 2645 »

2193 2666 2413 2731 Verum
2446 2667 2573 2727 haec
2609 2666 2887 2731 instantia
2926 2685 3005 2727 ex
3051 2669 3219 2737 dictis
3256 2671 3352 2733 hic
3388 2691 3583 2751 supra,
3627 2697 3794 2741 num.
3848 2684 3903 2754 6,

376 2761 554 2836 epist.
590 2760 682 2833 29,
721 2760 825 2821 lib.
860 2773 922 2821 vr
961 2758 1573 2834 Epistolarum;an
1605 2763 1755 2816 certe
1785 2771 1905 2815 non
1941 2755 2100 2824 facit,
2191 2759 2492 2820 occasione
2519 2758 2754 2819 unionis
2785 2761 3037 2821 casnobii
3071 2763 3408 2837 Glassensis,
3450 2774 3507 2827 et
3531 2785 3608 2829 ex
3633 2771 3906 2834 observan

383 2867 526 2913 cum
561 2851 637 2915 ad
668 2866 729 2913 se
764 2850 1187 2924 pertinentium
1223 2849 1597 2913 eremitarum
1637 2844 1925 2915 meminit,
1964 2861 2102 2907 nam
2196 2853 2268 2911 tis
2305 2851 2533 2913 dissert.
2570 2864 2611 2923 Ι,
2643 2867 2764 2926 cap.
2798 2853 2852 2925 2,
2885 2870 3052 2927 num.
3093 2855 3183 2931 23,
3225 2858 3532 2919 manifeste
3568 2866 3858 2925 evanescit
3891 2889 3906 2925 :

379 2957 486 3003 eos
524 2942 822 3014 signanter
869 2956 1006 3000 suos
1033 2939 1193 3011 dicit,
1234 2944 1299 2999 ut
1337 2954 1411 2998 ex
1449 2933 1721 3011 Epistolis
1747 2933 2005 3009 ejusdem
2034 2934 2101 2994 34
2194 2946 2437 3016 possunt
2463 2940 2620 3001 enim
2651 2942 2830 3007 unius
2866 2946 3326 3021 congregationis
3361 2952 3709 3019 monasteria
3743 2954 3910 3014 alteri

385 3037 446 3091 et
474 3029 569 3103 56,
598 3030 698 3090 lib.
734 3042 814 3101 v1,
841 3029 1158 3103 colligitur.
1191 3053 1221 3079 ››
1915 3113 1925 3117 _
2082 3112 2099 3117 _
2194 3031 2630 3105 congregationi
2669 3031 2932 3105 ejusdem
2969 3032 3193 3101 ordinis
3220 3037 3501 3113 copulari,
3531 3043 3910 3117 quemadmo-

463 3120 599 3211 ΧΠ.
634 3121 845 3211 Aperta
880 3126 966 3181 est
995 3126 1187 3211 tamen
1216 3118 1293 3211 ad
1318 3121 1638 3211 utrumque
1668 3113 2007 3211 responsio:
2031 3112 2105 3172 ad
2130 3147 2176 3211 ρ
2196 3122 2341 3181 dum
2396 3122 2608 3181 nostris
2661 3121 2868 3183 diebus
2918 3124 3096 3199 regias
3149 3112 3516 3190 celsitudinis
3548 3112 3763 3194 'cosmi
3802 3135 3909 3204 III.

390 3210 656 3285 primum
698 3209 959 3285 ςυίάθω,
1009 3208 1168 3284 (μιοά
1201 3232 1228 3258 α
1263 3206 1416 3267 L003
1466 3205 1569 3263 illa
1623 3204 1686 3267 in
1736 3203 1861 3277 ipso
1913 3201 2108 3263 Μοηιο
2137 3201 2396 3286 Ymagni
2437 3211 2601 3273 ducis
2638 3211 2885 3272 Etruriae
2924 3213 3174 3292 insignis
3220 3217 3423 3291 pietas,
3467 3201 3915 3285 celeberrimum

388 3301 625 3372 Catrize,
650 3317 788 3376 quas
816 3298 1087 3361 circuivit
1116 3296 1498 3360 Romualdus.
1526 3319 1553 3347 ι
1588 3295 1894 3369 ipsammet
1931 3296 2107 3359 Avel-

388 3391 546 3457 lanm
573 3390 950 3451 solitudinem
970 3388 1249 3461 indicant,
1276 3386 1381 3448 ubi
1401 3388 1788 3445 commoratus
1809 3389 1895 3443 est
1924 3383 1982 3442 S.
2008 3384 2109 3444 Pa-

392 3488 482 3542 ter
506 3498 586 3543 ex
615 3498 738 3556 cap.
777 3479 840 3540 19
870 3479 1041 3554 Vitae,
1070 3486 1134 3539 ut
1162 3496 1287 3554 cap.
1316 3480 1374 3552 2,
1402 3494 1568 3541 num.
1600 3477 1636 3537 6
1672 3483 1728 3537 et
1764 3476 1818 3550 7,
1861 3475 2110 3539 ostendi-

391 3590 545 3635 mus.
574 3572 739 3644 Quod
764 3573 817 3632 si
840 3570 1015 3633 etiam
1035 3570 1355 3631 Laderchio
1377 3570 1669 3641 daremus,
1692 3566 2106 3638 Bomualdum,

389 3681 507 3725 non
580 3665 821 3741 quidem
870 3663 1026 3739 apud
1078 3662 1444 3733 Avellanam,
1503 3660 1603 3721 sed
1660 3659 1818 3733 apud
1873 3657 2111 3723 Sitriam

386 3756 683 3816 duntaxat
716 3755 1083 3829 constitisse;
1118 3771 1197 3815 an
1233 3754 1451 3815 exinde
1485 3750 1831 3818 ostenderet,
1859 3762 1975 3807 non
2006 3763 2110 3823 po-

390 3844 579 3904 tuisse
621 3844 1006 3917 Ludulphum
1044 3843 1348 3904 Avellanae
1378 3840 1757 3911 conditorem,
1800 3834 2113 3897 Romualdi

388 3936 727 3998 eremiticis
746 3934 1217 3996 institutionibus
1252 3932 1472 4000 imbui,
1502 3936 1558 3991 et
1584 3930 1659 3991 ad
1691 3929 1820 4005 ejus
1849 3926 2110 4001 discipli-

390 4043 557 4101 nam,
590 4042 769 4102 quam
797 4026 891 4086 vel
928 4026 993 4086 in
1032 4024 1227 4097 Sitria,
1269 4022 1362 4083 vel
1399 4020 1542 4081 alibi
1590 4037 1624 4083 a
1662 4020 1721 4081 S.
1756 4020 1922 4080 Patre
1959 4017 2111 4083 didi?

389 4120 586 4189 cisset,
616 4134 752 4178 suos
778 4118 1049 4177 alumnos
1089 4116 1366 4191 exigere?
1418 4113 1536 4174 Nec
1574 4119 1727 4175 certe
1768 4112 1832 4173 in
1874 4111 2114 4173 Polonia

392 4208 762 4270 Romnaldus
801 4208 923 4269 ullo
964 4214 1219 4282 tempore
1260 4203 1577 4275 habitavit;
1617 4201 1885 4276 nunquid
1936 4201 2114 4275 igitur

388 4300 501 4361 SS.
552 4300 683 4375 ejus
726 4300 1153 4374 discipulorum
1201 4299 1444 4360 Joannis
1490 4301 1546 4355 et
1587 4294 1880 4355 Benedicti
1930 4296 2113 4352 secta-.-

392 4398 568 4463 tores,
604 4392 710 4467 qui
736 4393 891 4467 apud
920 4392 1386 4453 Gasimiritanam
1428 4405 1696 4450 eremum
1726 4385 2114 4448 sanctimonia

390 4484 669 4555 floruere,
718 4483 791 4542 ad
834 4483 1146 4545 Romualdi
1190 4483 1529 4544 institutum
1580 4481 1779 4541 minus
1827 4478 2115 4555 pertinere

388 4574 812 4648 iudicabuntur
830 4575 858 4631 ?

470 4663 632 4727 XIII.
667 4664 757 4723 Ad
786 4664 1037 4725 alterum
1066 4666 1305 4740 pariter,
1335 4680 1618 4739 negamus
1643 4659 2115 4721 Camaldulenses

393 4773 430 4814 a
459 4754 768 4825 Damiano,
806 4756 972 4818 velut
1000 4760 1072 4817 ad
1103 4775 1165 4819 se
1199 4758 1352 4817 nihil
1395 4758 1726 4826 attinentes,
1761 4752 2109 4830 significari;

396 4859 538 4904 nam
575 4862 642 4906 eo
683 4846 810 4922 ipso
843 4848 1000 4922 quod
1047 4849 1359 4909 Sitrienses
1387 4848 1459 4908 ad
1488 4864 1552 4906 se
1580 4849 1839 4922 spectare
1872 4843 2109 4914 indicat,

397 4941 467 4996 ut
491 4938 891 5013 probavimus,
922 4940 1400 5001 Camaldulenses
1442 4939 1646 5013 utique
1682 4936 1797 4997 sibi
1842 4939 2113 5009 cognatos

393 5028 635 5087 asserit:
666 5043 805 5088 nam
833 5030 898 5089 hi
926 5046 1061 5091 vere
1091 5049 1125 5091 a
1152 5030 1474 5091 Romualdo
1498 5029 1748 5089 instituti
1774 5028 2022 5097 fuerant,
2047 5040 2115 5084 ac

394 5123 703 5193 propterea
737 5119 995 5193 generali
1043 5119 1577 5180 Camaldulensium
1627 5116 1905 5178 vocabulo
1955 5130 2114 5175 com-

393 5208 874 5283 prehenduntur.
907 5207 1072 5278 Quod
1104 5210 1156 5268 si
1202 5210 1274 5269 de
1317 5205 1862 5269 Camaldulensibus
1888 5206 1951 5265 in
1985 5220 2115 5279 spe~

395 5299 535 5357 ciati
580 5298 1006 5373 signiﬁcatione
1033 5300 1298 5374 acceptis,
1338 5299 1448 5358 hoc
1496 5304 1582 5358 est
1617 5298 1687 5357 de
1716 5313 1895 5357 sacras
1933 5295 2113 5356 eremi

400 5387 867 5449 Camaldulensis
921 5389 1134 5449 incolis
1192 5389 1550 5451 Laderchius
1626 5388 1909 5462 loquitur,
1968 5404 2115 5461 nego

396 5477 510 5535 hos
560 5476 715 5551 ipsos
758 5494 794 5537 a
834 5479 1119 5538 Damiano
1174 5479 1338 5541 velut
1380 5480 1605 5539 alienos
1650 5481 2116 5554 commemorari,

394 5581 539 5626 nam
595 5568 915 5631 Martinam
964 5570 1472 5632 Gamaldulensem
1526 5571 1589 5629 in
1658 5570 1827 5630 citata
1879 5586 1968 5643 ep.
2022 5568 2117 5640 '20,

394 5658 507 5718 lib.
537 5670 632 5733 v1,
668 5659 752 5720 sic
779 5666 1005 5725 tantum
1028 5661 1313 5725 describit
1340 5681 1354 5726 :
1385 5688 1414 5717 α
1444 5661 1730 5725 Dominus
1752 5663 1924 5736 plane
1959 5660 2116 5721 Mar—

2197 3304 2339 3365 boni
2379 3304 2581 3365 Solatii
2612 3304 2967 3377 coenobium,
3000 3307 3156 3380 quod
3182 3323 3216 3366 a
3245 3308 3718 3375 Cisterciensibus
3756 3316 3920 3376 Italis

2200 3395 2503 3455 monachis
2559 3394 3094 3469 administrabatur,
3164 3398 3596 3475 Trappensibus
3653 3406 3916 3481 ejusdem

2200 3483 2423 3544 ordinis
2453 3482 2745 3563 solitariis,
2778 3500 2926 3558 quos
2953 3502 3028 3544 ex
3054 3485 3245 3546 Gallia
3270 3488 3335 3547 in
3362 3490 3660 3553 Etruriam
3684 3497 3918 3557 muniﬁ-

2199 3574 2571 3636 centissimus
2618 3588 2684 3630 ac
2723 3571 3196 3655 religiosissimus
3242 3577 3510 3655 princeps
3549 3583 3758 3644 adduci
3814 3602 3918 3647 vo-

2201 3663 2334 3735 luit,
2380 3660 2774 3739 copulandum
2825 3662 3078 3734 curavit;
3129 3666 3214 3725 sic
3254 3667 3414 3727 enim
3456 3668 3602 3733 ‘Pius
3658 3673 3708 3731 V
3751 3682 3911 3748 pont.

2202 3767 2362 3812 max.
2396 3749 2787 3811 Avellanense
2816 3753 3257 3825 monasterium,
3291 3756 3448 3830 quod
3473 3759 3583 3819 sub
3604 3759 3919 3823 Romualdi

2202 3841 2499 3903 eremitica
2535 3840 2863 3916 disciplina,
2900 3841 3054 3901 Petri
3090 3842 3360 3904 Damiani
3399 3850 3773 3924 temporibus,
3813 3852 3918 3912 llo-

2205 3933 2391 3994 ruisse
2446 3945 2789 4007 persuasum
2844 3932 3107 4007 habebat,
3153 3936 3377 4003 dudum
3421 3955 3561 3999 vero
3604 3958 3639 4009 a
3686 3941 3919 4016 pristini

2205 4022 2452 4087 fervoris
2528 4020 2894 4085 observantia
2966 4024 3304 4099 desciverat,
3382 4029 3920 4096 tiamaldulensium

2205 4112 2461 4189 generali
2496 4112 2856 4173 visitandum
2891 4115 3206 4187 commisit,
3259 4115 3332 4179 ad
3372 4117 3632 4195 denique
3676 4138 3925 4199 congre-

2202 4203 2425 4278 gationi
2466 4207 2678 4263 nostris
2718 4203 2949 4277 penitus
2989 4204 3218 4273 addixit
3252 4207 3337 4280 (ut
3379 4209 3554 4281 paulo
3584 4217 3741 4285 ante,
3777 4214 3918 4275 For-

2210 4294 2376 4353 tunio
2414 4298 2551 4357 teste
2596 4293 2747 4355 Hist.
2785 4294 3025 4364 Camal.,
3074 4300 3222 4369 part.
3268 4308 3310 4367 ι,
3358 4297 3460 4361 lib.
3507 4313 3596 4373 In,
3643 4319 3766 4379 cap.
3803 4304 3915 4366 27:

2212 4409 2241 4437 «
2283 4383 2747 4447 Exstinotionem
2766 4384 3246 4447 conventualium
3273 4385 3809 4456 Camaldulensium
3842 4396 3919 4455 fe-

2144 4523 2190 4586 D
2207 4476 2864 4586 cerati-idem‘pont‘ifex,
2894 4476 3229 4543 sacerdotiis
3257 4494 3459 4541 eorum
3489 4489 3917 4561 congregationi

2204 4566 2589 4639 adjudimtisj.
2628 4591 2655 4617 ›ι
2687 4566 2813 4637 Quo
2863 4571 3194 4629 nostrorum
3249 4571 3668 4635 monachorum
3722 4592 3914 4651 opera,
4022 4616 4029 4621 μ

2203 4662 2372 4719 vetus
2424 4656 2782 4729 institutum,
2839 4671 2906 4716 ac
2952 4656 3237 4732 primaeva
3280 4659 3393 4721 loci
3450 4661 3651 4738 religio
3699 4672 3918 4729 restau-

2202 4753 2455 4811 raretur.

2277 4842 2553 4903 Constare
2577 4840 2757 4913 igitur
2778 4840 3029 4905 arbitror
3055 4857 3131 4903 ex
3156 4842 3439 4904 hactenus
3463 4845 3653 4919 dictis,
3685 4848 3914 4912 nullam

2206 4934 2329 4993 vim
2379 4932 2443 4992 P.
2486 4931 2792 4993 Laderchii
2846 4932 3082 5006 objectis
3122 4933 3414 4995 residuam
3463 4951 3588 4998 esse
3634 4940 3915 5003 adversus

2202 5022 2552 5085 sententiam
2594 5038 2772 5098 quam
2814 5023 3086 5099 praesenti
3135 5023 3545 5087 Dissertatione
3606 5030 3728 5092 suis
3786 5048 3911 5097 mo-

2204 5113 2419 5175 mentis
2458 5112 2716 5175 stabilire
2758 5114 2946 5176 conati
2988 5128 3211 5175 sumus.
3253 5114 3325 5175 Et
3356 5120 3509 5176 certe
3542 5116 3716 5193 longe
3761 5122 3912 5182 vali-

2205 5205 2373 5268 diora
2408 5210 2637 5277 nossent
2668 5210 3012 5279 argumenta
3042 5209 3244 5264 contra
3271 5207 3464 5268 varias
3489 5207 3619 5284 ejus
3645 5214 3912 5276 assertio-

2207 5315 2314 5358 nes
2336 5298 2400 5358 in
2428 5298 2541 5358 hac
2563 5298 2687 5371 ipsa
2713 5295 2963 5355 Historia
2995 5296 3080 5368 (ut
3107 5295 3180 5356 de
3208 5299 3433 5359 caeteris
3461 5300 3914 5366 Lucubrationi-

2205 5390 2320 5449 bus
2359 5389 2489 5461 ejus
2523 5388 2763 5448 nomine
2792 5388 3162 5461 postmodum
3192 5391 3385 5466 editis,
3412 5391 3646 5456 interim
3679 5400 3915 5474 taceam)

2209 5484 2599 5547 occurrentes,
2626 5477 2992 5551 intorquere;
3025 5479 3125 5538 sed
3154 5488 3279 5543 tum
3302 5499 3377 5543 ne
3406 5493 3684 5560 susceptae
3706 5486 3913 5548 defen-

2213 5569 2395 5629 sionis
2425 5568 2642 5627 limites
2666 5567 3081 5642 transiliamus,
3113 5573 3464 5645 aggressa-is
3482 5590 3791 5651 personam
3819 5577 3915 5637 in.

2204 5659 2491 5732 ﬂuentes;
2534 5666 2659 5722 tum
2704 5674 2781 5720 ne
2819 5663 3014 5722 actum
3041 5676 3212 5735 agere
3240 5663 3387 5725 velle
3414 5664 3737 5742 videamur,
3772 5681 3917 5729 cum
