4106 6204
236 305 304 366 79
1156 302 1216 361 S.
1260 299 1549 360 PETBUS
1589 291 1981 357 DAMIANUS
2026 293 2084 354 S.
2131 295 2198 352 Ρι.
2243 295 2307 354 Ε.
2354 295 2831 358 CARDINALIS.
3674 300 3743 360 80

239 436 433 513 Sejani
461 440 517 496 et
541 431 743 495 Ruﬁni
771 428 1040 504 Dialogus
1067 443 1276 502 magna
1301 443 1376 486 ex
1409 432 1570 500 parte
1599 425 1749 482 hanc
1777 419 2200 513 mate-AQuod
2232 427 2301 513 ut
2316 421 2649 513 perfectius,
2677 423 2746 480 ad
2780 425 2924 483 tanti
2965 423 3148 513 Patris
3185 423 3453 497 gloriam,
3492 422 3661 496 cujus
3690 431 3745 482 et

236 508 383 588 riam
417 524 771 595 exhauserit,
823 536 1013 595 neque
1058 519 1227 579 nobis
1275 517 1334 575 id
1366 515 1673 575 incumbat
1708 511 1943 585 negotii,
2031 526 2137 569 nos
2177 508 2585 569 studiosissimi
2626 527 2850 583 sumus,
2889 512 3122 587 assequi
3161 512 3362 588 possit,
3404 519 3613 586 praeter
3654 529 3742 586 ea,

239 626 306 682 ut
340 618 599 693 singulas
643 611 947 674 Laderchii
984 609 1298 669 sententias
1329 605 1400 665 ad
1431 621 1676 665 examen
1712 618 1944 662 revoce-
2030 616 2162 675 quae
2191 606 2390 659 auctor
2420 599 2644 673 Dialogi
2677 599 2949 674 Sejanum
2983 601 3133 660 inter
3158 609 3214 660 et
3241 601 3526 661 Ruﬁnum
3560 599 3742 662 adno-

237 728 390 785 mus,
441 690 548 768 hac
597 722 735 766 cura
771 706 1071 778 perquam
1127 699 1374 758 libenter
1419 694 1944 771 supersedebimus,
2030 690 2191 761 tavit,
2222 690 2521 764 sequentia
2546 693 2774 765 pariter,
2808 708 2940 766 quae
2965 692 3036 751 ad
3074 707 3179 752 nos
3209 690 3391 764 magis
3429 691 3738 765 pertinent,

235 781 502 877 aliisque,
535 813 682 873 quos
715 801 905 854 noster
946 796 1144 852 auctor
1181 788 1392 863 pariter
1429 785 1738 854 lacessivit,
1771 791 1948 857 atque
2029 781 2141 856 ipsi
2169 782 2548 856 expendenda
2581 799 2898 857 proponere
2929 784 3126 842 visum
3156 783 3287 842 fuit.

237 897 353 955 otio
386 875 591 965 magis,
625 904 801 963 quam
832 902 957 954 nos,
986 880 1306 950 abundant,
1339 894 1467 937 eam
1493 875 1944 936 sollicitudinem

238 984 394 1046 ultro
447 981 867 1053 relinquemus.
930 973 1055 1032 Imo
1123 971 1197 1030 ob
1259 969 1486 1028 easdem
1545 968 1816 1036 rationes,
1875 965 1945 1024 de

235 1079 482 1134 venusto
514 1064 892 1131 Laderchiani
935 1061 1069 1136 styli
1108 1062 1433 1119 charactere
1459 1057 1608 1116 nihil
1641 1057 1736 1115 hic
1763 1055 1946 1114 adno-

236 1167 508 1228 tabimus.
539 1161 610 1220 de
641 1175 757 1234 quo
789 1157 926 1214 satis
957 1155 1081 1218 erit,
1118 1159 1237 1210 tum
1268 1149 1606 1224 praedictum
1650 1148 1945 1220 dialogum

234 1255 558 1323 consulere,
593 1260 716 1310 tum
763 1245 1052 1320 judicium
1099 1241 1337 1310 (ibidem
1390 1240 1660 1308 relatum)
1694 1237 1946 1296 auctoris

234 1347 404 1409 diarii
432 1340 792 1402 eruditorum
833 1333 1055 1403 Gallize,
1090 1332 1150 1389 in
1183 1330 1384 1406 Operis
1415 1328 1720 1389 Laderchii
1742 1342 1942 1386 recen-

234 1438 398 1498 sione
423 1434 570 1492 facta
597 1429 741 1486 diar.
783 1425 870 1496 34,
911 1438 1005 1481 an.
1045 1419 1202 1488 1704,
1239 1418 1534 1478 attendere
1570 1437 1581 1475 :
1619 1424 1686 1475 ut
1712 1430 1946 1475 necesse

233 1543 352 1587 non
383 1523 475 1593 sit,
505 1536 639 1581 cum
671 1515 942 1588 temporis
979 1509 1303 1585 dispendio,
1336 1509 1407 1568 ad
1438 1509 1544 1566 ista
1568 1523 1673 1566 nos
1696 1505 1940 1581 digredi,

230 1622 332 1678 aut
357 1612 618 1674 eamdem
649 1604 922 1666 incudem
955 1599 1212 1675 repetitis
1235 1597 1445 1658 ictibus
1475 1597 1735 1657 tundere.
1773 1595 1941 1655 Ami-

229 1719 431 1768 corum
494 1709 685 1758 tamen
747 1692 895 1753 votis
957 1687 1179 1763 aliquid
1240 1686 1568 1761 largientes,
1631 1685 1940 1750 nonnulla,

2101 873 2178 933 ΙΙ.
2232 875 2316 932 Ac
2369 873 2577 947 primo,
2617 873 2766 932 circa
2813 889 3125 933 numerum
3177 874 3423 932 fratrum
3481 869 3546 930 B.
3590 870 3741 931 Petri

2030 963 2332 1035 Damiani,
2384 965 2517 1036 jure
2570 979 2604 1020 a
2659 962 2866 1038 Sejano
2937 962 3324 1022 Laderchium
3398 961 3742 1034 reprehendi

2029 1055 2405 1123 afﬁrmamus,
2431 1055 2651 1113 nedum
2695 1070 2761 1112 ea
2810 1055 3050 1126 ratione,
3081 1069 3260 1129 quam
3305 1052 3390 1112 ibi
3435 1051 3740 1112 adductam

2030 1144 2217 1217 legere
2271 1143 2520 1219 quisque
2569 1143 2794 1216 poterit,
2848 1143 3001 1217 quod
3048 1157 3260 1216 nempe
3312 1142 3490 1200 frater
3537 1139 3658 1208 ille,
3707 1155 3741 1198 a

2029 1250 2144 1308 quo
2194 1233 2395 1292 Petrus
2439 1240 2630 1291 noster
2675 1239 2790 1290 tam
2826 1232 2970 1291 dure
3003 1231 3240 1292 habitus
3292 1238 3399 1300 est,
3430 1236 3742 1305 antequam

2029 1325 2090 1381 in
2146 1321 2383 1382 alterius
2435 1322 2627 1381 fratris
2683 1322 2952 1381 Damiani
3014 1321 3497 1396 archipresbyteri
3543 1334 3741 1379 curam

2028 1410 2328 1480 incideret,
2358 1426 2483 1469 esse
2531 1427 2648 1470 non
2687 1412 2872 1486 potuit
2923 1411 3184 1470 Marinus
3228 1409 3328 1469 ille
3365 1415 3563 1484 (quem
3603 1410 3741 1469 reli-

2028 1501 2254 1574 giosum
2285 1500 2463 1559 fuisse
2491 1499 2646 1559 idem
2678 1498 2926 1572 Sejanus
2954 1515 3086 1559 cum
3117 1497 3319 1558 multis
3345 1497 3477 1558 aliis
3501 1498 3739 1572 scripto-

2028 1589 2193 1649 ribus
2248 1590 2492 1660 censuit,
2529 1605 2634 1648 nos
2685 1605 2823 1649 vero
2871 1590 3109 1661 laicum,
3165 1587 3224 1648 id
3277 1595 3361 1649 est
3405 1587 3740 1648 saecularem

2028 1678 2238 1739 obiisse
2285 1678 2655 1748 arbitramur,
2684 1695 2759 1759 ex
2802 1677 3251 1739 circumstantiis
3297 1677 3425 1750 ejus
3465 1676 3667 1737 mortis
3706 1692 3740 1736 a

227 1765 365 1872 qua)
409 1806 515 1851 nos
557 1784 792 1862 propius
848 1779 1182 1855 respiciunt,
1219 1784 1392 1854 atque
1420 1794 1454 1836 a
1491 1777 1729 1850 praefato
1757 1774 1938 1834 dialo-
1961 1766 2194 1872 BPetro
2238 1768 2732 1872 Damia‘ni‘l'ibﬂi,
2761 1785 2848 1872 ep.
2888 1768 2983 1868 14,.
3004 1767 3268 1872 narratis)
3299 1767 3400 1840 qui
3436 1765 3738 1872 timoratus

227 1854 375 1966 gista
425 1881 514 1942 vel
562 1854 764 1938 minus
819 1854 1083 1933 accurate
1133 1886 1404 1945 expensa,
1455 1868 1547 1928 vel
1593 1884 1668 1927 ex
1713 1867 1928 1941 integrc

2051 1857 2254 1932 piritu,
2293 1875 2360 1917 ac
2416 1859 2481 1918 B.
2513 1857 2590 1917 M.
2623 1856 2692 1916 V.
2723 1857 3018 1931 obsequiis
3065 1858 3205 1917 adeo
3260 1855 3621 1930 mancipatus
3661 1854 3734 1914 ab

226 1959 616 2058 praetermissa
640 1964 1158 2030 animadvertimus
1177 1961 1549 2058 per_modum
1580 1959 1934 2058 appendicis,

226 2049 494 2146 supplere
524 2079 642 2122 non
680 2057 1071 2134 gravabimur,
1103 2052 1336 2128 quando
1366 2067 1484 2146 non
1515 2049 1938 2146 magis-oppor-

227 2138 430 2221 tunam
485 2150 757 2214 Veritatis
809 2143 1172 2207 illustrandae
1231 2141 1590 2203 occasionem
1641 2138 1783 2198 alibi
1835 2152 1940 2197 nos

226 2249 526 2310 habituros
555 2254 876 2316 speramus.

890 2354 1273 2419 APPENDIX

223 2465 527 2529 Nonnullas
580 2453 1097 2529 Animadversiones
1266 2443 1601 2529 Historiam.
1627 2439 1776 2496 Petri
1827 2439 1938 2494 Da-

390 2514 565 2591 Bittis:-
582 2514 630 2585 θα
659 2525 956 2586 Laderchio
987 2521 1319 2591 descriptam
1348 2514 1720 2584 complectens.

222 2629 525 2689 SYNOPSIS.
559 2649 628 2662 -—
658 2617 895 2689 Errores
918 2606 1216 2689 nonnulli,
1247 2604 1319 2689 ad
1357 2600 1752 2689 perfectiorem
1775 2596 1938 2689 Χίῳ

294 2668 1119 2758 Ῑῖᾶιιτῖωὑδῐῐιὶῖέιῖ*ὲδίιὶοηβω
1150 2668 1560 2758 obtinendam,
1605 2671 1669 2728 in
1725 2668 1938 2758 Lader-

291 2742 787 2829 Etitiiha'iii'éiaiita
835 2753 1089 2829 notandi.
1150 2749 1324 2829 Num.
1369 2747 1428 2829 ξ..
1462 2744 1782 2829 Numerum
1822 2742 1938 2829 fra-

296 2813 1117 2900 iiiiiii'ia."iiéiiibamianLa
1151 2818 1471 2900 Later-crio,
1500 2828 1814 2900 nemeae.
1836 2813 1936 2900 de-

297 2883 879 2977 iert‘n'in'atumiesfse.
927 2896 1007 2977 2.“
1035 2893 1197 2977 Circa
1252 2883 1702 2977 institutum‘
1753 2883 1939 2977 ‘C‘lna'raa

293 2956 668 3042 iiiEiéi-‘é'ﬁ'iﬁg'
696 2956 942 3042 fallitur.
982 2967 1032 3042 3.
1076 2965 1221 3042 Item
1263 2959 1516 3042 circas.
1554 2956 1706 3016 Petri
1752 2956 1939 3036 Gmle-

293 3032 760 3121 ἇῖιῖἷῖὲέῄιωῃ
825 3039 1129 3121 decipitur.
1319 3032 1937 3121 Albi‘aonemnsoci‘nm

294 3100 853 3186 “Bt-PetricDait—liaui
889 3100 1154 3186 abbatem
1197 3105 1521 3186 Theuzonis
1544 3101 1750 3186 "fuisse
1795 3100 1938 3157 falso

292 3165 1296 3256 .Xlimubal'lumrnationes
1327 3177 1495 3256 .circa
1543 3171 1602 3232 S.
1643 3171 1931 3256 Joannem
1952 3165 1996 3228 C

291 3243 829 3330 Dualbertu-nijet
891 3255 1181 3330 Athonem
1251 3247 1582 3330 episcopum
1643 3243 1929 3330 Florenti-

290 3317 479 3398 5651'."
477 3317 533 3395 (ξ.
556 3317 772 3392 Kiiims
805 3325 1006 3398 mortis
1041 3324 1105 3398 S_._
1127 3317 1684 3398 Dominiciboricati
1717 3317 1929 3398 rectius

288 3387 782 3469 Eiétéi'niidadaus.
817 3401 869 3458 7.
903 3403 958 3456 et
982 3391 1491 3469 8.ADilIic_ultaft_urn
1539 3387 1929 3469 quarumdam

331 3457 1096 3554 ιῖόἷὸἔίίἷόἷὲῖξδουλείᾳ,.9ο
1138 3473 1210 3554 (ἐξ
1225 3466 1312 3554 .1}!-
1341 3460 1420 3554 .§.~
1429 3457 1601 3554 33??!
1609 3475 1742 3554 ίὶὲἿὲ
1750 3457 1926 3554 1:33“

331 3499 620 3554 Γοροδιιιυ,
657 3499 714 3533 et.
768 3499 1096 3548 §U1uuu._a.
1138 3499 1194 3522 cu.
1232 3499 1312 3545 ιιί.
1361 3499 1420 3520 υ.
1461 3499 1742 3542 υγυιξυυιιξ
1773 3499 1896 3516 μυ...

287 3499 524 3612 gensem
552 3562 688 3607 cum
713 3545 935 3604 Joanne
966 3539 1114 3612 Yitae
1143 3536 1294 3595 Petri
1339 3533 1604 3592 Damiani
1630 3535 1904 3612 scriptore

287 3571 524 3612 (lellSCIIl
552 3571 688 3607 CLllu
713 3571 935 3604 duuuuu
980 3571 1000 3596 v
1020 3571 1114 3596 ιιω
1143 3571 1167 3595 ι
1189 3571 1294 3594 cun
1339 3571 1604 3592 ,υαιμιυιιιι
1630 3571 1903 3602 υυιιιηυιν

287 3626 438 3684 male
489 3616 786 3681 confundi.
853 3615 936 3672 ll.
993 3610 1174 3668 Illum
1217 3613 1339 3680 post
1394 3618 1616 3684 annum
1640 3602 1824 3684 “1076‘
1853 3571 1926 3657 ad

283 3672 1034 3769 ἑῖέδυῇῖξι-ἀῑ--έίμξιεάταω
1091 3672 1926 3769 γφοέψφς.ἑ¹ὶὲά;..ἕιέξιὲἑίίἓι

287 3747 758 3826 Ρξῖἷιῖῧᾶᾗήωιί
797 3758 860 3830 in
898 3755 1162 3830 prioratu
1197 3747 1530 3830 immediate
1560 3747 1921 3830 successisse,

282 3821 531 3918 {deiqu
559 3835 659 3918 ,δικ
683 3833 788 3912 ι.ιοο
831 3821 1054 3918 Janus
1107 3821 1670 3918 metretam.
1697 3821 1923 3918 9.22.3?

284 3889 916 3975 b'ii'eiﬁédua‘mprapui
946 3895 1152 3971 prioris
1186 3889 1372 3975 Vitam
1407 3889 1920 3975 (Damianifde'scr‘i-

283 3958 784 4056 6§ﬁTTi5-"Eaﬁ.ém
811 3958 1092 4056 γιιτιῖροει
1124 3971 1388 4056 aerea.
1407 3958 1736 4056 $.-.§.99£9.i§
1763 3958 1923 4056 e22-

283 4028 1106 4115 iienusis"examtafostenditur.
1145 4042 1166 4115 1_
1177 4038 1229 4096 3.
1263 4033 1396 4115 Alia
1424 4032 1728 4103 utriusque
1754 4028 1924 4087 Joan-

280 4108 750 4187 nisdiscrimina.
785 4115 869 4174 14.
902 4109 1227 4172 Conclusio.
1266 4108 1350 4165 15.

281 4226 330 4284 Ι.
363 4222 437 4283 Ut
480 4220 710 4278 Petrum
748 4212 1098 4273 Damianum
1136 4207 1294 4266 velut
1333 4199 1795 4263 Camaldulensis
1825 4198 1921 4257 in-

213 4312 398 4377 stituti
451 4313 786 4369 sectatorem
837 4298 1225 4376 agnoscimus,
1278 4310 1344 4352 ac
1390 4293 1449 4352 S.
1501 4291 1564 4350 P.
1607 4287 1921 4348 Romualdi

212 4405 563 4467 imitatorem
615 4394 976 4472 przecipuum
1018 4386 1390 4462 suspicimus,
1422 4383 1500 4441 ita
1530 4397 1760 4441 summa
1786 4393 1922 4453 erga

212 4496 382 4556 illum
417 4487 722 4549 devotione
738 4483 1046 4551 allicimur,
1072 4479 1312 4553 ejusque
1337 4473 1770 4533 venerationem
1797 4483 1924 4542 pro-

213 4582 436 4645 moveri
494 4589 859 4648 summopere
910 4569 1251 4646 gaudemus.
1305 4565 1574 4638 Magnam
1629 4561 1844 4620 idcirco
1887 4576 1922 4618 a

215 4676 385 4737 nobis
411 4671 657 4748 gratiam
695 4667 916 4726 iniisset
956 4660 1331 4731 Laderchius,
1363 4659 1413 4718 si
1445 4665 1500 4717 et
1536 4653 1925 4716 commodiore

216 4766 364 4841 style
415 4759 631 4838 egregii
681 4757 858 4831 hujus
896 4751 1142 4813 doctoris
1178 4751 1369 4810 Vitam
1415 4749 1736 4808 describere
1779 4750 1926 4804 esset

217 4838 542 4929 aggressus,
571 4855 625 4908 et
653 4847 725 4905 ab
749 4843 911 4904 omni
941 4841 1207 4901 falsitatis
1229 4855 1398 4900 naavo
1429 4838 1693 4898 eamdem
1722 4852 1925 4929 repur-

218 4924 427 5020 gasset.
455 4940 697 5004 Verum.
735 4941 800 4994 ut
846 4950 912 4993 ea
941 4947 1135 4992 rerum
1168 4938 1254 4990 est
1304 4932 1696 4990 humanarum
1727 4924 1928 5020 condi-

219 5014 319 5105 tio,
361 5045 495 5107 quae
529 5025 734 5101 primis
773 5038 1079 5098 nunquam
1111 5021 1414 5082 conatibus
1441 5019 1721 5107 absoluta;
1747 5014 1930 5088 perfe-

220 5106 430 5184 ctionis
483 5115 857 5190 assequendae
914 5121 1165 5187 sortem,
1224 5111 1319 5171 vel
1371 5125 1531 5185 spem
1600 5106 1931 5178 relinquere

223 5217 388 5281 solet,
435 5209 535 5267 sed
586 5208 770 5264 multa
813 5219 1038 5278 semper
1072 5200 1228 5262 curis
1267 5197 1536 5257 secundis
1569 5193 1932 5253 emendanda

225 5298 552 5370 committit,
578 5297 657 5355 ita
690 5311 806 5354 non
836 5295 1071 5364 mirum,
1097 5293 1146 5352 si
1174 5287 1527 5348 Laderchius
1553 5287 1697 5360 ipse,
1726 5285 1932 5360 primm

224 5392 365 5451 huic
413 5384 669 5446 historiae
715 5400 837 5443 suae
887 5381 1127 5440 editioni
1183 5393 1302 5438 non
1359 5375 1674 5435 admodum
1724 5374 1928 5445 ﬁdens,

227 5481 468 5541 alteram
511 5491 571 5534 se
607 5473 1012 5533 exhibiturum
1057 5468 1360 5544 pollicetur
1399 5467 1484 5536 (in
1520 5465 1932 5526 Admonitione

225 5571 300 5630 ad
340 5568 610 5629 lectorem
651 5563 776 5638 ejus
824 5559 1003 5619 indici
1051 5558 1335 5627 subnexa)
1375 5559 1576 5628 majori
1617 5559 1929 5628 diligentia,

227 5668 278 5723 et
333 5660 664 5720 accuratiori
715 5655 919 5719 studio,
975 5667 1176 5708 necnon
1235 5653 1292 5706 in
1339 5651 1622 5721 aliquibus
1689 5654 1925 5707 auctam.

2020 1946 2144 2022 ipso
2191 1955 2387 2008 sancto
2425 1948 2655 2008 doctore
2705 1948 3068 2020 describitur,
3098 1955 3165 2006 ut
3210 1946 3465 2007 moriens
3512 1946 3585 2005 ab
3630 1945 3734 2006 illa

2020 2039 2242 2099 visitari
2292 2040 2606 2111 meruerit;
2657 2039 2815 2099 unde
2848 2053 3206 2114 consequens
3234 2045 3341 2108 est,
3381 2043 3447 2096 ut
3481 2043 3594 2096 tres
3631 2035 3735 2095 sal-

2020 2135 2135 2188 tem
2189 2131 2391 2189 fratres
2430 2129 2596 2189 Petro
2627 2136 2822 2188 nostro
2853 2127 3124 2188 Damiani
3154 2125 3435 2203 assignari
3467 2124 3732 2197 debeant,

2021 2234 2138 2278 non
2167 2219 2282 2279 duo
2315 2225 2561 2290 tantum,
2593 2227 2655 2277 ut
2687 2219 2891 2278 asserit
2924 2217 3280 2277 Laderchius
3311 2216 3414 2275 lib.
3447 2229 3489 2288 Ι,
3521 2232 3643 2291 cap.
3675 2215 3732 2287 2,

2021 2323 2184 2366 num.
2223 2306 2275 2381 1,
2304 2305 2500 2365 dicens
2539 2330 2551 2366 :
2592 2327 2620 2360 «
2654 2306 2776 2365 Hoc
2807 2313 3026 2365 certum
3068 2305 3237 2364 nobis
3271 2304 3550 2375 innotuit,
3589 2304 3734 2363 duos

2020 2412 2230 2470 nempe
2294 2395 2494 2454 fratres
2551 2395 2843 2466 habuisse,
2913 2393 3264 2453 Damianum
3331 2393 3616 2463 videlicet,
3679 2398 3735 2452 et

2021 2486 2331 2557 Marinum,
2363 2500 2615 2560 quorum
2654 2485 2775 2559 ipse
2805 2483 3073 2542 meminit
3105 2482 3206 2541 lib.
3251 2495 3292 2541 II
3323 2481 3733 2557 Epistolarum,

2021 2575 2186 2649 epist.
2228 2575 2290 2632 14
2320 2574 2392 2632 ad
2421 2573 2804 2633 Desiderium.
2841 2595 2862 2625 υ
2895 2572 3018 2631 Non
3046 2588 3132 2644 ea,
3160 2572 3425 2646 inquam,
3449 2571 3737 2630 duntaxat

2022 2664 2243 2722 ratione
2295 2664 2579 2724 refellitur
2621 2665 2748 2722 haec
2795 2663 3033 2722 assertio
3085 2661 3416 2732 Laderchii,
3462 2661 3562 2720 sed
3609 2677 3734 2720 am-

2021 2753 2192 2827 plius,
2223 2754 2380 2827 quia,
2422 2755 2472 2812 si
2514 2754 2690 2812 verba
2728 2753 3136 2827 expendantur
3165 2750 3407 2810 Joannis
3443 2751 3735 2825 scriptoris

2027 2845 2168 2906 Vitae
2224 2847 2377 2906 Petri
2441 2847 2623 2906 nostri
2682 2845 2974 2918 Damiani,
3031 2844 3103 2902 ab
3163 2844 3366 2902 eodem
3415 2842 3734 2901 Laderchio

2019 2936 2191 2994 allata
2243 2952 2363 3010 cap.
2399 2936 2453 3007 3,
2485 2952 2648 2994 num.
2697 2936 2748 3002 3,
2782 2935 2948 2993 facile
2993 2932 3298 3001 constabit,
3333 2933 3536 2990 saltem
3582 2945 3729 3004 qua-

2022 3029 2154 3083 tuor
2199 3025 2400 3082 fratres
2446 3024 2598 3082 Petri
2641 3023 2858 3093 fuisse;
2906 3023 2986 3080 ait
3038 3021 3196 3079 enim
3253 3020 3504 3080 Joannes
3551 3017 3732 3077 sancti

2019 3114 2262 3188 pastoris
2306 3113 2624 3187 discipulus
2663 3113 2722 3170 in
2758 3111 2881 3184 ejus
2929 3109 3059 3168 Vita
3090 3125 3214 3183 cap.
3250 3108 3299 3182 i,
3331 3109 3486 3183 quod
3527 3107 3732 3167 Petrus

2021 3212 2233 3278 noster,
2290 3225 2312 3255 ι
2360 3211 2603 3278 utroque
2652 3203 2962 3261 immature
3017 3199 3254 3260 orbatus
3311 3206 3568 3273 parente,
3623 3199 3731 3257 fra-

2018 3299 2196 3355 ternae.
2245 3311 2400 3354 curae
2451 3294 2686 3352 relictus
2715 3298 2820 3363 est,
2850 3298 2906 3348 et
2937 3305 3093 3349 unus
3122 3290 3404 3363 ipsorum,
3433 3287 3536 3363 qui
3565 3295 3732 3348 atrox

2017 3385 2166 3444 inter
2204 3394 2439 3445 caeteros
2479 3383 2739 3444 honestis
2787 3381 3047 3441 moribus
3087 3380 3357 3455 praeditos
3402 3379 3513 3440 sub
3556 3379 3731 3438 ovina

2015 3475 2164 3548 pelle
2211 3474 2440 3547 latebat,
2474 3473 2845 3533 fraudulenta
2895 3485 3056 3530 nunc
3100 3469 3308 3542 pietate
3348 3483 3450 3543 pro
3495 3473 3730 3541 paterna

2015 3565 2161 3636 vice,
2189 3581 2320 3625 eum
2363 3565 2476 3624 sibi
2513 3563 2887 3624 educandum
2933 3561 3205 3634 suscepit,
3235 3567 3410 3634 atque
3449 3559 3589 3619 dum
3618 3559 3731 3618 sibi

2013 3654 2374 3713 cobaaredem
2398 3654 2669 3728 adoptare
2708 3668 2768 3712 se
2809 3650 2996 3724 ﬁngit,
3035 3647 3179 3707 dirae
3211 3647 3369 3707 velut
3397 3647 3728 3721 emptitium

2012 3743 2278 3802 servituti
2330 3743 2586 3802 addicit:
2628 3742 2725 3801 cui
2783 3739 2936 3799 socia
2993 3738 3209 3812 conjux
3262 3737 3533 3808 haerebat,
3590 3752 3724 3811 quae

2011 3834 2194 3892 nullis
2221 3835 2446 3907 pietatis
2471 3833 2794 3892 visceribus
2818 3831 2892 3889 ab
2919 3829 3080 3888 illius
3105 3827 3328 3886 saevitia
3352 3826 3669 3886 differebat.
3692 3852 3718 3876 ι»

2013 3923 2074 3984 Si
2106 3926 2266 3988 enim
2293 3926 2439 3984 duos
2471 3925 2674 3982 fratres
2711 3921 3009 3981 habuisset
3052 3919 3252 3977 Petrus
3280 3924 3490 3989 noster,
3521 3917 3722 3992 utique

2011 4029 2212 4073 eorum
2259 4031 2439 4085 unus,
2470 4015 2569 4088 qui
2609 4016 2796 4088 primo
2827 4027 2964 4070 eum
3002 4009 3280 4068 alendum
3309 4008 3575 4081 suscepit,
3605 4021 3722 4066 non

2009 4109 2173 4161 atros:
2217 4108 2360 4161 inter
2407 4110 2638 4169 exteros,
2670 4102 2768 4162 sed
2817 4108 2978 4158 atrox
3022 4116 3142 4172 pra
3189 4101 3298 4154 alio
3349 4095 3439 4156 vel
3485 4099 3721 4154 atrocior

2009 4198 2179 4253 altero
2250 4196 2708 4266 describeretur;
2743 4193 2960 4252 indicat
3009 4205 3144 4264 ergo
3199 4187 3344 4246 Vitm
3397 4186 3551 4246 Petri
3608 4187 3720 4245 Da-

2009 4283 2194 4342 miani
2239 4287 2498 4358 scriptor,
2553 4290 2762 4358 prmter
2823 4282 2980 4340 hunc
3035 4280 3290 4348 fratrem,
3342 4277 3510 4350 cujus
3562 4291 3721 4334 cura;

2009 4375 2212 4435 Petrus
2267 4376 2612 4436 commissus
2657 4382 2761 4446 est,
2796 4373 2940 4432 alios
2993 4369 3168 4428 etiam
3199 4375 3326 4426 tum
3363 4366 3716 4442 superstites,

2010 4467 2131 4526 imo
2167 4474 2221 4526 et
2259 4475 2571 4543 praesentes
2618 4466 2819 4536 fuisse,
2850 4464 2948 4522 sed
2989 4462 3138 4520 inter
3166 4459 3271 4517 bos
3300 4456 3720 4531 computandas

2012 4574 2128 4618 non
2175 4573 2298 4617 esse
2346 4556 2666 4616 Damianus
2706 4550 3165 4625 archipresbyter
3217 4547 3489 4617 videtur;
3545 4560 3719 4618 nam,

2010 4656 2076 4710 ut
2128 4649 2301 4707 refert
2351 4646 2705 4706 Laderchius
2750 4659 2878 4718 pag.
2915 4640 3029 4698 22:
3066 4661 3088 4692 α
3122 4637 3402 4696 Abfuerat
3425 4636 3477 4695 is
3502 4635 3722 4710 aliquot

2012 4757 2196 4801 annos
2228 4757 2262 4798 a
2287 4742 2490 4814 patria,
2525 4738 2596 4798 ad
2623 4750 2800 4812 quam
2837 4745 3102 4792 reversus
3128 4727 3281 4786 Petri
3319 4727 3511 4785 fratris
3548 4725 3722 4814 mise-

2011 4839 2174 4891 ratus
2221 4813 2533 4898 aarumnas,
2578 4831 2815 4897 paterno
2868 4825 3050 4879 tactus
3111 4832 3327 4886 amore,
3377 4829 3516 4875 mox
3557 4813 3726 4874 illum

2017 4921 2239 4980 exemit
2284 4920 2354 4978 de
2387 4912 2703 4976 miserabili
2747 4910 3046 4978 servitute,
3089 4905 3260 4965 novis
3315 4903 3507 4963 induit
3554 4901 3726 4962 vesti-

2018 5015 2252 5084 mentis,
2285 5016 2342 5068 et
2374 5008 2443 5066 ad
2479 5004 2736 5064 scholam
2781 5001 2961 5070 misit,
2999 5022 3020 5050 ι
3057 5004 3186 5069 etc.,
3231 4994 3386 5070 quod
3417 4993 3619 5066 utique
3660 4990 3732 5089 ab

2021 5103 2189 5162 initio
2248 5097 2544 5174 piissimus
2605 5089 3063 5164 archipresbyter
3110 5093 3420 5146 exsecutus
3469 5088 3636 5152 esset,
3685 5088 3733 5138 si

2022 5207 2217 5252 coram
2250 5172 2578 5256 adfuisset;
2627 5198 2762 5256 ergo
2814 5181 2865 5240 si
2919 5178 3198 5239 Damiano
3243 5172 3734 5247 archipresbytero

2023 5285 2260 5342 fratrem
2301 5279 2470 5337 illum
2510 5280 2844 5343 uxoratum,
2877 5287 2909 5330 a
2947 5286 3064 5344 quo
3103 5274 3221 5326 tam
3260 5261 3591 5322 immaniter
3630 5259 3735 5319 Pe-

2026 5379 2151 5431 trus
2183 5367 2414 5428 habitus
2450 5371 2553 5438 est,
2593 5362 3037 5437 conjungamus,
3066 5363 3122 5416 et
3148 5357 3296 5413 duos
3325 5352 3530 5410 saltem
3563 5350 3730 5420 alios,

2027 5461 2240 5538 quibus
2267 5461 2428 5519 hunc
2449 5453 2803 5530 comparavit
2839 5451 3088 5510 Joannes
3124 5445 3271 5502 Vitae
3305 5443 3563 5515 scriptor,
3591 5439 3728 5498 dum

2027 5535 2170 5608 inter
2208 5555 2418 5608 ceteros
2467 5548 2703 5604 honestis
2740 5542 2976 5601 moribus
3009 5535 3270 5610 praditos
3309 5537 3542 5588 atrocem
3576 5543 3729 5587 nun-

2025 5640 2282 5716 cupavit,
2310 5655 2457 5715 quos
2487 5638 2668 5699 fuisse
2706 5640 2863 5709 puto,
2893 5628 3140 5689 alterum
3175 5621 3411 5698 quidem
3439 5619 3729 5680 Marinum
