4106 6204
369 360 434 418 81

362 578 647 668 majorem
677 590 819 643 natu
850 586 976 660 ipso
1003 590 1190 663 Petro,
1226 595 1330 668 qui
1359 597 1581 656 czeteris
1620 578 2081 661 fratribusinvi-

359 666 528 737 dens,
559 671 815 740 querelis
849 677 973 736 suis
1027 679 1086 739 in
1136 666 1306 741 causa
1356 685 1488 755 fuit,
1528 702 1630 745 cur
1672 695 1854 747 mater
1890 691 2082 764 ipsum

361 757 603 817 Petrum
649 760 961 825 immature
998 769 1342 831 oblactatum
1389 775 1565 850 impie
1604 757 2079 851 desereret,-nar-

359 855 529 946 rante
578 849 874 946 id-eodem
929 858 1151 923 Joanne
1197 867 1468 942 scriptore
1520 868 1667 930 Vitae
1716 849 1903 932 sancti
1942 874 2076 946 viri,

358 938 605 1038 ejusque
634 942 921 1038 discipulo
945 955 1100 1026 apud
1126 938 1513 1020 Laderchium
1558 979 1686 1038 pag.
1724 964 1788 1022 17
1819 984 1831 1024 :
1870 988 1892 1016 ι
1929 938 2078 1025 Cum

356 1030 521 1128 enim
565 1048 721 1094 unus
759 1035 1099 1118 liberorum,
1141 1049 1243 1120 qui
1295 1057 1432 1110 tunc
1459 1030 1580 1126 jam
1625 1030 2079 1128 grandiusculus

351 1119 706 1220 adoleverat,
764 1140 1115 1202 conquestus
1164 1119 1518 1200 exclamaret
1573 1119 1792 1203 :I’roh
1847 1147 2070 1220 pudor!

353 1227 492 1272 ecce
521 1215 643 1309 jam
677 1222 753 1276 tot
781 1235 1004 1294 sumus,
1041 1232 1104 1284 ut
1141 1227 1203 1286 in
1234 1229 1340 1288 hac
1384 1231 1555 1291 domo
1585 1233 1689 1291 vix
1723 1215 2006 1309 capimur,
2043 1262 2069 1286 ιο

354 1310 466 1398 etc.
523 1303 782 1398 Quatuor
819 1313 1073 1384 profecto
1112 1315 1336 1390 fratres,
1369 1328 1520 1379 certe
1574 1303 2070 1398 plures—duobus,

351 1392 632 1454 habuisse
663 1397 897 1460 Petrum
930 1403 1219 1481 Damiani,
1251 1410 1415 1470 fateri
1443 1392 1673 1472 necesse
1702 1413 1827 1472 erit.

427 1481 534 1578 III.
570 1482 842 1578 Secundo
873 1492 1122 1569 insignis
1150 1505 1254 1570 est,
1284 1506 1347 1557 ut
1373 1502 1588 1575 optime
1623 1501 1868 1578 Sejanus
1896 1505 2070 1564 etiam

350 1572 788 1668 animadvertit,
835 1582 1216 1648 hallucinatio
1260 1572 1479 1665 eorum,
1519 1609 1664 1668 quos
1692 1572 2070 1656 'Laderchius

347 1663 504 1758 bona
530 1665 644 1726 lide
683 1679 916 1732 secutus
947 1683 1032 1735 est
1063 1678 1163 1739 lib.
1207 1693 1248 1753 Ι,
1278 1699 1400 1758 cap.
1437 1663 1718 1758 lim-num.
1757 1688 1811 1752 3,
1843 1691 2069 1750 tradens

350 1753 412 1815 S.
461 1756 690 1820 Claram
721 1765 1010 1839 virginem
1056 1753 1416 1847 Assisiatein,
1448 1777 1515 1837 D.
1563 1778 1856 1840 Francisci
1907 1797 2066 1842 soro-

1255 375 1834 440 PROLEGOMENA.
1877 413 1943 426 -
1984 385 2078 442 DE
2119 385 2520 450 INSTITUTO
2559 393 2990 458 GAMALDUL.

368 503 402 546 a
453 494 652 587 sancto
727 492 958 587 doctore
1015 499 1336 578 laudatum,
1387 505 1635 568 alterum
1713 525 1851 570 vero
1913 511 2086 587 paulo
2105 514 2234 574 Aut
2283 532 2356 587 ex

2319 532 2356 589 x
2409 517 2649 595 Morigia
2689 537 2861 598 supra
2904 525 3342 592 observavimus
3381 547 3507 607 pag.
3550 536 3618 595 64
3651 541 3706 595 et
3743 537 3874 597 Dis-

2169 609 2305 702 sert.
2345 618 2428 678 III,
2477 623 2603 683 pag.
2662 613 2745 679 11,
2793 615 3042 674 eteruleo
3094 618 3327 691 palliolo
3374 629 3720 684 uterentur:
3769 629 3874 702 qui

2167 695 2339 786 color,
2393 713 2526 758 cum
2574 703 2727 776 apud
2772 703 2946 764 Italos
2998 711 3224 767 caelestis
3275 713 3613 786 appelletur,
3673 695 3874 777 ansam

2165 783 2386 856 ignara)
2432 789 2584 862 plebi
2641 793 2845 852 offerre
2902 797 3107 869 potuit,
3164 807 3231 858 ut
3287 783 3467 861 nostri
3524 783 3874 866 Avellanitte

2166 875 2437 933 Ccelestim'
2509 879 2765 952 primum
2846 889 3164 960 nuncupati
3243 889 3581 964 inciperent,
3667 894 3873 955 deinde

2162 966 2394 1040 ipsimet
2450 971 2572 1028 veri
2629 974 2901 1029 Caelestim'
2957 992 3058 1049 pro
3136 978 3483 1038 Avellanitis
3554 983 3758 1058 accipi,
3820 991 3875 1044 et

2160 1057 2343 1117 veluti
2393 1075 2427 1116 a
2485 1060 2650 1120 Petro
2706 1062 2982 1123 Damiano
3033 1075 3086 1125 et
3134 1069 3245 1142 ipsi
3299 1072 3594 1144 propagati
3656 1057 3869 1146 forent,

2159 1146 2400 1220 ejusque
2447 1148 2730 1223 Regulam
2775 1162 3178 1229 sequerentur,
3223 1160 3446 1215 Ordinis
3492 1161 3551 1219 S.
3609 1166 3872 1220 Damiani

2159 1236 2351 1295 vocari
2381 1253 2414 1294 a
2438 1239 2740 1299 nonnullis
2765 1248 3192 1305 consueverint.

2229 1325 2299 1384 V.
2362 1327 2573 1397 Quarto
2629 1332 2777 1391 circa
2832 1333 3197 1396 Theuzonem
3256 1338 3571 1396 Eremitam
3648 1341 3869 1398 nedum

2157 1414 2380 1474 fallitur
2406 1415 2784 1493 Laderchius,
2818 1426 2973 1498 quod
3000 1426 3172 1486 illum
3199 1427 3509 1486 Florentiae
3536 1442 3671 1488 cum
3700 1429 3867 1490 Petro

2157 1501 2436 1564 Damiano
2508 1506 2856 1570 collocutum
2919 1524 3105 1589 neget,
3169 1524 3366 1576 contra
3435 1517 3669 1578 Baronii
3746 1535 3868 1578 sen~

2156 1593 2414 1665 tentiam,
2472 1611 2506 1654 a
2557 1597 2764 1672 Sejano
2822 1603 3035 1677 optime
3084 1604 3458 1678 vindicatam,
3494 1606 3592 1666 sed
3627 1607 3867 1680 insuper

2153 1685 2654 1749 animadversione
2697 1691 2943 1767 dignum
2991 1703 3090 1767 est,
3149 1697 3362 1756 falsum
3409 1712 3534 1756 esse
3572 1695 3728 1771 quod
3767 1697 3866 1757 Al-

2153 1776 2279 1836 bizo
2305 1778 2452 1837 Petri
2486 1779 2756 1842 Damiani
2785 1799 2975 1845 comes
3013 1787 3191 1846 fuerit
3238 1787 3498 1860 ejusdem
3540 1785 3861 1848 Theuzonii

346 1860 494 1918 rem,
530 1852 752 1926 regula;
809 1857 867 1917 S.
903 1858 1053 1919 Petri
1104 1862 1371 1924 Damiani
1409 1882 1622 1926 nomen
1650 1869 1894 1943 dedisse,
1929 1874 2128 1950 quiaB
2154 1867 2349 1939 abbas,
2404 1876 2472 1928 ut
2519 1877 2712 1931 noster
2767 1874 3098 1948 historicus,
3167 1877 3376 1952 Sejano
3446 1879 3861 1953 consentiente,

346 1952 381 1995 a
423 1937 702 2014 Gregorio
739 1945 820 2006 IX
869 1955 992 2010 tum
1049 1952 1354 2027 ipsa,°tum
1405 1959 1531 2032 ejus
1587 1975 1811 2019 sorores
1857 1937 2127 2021 ardens"
2154 1955 2252 2015 lib.
2293 1937 2377 2030 m,
2417 1976 2540 2034 cap.
2583 1961 2637 2031 5,
2674 1977 2838 2022 num.
2885 1963 2937 2035 9,
2967 1937 3256 2025 asseruit:
3282 1966 3454 2025 Enim
3500 1981 3638 2025 vero
3661 1967 3864 2026 nullus

345 2027 406 2085 S.
425 2031 1102 2109 Damianiappellantur:
1131 2027 1536 2105 enimvero'ibi
1561 2048 1631 2107 de
1651 2049 1856 2108 ordine
1874 2066 2069 2111 mona-
2149 2027 2370 2105 ΑΙὺὶΖά
2399 2027 2577 2107 abbas
2624 2027 2973 2112 monasterio
3025 2054 3083 2114 S.
3118 2054 3317 2114 Maria)
3355 2054 3666 2115 Ὲιοΐθηῑίίθ
3709 2070 3860 2130 Prae-

346 2116 517 2174 ειεξΓῆ
559 2121 620 2176 S.
654 2125 918 2182 Damiani
952 2131 1220 2201 Martyris
1248 2149 1422 2207 prope
1469 2136 1759 2196 Assisium
1787 2142 2066 2200 exstructi
2150 2135 2281 2208 fuit,
2305 2137 2402 2195 sed
2421 2138 2753 2200 Theuzonis
2779 2149 3033 2219 tempore
3057 2144 3259 2204 Petrus
3287 2151 3408 2204 erat
3431 2145 3678 2204 abbatiaa
3703 2116 3863 2206 illius

343 2221 541 2267 sermo
579 2217 680 2282 est,
709 2228 827 2272 non
863 2217 934 2274 de
973 2217 1438 2281 institutionibus
1489 2227 1548 2282 S.
1592 2230 1743 2283 Petri
1783 2235 2062 2296 Damiani,
2146 2228 2472 2300 prmfectus,
2533 2238 2598 2288 ut
2649 2233 2855 2292 docent
2896 2217 3277 2295 monumenta
3319 2254 3352 2296 a
3386 2237 3714 2296 Puccinello
3757 2237 3862 2294 ad-

345 2300 414 2390 ut
461 2299 838 2372 perspicuum
869 2312 1057 2365 estex
1104 2309 1294 2368 Bullis
1328 2327 1362 2369 a
1414 2311 1708 2387 Wadingo
1757 2316 1948 2377 relatis
1992 2319 2065 2376 ad
2145 2299 2320 2374 ducta
2378 2318 2440 2373 in
2497 2319 2758 2390 ejusdem
2844 2323 3095 2380 coenobii
3151 2322 3452 2383 Chronicis
3511 2341 3664 2385 anno
3724 2325 3860 2384 1664

341 2383 526 2444 ﬁnem
565 2391 708 2449 tomi
733 2391 761 2450 Ι
784 2400 843 2451 et
874 2393 931 2453 II
960 2397 1282 2458 Annalium
1327 2383 2062 2467 MinorumiVerissimum

341 2481 431 2532 est
469 2483 685 2552 tamen,
717 2485 998 2545 moniales
1038 2487 1097 2547 S.
1133 2488 1316 2548 Clarae
1358 2507 1459 2565 per
1506 2493 1811 2553 duodecim
1858 2496 2062 2557 saltem

335 2581 552 2640 annos,
616 2588 824 2649 nempe
879 2577 952 2636 ab
1001 2593 1154 2638 anno
1211 2578 1347 2640 1212
1399 2581 1473 2640 ad
1530 2583 1664 2644 1224
1721 2588 2061 2654 (nonnullas

335 2659 514 2718 etiam
556 2677 744 2736 usque
791 2667 862 2725 ad
900 2667 1056 2740 1239,
1088 2677 1152 2728 ut
1177 2672 1425 2730 ostendit
1462 2671 1795 2747 Wadingus
1826 2677 1948 2736 loco
1985 2679 2060 2737 ci-

339 2753 479 2838 tato,
513 2757 572 2808 et
608 2754 913 2814 conﬁrmat
961 2758 1275 2821 Jacobillus
1331 2767 1472 2821 tom.
1521 2761 1629 2833 ΙΙΙ)
1682 2765 1941 2838 regulam
1996 2767 2055 2828 S.

339 2836 403 2895 P.
435 2837 756 2915 Benedicti,
789 2853 843 2904 et
889 2849 1155 2909 ordinem
1187 2853 1569 2912 monasticum
1610 2836 1918 2929 professas;
1953 2874 2058 2918 nec

2143 2401 2358 2473 editis;
2409 2407 2469 2462 et
2508 2420 2644 2464 sane
2688 2405 2864 2464 verba
2895 2407 3045 2466 Petri
3104 2410 3373 2468 Damiani
3427 2412 3489 2469 in
3545 2413 3710 2486 epist.
3769 2414 3857 2484 30,

2144 2491 2244 2550 lib.
2281 2504 2363 2563 VI,
2411 2493 2481 2551 ad
2531 2493 2921 2568 Theuzonem,
2953 2495 3076 2556 sive
3121 2498 3182 2555 in
3230 2513 3426 2572 opusc.
3458 2512 3514 2558 LI
3548 2501 3695 2560 nihil
3749 2504 3861 2563 tale

2142 2579 2427 2653 signiﬁcat
2471 2600 2484 2639 :
2541 2605 2568 2632 α
2601 2581 2716 2639 Vix
2757 2583 3020 2654 demum,
3058 2585 3270 2660 inquit,
3313 2594 3588 2663 tanquam
3637 2591 3854 2665 impor-

2145 2677 2288 2729 tune
2313 2671 2514 2744 capitis
2541 2672 2810 2731 homines
2836 2674 3074 2734 admissi
3097 2692 3302 2736 sumus
3329 2678 3670 2749 (Damianus
3691 2681 3856 2740 enim

2139 2761 2284 2819 mihi
2328 2767 2467 2819 tunc
2505 2761 2708 2821 Albizo
2737 2763 3111 2838 adhaerebat),
3145 2766 3353 2825 intenti
3397 2774 3610 2840 autem,
3645 2777 3702 2827 et
3733 2785 3851 2829 non

2140 2849 2502 2908 mediocriter
2551 2850 2710 2909 avidi
2745 2851 3147 2912 aedificationis
3176 2854 3520 2914 documenta
3558 2857 3850 2932 suscipere

335 2926 549 2988 desunt
576 2932 680 3006 qui
730 2935 803 2992 ad
835 2937 1274 3000 Camaldulense
1327 2926 1660 3002 institutum
1695 2944 1822 3004 illas
1867 2963 1966 3020 per
1996 2948 2046 3007 id

2253 2939 2378 3013 ipso
2444 2948 2666 2999 mutuae
2727 2941 3052 3001 collationis
3111 2945 3351 3003 exordio
3403 2947 3582 3006 coacti
3643 2964 3849 3010 sumus

335 3021 570 3090 tempus
610 3022 944 3084 referendas
971 3043 1093 3086 esse
1129 3029 1508 3102 arbitrentur,
1542 3048 1655 3092 non
1691 3035 1930 3110 quidem
1981 3037 2055 3096 ob
2135 3033 2400 3106 protinus
2425 3034 2706 3106 jurgiosis
2755 3035 3105 3108 quibusdam
3146 3038 3614 3098 contentionibus
3651 3041 3847 3100 deser-

332 3108 603 3181 regulam
634 3111 694 3172 S.
729 3113 881 3174 Petri
928 3117 1217 3189 Damiani,
1251 3122 1345 3180 cui
1385 3139 1600 3182 nomen
1641 3108 1925 3198 dederint,
1955 3129 2046 3187 sed

2246 3140 2277 3194 ξ,
2317 3147 2338 3175 ο
2382 3130 2488 3181 etc.
2528 3121 2638 3180 Ubi
2687 3131 2838 3198 patet
2886 3123 2957 3182 de
3000 3140 3082 3196 se,
3126 3131 3182 3182 et
3230 3125 3532 3200 Albizone,
3565 3136 3846 3206 tanquam

329 3196 406 3253 ob
454 3203 896 3264 constitutiones
937 3206 1424 3284 Camaldulenses,
1487 3229 1632 3290 quas
1685 3215 1803 3274 illis
1853 3196 2365 3310 obser-Citineris
2420 3213 2593 3280 socio,
2647 3218 2702 3271 et
2749 3212 3023 3288 colloquii
3074 3223 3354 3310 consorte,
3412 3225 3847 3310 non_tanquam

331 3288 553 3310 "ﬂ,"
773 3295 837 3310 ί.
1016 3304 1026 3310 _
1197 3300 1233 3310 ..
1321 3300 1356 3310 ..
1566 3309 1570 3310 ν
1704 3303 1748 3310 --
1876 3306 1909 3310 ,,
2136 3304 2199 3310 __
2418 3304 2429 3310 -
2494 3303 2505 3310 .
2586 3303 2596 3310 .
2833 3303 2842 3310 .
2973 3304 2985 3310 -

331 3288 555 3347 vandas
603 3295 1032 3368 praescripserat
1081 3300 1392 3359 cardinalis
1452 3288 1643 3361 noster
1698 3303 2046 3380 Hugolinus,
2069 3288 2112 3310 υ
2135 3304 2464 3362 Theuzonis
2490 3303 2677 3376 ipsius
2705 3303 2942 3377 praelato
2970 3304 3131 3377 loqui
3171 3327 3184 3361 :
3216 3312 3429 3365 etcum
3458 3307 3611 3366 infra
3637 3288 3796 3368 addit
3827 3330 3842 3369 :

328 3379 431 3453 qui
471 3381 667 3453 (juxta
712 3384 1084 3459 Jacobillum)
1110 3406 1183 3449 ex
1231 3391 1434 3450 abbate
1464 3379 1895 3455 monasteriis.
1932 3398 2049 3456 Sil-
2136 3416 2161 3444 α
2195 3393 2369 3452 Erant
2412 3393 2628 3468 quippe
2668 3393 2820 3451 inter
2848 3401 3026 3465 se..el
3072 3393 3339 3453 abbatem
3380 3396 3463 3455 ίυί
3509 3401 3846 3458 monaslel‘ii

328 3469 507 3527 vestri
556 3471 628 3529 de
658 3472 851 3534 Monte
883 3476 1150 3551 Subasio,
1177 3496 1210 3538 ει
1252 3481 1310 3540 S.
1359 3481 1524 3541 Patre
1551 3483 1874 3546 Romualdo
1905 3503 2046 3546 cou-
2130 3499 2247 3542 non
2291 3483 2525 3543 ferenda
2580 3483 2865 3555 simultas,
2922 3491 2978 3543 et
3022 3485 3337 3546 inveterata
3385 3488 3689 3550 discordia.
3736 3492 3844 3552 Ille

326 3561 559 3653 structi,
589 3570 644 3620 et
665 3565 773 3624 sub
794 3568 996 3626 ordine
1028 3569 1454 3632 Camaldulensi
1484 3581 1621 3634 tunc
1650 3577 1820 3636 etiam
1851 3579 2046 3652 vigen-

2246 3583 2327 3642 ur,
2383 3579 2578 3646 utpote
2631 3573 2887 3645 virtutis,
2915 3591 2981 3633 ac
3016 3574 3297 3648 simplicis
3345 3579 3547 3649 animi,
3579 3579 3840 3653 sponsio-

326 3645 418 3715 ιῖε,
453 3649 523 3706 ad
561 3666 879 3728 purpuram
909 3658 1096 3718 fuerat
1140 3669 1448 3734 evocatus;
1498 3671 1554 3722 et
1592 3672 1742 3723 certe
1773 3645 2045 3728 videﬁtup
2127 3661 2302 3719 nibus
2337 3645 2467 3720 suis
2490 3670 2700 3721 cuncta
2729 3661 2920 3734 dignm
2955 3665 3380 3755 satisfactionis,
3411 3673 3474 3755 et
3494 3666 3841 3755 humilitatis

322 3733 598 3799 Clarissae
643 3759 716 3802 ex
770 3744 1306 3811 Camaldulensium
1336 3753 1657 3812 imitatione
1697 3755 2043 3818 inclusionis
2119 3752 2254 3827 jura
2293 3750 2660 3821 ῑΐθηεοεηάίῒι
2697 3759 2753 3808 et
2795 3766 2902 3810 n03
2945 3752 3020 3826 (id
3069 3759 3154 3810 θεῖ
3198 3752 3392 3826 ipsum
3442 3751 3678 3813 Petrum
3725 3751 3838 3814 Da‘

319 3828 515 3902 legem
550 3845 654 3904 per
689 3831 747 3890 id
791 3840 1018 3911 tempus
1055 3855 1332 3913 servasse,
1370 3843 1525 3900 unde
1554 3843 1708 3903 idem
1733 3845 2042 3907 cardinalis
2124 3842 2411 3912 mianum,
2443 3849 2498 3900 et
2543 3840 2879 3899 Albizonem
2929 3841 3216 3915 comitem)
3271 3845 3551 3918 sequestri
3606 3845 3840 3904 foederis

322 3916 679 3993 Hugolinus,
729 3931 922 3996 postea
960 3925 1271 4002 Gregorius
1309 3931 1409 4000 IX,
1446 3947 1648 3992 earum
1695 3935 2038 4012 privilegiis,
2123 3933 2273 3991 inter
2301 3948 2362 3991 se
2413 3938 2469 3991 et
2500 3937 2554 3990 te
2583 3938 2948 3990 exsecutores
2993 3933 3264 3993 instituit.
3298 3933 3518 3993 Verum
3548 3949 3652 3994 nos
3694 3937 3836 3995 dum

321 4007 624 4085 Wadingo
651 4019 792 4074 teste
821 4016 882 4074 in
907 4018 1276 4096 Apologetico
1302 4020 1373 4080 de
1398 4007 1744 4084 Monachat‘u
1775 4025 1832 4086 S.
1862 4007 2039 4086 Fran-
2120 4023 2328 4082 alienis
2380 4023 2651 4083 amicitiis
2697 4023 3022 4082 inconsulte
3069 4024 3453 4097 consulimus,
3487 4049 3514 4076 ››
3561 4033 3666 4084 etc.
3700 4026 3839 4086 Per-

315 4099 479 4170 cisci,
510 4109 644 4160 sect.
677 4103 728 4173 6,
777 4108 809 4179 §
838 4106 890 4178 5,
943 4124 1110 4168 num.
1156 4109 1207 4181 9,
1239 4111 1386 4170 hanc
1418 4113 1739 4174 clausulam
1765 4117 2037 4177 insertam
2121 4112 2386 4186 spicuum
2427 4111 2675 4181 videtur,
2711 4111 2978 4171 abbatem
3011 4111 3341 4170 Theuzonis
3377 4113 3674 4173 diversum
3710 4129 3835 4174 esse

317 4192 509 4252 voluit
542 4213 554 4251 :
605 4215 634 4248 α
665 4194 816 4256 Ordo
853 4201 1225 4273 monasticus,
1263 4205 1364 4280 qui
1396 4209 1718 4266 secundum
1747 4209 1954 4283 Deum,
1983 4217 2039 4269 et

317 4280 466 4306 1....-5:
503 4281 797 4306 TI-.._J:-u
835 4304 913 4306 _,,
982 4290 993 4306 ι
1185 4302 1193 4306 .
1355 4295 1366 4304 .
1452 4297 1504 4306 ..ν
1565 4297 1596 4306 Α.
1954 4299 1966 4306 .

2246 4208 2472 4275 1troque
2509 4199 2665 4274 pacis
2701 4199 2855 4259 inter
2902 4202 3056 4275 ipsos
3094 4201 3470 4262 conciliandae
3519 4213 3836 4279 sequestro,

313 4280 470 4340 beati
501 4281 800 4345 Benedicti
832 4290 1116 4363 regulam,
1144 4302 1320 4368 atque
1350 4295 1776 4356 institutionem
1811 4280 2036 4359 mon-ia-
2118 4291 2744 4395 Damian‘oividel‘icet,
2801 4285 3214 4395 et"albizon‘e.
3276 4293 3348 4352 Ut
3397 4294 3545 4395 nihil
3603 4294 3832 4395 addam,

313 4372 465 4431 lium
494 4387 876 4438 mcwsxauu
893 4393 940 4437 s.
971 4388 1890 4458 DAMIANIASSlSIATIS,inSlitulus
1910 4406 2035 4450 esse
2117 4384 2270 4459 quod
2301 4382 2503 4442 Albizo
2546 4385 2652 4441 iste
2690 4398 2807 4440 ηοῐι
2859 4383 3055 4454 abbas,
3088 4383 3188 4442 sed
3234 4385 3471 4443 eremita
3519 4386 3724 4457 fuerat.
3772 4394 3835 4446 ιιί

313 4461 700 4549 dignoscitur.
737 4491 758 4517 ιι
804 4467 990 4538 Quare
1040 4487 1114 4529 ex
1153 4471 1217 4529 D.
1254 4473 1434 4532 Clarae
1478 4476 1718 4547 familia,
1774 4477 2033 4550 ejusdem

313 4553 585 4628 Gregorii
633 4557 712 4616 IX
749 4561 938 4634 jussu,
981 4561 1047 4622 B.
1095 4563 1361 4638 Pacilica,
1393 4571 1448 4623 et
1495 4567 1561 4627 B.
1606 4567 1870 4639 Balbina,
1903 4571 2031 4643 ejus

313 4651 578 4710 nominis
609 4651 760 4712 inter
799 4655 1184 4717 Damianislas
1226 4660 1432 4733 prima,
1460 4661 1530 4720 ad
1560 4665 1890 4723 coenobium
1923 4666 2029 4723 Ca-

313 4739 778 4802 maldulensium
830 4746 1176 4806 monialium
1220 4746 1280 4807 S.
1333 4748 1531 4809 Marias
1582 4752 1761 4812 Vallis
1816 4756 2028 4816 Gloriae

309 4832 488 4906 (quod
533 4835 643 4892 sub
697 4835 920 4896 abbatis
971 4837 1030 4899 S.
1090 4839 1354 4900 Silvestri
1403 4841 1474 4900 de
1530 4843 1723 4902 Monte
1784 4846 2027 4905 Subasio

300 4921 714 5011 jurisdictione
749 4925 1002 5001 ﬂorebat)
1043 4929 1480 4993 reformandum
1526 4940 1661 4992 sunt
1705 4935 2025 5011 destinatae,

298 5010 703 5072 utJacobillus
726 5018 993 5076 ostendit.

372 5099 476 5158 IV.
515 5101 711 5162 Tertio
749 5104 977 5178 lapsum
1023 5107 1292 5169 similiter
1331 5110 1723 5174 Laderchium
1778 5116 2023 5191 Sejanus

297 5193 579 5258 ostendit,
611 5194 763 5254 circa
805 5197 875 5256 D.
917 5199 1072 5258 Petri
1121 5199 1415 5262 C(eleslini
1461 5205 1830 5281 institutum;
1865 5210 2023 5269 hunc

300 5282 484 5351 enim,
514 5283 760 5357 ejusque
809 5293 1114 5348 sectatores
1159 5291 1272 5350 sub
1320 5292 1474 5352 Petri
1521 5295 1788 5354 Damiani
1823 5298 2021 5371 regula

296 5369 647 5431 nullatenus
668 5375 966 5445 militasse,
996 5380 1267 5454 quamvis
1291 5383 1504 5458 vulgus
1525 5383 1864 5445 Coelestinos
1884 5369 2019 5446 cum

290 5461 650 5523 Avellanitis
700 5466 1014 5542 aliquando
1048 5471 1392 5531 confuderit.
1435 5472 1874 5536 Observandum
1913 5493 2017 5536 au-

289 5556 436 5624 tem,
477 5560 691 5627 praeter
729 5558 1090 5618 confusionis
1133 5561 1314 5634 hujus
1363 5563 1646 5622 rationem
1701 5581 1777 5624 ex
1833 5567 2016 5642 Pape-

291 5638 540 5730 brochio
587 5657 621 5699 a
671 5643 878 5718 Sejano
906 5647 1162 5720 allatam,
1190 5651 1444 5725 potuisse
1472 5655 1772 5728 mquivoce
1817 5638 2015 5730 appel-

292 5727 537 5790 lationis
579 5733 866 5809 originem
915 5753 987 5797 ex
1035 5754 1102 5799 eo
1148 5741 1398 5815 pendere
1443 5727 1597 5818 quod
1642 5727 2011 5818 Avellanitaa,

2116 4480 2267 4549 patet
2321 4489 2394 4532 ex
2447 4488 2643 4546 Opusc.
2703 4483 2789 4530 xu
2839 4475 2978 4530 tomi
3022 4470 3106 4529 ΙΙΙ
3143 4472 3214 4530 ad
3265 4473 3454 4547 ipsum
3490 4474 3832 4535 Albizonem

2117 4562 2510 4621 venerabilem
2559 4561 2880 4630 eremitam,
2928 4567 2983 4619 et
3041 4560 3276 4619 Petrum
3331 4564 3682 4622 monachum
3743 4566 3835 4624 di-

2120 4659 2293 4723 recto,
2333 4649 2435 4708 ubi
2487 4648 2656 4707 illum
2710 4649 3116 4708 «imitandum
3167 4651 3476 4710 eremiticze
3523 4668 3832 4712 conversa-

2118 4741 2293 4800 tionis
2327 4739 2689 4814 exemplum,
2724 4764 2750 4788 ››
2811 4739 2962 4799 sicut
3017 4740 3176 4798 hunc
3230 4745 3525 4800 «teretem
3584 4744 3828 4803 formam

2115 4832 2555 4902 caanobitarum,
2593 4853 2621 4885 »
2653 4832 2900 4905 appellat
2929 4832 3265 4892 Damianus.

2192 4926 2285 4985 VI.
2343 4927 2578 4999 Quinto,
2629 4926 2784 5001 quod
2829 4927 2908 4986 ait
2959 4927 3316 4988 Laderchius
3369 4929 3568 4988 eodem
3609 4946 3732 5008 cap.
3775 4933 3828 5003 5,

2111 5034 2275 5077 num.
2310 5019 2343 5076 6
2375 5023 2430 5076 et
2473 5018 2526 5090 7,
2563 5017 2622 5077 S.
2653 5017 2936 5077 Joannem
2968 5018 3348 5078 Gualbertum
3401 5035 3555 5097 anno
3604 5021 3738 5082 1003
3769 5023 3831 5083 in

2113 5109 2171 5168 S.
2228 5108 2484 5168 Miniatis
2516 5109 2778 5167 ccenobio
2824 5110 3171 5168 monachum
3208 5110 3489 5183 induisse,
3524 5111 3829 5188 eidemque

2111 5199 2485 5260 Theuzonem
2530 5200 2830 5257 eremitam
2884 5197 3185 5260 simoniaci
3237 5201 3460 5260 abbatis
3511 5202 3731 5276 Uberti,
3773 5211 3828 5262 et

2109 5290 2358 5365 episcopi
2423 5289 3244 5377 Athonis’proclamationem
3301 5291 3596 5366 publicam
3673 5309 3829 5352 anno

2113 5382 2248 5440 1007
2299 5381 2566 5451 suasisse,
2620 5382 2894 5454 quodque
2955 5382 3108 5442 Atho
3164 5385 3343 5460 hujus
3395 5384 3652 5444 nominis
3707 5386 3829 5460 pri-

2110 5487 2242 5531 mus
2289 5471 2684 5530 Hildebrando
2726 5471 3060 5534 Florentino
3099 5476 3364 5551 episcopo
3411 5475 3825 5536 antecesserit:

2108 5561 2165 5621 id
2221 5563 2392 5638 plane
2453 5563 2915 5622 commentitium
2957 5571 3062 5637 est,
3096 5581 3161 5624 ac
3223 5565 3386 5624 falsis
3436 5565 3831 5626 fundamentis

2109 5654 2338 5725 nititur,
2370 5659 2436 5712 ut
2466 5661 2616 5727 patet
2644 5671 2718 5714 ex
2742 5662 2936 5715 nostra
2963 5655 3192 5715 dissert.
3225 5669 3288 5726 ll,
3310 5673 3432 5730 cap.
3466 5657 3520 5728 4,
3543 5671 3576 5714 a
3603 5670 3767 5715 num.
3792 5655 3829 5713 4

2104 5753 2162 5803 et
2206 5744 2512 5818 deinceps,-
2543 5745 2862 5818 praesertim
2911 5761 3045 5805 cum
3095 5761 3207 5804 non
3258 5751 3389 5803 ante
3426 5759 3649 5804 annum
3691 5743 3834 5802 1020
