4100 6210
203 380 207 385 ’
269 382 341 453 83
1188 390 1247 451 S.
1290 390 1581 454 PETRUS
1621 388 2015 456 DAMIANUS
2059 395 2117 456 S.
2160 397 2231 458 R.
2274 398 2342 458 Ε.
2385 394 2865 464 CARDINALIS.
3710 406 3775 467 8’1

270 512 542 578 cellulam
571 524 741 578 suam
770 514 1124 576 eremiticam
1161 513 1460 589 ingressus
1500 514 1676 576 fuerit
1722 517 1973 591 Theuzo,
1997 518 2308 596 Ascopum
2355 521 2572 584 scilicet
2611 523 2993 600 Eugubinum
3041 536 3165 586 esse
3212 524 3573 601 defunctum,
3609 549 3636 578 »
3669 533 3775 589 etc.

271 610 341 667 ut
399 622 563 669 num.
601 604 688 682 13,
734 606 904 682 ibid.,
964 607 1379 683 probavimus;
1439 622 1547 667 nec
1601 606 1733 670 ideo
1786 615 1976 671 tamen

271 696 579 758 decernere
620 692 782 770 libet,
825 714 899 757 an
953 696 1251 758 Occasione
1294 697 1699 759 controversiae
1739 699 1981 760 Floren-

271 785 381 849 tini
426 786 567 850 cieri
616 788 763 848 circa
818 787 1052 849 Petrum
1100 786 1472 848 Ticinenscm
1516 790 1850 867 episcopilm
1899 789 1982 851 si-

269 875 625 953 moniacum,
681 872 832 938 Petri
881 877 1152 938 Damiani
1205 894 1339 940 cum
1380 878 1692 941 Theuzone
1744 881 1983 942 eremita

268 969 626 1044 colloquium
678 968 1023 1044 contigerit:
1064 985 1257 1046 neque
1311 982 1387 1029 an
1440 985 1575 1031 cum
1635 972 1692 1033 S.
1742 970 1983 1034 Joannis

268 1059 567 1122 Gualberti
648 1058 950 1123 monachis
1022 1077 1090 1122 ea
1153 1062 1471 1136 occasione,
1526 1070 1626 1125 aut
1675 1064 1818 1125 alias
1890 1066 1986 1124 de-

268 1158 573 1218 certaverit
616 1155 957 1230 Damianiis,
1016 1150 1224 1217 illosve
1276 1158 1378 1218 lib.
1439 1172 1542 1219 VIII
1597 1174 1686 1235 ep.
1748 1154 1807 1221 11
1867 1172 1985 1220 car-

265 1251 463 1325 pserit,
511 1250 797 1310 curiosius
850 1246 1173 1323 disquirere
1213 1249 1401 1325 juvat.
1458 1250 1754 1326 Quidquid
1801 1266 1866 1311 ea
1912 1252 1984 1312 de

260 1358 326 1401 re
374 1341 448 1401 sit
501 1340 891 1412 sentiendum,
938 1338 1041 1401 alii
1093 1339 1394 1412 indicent;
1435 1357 1543 1401 nos
1594 1340 1829 1403 interim
1875 1343 1983 1403 Pe-

264 1438 420 1492 trum
454 1430 809 1491 Damianum
837 1448 870 1490 a
899 1428 1099 1491 Didaci
1132 1428 1386 1490 Franchi
1427 1432 1743 1492 calumniis
1780 1426 1895 1506 hic,
1929 1442 1983 1495 et

262 1518 405 1579 alibi
435 1516 801 1581 vindicatum
830 1520 1033 1592 fuisse,
1069 1519 1391 1580 Ladcrchio
1421 1520 1811 1595 gratulamur.

334 1606 464 1669 VII.
507 1607 683 1670 Sexto
734 1608 1071 1684 diligentius
1118 1609 1370 1685 expendi
1413 1616 1687 1684 meretur,
1723 1628 1800 1671 an
1850 1627 1985 1672 vere

2074 608 2347 684 Superest
2394 626 2549 686 ergo,
2602 618 2669 674 ut
2721 613 3013 674 Dominici
3076 614 3327 674 Loricati
3381 614 3574 675 obitus
3622 628 3778 677 anno

2074 700 2212 761 1066
2259 704 2517 779 adeoque
2568 705 2627 765 S.
2682 706 2978 783 Bodulphi
3036 722 3192 767 mors
3245 721 3400 765 anno
3466 704 3602 767 1067
3652 722 3781 768 eve-

2070 792 2226 851 nisse
2283 793 2539 869 dicatur;
2594 798 2751 858 unde
2802 798 3075 858 machina
3123 797 3248 872 illa,
3305 810 3481 871 quam
3533 797 3635 857 lib.
3693 804 3778 874 III,

2069 888 2193 955 Cap.
2231 885 2283 955 5,
2318 896 2482 944 num.
2519 884 2605 959 12,
2646 888 3002 949 Laderchius
3029 888 3270 963 probare
3304 887 3531 961 nititur,
3561 888 3780 964 episto~

2072 972 2189 1032 lam
2236 974 2503 1035 Damiani
2558 979 2630 1037 ad
2707 979 3075 1040 Theuzonem
3127 977 3396 1052 scriptam
3471 992 3597 1036 esse
3649 983 3781 1038 ante

2070 1070 2518 1129 controversiam
2565 1069 2636 1131 de
2681 1071 2929 1134 simonia
2983 1072 3137 1134 Petri
3189 1072 3489 1149 Papiensis
3538 1073 3778 1133 Floren-

2070 1159 2179 1218 tini
2234 1156 2484 1236 epistcopi
2539 1166 2819 1237 exortam,
2873 1162 3011 1238 quia
3070 1158 3217 1222 inibi
3268 1160 3558 1222 Dominici
3611 1162 3781 1223 Lori-

2072 1249 2202 1322 cati,
2263 1250 2423 1310 velut
2475 1252 2798 1326 superstitis
2852 1252 3070 1313 mentio
3148 1254 3428 1325 occurrat,
3482 1253 3785 1313 concidere

2073 1336 2318 1399 videtnr.

2142 1429 2243 1488 IX.
2299 1424 2428 1490 Scio
2464 1431 2735 1506 positioni
2770 1430 2909 1492 huic
2952 1432 3177 1493 obstare
3222 1449 3406 1508 posse,
3457 1430 3612 1509 quod
3667 1428 3784 1493 Bo-

2071 1516 2349 1592 dulphus,
2400 1516 2603 1579 eodem
2650 1520 2931 1582 Damiano
2974 1527 3133 1594 teste,
3170 1544 3196 1573 «
3230 1527 3361 1581 ante
3409 1522 3527 1581 fere
3564 1525 3785 1597 septen-

2069 1607 2237 1667 nium
2292 1607 2590 1685 (adeoque,
2639 1610 2702 1670 in
2756 1611 2864 1671 hac
2907 1611 3232 1689 hypothesi,
3284 1629 3439 1673 anno
3497 1611 3657 1684 1060)
3711 1613 3783 1671 ad

136 3104 143 3111 .
258 3048 415 3111 diem
463 3052 569 3113 vix
615 3050 784 3113 desiit
831 3053 926 3114 vel
969 3050 1342 3115 modulandis
1392 3054 1632 3131 psalmis
1688 3055 1973 3130 insistere,

2069 1702 2331 1755 eremum
2386 1696 2651 1772 veniens,
2706 1699 2971 1761 habitum
3024 1701 3357 1762 1110110811οω
3410 1700 3786 1776 professionis

2069 1789 2378 1860 acceperat.
2406 1805 2435 1840 »
2471 1788 2617 1848 Cum
2642 1794 2832 1849 tamen
2863 1786 3142 1866 Ughellus
3173 1790 3237 1850 in
3272 1790 3553 1866 episc0pis
3584 1787 3781 1866 Euga-

262 1716 417 1759 anno
446 1699 577 1760 1061
616 1700 676 1761 S.
724 1700 1064 1762 Dominicus
1106 1699 1406 1762 Loricatus
1450 1698 1663 1762 obiisse
1700 1701 1983 1763 dicendus

260 1789 356 1862 sit,
401 1794 466 1852 ut
510 1784 611 1851 lib.
639 1794 702 1864 iI,
728 1807 851 1866 cap.
880 1792 967 1866 24,
1010 1804 1045 1850 a
1082 1804 1249 1852 num.
1289 1792 1344 1865 2,
1386 1796 1442 1852 et
1488 1786 1590 1852 lib.
1620 1800 1705 1867 Ill,
1752 1806 1876 1869 cap.
1930 1794 1980 1868 1,

260 1896 428 1941 num.
469 1881 554 1954 12,
595 1876 951 1943 Laderchius
998 1898 1132 1943 cum
1178 1882 1426 1943 Baronio
1481 1883 1745 1945 asseruit.
1804 1884 1898 1943 En:

2142 1877 2222 1936 nis
2272 1882 2525 1951 testetur,
2568 1878 2946 1954 Roduiphum
3000 1897 3157 1941 anno
3208 1880 3345 1941 1059
3397 1879 3619 1956 synodo
3664 1880 3782 1940 Ilo-

259 1988 399 2033 vero
443 1989 581 2034 cum
629 1980 825 2034 narret
855 1975 1059 2036 Petrus
1089 1968 1407 2035 Damianus
1436 1974 1540 2035 lib.
1586 1989 1628 2050 I,
1660 1977 1825 2053 epist.
1884 1977 1971 2051 19,
2064 1978 2257 2036 mante
2291 1970 2475 2030 Nicol.
2507 1971 2563 2030 ΙΙ
2605 1988 2768 2047 papa)
2805 1972 3201 2048 subscriptum
3234 1973 3497 2047 reperiri,
3529 1979 3585 2032 et
3625 1989 3781 2034 anno

258 2065 636 2127 Dominicum
665 2064 855 2143 pridie
893 2067 1036 2128 Idus
1061 2066 1319 2129 Octobris
1344 2068 1517 2128 morti
1544 2069 1803 2142 cessisse,
1835 2066 1885 2128 si
1912 2068 1972 2128 id
2069 2059 2206 2121 1062
2244 2060 2307 2119 in
2350 2060 2512 2121 bulla
2566 2062 2890 2123 Alexandri
2931 2064 2987 2123 II
3032 2081 3137 2139 pro
3182 2063 3436 2125 Ecclesia
3482 2062 3780 2126 Forosem-

256 2167 413 2213 anno
452 2150 583 2214 1061
621 2155 975 2230 contigisset,
1000 2173 1119 2232 quo
1146 2156 1344 2231 cyclus
1387 2154 1525 2217 solis
1555 2161 1676 2216 erat
1711 2156 1767 2230 6,
1799 2156 1974 2217 adeo-
2064 2150 2381 2225 proniensi,
2423 2152 2781 2212 mentionem
2827 2168 3127 2214 occurrere
3175 2154 3441 2229 Hugonis
3483 2153 3782 2230 Eugubini

256 2258 370 2318 que
424 2243 612 2303 littera
666 2242 1043 2306 Dominicalis
1096 2247 1160 2307 in
1240 2254 1434 2308 vetere
1490 2247 1817 2309 calendario
1882 2248 1974 2307 illi
2066 2240 2336 2317 episcopi,
2368 2256 2544 2316 quem
2582 2254 2701 2300 non
2733 2241 3083 2315 immediate,
3114 2243 3212 2301 sed
3244 2249 3371 2316 post
3396 2243 3781 2320 Maynardum

258 2335 613 2408 respondens
650 2342 772 2395 erat
804 2332 872 2396 G.
910 2336 1114 2410 utique
1159 2336 1253 2396 die
1302 2338 1606 2397 Dominico
1646 2341 1711 2396 in
1759 2339 1974 2398 cmlum
2065 2344 2216 2390 anno
2304 2327 2435 2389 1061
2505 2334 2594 2400 (ut
2668 2328 2779 2405 iPSi
2831 2332 3087 2401 Videtur)
3144 2332 3413 2408 electum,
3474 2330 3782 2408 BOdUlPhO

256 2423 576 2499 migrasset,
630 2423 819 2484 littera
878 2424 1037 2485 enim
1080 2427 1209 2485 haec
1254 2427 1487 2501 ipsimet
1532 2427 1648 2487 diei
1691 2428 1772 2485 14.
1806 2427 1972 2487 octo-
2066 2416 2410 2478 successisse
2432 2419 2766 2480 arbitratur.
2800 2423 2877 2481 At
2906 2421 3087 2482 nimis
3116 2423 3357 2484 evidens
3386 2431 3488 2499 est,
3523 2424 3784 2485 Alexan-

254 2510 378 2571 bris
411 2508 670 2588 apposita
716 2512 1203 2588 deprehenditur;
1255 2519 1311 2574 et
1364 2531 1555 2575 nonus
1600 2515 1976 2590 depositionis
2066 2506 2157 2566 dri
2202 2506 2257 2565 ΙΙ
2291 2513 2569 2584 tempore.
2615 2511 2873 2587 adeoque
2923 2517 3050 2586 post
3096 2527 3319 2573 almum
3361 2515 3515 2588 1061,
3560 2513 3779 2575 11011111-

257 2600 399 2674 dies,
431 2618 643 2679 nempe
673 2602 745 2664 22
782 2603 1043 2679 ejusdem
1074 2598 1311 2676 mensis,
1344 2604 1469 2664 dies
1510 2607 1669 2667 luna:
1695 2623 1797 2668 seu
1832 2607 1898 2666 fe]

2149 2612 2250 2656 um
2287 2613 2363 2656 ex
2406 2598 2514 2658 hac
2551 2598 2682 2660 luce
2719 2600 3025 2675 migrasse;
3067 2602 3209 2676 quid
3252 2602 3302 2661 si
3352 2604 3530 2679 igitur
3575 2606 3779 2679 depra-

253 2693 507 2754 secunda
546 2688 771 2768 fuisset,
802 2710 937 2769 qua)
964 2684 1153 2754 littera
1184 2692 1235 2753 A
1267 2693 1647 2771 consignatur
1678 2722 1689 2756 :
1721 2714 1898 2773 quoru

2144 2692 2259 2746 tam
2292 2702 2418 2748 esse
2445 2689 2555 2748 hoc
2586 2684 2711 2749 loco
2757 2689 2944 2750 dicam
2973 2690 3426 2764 Eugubinorum
3461 2694 3779 2768 prmsulum

256 2789 578 2859 utrumque
611 2783 824 2843 falsum
856 2791 977 2857 est;
1010 2776 1388 2845 Dominicum
1423 2784 1582 2844 enim
1609 2778 1704 2845 die
1741 2782 1977 2846 Sabbati
2068 2779 2273 2837 Heriem
2299 2779 2452 2853 apud
2483 2779 2815 2852 Ughellum,
2850 2797 2968 2840 non
2996 2781 3194 2841 minus
3218 2798 3393 2857 quam
3423 2784 3598 2858 paulo
3623 2790 3777 2860 ante,

258 2871 332 2931 ab
360 2868 638 2933 humanis
670 2873 987 2935 excessisse
1034 2878 1276 2934 testatur
1322 2880 1559 2934 sanctus
1616 2874 1812 2934 doctor
1865 2874 1972 2936 loc.
2066 2866 2170 2927 Ubi
2220 2866 2601 2944 Ludulpllum
2662 2869 2909 2930 eleculm
2970 2886 3125 2931 anno
3197 2871 3334 2931 1012
3391 2884 3779 2932 successorem

256 2961 379 3035 cit.,
420 2963 515 3023 1118
542 2962 777 3025 verbis:
829 2989 854 3016 α
885 2963 1063 3026 Sexta
1101 2958 1282 3039 igitur
1311 2956 1455 3026 feria
1484 2964 1587 3041 per
1628 2965 1898 3026 continue

2142 2957 2367 3032 signat?
2406 2958 2601 3030 Porro,
2632 2974 2766 3019 cum
2796 2975 2985 3035 neque
3029 2962 3186 3036 apud
3214 2960 3556 3033 Baronium,
3588 2974 3781 3037 neque

2066 3049 2221 3125 apud
2252 3049 2569 3111 Labbceum
2590 3058 2849 3111 occurrat
2867 3050 3165 3128 Rodulphi
3186 3052 3478 3127 Eugubini
3500 3050 3778 3128 episcopi,

258 3138 353 3203 vel
404 3142 785 3219 corrigiarum
851 3160 913 3203 se
976 3140 1194 3203 ictibus
1239 3136 1550 3219 ﬂagellare.
1613 3140 1791 3205 Nocte
1838 3156 1976 3205 vero
2067 3142 2346 3215 tanquam
2395 3148 2551 3198 anno
2604 3138 2762 3212 1059,
2803 3138 3082 3199 Romanis
3136 3140 3357 3216 synodo
3409 3138 3783 3201 subscriben-

262 3246 487 3335 sopore.
511 3232 825 3342 deposito:
849 3235 1101 3309 suscepit
1143 3232 1489 3342 antidotum,
1540 3233 1751 3334 deinde
1804 3234 1977 3310 coepit
1999 3268 2044 3342 Ο
2070 3228 2165 3342 iis,
2213 3229 2495 3342 memoria
2528 3248 2541 3287 :
2574 3229 2673 3287 sed
2712 3240 2901 3342 neque
2943 3230 3099 3342 apud
3146 3229 3484 3342 0ςί101111111²
3510 3227 3782 3342 in'bjulla

258 3320 602 3398 angustiari,
657 3329 714 3383 et
793 3323 863 3383 de
944 3320 1225 3384 stomachi
1290 3316 1485 3384 dolore
1532 3322 1785 3398 graviter
1833 3336 1973 3383 con-
1999 3312 2390 3379 “Alexandri
2419 3316 2494 3390 II,
2526 3330 2702 3395 quam
2730 3319 3007 3381 insertam
3031 3321 3204 3382 alteri
3242 3320 3490 3382 Honorii
3520 3319 3605 3380 IIl
3635 3320 3783 3381 datae

262 3396 450 3489 queri.
488 3396 621 3475 Post
654 3404 966 3475 decursum
1005 3413 1201 3489 itaque
1234 3396 1815 3489 nocturnaevsynaxis
1846 3412 1976 3472 oiii-
2070 3396 2135 3467 14
2162 3406 2289 3466 Kal.
2322 3406 2486 3467 Junii
2512 3416 2667 3468 anno
2702 3410 2839 3470 1224
2879 3413 3052 3472 refert
3082 3412 3179 3473 hic
3206 3418 3404 3473 auctor
3446 3416 3586 3473 tom.
3617 3410 3672 3471 II
3701 3410 3782 3471 De

259 3504 439 3577 cium,
477 3511 603 3579 post
640 3503 957 3564 matutinos
986 3503 1261 3579 hymnos,
1292 3515 1428 3565 cum
1464 3504 1653 3580 prima
1677 3504 1800 3578 jam
1830 3503 1975 3562 hora
2066 3496 2331 3573 Episcop.
2374 3496 2736 3576 Foroscmpr.
2772 3518 3082 3577 expressus
3110 3500 3394 3564 habeatur
3421 3520 3615 3563 annus
3645 3500 3784 3565 1062

261 3594 375 3655 sibi
417 3611 452 3654 a
507 3593 784 3655 fratribus
845 3593 952 3671 qui
1015 3596 1253 3655 aderant
1305 3601 1649 3669 cantaretur,
1708 3598 1975 3653 sanctum
2065 3587 2161 3647 Vel
2207 3587 2395 3659 illius;
2438 3589 2558 3650 imo
2612 3592 2738 3651 Ιηθῦ
2787 3597 2923 3651 nota
2977 3593 3261 3653 duntaxat
3316 3592 3398 3653 ibi
3452 3594 3778 3655 habeatur:

262 3685 382 3745 Deo
416 3685 691 3762 spiritum
730 3684 999 3746 reddidit.
1040 3706 1069 3740 »
1121 3685 1193 3745 Et
1239 3682 1395 3746 diem
1433 3684 1811 3762 depositionis
1866 3698 1973 3742 no-

262 3788 431 3845 num,
460 3766 834 3835 Dominicum
868 3774 1048 3835 fuisse
1078 3777 1363 3835 testatur:
1413 3795 1439 3823 ιι
1478 3772 1599 3833 Hos
1633 3777 1851 3845 autem,
1879 3772 1976 3830 in-
2070 3766 2157 3843 13,
2195 3790 2218 3823 ι
2283 3778 2416 3846 qius
2460 3768 2701 3831 indictio
2771 3789 2876 3832 nec
2928 3790 3082 3833 anno
3139 3774 3412 3849 praedicto
3478 3772 3617 3835 1062
3675 3790 3783 3833 nec

264 3863 414 3937 quit,
441 3862 567 3939 ipso
597 3858 691 3922 die
713 3854 1036 3938 Dominico,
1058 3880 1176 3941 quo
1203 3863 1727 3937 eremumingressi
1746 3870 1975 3933 sumus,
2067 3858 2178 3918 ulli
2231 3874 2385 3920 anno
2456 3863 2823 3937 pontiﬁcatus
2899 3860 3220 3924 Alexandri
3305 3865 3362 3924 II
3439 3864 3782 3940 respondere

263 3956 531 4013 sanctum
578 3968 787 4053 corpus
833 3951 994 4053 inde.
1020 3952 1317 4053 sublatum
1374 3948 1722 4053 reverenter,
1771 3954 1838 4011 ut
1886 3950 1976 4008 di-
2069 3952 2271 4053 potest,
2325 3952 2420 4011 sed
2474 3953 2648 4053 annis
2703 3958 2928 4053 tantum
2955 3952 3114 4053 .1060
3158 3959 3227 4053 ‘et
3287 3954 3422 4053 107.6
3494 3955 3779 4030 congruit,
3850 3950 3875 3967 "

264 4058 454 4117 gnum
502 4047 642 4116 erat,
674 4032 738 4101 in
784 4040 1035 4118 capitulo
1081 4032 1476 4118 sepelivimus,
1543 4044 1755 4101 etcum
1784 4052 1979 4101 nonus
2067 4038 2219 4099 inter
2272 4048 2418 4116 quos
2474 4040 2655 4113 hujus
2711 4042 3001 4118 pontificis
3082 4043 3244 4103 sedes
3296 4042 3483 4116 cadit;
3543 4056 3784 4103 consen-

263 4140 415 4195 esset
461 4128 841 4211 depositionis
887 4134 1014 4210 ejus
1066 4135 1210 4209 dies,
1241 4134 1583 4211 praedictum
1641 4148 1850 4208 corpus
1885 4148 1979 4193 sa-
2070 4137 2307 4191 taneum
2353 4134 2606 4207 profecto
2662 4151 2779 4195 non
2816 4135 3071 4210 videtur,
3134 4143 3201 4197 ut
3261 4138 3334 4197 ob
3390 4138 3608 4197 incerta
3657 4137 3786 4195 hwc

264 4241 432 4299 num,
462 4225 869 4303 illibatumque
896 4218 1237 4301 reperimus.
1267 4249 1294 4275 ι»
2070 4228 2444 4284 monumenta
2514 4225 2589 4286 ab
2674 4222 2913 4302 Ughello
2990 4226 3188 4302 relata,
3263 4228 3549 4288 ratiocinii
3605 4228 3786 4288 nostri

338 4316 494 4401 VIII.
530 4317 699 4401 Unde
744 4317 1046 4401 perspicue
1080 4324 1255 4395 patet,
1287 4305 1383 4378 vel
1425 4316 1499 4377 ad
1546 4332 1768 4379 annum
1817 4317 1977 4394 1060,
2070 4310 2338 4388 superius
2403 4312 2636 4377 adducti
2708 4317 3060 4378 evidentiam
3123 4316 3485 4394 abjiciamus,
3544 4324 3600 4378 et
3663 4317 3786 4377 vim

264 4407 359 4469 vel
391 4409 464 4469 ad
512 4400 670 4484 1066,
697 4400 989 4473 Dominici
1032 4406 1283 4472 Loricati
1341 4414 1588 4470 mortem
1644 4425 1767 4469 esse
1827 4410 1978 4469 reie-
2070 4402 2526 4467 dissimulemus.

264 4501 526 4569 rendam,
579 4506 645 4561 ut
695 4500 952 4561 invicem
999 4500 1095 4561 hae
1134 4498 1585 4561 circumstantiae
1627 4498 1978 4573 cohaereant,
2141 4496 2215 4559 X.
2246 4492 2485 4574 Verum,
2510 4499 2780 4561 admissis
2818 4500 3053 4575 Ughelli
3082 4499 3495 4574 monumentis,
3532 4498 3787 4576 apposite

263 4605 476 4666 nempe
509 4595 576 4651 ut
616 4590 740 4650 dies
790 4589 856 4649 14
886 4590 1146 4652 Octobris
1199 4586 1468 4662 Sabbato,
1501 4594 1559 4650 et
1604 4588 1729 4650 dies
1759 4588 1829 4647 22
1872 4589 1979 4649 Do-
2003 4586 2342 4666 “componi
2385 4588 2512 4649 haec
2551 4591 2941 4652 controversia
2982 4593 3219 4652 fortasse
3279 4592 3503 4665 poterit,
3563 4589 3613 4649 si
3664 4588 3786 4649 Hu-

266 4644 498 4744 ἷιὶίῖὧὲε
515 4644 1058 4743 “agisagis;
1066 4644 1181 4742 's'a
1199 4644 1387 4743 ὶᾞιῖεἶ
1397 4644 1575 4742 "ioco
1611 4644 1727 4742 ’13⁷
1742 4644 1980 4743 sane
2003 4644 2055 4712 Β
2074 4644 2342 4752 saga?
2353 4644 2529 4755 gica
2557 4644 2704 4758 ἐἶξέέ
2719 4644 3525 4759 ’Μᾷἷὲιξιτᾶἶὲιῖἷηηῖἷ1’όῶ
3564 4644 3785 4753 8ιῖέᾶ-

264 4774 599 4849 contingere
639 4788 759 4832 non
799 4772 1025 4847 potuit;
1070 4786 1209 4830 nam
1263 4770 1329 4830 B.
1372 4764 1672 4846 Hodulphi
1727 4768 1978 4846 episcopi
2067 4767 2223 4828 bina:
2260 4770 2563 4847 praefuisse
2603 4770 2877 4832 Ecclesito
2910 4772 3080 4847 juxta
3116 4771 3339 4833 bullam
3374 4769 3779 4832 Alexandri‘II

265 4860 567 4937 Eugubini
591 4877 769 4933 mors,
806 4876 942 4938 quae
974 4858 1273 4934 (Damiano
1312 4862 1471 4935 teste)
1514 4877 1671 4921 anno
1710 4861 1978 4937 sequenti
2067 4859 2139 4918 ab
2195 4859 2438 4935 Ughello
2496 4860 2829 4934 indicatam,
2861 4876 2964 4937 pro
3014 4872 3173 4923 nunc
3224 4862 3533 4923 concedere
3584 4868 3784 4935 possu-

2071 3696 2100 3732 ‹‹
2123 3676 2336 3738 Actum
2367 3683 2471 3752 est,
2502 3681 2613 3740 hoc
2642 3697 2842 3741 mense
2870 3680 3030 3757 Maii,
3067 3680 3161 3742 die
3187 3698 3323 3743 vero
3357 3683 3441 3758 10,
3467 3682 3783 3743 indictione
3870 3686 3877 3693 ’

262 4952 391 5028 post
413 4953 637 5016 obitum
674 4946 971 5014 Dominici
1000 4950 1253 5013 Loricati
1281 4951 1522 5027 contigit
1549 4950 1643 5013 die
1672 4950 1741 5011 26
1791 4950 1975 5027 Junii,

262 5043 327 5102 in
379 5058 602 5103 annum
666 5042 797 5104 1061
859 5042 1176 5116 incidisset,
1234 5058 1349 5119 quo
1400 5046 1656 5117 tempore
1711 5043 1972 5103 nondum

261 5133 538 5198 Nicolaus
589 5135 644 5195 II
694 5142 855 5213 poni.
909 5153 1071 5197 max.
1132 5153 1164 5196 e
1212 5132 1368 5197 vivis
1415 5141 1759 5207 excesserat,
1805 5134 1976 5209 cujus

262 5242 419 5287 mors
448 5226 546 5286 die
573 5225 606 5285 3
633 5226 779 5288 Julii
805 5226 1065 5303 contigit,
1089 5234 1145 5288 et
1184 5243 1384 5287 mense
1423 5225 1693 5287 Octobris‘
1714 5225 1973 5286 Alexan-

260 5316 362 5378 der
420 5316 478 5377 II
532 5322 619 5377 est
667 5314 732 5374 in
798 5316 1130 5379 Romanum
1188 5316 1519 5393 pontiﬁcem
1575 5318 1971 5387 consecratus;

261 5417 317 5469 et
353 5415 545 5470 tamen
576 5404 904 5470 Alexandri
933 5407 987 5467 II
1013 5407 1361 5482 jamdudum
1394 5408 1691 5485 regnantis
1720 5412 1975 5482 tempore

262 5499 642 5577 Roduipbum
670 5492 884 5559 obiisse
923 5503 1075 5574 patet
1103 5516 1178 5560 ex
1222 5500 1375 5560 dicta
1413 5499 1682 5559 Damiani
1716 5497 1970 5575 epistola,

2069 4960 2219 5022 mus,
2274 4948 2681 5012 immediatum
2733 4952 2913 5012 nostri
2968 4950 3265 5027 Bodulphi
3336 4957 3778 5023 antecessorem,

2067 5053 2187 5098 non
2241 5056 2379 5099 vero
2436 5043 2758 5102 secundum
2822 5057 3209 5103 successorem
3283 5040 3543 5115 ejusdem
3598 5040 3783 5099 fuisse

2067 5144 2438 5192 asseramus:
2484 5132 2627 5193 adeo
2676 5138 2742 5193 ut
2790 5140 2917 5208 post
2964 5148 3191 5195 annum
3245 5132 3382 5194 1062
3431 5130 3781 5206 Rodulphus

2067 5217 2163 5276 hic
2216 5218 2287 5278 ad
2348 5216 2720 5295 Eugubinam
2772 5222 3108 5283 cathedram
3194 5228 3495 5298 promotus
3577 5220 3777 5294 fuerit,

2065 5312 2205 5381 puta
2233 5324 2387 5369 anno
2421 5310 2555 5372 1063
2581 5311 2676 5373 vel
2711 5310 2868 5389 1064,
2901 5319 2956 5373 et
2998 5327 3187 5388 usque
3225 5313 3297 5372 ad
3344 5311 3590 5374 Junium
3638 5312 3782 5371 anni

2073 5397 2215 5465 1067
2235 5400 2643 5479 supervixerit,
2665 5402 2988 5477 Dominico,
3008 5407 3108 5462 aut
3127 5401 3242 5461 alio
3261 5402 3511 5476 praesule
3532 5401 3624 5461 illi
3649 5416 3781 5462 suc-

2068 5494 2341 5561 cedente;
2373 5502 2712 5569 quanquam
2750 5509 2855 5567 ego
2894 5492 3085 5566 potius
3139 5489 3505 5563 crediderim,
3553 5490 3781 5552 bullam

259 5591 325 5650 in
354 5607 471 5667 qua
506 5588 781 5650 eumdem
808 5589 1139 5666 pontificem
1184 5589 1267 5651 sic
1315 5588 1633 5665 alloquitur
1673 5609 1685 5649 :
1737 5582 1975 5647 «Vobis
2068 5582 2232 5644 illam
2285 5578 2603 5644 Alexandri
2644 5580 2701 5642 II
2750 5582 2822 5642 ad
2856 5594 3084 5641 annum
3131 5578 3270 5642 1070
3316 5583 3627 5657 pertinere,
3674 5582 3779 5657 qui

260 5681 455 5756 itaque
482 5696 670 5757 nuper
698 5696 983 5757 egressus,
1012 5696 1149 5742 cum
1186 5672 1538 5740 Florentinae
1568 5678 1731 5737 urbis
1760 5677 1975 5736 moenia
2071 5674 2385 5737 indictione
2404 5672 2438 5734 8
2466 5670 2953 5749 consignabatur:
2987 5670 3144 5732 unde
3166 5686 3204 5732 ν
3232 5672 3295 5731 111
3325 5682 3371 5732 x
3398 5676 3775 5744 commutato,

251 5770 429 5846 subii,
483 5770 729 5833 nuntius
774 5764 923 5832 mihi
966 5786 1105 5829 mox
1165 5768 1499 5841 repentinus
1546 5766 1814 5839 occurrit,
1846 5766 1969 5840 0111-
2068 5766 2305 5828 indictio
2338 5762 2401 5826 13
2431 5764 2503 5825 ab
2530 5760 2983 5827 amanuensibus
3012 5760 3212 5824 eii'ecta
3249 5761 3446 5837 fuerit,
3476 5760 3610 5839 quas
3650 5762 3773 5840 jam
