4106 6204
299 219 375 277 85

1200 214 1779 279 PROLEGOMENA.
1818 249 1887 264 —-
1926 218 2023 279 DE
2065 217 2470 279 INSTITUTO
2509 218 2942 281 CAMALDUL.

3756 221 3830 283 86

298 348 458 424 apud
509 346 825 422 Ughellum
865 347 933 407 in
971 347 1083 407 hoc
1117 346 1430 423 diplomate
1473 348 1723 424 legitur;
1763 348 1905 410 adeo
1952 348 2356 415 utAoﬁicium
2392 350 2549 427 apud
2578 350 2921 413 Avellanam
2952 351 3310 413 ministrasse
3335 349 3825 412 demonstratam

296 438 493 512 Hugo,
546 439 673 509 post
717 434 1126 509 Maynardum,
1170 435 1481 511 Bodulpho
1518 437 1640 511 jam
1680 452 1834 498 anno
1884 438 2021 500 1067

298 535 557 601 mortuo,
605 528 914 587 succedere
954 528 1011 586 in
1062 528 1378 603 Eugubino
1426 530 1753 605 episcopatu
1806 534 2021 605 optime

298 618 573 695 potuerit.
599 617 763 689 Quod
791 622 986 679 autem
1014 633 1171 678 anno
1202 619 1340 679 1059
1370 618 1713 696 Bodulphus
1743 621 2021 682 Romana:

298 708 529 784 synodo
574 706 936 782 subscriptus
984 707 1230 783 legatur,
1262 708 1547 784 siquidem
1587 710 1646 769 id
1683 727 1888 772 verum
1925 712 2019 784 sit,

298 800 375 859 de
415 798 533 858 alio
573 799 991 872 praedecessore
1038 798 1345 873 Bodulpho
1381 803 1504 871 (aut
1540 801 1880 876 Reginaldo,
1923 807 2023 861 aut

299 888 617 963 Raynerio,
643 887 836 949 aliove
872 888 1053 949 simili
1104 889 1341 949 nomine
1373 906 1475 964 per
1511 891 1762 951 litteram
1788 893 1841 953 Β
1871 892 2021 952 inci-

297 980 519 1055 piente,
548 984 882 1056 nuncupato
921 979 1226 1055 episcopo;
1259 980 1546 1055 ejusmodi
1585 983 1742 1042 enim
1769 983 2023 1043 subscri-

297 1069 442 1144 ptio,
476 1074 543 1128 ut
582 1066 711 1128 ﬁeri
752 1068 919 1143 solet,
956 1068 1037 1127 ita
1087 1069 1327 1129 fortasse
1374 1086 1646 1145 expressa
1695 1073 1804 1132 fuit
1851 1097 1863 1132 :
1909 1078 2023 1144 Ego

296 1164 363 1219 Β.
398 1160 727 1230 Ευρυὸὺιυε
763 1162 1065 1233 episcOpus,
1103 1163 1277 1235 atque
1322 1161 1602 1234 Rodulphz‘
1640 1161 1893 1221 nominis
1928 1162 2023 1221 in-

293 1247 696 1322 terpretationi
731 1262 934 1307 ansam
986 1247 1244 1323 prmbere
1288 1249 1508 1322 debuit,
1550 1257 1616 1309 ut
1653 1267 1729 1310 ex
1770 1248 2024 1311 subscri-

290 1337 496 1412 ptione
536 1340 626 1398 W.
656 1341 955 1398 Humanat.
994 1341 1205 1411 Episc.,
1252 1339 1441 1399 eidem
1486 1340 1763 1401 Romanae
1802 1343 2025 1418 synodo

293 1427 441 1487 anni
470 1426 610 1487 1059
638 1428 806 1502 facta,
822 1429 1067 1504 ipsemet
1090 1429 1371 1504 Ughellus
1398 1436 1534 1491 tom.
1563 1430 1610 1505 Ι,
1628 1449 1755 1507 pag.
1784 1432 1910 1502 804,
1932 1434 2021 1492 in-

296 1521 643 1591 terpretatus
672 1524 794 1577 erat
831 1520 1162 1586 Witletmus,
1179 1524 1237 1578 et
1259 1536 1397 1582 mox
1423 1521 1485 1581 in
1510 1522 1839 1597 Appendice
1869 1524 2024 1599 ejus-

291 1606 429 1667 dem
474 1610 617 1670 tomi
651 1625 780 1686 pag.
812 1610 920 1671 419
956 1627 1031 1670 ex
1074 1610 1241 1673 Petro
1283 1613 1564 1673 Damiano
1613 1616 2024 1691 corrigendum

2111 441 2428 503 thenticum
2474 442 2878 502 transactionis
2918 441 3221 518 cujusdam
3264 438 3721 502 instrumentum
3760 438 3825 499 1n

2107 531 2369 591 archivio
2423 531 2710 592 Classensi
2764 532 2996 608 capsula
3050 533 3141 607 94,
3189 544 3354 592 num.
3396 531 3483 603 67,
3535 531 3689 607 quod
3743 528 3826 590 sic

2108 620 2322 681 habet:
2360 645 2381 675 α
2417 621 2485 682 In
2542 622 2778 681 nomine
2832 620 3064 682 Domini
3113 644 3125 681 :
3187 619 3574 696 Temporibus
3623 618 3824 680 domni

2108 711 2368 787 Gregorii
2400 713 2614 773 summi
2646 713 2954 788 pontiﬁcis,
2988 728 3143 772 anno
3170 712 3243 772 ab
3272 711 3671 772 incarnatione
3708 708 3824 772 Do-

2107 800 2255 861 mini
2286 802 2469 861 nostri
2497 800 2530 861 J
2533 816 2635 861 esu
2658 801 2870 861 Christi
2899 800 3213 863 millesimo
3237 802 3627 876 octuagesimo
3649 816 3825 878 quar-

2111 898 2185 964 to,
2216 895 2491 966 regnante
2535 889 2808 964 Henrico,
2846 889 2965 951 filio
3012 890 3309 967 quondam
3353 884 3593 950 Henrici
3637 890 3826 965 impe-

2109 981 2334 1052 ratoris,
2387 979 2701 1039 indictione
2751 979 2995 1053 septima
3058 979 3345 1055 Eugubio.
3404 978 3523 1054 Ego
3593 976 3658 1038 in
3720 977 3828 1039 Dei

2112 1072 2348 1131 nomine
2383 1070 2693 1139 Tebaldus,
2729 1070 2887 1130 ﬁlius
2920 1069 3217 1145 quondam
3247 1069 3464 1145 Pagani
3494 1069 3565 1129 de
3594 1067 3827 1128 Nartia-

2110 1165 2274 1237 nula,
2303 1162 2732 1233 refutationem,
2755 1167 2812 1220 et
2842 1159 3318 1233 transactionem,
3347 1163 3403 1216 et
3425 1156 3828 1217 definitionem

2109 1252 2254 1314 facio
2318 1252 2575 1312 ecclesiae
2633 1251 2691 1311 S.
2750 1248 2952 1309 Crucis
3003 1247 3204 1308 Fontis
3258 1246 3550 1322 Avellani,
3610 1253 3666 1305 et
3718 1245 3826 1305 tibi

2107 1343 2320 1404 Joanni
2358 1344 2447 1418 (de
2498 1343 2718 1415 Laudo)
2774 1339 2973 1417 priori,
3007 1340 3238 1415 tuisque
3286 1338 3711 1398 successoribus
3758 1336 3824 1396 in

2108 1440 2475 1510 perpetuum,
2510 1434 2569 1491 id
2618 1438 2703 1492 est
2744 1431 2815 1491 de
2848 1431 2971 1508 ipsa
3017 1428 3256 1490 ecclesia
3297 1425 3479 1487 sancti
3517 1426 3825 1503 Apollina-

2108 1526 2213 1600 ris,
2238 1526 2421 1602 posita
2472 1525 2535 1584 in
2585 1522 2946 1594 Nartianula,
2988 1545 3008 1575 ι
3067 1527 3172 1581 etc.
3221 1519 3498 1593 Idemque
3543 1523 3696 1594 patet
3749 1532 3826 1577 ex

2108 1615 2238 1675 aliis
2290 1616 2417 1691 ejus
2469 1615 2653 1674 aetatis
2742 1610 3158 1684 monumentis,
3213 1615 3383 1685 atque
3437 1623 3513 1667 ex
3566 1606 3825 1683 ejusdem

293 1713 420 1794 esse
461 1700 649 1767 Wido,
692 1699 1118 1775 animadvertit)
1166 1702 1418 1794 intelligi
1457 1703 1627 1794 facile
1657 1707 1865 1779 potuit.
1910 1706 2089 1794 NecB
2110 1708 2168 1769 S.
2198 1707 2439 1768 Joannis
2472 1705 3091 1794 Laudensisﬁistoria,
3116 1717 3193 1762 ex
3213 1700 3431 1794 quibus
3457 1698 3597 1759 item
3618 1699 3823 1794 liquet,

294 1789 545 1850 deerunt
585 1796 947 1866 argumenta,
993 1806 1130 1867 quae
1178 1792 1327 1851 hanc
1377 1793 1766 1867 conjecturam
1814 1796 2023 1856 conﬁr-

293 1886 478 1952 ment,
528 1880 722 1955 primo
777 1897 853 1941 ex
910 1881 1002 1940 his
1051 1896 1189 1957 quae
1248 1898 1442 1957 supra,
1499 1884 1569 1943 de
1618 1901 1773 1944 anno
1822 1886 2025 1947 mortis

295 1969 358 2030 S.
409 1970 729 2046 Bodulphi,
797 1971 1206 2046 expendimus,
1269 1974 1519 2034 secundo
1584 1991 1659 2034 ex
1727 1977 1895 2052 epist.
1966 1978 2020 2051 2,

293 2059 402 2119 lib.
444 2072 510 2121 IV
548 2059 704 2121 Petri
743 2061 1010 2120 Damiani
1051 2063 1125 2120 ad
1168 2067 1235 2122 R.
1276 2066 1605 2138 Episcopum
1646 2068 2018 2136 Eugubinum,

289 2163 478 2225 quem
509 2150 688 2211 alium
718 2152 900 2211 fuisse
926 2168 961 2210 a
987 2156 1184 2212 nostro
1219 2152 1528 2228 Rodulpho
1564 2162 1824 2215 constare
1861 2157 2021 2218 vide-

291 2247 429 2312 tur;
458 2240 599 2315 quia
623 2242 924 2316 episcopus
940 2240 1043 2301 ille
1072 2242 1191 2302 R...
1214 2259 1332 2302 non
1364 2243 1681 2306 admodum
1708 2246 1876 2305 Petro
1904 2246 2021 2305 Da-

290 2329 497 2388 miano
529 2329 813 2404 propitius
850 2330 1175 2403 videbatur,
1210 2333 1377 2407 cujus
1410 2333 1711 2393 ecclesiam
1752 2335 2020 2395 ecclesia-

289 2420 438 2479 stico
481 2418 791 2479 interdicto
832 2419 1189 2497 subjccerat;
1239 2423 1397 2483 unde
1446 2423 1617 2483 illum
1652 2424 1731 2484 ita
1776 2426 2019 2486 humilis

290 2510 677 2584 deprecatur:
714 2531 736 2562 α
773 2509 1159 2572 Obsecramus
1186 2513 1384 2587 igitur,
1416 2514 1812 2589 dilectissime,
1847 2516 2021 2576 inter-

2107 1814 2227 1857 non
2274 1798 2342 1857 36
2380 1813 2565 1857 annos
2606 1796 2779 1856 illum
2820 1797 2885 1855 in
2921 1793 3252 1871 episcopatu
3295 1790 3535 1863 vixisse,
3568 1789 3667 1850 sed
3704 1804 3825 1851 uno

2107 1887 2389 1947 duntaxat
2425 1903 2600 1959 anno,
2630 1893 2732 1947 aut
2762 1886 2964 1962 paucis
2993 1885 3234 1960 insuper
3280 1880 3605 1954 mensibus,
3633 1894 3825 1956 neque

2106 1993 2259 2036 anno
2318 1976 2472 2049 1116,
2528 1977 2628 2035 sed
2683 1976 2843 2049 1106,
2902 1975 3088 2035 Deum
3147 1971 3378 2046 adiisse,
3429 1976 3495 2033 ut
3541 1968 3825 2044 Ughellus

2104 2069 2281 2127 etiam
2311 2069 2637 2128 confirmat.

2176 2157 2306 2218 XII.
2340 2157 2518 2218 Porro
2551 2157 2824 2218 eumdem
2854 2158 3139 2219 Joannem
3178 2155 3571 2229 Laudensem,
3600 2150 3821 2214 nedum

2106 2249 2465 2309 Laderchius
2520 2250 2645 2324 ipse
2687 2249 2792 2308 lib.
2842 2262 2928 2319 III,
2980 2265 3103 2323 cap.
3148 2246 3241 2319 27,
3284 2263 3452 2308 num.
3500 2248 3553 2319 2,
3607 2246 3821 2306 fatetur

2104 2342 2271 2403 Petro
2302 2342 2575 2402 Damiani
2606 2341 2944 2403 immediate
2970 2342 3033 2401 in
3064 2340 3325 2417 prioratu
3352 2339 3656 2400 Avellanm
3686 2356 3819 2400 suc-

2102 2433 2360 2507 cessisse,
2392 2448 2597 2493 verum
2650 2432 2711 2493 id
2757 2431 2931 2491 habet
2987 2430 3163 2490 etiam
3213 2434 3414 2491 auctor
3441 2430 3593 2490 Vitae
3634 2430 3819 2504 ipsius

2102 2522 2366 2598 Joannis,
2400 2523 2567 2598 cujus
2608 2522 3000 2596 fragmentum
3044 2520 3219 2580 refert
3260 2518 3675 2582 Constantinus
3711 2519 3821 2580 Ca-

288 2601 515 2662 dictum
558 2607 770 2662 nostra:
807 2602 1081 2665 Ecclesiae
1116 2604 1371 2666 oﬂicium
1420 2607 1658 2680 reddite,
1692 2615 1749 2667 et
1777 2625 1897 2669 non
1926 2626 2019 2670 so-
2097 2613 2329 2688 jetanus
2358 2611 2527 2672 initio
2556 2611 2696 2672 tomi
2728 2611 2783 2672 II
2814 2627 3059 2686 operum
3089 2610 3157 2672 B.
3195 2608 3348 2671 Petri
3378 2607 3648 2670 Damiani
3686 2630 3699 2671 :
3733 2612 3818 2671 te-

289 2692 416 2782 lum
440 2691 624 2782 fillam
656 2695 1218 2782 possessiunculam,
1252 2713 1387 2774 qum
1428 2705 1635 2757 vestrm
1680 2699 1878 2774 procul
1908 2700 2016 2761 du-
2103 2712 2283 2766 statur
2342 2704 2503 2765 enim
2569 2706 2726 2780 quod
2801 2710 2927 2782 post
2990 2710 3236 2763 mortem
3306 2700 3489 2764 sancti
3544 2703 3815 2778 doctoris,

288 2780 389 2840 bio
430 2780 702 2841 dimcesis
753 2788 858 2856 est,
892 2784 988 2843 sed
1042 2790 1098 2843 et
1144 2783 1430 2861 quidquid
1480 2787 1784 2861 habemus,
1829 2795 2018 2849 vestra
2105 2820 2131 2848 ι
2165 2795 2391 2855 Fratres
2439 2794 2707 2869 inspirati
2755 2780 3081 2855 a'Domino
3124 2789 3501 2863 concorditer,
3555 2792 3612 2850 et
3664 2808 3815 2867 una-

287 2872 652 2946 anctoritate,
696 2873 1004 2950 defendite,
1068 2898 1090 2930 ι
1148 2883 1252 2937 etc.
1311 2879 1387 2937 At
1433 2885 1626 2939 noster
1672 2880 2016 2957 Rodulphus
2102 2887 2337 2947 nimiter
2375 2893 2644 2949 sanctum
2678 2888 2876 2947 virum
2912 2886 3199 2947 Joannem
3227 2883 3300 2944 de
3325 2882 3525 2944 Laudo
3557 2880 3620 2942 in
3655 2883 3813 2958 prio-

286 2959 532 3053 Petrum
564 2961 964 3053 Damianum,
1028 2970 1092 3026 ut
1150 2973 1372 3041 patrem
1429 2982 1605 3029 suum
1662 2970 1835 3029 etiam
1891 2974 2014 3043 post
2102 2994 2223 3038 rem
2279 2975 2639 3053 praecipuum
2688 2976 2987 3051 elegerunt
3042 2999 3056 3033 :
3113 2979 3180 3035 ut
3219 2973 3370 3033 sicut
3422 2977 3617 3034 sancto
3663 2974 3812 3050 patri

286 3051 678 3128 episcopalem
721 3054 1233 3130 consecrationem,
1278 3073 1505 3133 semper
1554 3059 1838 3134 suspexit,
1889 3061 2013 3134 ejus

286 3149 438 3203 nutu
498 3149 555 3202 et
603 3143 845 3204 consilio
894 3151 1101 3207 cuncta
1155 3147 1537 3221 decernebat;
1594 3153 1649 3207 et
1700 3148 1764 3207 in
1816 3165 2011 3210 eremo

283 3236 496 3311 magis,
524 3252 702 3310 quam
747 3238 809 3295 in
853 3238 1109 3298 ecclesia:
1159 3255 1284 3300 sua)
1323 3238 1535 3315 palatio
1566 3237 1791 3312 vivens,
1828 3264 1854 3294 α
1899 3240 2007 3300 Ec-

278 3323 518 3385 clesiam
589 3328 898 3400 deputabat
979 3330 1318 3403 hospitium,
1407 3328 1739 3390 solitudinis
1816 3336 2008 3392 autem

274 3414 555 3475 cellulam
606 3416 1007 3479 habitaculum
1057 3419 1419 3491 decernebat,
1464 3444 1492 3469 »
1540 3427 1605 3479 ut
1646 3426 1841 3480 narrat
1886 3422 2009 3497 ipse

279 3505 493 3565 Petrus
535 3506 828 3578 Damiani,
863 3509 969 3583 qui
1019 3513 1073 3567 et
1122 3508 1277 3569 infra
1323 3510 1527 3572 addit:
1568 3536 1590 3566 α
1626 3513 1717 3572 Me
1757 3515 1881 3573 vim
1921 3515 2009 3574 in-

276 3602 521 3670 gerente
576 3602 829 3672 coactus,
890 3599 1212 3668 ecclesiam,
1270 3618 1450 3676 quam
1506 3605 1802 3665 dimiserat
1853 3612 2005 3679 voto,

280 3688 574 3752 retinebat
599 3692 787 3753 oﬂicio
817 3713 829 3752 :
862 3693 926 3754 in
952 3708 1145 3755 eremo
1181 3701 1374 3755 tamen
1406 3698 1875 3772 perseverantius
1900 3700 2006 3759 ha-

280 3785 531 3844 bitabat.
576 3807 599 3836 »
633 3785 823 3856 Quare
866 3785 1275 3847 verosimiliter
1319 3786 1471 3847 Petri
1508 3787 1778 3847 Damiani
1823 3790 2005 3849 eccle-

282 3874 437 3933 siam
472 3874 779 3934 interdicto
830 3889 949 3933 non
996 3875 1355 3950 subjecisset,
1402 3881 1713 3952 antequam
1759 3876 1832 3937 ab
1879 3879 2006 3953 ipso

284 3964 576 4023 rationem
626 3962 993 4038 intelligeret,
1018 3979 1125 4024 cur
1174 3965 1339 4024 illam
1385 3979 1591 4040 passus
1636 3971 1785 4025 esset
1824 3969 1858 4024 a
1906 3966 2006 4026 Fo-

282 4052 782 4128 rosemproniensi
823 4052 1088 4128 episcopo
1131 4053 1473 4113 consecrari.
1504 4054 1675 4114 Alius
1713 4069 1848 4128 ergo
1882 4056 2005 4129 epi-

282 4158 496 4216 scopus
553 4142 672 4201 R...
725 4149 859 4201 ante
920 4147 1187 4202 nostrum
1243 4142 1625 4218 Rodulphum
1675 4142 2005 4217 Eugubinm

274 4232 518 4307 praefuit
574 4232 848 4307 ecclesiae,
879 4239 1051 4308 atque
1105 4233 1158 4292 is
1206 4233 1391 4307 potuit
1449 4233 1729 4293 Romana)
1781 4236 2004 4306 synodo

273 4322 388 4382 sub
417 4322 660 4381 Nicolao
694 4321 751 4381 II
776 4322 1159 4382 subscribere.

348 4413 451 4473 XI.
488 4412 748 4487 Septimo
819 4414 969 4473 circa
1032 4416 1312 4474 Joannem
1368 4414 1521 4473 Petri
1571 4414 1841 4474 Damiani
1911 4413 2002 4473 di-

268 4504 597 4579 scipulum,
653 4507 893 4581 ejusque
942 4506 1090 4565 Vita:
1143 4506 1500 4581 scriptorem,
1552 4521 1669 4566 non
1720 4505 1867 4566 levis
1920 4512 2005 4567 est

273 4596 589 4657 Laderchii
635 4598 1034 4673 hallucinatio,
1079 4600 1220 4660 dum
1270 4599 1445 4660 illum
1492 4616 1625 4661 cum
1674 4600 1734 4660 S.
1781 4599 2003 4658 Joanne

274 4688 582 4749 Laudensi
608 4688 921 4765 Eugubino
947 4690 1212 4766 episcopo
1236 4689 1337 4751 lib.
1368 4703 1450 4763 VI,
1479 4706 1599 4767 cap.
1631 4688 1720 4762 28,
1752 4690 2000 4749 confun-

275 4778 366 4837 dit
399 4803 413 4836 :
450 4776 721 4856 idemque
747 4779 1042 4839 asserendi
1073 4785 1195 4839 tum
1225 4777 1594 4840 Machiarello
1624 4784 1837 4851 nostro,
1876 4784 2001 4838 tum

278 4865 507 4929 auctori
564 4866 738 4928 Diarii
783 4864 1008 4942 Gallici,
1042 4869 1290 4944 praebuit
1331 4868 1689 4930 occasionem
1729 4888 1741 4929 :
1782 4882 1897 4942 qua
1936 4864 2002 4926 in

283 4973 368 5030 re,
423 4956 564 5016 licet
611 4961 810 5017 auctor
861 4955 1087 5032 Dialogi
1139 4958 1275 5017 satis
1327 4957 1669 5019 historicum
1735 4964 2002 5018 nostrum

280 5044 696 5119 confutaverit,
731 5046 1092 5121 argumentis
1147 5052 1339 5106 tamen
1396 5055 1479 5107 est
1534 5064 1697 5119 usus,
1746 5064 1878 5124 qua}
1930 5049 2003 5106 ad

279 5140 554 5196 hominem
607 5142 696 5210 (ut
749 5136 863 5198 dici
904 5138 1084 5213 solet),
1131 5152 1247 5197 non
1298 5139 1373 5195 ad
1423 5139 1718 5210 judicium,
1782 5139 2003 5197 intento

275 5228 579 5303 probando
608 5229 958 5288 conducunt.
991 5228 1304 5288 Enimvero
1326 5244 1439 5287 non
1474 5243 1629 5288 anno
1664 5226 1797 5287 1076
1825 5243 2001 5302 quem

276 5316 642 5378 Laderchius
682 5334 757 5377 ex
797 5317 1061 5378 Ferrario
1096 5317 1462 5391 determinat,
1491 5316 1591 5376 sed
1632 5316 1801 5391 longe
1850 5325 2000 5394 post,

272 5420 489 5481 nempe
515 5422 675 5466 anno
702 5408 861 5482 1105,
893 5413 959 5469 ut
987 5408 1160 5469 habet
1192 5407 1493 5484 Ughellus,
1525 5408 1812 5468 Joannem
1845 5408 2000 5468 Lau-

270 5497 522 5557 densem
570 5496 946 5574 Eugubinam
995 5500 1324 5561 cathedram
1367 5499 1692 5561 ascendisse
1736 5504 1998 5560 constat:

268 5589 367 5649 vel
398 5605 478 5650 ex
503 5605 597 5663 eo,
633 5592 787 5664 quod
813 5608 967 5653 anno
1002 5592 1138 5653 1084
1165 5592 1438 5653 eumdem
1479 5592 1765 5653 Joannem
1792 5591 2005 5665 prioris

2103 3066 2265 3127 Petro
2293 3066 2574 3127 Damiano
2610 3067 2673 3126 in
2716 3065 3033 3138 sanctitate,
3062 3070 3119 3123 et
3160 3063 3441 3139 sapientia
3490 3062 3813 3124 consimilis

2094 3161 2233 3230 erat,
2296 3156 2376 3215 ita
2433 3157 2487 3216 ei
2535 3155 2598 3215 in
2652 3155 2911 3231 prioratu
2971 3154 3318 3215 succederet.
3378 3178 3407 3205 »
3466 3152 3613 3213 Cum
3672 3169 3810 3215 vero

2093 3247 2347 3307 Joannes
2403 3246 2643 3322 scriptor
2694 3247 2843 3306 Vitas
2900 3245 3055 3307 Petri
3110 3244 3381 3306 Damiani
3448 3242 3693 3303 fateatur
3747 3259 3807 3303 se

2093 3339 2445 3398 monachum
2471 3354 2596 3398 esse
2622 3338 2734 3398 sub
2763 3337 3040 3414 Liprandi
3077 3336 3287 3413 prioris
3313 3335 3641 3396 obedientia
3666 3350 3806 3395 con-

2092 3426 2381 3499 stitutum,
2409 3427 2669 3503 ejusque,
2701 3433 2756 3485 et
2785 3427 3037 3487 aliorum
3074 3427 3372 3487 seniorum
3397 3425 3599 3486 Fontis
3626 3426 3804 3484 Avel-

2091 3514 2242 3574 lanaa
2288 3517 2479 3591 jussu,
2525 3516 2599 3575 ad
2651 3532 2780 3574 eam
2830 3516 3133 3575 historiam
3195 3514 3577 3590 colligendam
3626 3512 3806 3573 fuisse

2090 3605 2460 3680 compulsum
2511 3605 2606 3680 (ait
2652 3606 2811 3665 enim
2864 3606 2929 3664 in
2982 3604 3263 3681 prooemio
3309 3628 3323 3663 :
3366 3625 3396 3660 «
3433 3604 3659 3664 Domno
3712 3603 3805 3663 Li-

2089 3696 2308 3770 prando
2355 3694 2555 3770 priori,
2601 3700 2658 3753 et
2710 3694 2931 3754 caeteris
2986 3690 3313 3755 senioribus
3374 3693 3556 3753 eremi
3603 3694 3805 3752 Fontis

2088 3789 2409 3860 Avellanae,
2467 3789 2741 3848 Joannes.
2810 3789 2967 3863 Opus
3031 3785 3320 3860 mirabile,
3366 3786 3581 3857 Patres,
3645 3785 3800 3861 quod

2089 3877 2376 3939 sanctitati
2421 3882 2629 3937 vestrm
2670 3876 2886 3951 placuit
2921 3892 3069 3936 mem
3115 3876 3425 3950 injungere
3459 3874 3795 3949 parvitati...

2089 3971 2164 4028 At
2211 3969 2349 4043 quia
2395 3983 2515 4028 non
2567 3982 2862 4041 praesumo
2915 3972 3107 4026 vestro
3154 3965 3477 4041 quidquam
3516 3963 3799 4038 abnegare

2086 4060 2398 4134 imperio...
2442 4056 2595 4118 Petri
2632 4055 2902 4116 Damiani
2940 4055 3182 4128 meritis,
3218 4055 3292 4113 ad
3329 4054 3499 4128 cujus
3535 4069 3641 4113 vos
3674 4058 3799 4112 acta

2084 4149 2378 4208 exaranda
2416 4162 2605 4207 meam
2630 4145 3020 4205 obedientiam
3055 4143 3399 4219 provocatis,
3434 4146 3485 4216 ι)
3513 4149 3620 4205 etc.
3657 4144 3798 4203 Evi-

2086 4244 2228 4302 dens
2267 4242 2469 4317 utique
2511 4244 2789 4312 remanet,
2822 4237 3095 4299 eumdem
3123 4254 3245 4298 esse
3282 4252 3402 4297 non
3424 4251 3592 4312 posse
3618 4235 3797 4296 Joan-

2085 4346 2221 4392 nem
2259 4332 2418 4391 hunc
2454 4328 2604 4389 Vita:
2637 4328 2908 4388 Damiani
2962 4328 3296 4403 scriptorem
3326 4341 3464 4386 cum
3501 4325 3603 4385 illo
3640 4326 3797 4385 Lau—

2084 4421 2251 4481 densi
2279 4418 2593 4494 Eugubino
2619 4418 2906 4492 episcopo,
2932 4417 3035 4493 qui
3070 4423 3195 4491 post
3232 4416 3501 4476 Damiani
3540 4414 3800 4489 ejusdem

2092 4511 2339 4584 obitum,
2370 4508 2561 4569 statim
2611 4507 2914 4567 Avellanaa
2968 4506 3146 4581 prior,
3206 4512 3263 4565 et
3312 4520 3451 4564 mox
3500 4504 3801 4580 episcopus

2094 4600 2277 4661 factus
2319 4604 2426 4668 est,
2464 4612 2771 4673 nunquam
2813 4612 2950 4656 vero
2988 4596 3239 4670 simplex
3278 4594 3596 4656 monachus
3628 4593 3799 4665 vixit,

2091 4695 2158 4749 ut
2190 4688 2441 4749 aliorum
2468 4687 2771 4763 praeceptis
2802 4692 2950 4747 esset
2974 4684 3289 4746 obnoxius.

2161 4778 2321 4837 XIII.
2354 4777 2465 4838 Sed
2518 4782 2576 4835 et
2624 4775 2985 4836 luculentius
3038 4774 3197 4835 idem
3235 4775 3681 4845 demonstratur,
3721 4787 3797 4833 ex

2090 4884 2208 4945 quo
2266 4867 2397 4928 Vita
2453 4868 2580 4926 haec
2630 4865 2787 4926 Petri
2853 4865 3126 4927 Damiani
3179 4870 3308 4939 post
3355 4876 3583 4924 annum
3636 4863 3795 4934 1110,

2089 4961 2349 5036 adeoque
2383 4961 2554 5032 longe
2597 4962 2725 5033 post
2763 4964 3008 5019 mortem
3047 4956 3107 5018 S.
3156 4954 3402 5016 Joannis
3449 4954 3798 5030 Laudensis,

2089 5066 2226 5127 quae
2277 5049 2433 5121 1106,
2464 5054 2530 5108 ut
2578 5047 2863 5120 diximus,
2919 5046 3182 5120 contigit,
3229 5042 3550 5105 certissime
3591 5043 3801 5119 scripta

2092 5140 2268 5202 fuerit
2307 5158 2320 5197 :
2359 5143 2582 5199 tantum
2628 5137 2809 5210 abest,
2863 5142 2927 5198 ut
2968 5136 3199 5210 ipsimet
3238 5134 3453 5195 Joanni
3508 5134 3801 5196 Laudensi

2089 5228 2268 5291 tribui
2314 5229 2535 5288 debeat.
2567 5224 2879 5286 Enimvero
2916 5222 3196 5299 Liprandi
3224 5222 3436 5300 prioris
3485 5222 3712 5299 tempus
3740 5223 3798 5283 id

2088 5320 2240 5379 clare
2285 5318 2521 5390 evincit,
2564 5315 2719 5391 quod
2765 5315 2828 5374 in
2870 5315 3125 5391 catalogo
3168 5313 3432 5393 priorum
3480 5312 3796 5387 Avellanas,

2082 5410 2253 5485 juxta
2283 5405 2545 5485 ejusdem
2574 5405 2907 5466 monasterii
2956 5412 3336 5468 monumenta
3362 5405 3696 5483 composito,
3729 5402 3801 5465 ad

2087 5498 2429 5576 praedictum
2484 5510 2712 5557 annum
2770 5493 2911 5556 1110
2962 5496 3357 5573 consignatur.
3422 5496 3673 5559 Joannes
3728 5494 3803 5555 si-

2087 5588 2325 5664 quidem
2379 5585 2725 5659 Laudensis,
2758 5591 2820 5648 ut
2867 5587 3220 5662 notavimus,
3250 5582 3582 5647 immediate
3632 5578 3799 5645 Petro
