4106 6204
214 147 288 204 87

1135 143 1191 202 S.
1237 140 1527 204 PETRUS
1568 139 1961 201 DAMIANUS
2003 143 2060 203 S.
2104 144 2172 205 R.
2217 147 2282 206 E.
2326 149 2805 215 CARDINALIS.

3653 162 3722 218 88

219 271 501 332 Damiano
548 272 895 344 subrogatus
941 268 1194 344 legitur:
1227 267 1365 326 huic
1409 279 1546 355 vero
1589 278 1741 355 anno
1794 265 2416 355 1105A1'undamento,
2473 276 2751 338 adversus
2807 285 2922 339 tam
2978 278 3320 355 multiplicis
3364 279 3722 342 discriminis

217 361 292 420 ad
321 361 714 436 episcopatum
748 357 1125 434 Eugubinum
1157 362 1440 433 promoto,
1474 353 1680 412 Petrus
1708 352 1931 411 Arimi-

221 454 422 514 nensis
472 453 534 513 in
590 453 846 526 prioratu
898 449 1189 522 successit,
1250 455 1370 507 tum
1423 461 1578 505 anno
1653 445 1811 516 1110,
1842 443 1935 502 Li-

2016 369 2358 434 argumenta
2386 362 2649 440 allegato.

2088 449 2212 509 XV.
2262 453 2455 527 Atque
2496 455 2621 514 huic
2661 471 2692 515 e
2733 456 2934 516 multis
2977 461 3041 516 in
3091 457 3486 518 Laderchiana
3531 459 3726 520 Histo-

221 543 480 618 prandus
530 541 697 600 Petro
729 543 1008 601 suifectus
1047 546 1151 611 est,
1183 539 1352 614 cujus
1401 543 1552 594 nutu
1604 539 1934 608 susceptum
2020 541 2104 599 ria
2147 541 2450 602 adnotasse
2487 545 2754 619 sufﬁciat,
2784 547 2916 608 aliis
2953 548 3108 606 enim
3149 549 3326 618 curis,
3359 549 3432 608 ab
3462 549 3571 608 hoc
3603 556 3727 609 stu-

223 630 616 692 estaJoanne
660 627 1238 702 Damianidiscipulo
1281 625 1595 685 consilium
1624 623 1770 682 Vitae
1811 640 1938 682 san-
2019 627 2250 688 diorum
2303 647 2515 704 genere
2568 650 2660 693 me
2714 635 3003 709 potentius
3059 637 3451 710 avocantibus,
3530 639 3731 698 cedere

223 725 300 783 cti
348 722 597 782 doctoris
641 719 1086 789 conscribendze,
1145 717 1372 791 ipsique
1420 713 1714 788 Liprando
1756 713 1936 788 priori
2021 732 2208 790 cogor.
2246 717 2308 778 Si
2341 720 2662 784 desiderato
2703 739 2910 784 rursus
2945 725 3060 784 otio
3091 725 3210 784 frui
3248 725 3560 799 aliquando
3593 727 3730 786 lice-

225 811 594 882 dedicandaa;
649 825 781 868 cum
827 808 1005 883 igitur
1054 807 1113 867 S.
1143 807 1396 866 Joannes
1441 803 1761 863 Laudensis
1805 819 1940 877 qua-
2021 806 2123 878 hit,
2175 813 2349 882 atque
2402 809 2614 872 iterum
2689 811 3042 871 Laderchius
3094 812 3214 887 ipse
3272 813 3520 888 lapidem
3575 815 3736 876 hunc

226 902 494 982 driennio
527 904 660 958 ante
702 897 1066 956 mortalitatis
1109 894 1356 954 exuvias
1387 893 1766 966 deposuisset,
1799 907 1936 950 con-
2024 911 2254 955 versare
2283 899 2544 972 jusserit,
2573 901 2635 958 in
2669 901 2782 973 his,
2813 917 2946 976 quae
2988 916 3144 961 nunc
3185 904 3592 978 praetermissa,
3632 912 3737 964 aut

228 998 337 1052 stat
389 991 558 1063 longe
603 989 902 1048 diversum
951 1002 1074 1046 esse
1118 985 1399 1045 Joannem
1429 983 1578 1042 Vitae
1635 983 1788 1043 Petri
1830 983 1940 1041 Da-
2022 986 2279 1059 neglecta
2324 989 2503 1059 volui,
2535 992 2873 1066 supplendis
2910 1008 3141 1066 operam
3185 1008 3375 1052 meam
3419 994 3736 1056 desiderari

229 1081 414 1141 miani
469 1080 801 1154 scriptorem
853 1095 886 1135 a
943 1076 1000 1136 S.
1052 1076 1275 1136 Joanne
1329 1073 1624 1134 Laudensi
1679 1073 1941 1148 episcopo
2023 1091 2142 1134 non
2193 1078 2394 1152 patiar.
2457 1079 2636 1154 quui
2690 1081 2942 1157 bonique
2999 1080 3289 1154 consulat,
3347 1099 3514 1156 rogo,
3569 1085 3741 1144 lucu-

229 1170 561 1245 Eugubino.
590 1168 753 1240 Quod
796 1168 844 1225 si
886 1167 1058 1225 etiam
1107 1164 1372 1224 Jacobilli
1409 1163 1696 1222 calculum
1737 1178 1942 1237 seque-
2024 1166 2348 1226 brationem
2394 1169 2546 1227 hanc
2589 1169 2652 1230 P.
2703 1170 3076 1241 Laderchius,
3119 1186 3296 1248 quam
3351 1172 3610 1232 veritatis
3656 1189 3744 1233 ze-

231 1276 455 1333 remur,
511 1260 613 1333 qui
670 1257 1030 1333 Liprandum
1091 1253 1306 1313 alicubi
1359 1252 1560 1311 scribit
1618 1252 1944 1311 immediate
2027 1253 2139 1324 lus,
2194 1261 2250 1314 et
2285 1258 2606 1317 amicorum
2649 1260 2889 1318 consilia
2927 1276 2962 1316 a
3009 1274 3103 1317 me
3149 1259 3552 1334 impetrarunt,
3588 1278 3741 1336 prae-

228 1350 438 1410 Joanni
467 1347 758 1408 Laudensi
784 1348 844 1405 in
875 1347 1132 1421 prioratu
1170 1341 1531 1411 successisse,
1573 1339 1774 1414 liquet,
1814 1339 1949 1399 huic

2031 1342 2228 1403 sertim
2259 1360 2394 1404 cum
2423 1346 2588 1405 illam
2620 1363 2734 1407 non
2766 1347 2968 1420 livido,
3000 1355 3055 1407 et
3079 1363 3302 1420 averso,
3336 1349 3433 1408 sed
3473 1351 3738 1423 candido,

225 1442 347 1516 jam
373 1438 637 1514 episcopo
674 1438 842 1506 facto,
873 1442 930 1494 et
953 1451 1055 1508 per
1083 1449 1329 1502 annum,
1364 1448 1430 1490 ac
1467 1445 1683 1504 paucos
1722 1445 1948 1488 menses
2029 1441 2084 1492 et
2125 1434 2312 1494 amico
2357 1437 2555 1496 animo
2603 1439 2870 1512 scriptam
2920 1439 3200 1509 inveniat,
3233 1455 3340 1497 nec
3368 1455 3480 1499 non
3511 1441 3584 1498 ab
3612 1457 3741 1500 om-

230 1528 543 1604 superstiti,
571 1543 688 1586 non
729 1525 980 1600 potuisse
1023 1525 1097 1582 ab
1140 1521 1240 1582 illo
1287 1520 1435 1582 Vitae
1479 1520 1630 1580 Petri
1676 1519 1946 1579 Damiani
2028 1526 2202 1586 nibus
2243 1526 2361 1585 illis
2403 1529 2617 1587 amaris
2655 1529 2804 1603 jocis
2853 1529 3126 1600 alienam,
3177 1529 3395 1603 quibus
3446 1530 3640 1606 Sejani
3687 1538 3743 1590 et

230 1618 617 1694 compilandaa
647 1613 1008 1692 provinciam
1040 1611 1286 1687 injungi.

302 1705 456 1769 XIV.
483 1705 672 1778 Addo,
711 1703 861 1779 quod
903 1701 1207 1775 utriusque
1243 1700 1485 1759 Joannis
1523 1698 1832 1758 discrimen
1872 1713 1948 1757 ex

230 1796 458 1855 diversa
510 1793 716 1870 patria,
771 1792 1113 1864 diversoque
1168 1789 1368 1849 mortis
1427 1796 1680 1863 tempore
1722 1787 1948 1862 colligi-

231 1891 370 1945 tur:
413 1885 643 1944 tradunt
686 1897 896 1956 nempe
947 1881 1274 1956 scriptores,
1322 1880 1607 1940 Joannem
1645 1878 1796 1936 Petri
1837 1878 1951 1936 Da-

230 1975 416 2037 miani
463 1975 842 2050 discipulum,
877 1974 1122 2048 ejusque
1172 1971 1321 2031 Vitae
1371 1973 1728 2046 scriptorem,
1767 1970 1952 2042 ipsius

231 2069 407 2129 etiam
444 2066 765 2135 concivem,
795 2079 1006 2137 nempe
1031 2063 1432 2123 Ravennatem
1464 2062 1664 2131 fuisse,
1699 2061 1954 2121 Joannes

230 2164 422 2217 autem
477 2157 829 2228 Eugubinus
880 2152 1204 2227 episcopus,
1259 2152 1446 2225 patria
1502 2150 1841 2216 Laudensis,
1891 2150 1954 2208 in

229 2246 520 2316 Insubria,
552 2261 669 2303 non
708 2245 770 2301 in
818 2242 1056 2300 [Emilia
1096 2247 1270 2298 natus
1319 2247 1421 2299 est.
1455 2241 1561 2298 Ille
1601 2241 1838 2313 quidem
1891 2241 1955 2298 in

233 2335 560 2396 calendario
619 2332 920 2392 Avellanie
971 2329 1183 2388 obiisse
1251 2334 1482 2386 notatur
1545 2327 1639 2385 die
1697 2326 1764 2384 ‘26
1819 2327 1957 2385 Maii

238 2427 394 2490 1115.
426 2427 536 2485 Hic
589 2439 726 2482 vero
776 2422 964 2482 Deum
1010 2421 1152 2480 adiit
1189 2418 1283 2479 die
1322 2420 1357 2478 2
1389 2418 1744 2492 Septembris
1796 2418 1951 2477 1106.

233 2518 341 2578 Ille
378 2515 532 2591 apud
567 2512 869 2572 Avellanae
906 2525 1194 2580 eremum,
1233 2510 1329 2568 hic
1363 2509 1517 2584 apud
1567 2508 1957 2568 cathedralem

239 2605 488 2680 Eugubii
517 2623 533 2674 ;
573 2602 674 2663 ille
705 2603 966 2676 privatus
1002 2600 1340 2670 monachus,
1377 2599 1472 2656 hic
1511 2613 1585 2656 ex
1620 2596 1812 2672 priore
1844 2597 1958 2670 epi-

240 2709 467 2770 scopus.
501 2693 608 2752 Ille
652 2691 891 2767 quidem
940 2690 1136 2764 aliqua
1176 2687 1576 2748 sanctimonia)
1613 2687 1785 2747 laude
1817 2688 1957 2747 insi-

1965 1614 2231 1705 BRulini
2265 1616 2544 1691 Dialogus
2575 1625 2767 1688 scatet,
2798 1626 2969 1694 atque
3000 1618 3478 1692 intemperantius
3527 1620 3743 1680 redun-

2033 1706 2128 1764 dat
2192 1725 2206 1763 :
2265 1707 2412 1789 quid,
2460 1709 2617 1766 enim
2665 1709 2940 1768 conviciis
2989 1724 3136 1782 opus
3192 1714 3276 1767 est
3325 1709 3397 1767 ad
3449 1711 3747 1770 veritatem

2034 1796 2485 1855 vindicandam?
2511 1799 2587 1856 At
2615 1797 2933 1872 dialogistte
2971 1797 3061 1856 illi
3101 1799 3340 1856 fortasse
3369 1799 3746 1872 parcendum,

2035 1887 2141 1960 qui
2181 1887 2252 1956 (si
2289 1888 2429 1961 quid
2473 1888 2818 1962 conjecturis
2862 1889 3254 1963 assequimur)
3281 1895 3382 1947 aut
3413 1889 3463 1947 is
3492 1889 3613 1963 ipse
3641 1893 3747 1960 est,

2035 1981 2136 2034 aut
2165 1991 2238 2033 ex
2271 1992 2337 2034 ea
2367 1977 2580 2052 prodiit
2610 1978 2824 2050 schola,
2860 1979 3029 2052 cujus
3070 1977 3414 2052 magistrum
3449 1978 3606 2051 prior
3637 1978 3749 2037 La-

2037 2065 2309 2125 derchius
2379 2073 2515 2126 tom.
2571 2067 2672 2139 III,
2734 2085 2864 2142 pag.
2929 2068 3032 2126 315
3085 2075 3140 2125 et
3195 2066 3321 2138 3'23,
3383 2066 3752 2126 acerbissime

2039 2155 2453 2225 exagitaverat.
2507 2157 2709 2215 Causae
2758 2173 2895 2215 vero
2945 2164 3158 2215 nostris
3213 2157 3383 2229 longe
3430 2157 3626 2231 dispar
3667 2165 3753 2217 est

2038 2243 2200 2310 ratio,
2257 2243 2612 2317 proindeque
2666 2250 2722 2303 et
2775 2245 2974 2304 mitior
3027 2253 3113 2304 est
3165 2246 3412 2316 indoles,
3489 2245 3750 2320 quandiu

2039 2331 2258 2391 scilicet
2288 2333 2706 2391 sententiarum
2740 2335 3044 2405 duntaxat,
3080 2349 3197 2392 non
3230 2335 3600 2393 voluntatum
3633 2335 3748 2394 dis-

2040 2419 2306 2480 sensione
2337 2418 2746 2493 discrepamus.
2784 2421 3019 2481 Utinam
3060 2422 3184 2482 haec
3215 2423 3285 2481 ad
3318 2424 3577 2481 veritatis
3615 2423 3753 2482 illu-

2040 2511 2398 2580 strationem,
2463 2516 2634 2584 atque
2687 2511 2893 2570 eximii
2953 2511 3201 2571 doctoris
3255 2511 3435 2571 PETRI
3489 2512 3754 2573 DAMIANI

2041 2601 2302 2676 gloriam,
2335 2599 2502 2658 nobis
2550 2602 2613 2658 in
2669 2601 2776 2661 hac
2822 2601 3224 2662 dissertatione
3274 2603 3447 2661 unice
3496 2605 3756 2676 proposi-

2038 2699 2177 2765 tam,
2208 2692 2440 2763 cedant;
2477 2707 2582 2750 nec
2605 2692 2836 2766 jurgiis,
2867 2709 2898 2750 a
2929 2693 3142 2766 quibus
3196 2709 3424 2765 semper
3448 2694 3750 2764 abhorrui,

238 2789 391 2863 guis,
425 2784 522 2844 sed
565 2799 756 2858 neque
793 2781 998 2851 sancti,
1038 2797 1229 2856 neque
1269 2779 1418 2839 beati
1457 2779 1774 2856 aliquando
1814 2779 1954 2838 titu-
2037 2797 2144 2840 nec
2197 2781 2589 2852 contumeliis,
2617 2797 2649 2838 a
2680 2779 2895 2855 quibus
2924 2781 3202 2839 hactenus
3244 2781 3524 2851 abstinui,
3555 2797 3755 2839 ansam

239 2878 364 2937 lum
392 2877 672 2950 adeptus;
707 2874 804 2933 hic
833 2889 970 2933 vero
1001 2872 1200 2932 multis
1241 2877 1367 2946 post
1398 2872 1623 2932 obitum
1657 2871 1955 2931 miraculis
2035 2871 2215 2930 ullam
2246 2870 2576 2928 ministrent
2608 2894 2620 2928 :
2654 2885 2810 2942 quae,
2840 2877 2904 2928 ut
2938 2885 3203 2928 meorum
3233 2885 3463 2928 summa
3489 2876 3758 2928 votorum

238 2967 449 3032 clarus,
481 2981 514 3023 a
560 2963 821 3022 Paschali
871 2962 927 3022 ΙΙ
976 2967 1310 3022 sanctorum
1357 2961 1614 3034 catalogo
1653 2968 1737 3019 est
1773 2961 1953 3019 ascri-

2041 2968 2146 3031 est,
2175 2961 2253 3018 ita
2288 2957 2524 3018 cuilibet
2565 2974 2792 3016 mecum
2847 2958 3162 3031 dispulanti
3207 2959 3328 3015 ﬁxa
3365 2958 3456 3028 sit,
3510 2966 3565 3015 et
3615 2965 3756 3028 rata,

239 3061 390 3128 ptus.
425 3052 550 3112 Non
593 3052 771 3128 igitur
809 3058 1052 3125 uterque
1089 3050 1341 3109 Joannes
1383 3066 1417 3108 a
1455 3013 1775 3110 Laderchio
1815 3013 2020 3108 con-C
2043 3013 2306 3105 desidero
2342 3067 2353 3104 :
2389 3053 2677 3122 quatenus
2702 3013 2982 3120 utrinque
3007 3046 3239 3120 pariter,
3279 3071 3299 3098 α
3333 3013 3553 3120 absque
3576 3013 3762 3119 perso:

240 3142 410 3203 fundi
481 3143 775 3216 debuerat,
841 3140 1006 3202 nullo
1066 3142 1386 3216 praasertim
1443 3141 1778 3201 assertionis
1831 3154 1956 3198 suae

2043 3155 2252 3198 narum
2274 3137 2650 3213 praajudiciis,
2671 3137 2932 3196 veritatis
2953 3136 3290 3212 przejudicia
3320 3135 3748 3196 vindicentur.»

846 3597 1675 3712 GODEFRIDI
1786 3589 2716 3710 HENSCHENII
2827 3589 2940 3705 S.
3043 3590 3155 3703 J.

1470 3832 1586 3904 DE
1641 3832 1724 3904 B.
1783 3829 2070 3904 PETRO
2124 3827 2534 3905 DAMIANO

1066 4015 2181 4140 COMMENTARIUS
2282 4023 2953 4136 PBZEVIUS.

1298 4251 1422 4334 (Ea:
1451 4250 1795 4315 Februario
1827 4249 2290 4324 Bollandia-no,
2326 4249 2440 4312 sub
2468 4249 2573 4313 die
2609 4248 2739 4330 33.)

1077 4625 1184 4700 δι.

270 4741 495 4796 Eremus
526 4738 747 4794 'sanctw
831 4735 1018 4792 Crucis
1069 4734 1254 4789 Fontis
1336 4734 1596 4789 Avellam‘
1655 4735 1714 4787 in
1768 4732 1983 4787 diwcesi

339 4827 632 4898 Eugubina
711 4825 897 4883 ordini
974 4823 1382 4881 Camaldulensi
1477 4824 1764 4894 adjuncta.
1820 4824 1979 4879 Illius

341 4922 674 4985 institutum,
764 4920 1185 4982 incrementum;
1278 4916 1531 4970 monachi
1616 4917 1794 4970 sancti
1880 4913 1979 4968 sub

344 5009 408 5066 B.
438 5009 593 5063 Petro
611 5011 902 5066 Damiano.

351 5133 398 5190 1.
431 5131 740 5199 Inguvium,
794 5129 918 5189 sive
961 5133 1232 5201 Iguvium,
1288 5125 1543 5186 Umbriae
1587 5125 1668 5182 cis
1719 5122 1981 5198 Apenni-

276 5239 421 5284 num
465 5220 742 5296 Oppidum
780 5221 843 5280 in
892 5221 1032 5295 ipsis
1079 5220 1366 5281 montium
1409 5216 1719 5288 radicibus,
1773 5215 1982 5274 Caesari

275 5309 541 5372 1.1Belli
581 5308 792 5381 civilis,
825 5307 1087 5368 Ciceroni
1137 5311 1174 5368 Ι.
1228 5320 1332 5382 vn,
1390 5306 1462 5366 ad
1510 5305 1766 5366 Atticum
1816 5305 1980 5378 epist.

279 5402 366 5473 13,
401 5398 542 5470 Silio
575 5399 773 5460 Italico
802 5399 843 5460 l.
877 5408 1004 5470 VIII,
1035 5398 1282 5474 aliisque
1311 5398 1571 5471 antiquis
1612 5393 1984 5470 scriptoribus

280 5499 505 5565 notum,
565 5490 737 5551 hodie
796 5490 1128 5559 Eugubium,
1181 5489 1340 5548 Italis
1390 5489 1598 5545 Gubbio
1655 5493 1706 5545 et
1767 5485 1984 5554 Agubio

1995 4583 2278 4647 Ddicitur
2310 4600 2323 4638 :
2356 4581 2508 4658 quod
2543 4588 2732 4640 tamen
2761 4594 2836 4639 ex
2864 4580 3076 4639 vicinis
3113 4580 3341 4653 antiqui
3368 4579 3564 4655 oppidi
3599 4580 3770 4640 rude-

2064 4675 2250 4746 ribus,
2303 4678 2428 4749 post
2480 4672 2861 4731 barbarorum
2907 4670 2970 4728 in
3021 4667 3242 4727 Italiam
3305 4669 3774 4742 inundationem,

2064 4767 2450 4822 restauratum
2486 4761 2710 4821 volunt.
2754 4759 2932 4821 Sedes
2982 4757 3103 4816 illic
3147 4757 3289 4817 olim
3338 4766 3522 4818 erecta
3568 4759 3781 4834 episcoo

2063 4852 2230 4927 palis,
2287 4853 2382 4912 cui
2423 4852 2635 4910 saeculo
2682 4849 2893 4910 Christi
2944 4847 3256 4907 undecimo
3299 4848 3494 4922 plures
3540 4848 3782 4923 praefue-

2065 4947 2226 5014 runt,
2281 4939 2563 5013 assumpti
2615 4955 2646 4998 e
2700 4939 3047 4999 monasterio
3102 4941 3288 4996 Eremi
3341 4945 3542 4996 sanctae
3593 4940 3782 4996 Crucis

2064 5033 2250 5088 Fontis
2298 5031 2578 5094 Avellani,
2612 5031 2734 5089 sive
2775 5032 3057 5087 Avellanze
3091 5049 3102 5088 :
3136 5027 3288 5104 quod
3338 5027 3604 5086 millibus
3653 5041 3782 5100 pas-

2066 5136 2242 5180 suum
2314 5119 2747 5191 quatuordecim
2803 5136 2837 5178 a
2892 5121 3122 5178 civitate
3191 5116 3505 5189 Eugubina
3585 5113 3778 5185 distat,

2064 5209 2242 5269 situm
2282 5207 2344 5266 in
2385 5206 2678 5266 radicibus
2724 5208 2940 5268 montis
2984 5208 3187 5267 Catrize
3231 5219 3430 5262 versus
3473 5203 3778 5278 orientem,

2066 5300 2152 5360 uti
2181 5299 2303 5360 illic
2332 5314 2464 5374 pars
2495 5300 2788 5374 Apennini
2830 5300 3150 5375 appellatur
3181 5298 3242 5354 in
3282 5295 3566 5354 Chronico
3599 5294 3780 5356 Gual-

2066 5389 2250 5462 densi,
2307 5389 2536 5464 antiqui
2591 5390 2905 5465 scriptoris,
2952 5395 3007 5446 et
3053 5387 3124 5446 ab
3171 5399 3467 5460 anonymo
3517 5385 3778 5464 ejusdem

2066 5481 2174 5540 loci
2242 5479 2479 5539 eremita
2551 5478 2704 5555 apud
2785 5479 3141 5552 Cajetanum,
3197 5475 3259 5534 in
3317 5475 3656 5550 praefatione
3706 5475 3778 5532 ad
