4100 6210
214 253 286 313 89

220 469 498 537 solitaria,
533 471 692 523 tract.
730 475 814 534 Ill,
852 477 973 536 cap.
1013 459 1097 531 17,
1137 483 1158 511 ι
1203 458 1626 533 quietissimam
1667 460 1938 528 indigetat

222 555 602 617 solitudinem
639 553 701 611 in
737 551 921 610 Italia
952 549 1160 619 medio,
1188 549 1260 608 ad
1300 548 1604 608 sinistrum
1643 549 1939 622 Apennini

222 647 397 717 latus,
426 659 558 719 qua
581 650 748 701 vetus
766 641 958 700 adhuc
978 639 1176 698 Fontis
1199 639 1501 696 Avellana
1525 654 1735 698 nomen
1753 654 1940 697 serva-

220 736 339 807 bat,
374 758 403 784 »
436 734 576 792 dum
613 733 663 790 is
711 730 925 789 saculo
972 741 1079 788 xxv
1128 728 1444 801 scriberet;
1492 747 1652 790 nunc
1695 746 1939 806 eamque

221 831 425 883 sanctae
481 825 668 882 Crucis
721 823 944 877 titulum
1001 837 1183 889 gerere
1237 819 1503 878 observat
1573 820 1940 894 Augustinus

223 913 598 972 Florentinus
675 911 714 970 Ι.
786 926 822 966 v
897 907 1169 967 Historia
1245 907 1723 980 Camaldulensis,
1777 925 1825 969 c.
1886 910 1940 981 7,

221 1019 472 1078 eamque
519 1007 721 1058 sancta
769 1003 955 1058 Crueis
1006 997 1534 1058 nomenclationem
1587 1004 1943 1073 assumptam

221 1093 296 1153 ob
319 1098 509 1151 sexta
535 1091 699 1150 feria
731 1088 1051 1164 jejunium,
1092 1093 1346 1163 tempore
1395 1086 1460 1146 B.
1495 1086 1650 1146 Petri
1673 1087 1943 1148 Damiani

219 1181 444 1241 ibidem
473 1187 746 1255 captum.

292 1271 348 1328 2.
397 1270 521 1330 Hoc
560 1273 748 1327 Fontis
801 1270 1063 1327 Avellani
1119 1271 1503 1333 eremitorium,
1560 1273 1628 1327 ut
1671 1267 1946 1326 nonnulli

220 1361 534 1436 appellant,
590 1360 739 1418 circa
777 1375 872 1417 an.
925 1357 1136 1417 Christi
1185 1358 1588 1429 millesimum,
1619 1364 1718 1417 aut
1773 1356 1946 1431 paulo

221 1458 360 1508 ante
395 1447 642 1507 traditur
681 1454 1048 1506 exstructum
1087 1462 1120 1504 a
1155 1446 1406 1521 quodam
1448 1445 1752 1519 Lodulpho
1803 1443 1945 1503 Ges-

223 1539 391 1598 sonis
441 1538 584 1607 ﬁlio,
633 1537 735 1612 qui
782 1536 845 1594 in
899 1536 1232 1610 episc0pum
1280 1535 1660 1608 Eugubinum
1710 1535 1944 1604 electus,

710 242 1286 305 PROLEGOMENA.
1329 273 1398 288 —
1437 241 1533 301 DE
1577 241 1634 301 S.
1682 237 1922 300 PETRO
1963 239 2305 300 DAMIANO
2350 239 2812 301 HENSCHENII
2853 243 3236 304 COMMENT.

218 378 408 455 Opera
454 373 520 434 B.
561 371 714 432 Petri
753 352 1044 430 Damiani.
1100 367 1407 428 Petrarcha
1460 368 1502 428 l.
1558 380 1620 440 II,
1684 366 1755 426 de
1806 364 1936 426 Vita
1949 374 2002 435 Α
2022 366 2352 427 referuntur
2403 386 2417 428 :

3661 250 3743 310 90

2469 382 2602 442 qua
2657 383 2792 428 cum
2846 367 2976 428 aliis
3030 369 3380 445 quibusdam
3432 373 3495 431 in
3554 387 3736 434 unam

2023 455 2364 515 coaluerunt
2393 457 2919 530 congregationem,
2965 459 3136 532 cujus
3162 467 3336 533 caput
3359 458 3473 518 fuit
3507 475 3736 520 eremus

2025 554 2235 604 sancta
2274 546 2474 605 Crucis
2519 546 2716 604 Fontis
2768 546 3081 606 Avellani:
3127 554 3299 623 atque
3342 549 3421 608 ita
3467 556 3739 607 monaste-

2023 642 2168 693 rium
2199 645 2399 695 sancta
2444 642 2638 696 Maria
2672 639 2744 697 ad
2777 646 2967 712 portas
3005 639 3145 698 olim
3175 641 3337 700 urbis
3369 641 3730 714 Faventina,

2025 743 2183 787 nunc
2230 728 2523 787 manibus
2571 727 2892 800 inclusum,
2941 728 3002 785 in
3057 745 3172 803 quo
3218 730 3284 792 Β.
3330 731 3533 791 Petrus
3579 732 3736 790 diem

2025 823 2354 876 extremum
2396 817 2529 873 vita
2580 816 2806 886 clausit,
2838 819 3050 873 ordinis
3085 823 3467 878 monachorum
3509 839 3738 892 congre-

2025 908 2266 972 gationis
2314 907 2373 962 S.
2415 907 2600 961 Crucis
2642 907 2926 962 Avellana
2965 905 3176 964 dicitur
3227 907 3289 965 in
3345 908 3562 969 Histor.
3611 925 3738 969 mo-

2025 995 2244 1052 nastica
2302 993 2610 1068 cujusdam
2668 995 2950 1068 anonymi
3007 995 3366 1056 Benedictini
3422 1014 3737 1074 congrega—

2028 1083 2202 1142 tionis
2235 1081 2294 1143 S.
2324 1084 2596 1155 Justina,
2626 1083 2780 1157 apud
2810 1083 3172 1158 Cajetanum,
3205 1088 3268 1146 in
3301 1088 3639 1162 prafatione
3667 1091 3738 1148 ad

2027 1190 2198 1248 opera
2246 1175 2310 1233 Β.
2346 1176 2518 1247 Petri,
2557 1191 2731 1250 quem
2783 1176 2863 1234 ait
2907 1176 3057 1234 circa
3109 1193 3206 1236 an.
3263 1178 3400 1238 1480
3451 1180 3739 1239 ﬂoruisse.

2029 1263 2336 1336 Regulam,
2369 1272 2424 1324 et
2441 1264 2679 1324 vivendi
2711 1265 3044 1324 institutum
3074 1266 3250 1340 hujus
3271 1267 3742 1342 Congregationis

2028 1352 2372 1426 praescribit,
2402 1361 2574 1428 atque
2603 1352 2856 1428 explicat
2889 1353 2954 1413 B.
2986 1354 3188 1413 Petrus
3217 1356 3502 1430 opusculo
3536 1369 3643 1429 xv,
3681 1358 3745 1415 in

2029 1441 2212 1515 capita
2249 1443 2311 1501 31
2347 1443 2637 1502 distincto.
2669 1444 2773 1502 Ast
2799 1443 3077 1516 opusculo
3116 1457 3224 1503 xxv
3269 1445 3341 1503 ad
3380 1447 3743 1520 exemplum,

2029 1538 2087 1599 et
2144 1533 2528 1593 imitationem
2577 1544 2936 1609 posterorum
2983 1539 3225 1610 exponit
3271 1536 3518 1611 regulas,
3565 1544 3620 1596 et
3656 1538 3749 1594 vi-

223 1627 384 1686 nltro
420 1626 518 1683 isti
569 1625 777 1685 honori
825 1624 1038 1683 cessit:
1073 1641 1246 1700 quem
1289 1631 1479 1684 tamen
1515 1641 1591 1684 ex
1619 1640 1812 1684 eremo
1847 1625 1948 1683 illa
2031 1622 2209 1682 vendi
2249 1623 2531 1690 instituta,
2565 1625 2779 1698 quibus
2809 1629 3069 1684 ereinita
3108 1627 3308 1687 Fontis
3336 1626 3605 1685 Avellani
3641 1641 3747 1685 suo

226 1712 2293 1804 FontisAvellaniadmiseruntJulianus,Theobaldus,seuBtempore
2368 1715 2676 1776 utebantur
2730 1736 2742 1775 :
2803 1717 3010 1791 iisque,
3070 1724 3136 1777 ut
3202 1718 3304 1792 qui
3347 1723 3472 1792 post
3525 1733 3586 1776 se
3635 1715 3756 1775 illic

227 1805 543 1876 Tedaldus,
631 1802 691 1863 S.
767 1802 1132 1877 Rodulphus,
1192 1803 1543 1878 Maynardus
1602 1823 1614 1862 :
1699 1802 2000 1879 quorum
2035 1807 2246 1865 victuri
2283 1814 2421 1866 sunt
2465 1814 2724 1878 utantur,
2756 1823 2946 1882 neque
2988 1809 3062 1865 ad
3099 1808 3382 1867 laxiorem
3435 1809 3568 1866 vita
3616 1821 3751 1865 nor-

226 1895 592 1969 temporibus
628 1893 780 1951 vixit
807 1893 872 1951 B.
909 1892 1112 1951 Petrus
1143 1892 1483 1965 Damianus,
1516 1900 1572 1951 et
1608 1892 1868 1966 quidem,
1903 1893 1953 1952 si
2036 1911 2192 1955 mam
2249 1897 2563 1969 declinent,
2631 1898 2974 1970 gravissime
3057 1898 3393 1958 obtestatur.
3454 1897 3555 1955 Est
3625 1896 3754 1954 hac

221 1986 482 2063 priimus
501 1983 1167 2058 excipiatur,postquam
1183 1984 1562 2042 monasticam
1579 1981 1952 2056 disciplinam
2037 1984 2236 2044 Fontis
2272 1986 2545 2045 Avellani
2584 2003 2814 2046 eremus
2860 1995 2994 2046 ante
3033 1995 3270 2047 centum
3309 1988 3539 2046 circiter
3568 2002 3752 2047 annos

225 2077 288 2134 in
323 2075 432 2134 illa
458 2088 651 2131 eremo
692 2073 1002 2146 amplexus
1040 2079 1163 2128 est:
1193 2072 1297 2144 qui
1343 2071 1606 2147 aliquam
1638 2073 1749 2132 sibi
1779 2073 1954 2130 etiam
2036 2077 2228 2135 ordini
2269 2077 2696 2137 Camaldulensi
2741 2081 3032 2153 adjuncta,
3073 2079 3133 2137 id
3177 2080 3480 2153 agentibus
3517 2079 3747 2152 potissi-

226 2165 505 2240 ejusdem
541 2161 811 2222 Ecclesia
873 2177 1074 2221 curam
1125 2163 1457 2236 impositam
1519 2164 1699 2221 fuisse
1756 2161 1956 2220 scribit
2039 2179 2207 2223 mum
2236 2165 2402 2225 Petro
2434 2168 2879 2226 Franceschinio
2910 2167 3745 2238 Balnecaballensivisitatore,

228 2255 416 2329 Epist.
459 2253 547 2323 14,
581 2253 618 2312 1.
650 2266 690 2323 Ι,
721 2252 794 2310 ad
821 2251 1228 2310 Alexandrum
1257 2251 1312 2308 ΙΙ
1345 2251 1677 2324 pontificem
1710 2251 1804 2309 his
1825 2266 1955 2308 ver-
2039 2259 2095 2309 et
2122 2252 2281 2312 Julio
2330 2254 2590 2313 Roboreo
2627 2256 2918 2313 cardinale
2949 2257 3214 2328 episcopo
3248 2255 3527 2313 Urbinate
3561 2263 3751 2314 creato

231 2345 324 2403 bis
358 2363 372 2402 :
407 2368 436 2396 α
465 2343 627 2413 Quod
661 2341 970 2416 Eugubina
1003 2341 1279 2412 Ecclesia,
1311 2357 1444 2414 qua
1491 2341 1639 2398 mihi
1668 2341 1896 2400 dudum
1923 2357 1958 2399 a
2039 2358 2194 2400 anno
2231 2343 2388 2416 1548,
2430 2346 2532 2419 qui
2573 2346 2756 2404 factus
2794 2345 2926 2404 dein
2954 2344 3298 2405 Vicentinus
3329 2348 3650 2423 episcopus,
3687 2364 3754 2407 ac

231 2434 446 2492 vestris
477 2431 874 2491 decessoribus
919 2438 1005 2488 est
1033 2430 1361 2504 commissa,
1403 2446 1564 2488 nunc
1593 2430 1736 2504 proh
1769 2430 1952 2500 dolor,
2039 2439 2231 2507 postea
2339 2434 2806 2507 archiepiscopus
2899 2434 3247 2505 Ravennas,
3335 2444 3600 2496 mortuus
3675 2443 3761 2496 est

233 2531 322 2582 est
361 2521 608 2580 omnino
635 2520 896 2591 confusa,
927 2525 982 2576 et
1009 2517 1170 2577 velut
1195 2534 1347 2588 area,
1383 2534 1516 2592 qua
1549 2518 1795 2592 pedibus
1827 2534 1959 2578 con-
2043 2538 2196 2581 anno
2252 2523 2408 2583 1578.
2451 2522 2844 2582 Meminerunt
2876 2524 3055 2598 hujus
3085 2527 3513 2598 coniunctionis
3553 2529 3756 2588 Petrus

233 2613 517 2682 culcatur,
560 2610 814 2684 abjecta:
851 2607 1094 2682 peccatis
1138 2608 1282 2666 meis
1330 2608 1390 2666 id
1442 2607 1812 2681 exigentibus
1857 2607 1958 2665 de-
2043 2611 2387 2671 Bicordatus
2427 2613 2620 2672 Diario
2649 2616 2680 2672 4
2712 2613 2984 2672 Historia
3029 2617 3384 2687 monastica,
3429 2634 3462 2674 a
3492 2618 3762 2692 Caietano

233 2708 400 2778 puto.
426 2721 454 2752 ιο
481 2699 644 2758 Idem
677 2697 842 2771 epist.
878 2697 931 2767 8,
969 2696 1007 2754 l.
1043 2707 1127 2766 1v,
1161 2697 1286 2755 hac
1330 2695 1646 2770 Meynardo
1695 2695 1961 2770 episcopo
2045 2699 2272 2770 citatus,
2322 2702 2692 2775 Augustinus
2733 2702 3104 2762 Florentinus
3147 2703 3184 2761 Ι.
3235 2717 3297 2763 III
3368 2706 3760 2766 Historiarum

235 2790 556 2864 Eugubino
603 2789 834 2848 mandat
883 2808 894 2846 :
962 2809 990 2842 ‹‹
1024 2787 1307 2856 Instaura,
1361 2785 1712 2844 venerabilis
1761 2787 1956 2857 frater,
2045 2787 2581 2850 Camaldulensium
2635 2791 2870 2866 aliique.
2925 2792 3007 2850 De
3063 2791 3276 2852 Ordine
3329 2793 3762 2854 Camaldulensi

233 2881 514 2940 Ecclesia
566 2886 680 2938 tua
729 2879 964 2953 pradia,
997 2877 1236 2953 prodige
1281 2877 1663 2936 saecularibus
1705 2877 1954 2937 tradita:
2045 2882 2274 2952 egimus
2323 2880 2356 2937 7
2408 2879 2574 2938 Febr.
2639 2879 2710 2937 ad
2773 2877 2831 2938 S.
2886 2880 3200 2939 Romualdi
3257 2883 3384 2955 ejus
3439 2884 3780 2942 fundatoris.

233 2987 444 3031 revoca
467 2971 684 3029 diversi
716 2969 944 3044 generis
975 2975 1314 3029 ornamenta
1349 2975 1622 3027 nocenter
1653 2967 1914 3041 exposita
1944 2987 1958 3026 :
2046 2964 2260 3039 Vitam,
2307 2982 2483 3042 quam
2519 2968 2583 3026 B.
2634 2967 2838 3027 Petrus
2886 2968 3206 3028 Damianus
3241 2970 3487 3044 scripsit,
3537 2993 3564 3025 α
3602 2986 3760 3029 com-

237 3070 294 3118 et
323 3061 532 3119 saltem
563 3061 822 3132 insignia
861 3074 1110 3133 quaque
1160 3058 1251 3117 vel
1294 3058 1510 3156 Optima
1557 3058 1956 3125 restituantur,
1980 3055 2275 3164 Cpulsus,
2315 3063 2380 3116 ut
2420 3057 2482 3115 in
2538 3057 2774 3132 prologo
2827 3063 3087 3130 testatur,
3135 3059 3456 3119 multorum
3494 3061 3765 3122 Fratrum

236 3165 375 3224 qua
415 3148 774 3223 pralationis
825 3157 942 3208 tua
1002 3156 1254 3221 tempore
1299 3145 1554 3221 graviter
1594 3145 2314 3220 suspiramusuprecibus
2370 3153 2424 3205 et
2483 3163 2756 3221 germana
2809 3149 3087 3208 charitate
3139 3150 3464 3209 devinctus.
3518 3172 3546 3203 »
3603 3151 3765 3211 Idem

233 3238 450 3297 ablata.
490 3263 510 3288 -
545 3237 687 3297 Hac
704 3237 804 3296 ille
837 3252 939 3311 pro
969 3236 1364 3297 sollicitudine
1391 3237 1520 3309 ejus
1547 3234 1818 3293 Ecclesia
1849 3234 1960 3293 sibi
2046 3235 2324 3310 opusculo
2388 3249 2497 3307 xv,
2556 3243 2688 3295 ante
2759 3237 2928 3295 citato
2996 3236 3067 3294 de
3131 3252 3253 3295 sua
3304 3241 3764 3315 congregationis

234 3326 588 3389 commissa.
627 3330 703 3386 At
728 3326 1015 3386 librorum
1052 3343 1087 3385 a
1121 3342 1183 3385 se
1216 3325 1671 3398 conscriptorum
1711 3324 1959 3399 judices,
2046 3325 2329 3388 institutis
2362 3344 2413 3387 c.
2449 3327 2516 3386 16
2548 3328 2956 3388 discretionem
3001 3327 3284 3387 debilium
3328 3330 3392 3387 in
3431 3331 3638 3403 prioris
3667 3331 3760 3389 sui

235 3432 304 3475 ac
354 3416 524 3490 quasi
581 3431 866 3488 censores,
904 3415 1202 3474 constituit
1239 3418 1298 3472 S.
1349 3415 1702 3487 Rodulphum
1752 3418 1961 3486 episco-
2045 3418 2264 3476 arbitro
2315 3418 2645 3492 ponendam
2711 3418 2894 3488 docet,
2944 3418 3006 3476 in
3057 3419 3395 3492 exemplum
3461 3417 3766 3492 disciplina

230 3523 376 3578 pum
401 3505 756 3572 Eugubinum
785 3510 841 3562 et
890 3506 1245 3561 Theodosium
1282 3506 1763 3573 Senogalliensem,
1792 3503 1961 3576 cujus
2049 3507 2108 3567 S.
2141 3507 2452 3566 Bomualdi
2479 3508 2749 3579 adducta,
2778 3514 2833 3566 et
2861 3507 3011 3564 infra
3061 3508 3124 3565 in
3161 3507 3314 3579 Vita,
3346 3522 3405 3566 n.
3442 3506 3527 3578 19,
3554 3507 3768 3566 dicitur

238 3596 420 3653 etiam
472 3594 735 3654 diacesis
791 3610 982 3654 eremo
1037 3595 1239 3654 Fontis
1287 3593 1557 3653 Avellani
1631 3595 1822 3652 vicina
1878 3597 1964 3652 est

236 3701 449 3745 versus
473 3701 630 3744 mare
659 3686 1040 3748 Adriaticum.
1073 3685 1529 3759 Exstatepistola
1554 3684 1626 3744 ad
1653 3685 1786 3743 illos
1809 3685 1849 3742 l.
1878 3696 1958 3754 1v,

235 3791 299 3834 n.
357 3775 443 3834 11.
496 3775 579 3833 De
612 3775 895 3850 episc0pis
944 3775 1273 3851 Eugubinis
1327 3781 1383 3834 et
1428 3773 1964 3848 Senogalliensibus

234 3854 483 3923 consule
513 3863 739 3924 Italiam
766 3880 987 3924 sacram
1018 3863 1272 3939 Ughelli.

313 3963 368 4022 3.
397 3962 647 4033 Quinam
692 3966 1035 4044 prafuerint
1064 3966 1204 4025 huic
1233 3978 1428 4024 eremo
1461 3963 1665 4022 Fontis
1691 3962 1965 4021 Avellani

237 4056 376 4111 ante
414 4050 480 4109 B.
511 4050 864 4110 Damianum
897 4051 1123 4112 Priores
1155 4053 1258 4124 (ita
1290 4053 1676 4112 Moderatores
1705 4050 1965 4126 appella-

240 4143 479 4212 bantur)
559 4141 807 4202 necdum
884 4141 1154 4216 legimus.
1242 4143 1371 4218 Ipse
1454 4143 1656 4202 beatus
1739 4140 1963 4212 Petrus,

239 4246 442 4305 opusc.
488 4241 711 4302 XXXIV,
745 4247 794 4289 c.
845 4230 877 4288 6
911 4253 924 4288 :
962 4253 983 4282 ι
1019 4231 1088 4290 In
1124 4232 1253 4302 hac,
1287 4232 1500 4306 inquit,
1542 4244 1735 4289 eremo
1768 4230 1967 4288 Fontis

237 4318 539 4390 Avellani,
573 4319 676 4378 ubi
708 4335 864 4378 nunc
903 4319 1120 4390 habito,
1157 4320 1314 4394 prior
1345 4320 1585 4396 quidam
1625 4321 1814 4378 fuerat
1861 4335 1966 4377 no-

241 4407 408 4466 mine
453 4407 706 4465 Joannes
731 4425 748 4477 ;
781 4432 802 4458 ιι
852 4413 905 4464 et
963 4423 1159 4480 opusc.
1205 4419 1312 4480 xv,
1347 4423 1396 4466 c.
1446 4407 1537 4478 28,
1570 4407 1733 4466 docet
1775 4407 1966 4481 qualis

235 4498 451 4572 debeat
488 4497 627 4570 eligi
662 4501 820 4569 prior
848 4502 991 4553 inter
1030 4501 1301 4562 eremitas,
1339 4503 1395 4555 et
1427 4498 1720 4572 quomodo
1749 4498 1965 4558 electus

232 4587 450 4646 debeat
497 4590 784 4659 prim-atus
836 4591 1016 4658 ofﬁcio
1062 4587 1271 4658 fungi:
1302 4586 1405 4661 qui
1458 4593 1650 4645 tamen
1698 4588 1851 4646 infra
1905 4587 1969 4645 in

237 4675 380 4733 Vita
413 4674 592 4733 etiam
635 4676 827 4740 abbas,
865 4681 922 4733 et
963 4677 1227 4745 magister
1256 4682 1650 4749 nuncupatur.
1694 4677 1747 4734 A
1787 4679 1970 4734 morte

229 4763 308 4823 B.
353 4763 512 4822 Petri
560 4763 712 4822 rexit
761 4763 1046 4821 Eremitas
1086 4763 1220 4822 illos
1266 4767 1425 4836 prior
1477 4765 1813 4837 Liprandus,
1873 4763 1970 4824 cui

223 4851 440 4910 Vitam
476 4849 643 4909 illius
681 4851 976 4926 inscripsit
1002 4856 1255 4925 Joannes,
1283 4859 1337 4911 et
1365 4853 1486 4926 ipse
1533 4853 1691 4924 dein,
1727 4861 1791 4912 ut
1818 4853 1968 4912 intra

220 4943 490 5007 dicetur,
515 4945 676 5015 prior
708 4946 896 4999 Fontis
941 4944 1205 4999 Avellani
1233 4941 1606 5014 constitutus,
1633 4958 1699 5001 ac
1740 4943 1969 5001 tandem

219 5035 573 5103 Eugubinus
601 5040 829 5092 creatus
867 5038 1168 5106 episcopus.
1204 5033 1329 5104 Quo
1368 5034 1560 5092 forsan
1590 5034 1760 5092 modo
1793 5050 1970 5108 supra

219 5123 552 5184 memorati
608 5123 861 5196 episcopi
929 5123 1225 5196 Eugubini
1277 5139 1351 5182 ex
1414 5123 1716 5184 Prioribus
1773 5123 1970 5183 Fontis

216 5213 520 5274 Avellani
552 5219 688 5270 sunt
727 5211 986 5285 plerique
1014 5213 1316 5286 assumpti.

309 5305 368 5361 4.
417 5301 669 5361 Praerat
717 5303 892 5361 etiam
939 5301 1005 5360 B.
1045 5303 1271 5375 Petrus,
1301 5309 1365 5362 ut
1413 5318 1724 5377 supremus
1770 5303 1970 5363 mode-

215 5399 421 5461 rator,
460 5391 595 5451 aliis
646 5408 750 5467 per
799 5392 1026 5451 diversa
1086 5393 1208 5452 loca
1265 5395 1586 5469 aggregatis
1645 5393 1965 5466 discipulis,

218 5492 300 5543 ut
350 5483 421 5542 in
479 5495 602 5556 cap.
648 5481 681 5539 7
729 5481 879 5540 Vita
937 5482 1168 5556 dicitur,
1215 5489 1273 5541 et
1317 5483 1401 5542 ibi
1462 5482 1722 5558 quinque
1777 5483 1850 5541 ab
1903 5497 1970 5542 eo

217 5580 544 5636 exstructa
599 5574 970 5648 monasteria,
1027 5575 1150 5636 sive
1222 5579 1569 5635 eremitarum
1627 5577 1965 5643 habitacula,

2047 3598 2116 3656 ad
2155 3603 2408 3656 montem
2465 3597 2737 3670 Pregium
2791 3596 3141 3655 «invenisse
3197 3595 3488 3665 cellulam,
3531 3595 3594 3652 in
3649 3609 3766 3670 qua

2044 3686 2112 3746 B.
2145 3687 2541 3746 Romualdum
2566 3686 2866 3760 quondam
2893 3685 3176 3746 mansisse
3198 3685 3474 3757 ferebant,
3512 3709 3533 3739 ι
3568 3683 3768 3761 ibique

2050 3793 2079 3828 «
2110 3774 2486 3833 eremitarum
2511 3773 2788 3833 fundasse
2817 3771 3171 3833 habitacula.
3214 3796 3236 3824 ιι

2119 3870 2174 3928 5.
2206 3867 2290 3928 De
2335 3869 2803 3944 possessionibus
2848 3868 2990 3929 huic
3037 3885 3230 3929 eremo
3287 3873 3606 3944 procuratis
3648 3873 3767 3948 agit

2047 3959 2112 4016 B.
2153 3958 2360 4017 Petrus
2397 3960 2679 4032 opusculo
2722 3969 2850 4016 XIV.
2901 3978 2930 4011 «
2957 3958 3026 4016 In
3073 3958 3180 4017 hoc
3220 3959 3366 4031 loco,
3408 3961 3622 4034 inquit,
3662 3963 3768 4037 qui

2048 4046 2200 4106 Fons
2252 4046 2523 4106 Avellani
2605 4046 2840 4118 dicitur,
2906 4046 3250 4122 plerumque
3327 4048 3558 4122 viginti,
3635 4049 3769 4122 plus

2048 4139 2262 4207 minus,
2300 4138 2572 4198 monachi
2597 4153 2698 4212 per
2724 4136 2982 4208 cellulas,
3006 4137 3130 4198 sive
3154 4138 3214 4197 in
3240 4139 3532 4214 assignate
3557 4139 3769 4214 cuique

2047 4227 2397 4300 obedientia,
2463 4227 2754 4301 degimus,
2811 4234 2875 4288 ut
2933 4243 3136 4288 omnes
3210 4228 3388 4288 simul
3439 4244 3577 4290 cum
3635 4245 3768 4289 con-

2048 4321 2254 4393 versis,
2286 4327 2342 4379 et
2390 4320 2627 4379 famulis
2665 4321 3038 4381 tricenarium
3087 4336 3424 4392 numerum,
3479 4328 3582 4383 aut
3641 4321 3773 4395 vix,

2052 4417 2152 4469 aut
2200 4410 2451 4470 breviter
2487 4410 2860 4471 excedamus.
2896 4435 2922 4458 ιο
2969 4411 3053 4468 Ac
3095 4408 3231 4469 dein
3293 4410 3532 4469 vivendi
3570 4411 3768 4485 regula

2054 4499 2334 4573 exposita,
2396 4498 2506 4556 ista
2558 4499 2776 4568 subdit,
2857 4512 3246 4557 successorem
3334 4499 3398 4557 in
3483 4499 3766 4572 regimine

2055 4586 2529 4646 substituendum
2560 4587 2866 4661 alloquens
2898 4605 2910 4644 :
2945 4607 2972 4635 α
3001 4583 3286 4642 Utautem
3307 4585 3379 4643 ad
3413 4585 3539 4643 hac
3564 4585 3763 4645 obser-

2055 4676 2246 4735 vanda
2296 4673 2498 4734 nullus
2562 4675 2922 4735 excusationi
2977 4680 3164 4748 pateat
3250 4673 3434 4748 locus,
3485 4675 3659 4748 juxta
3707 4675 3767 4734 id

2054 4767 2208 4843 quod
2239 4766 2543 4838 exiguitati
2597 4764 2708 4824 loci
2759 4763 3003 4824 humilis
3029 4765 3403 4838 competebat,
3439 4765 3773 4825 studuimus

2053 4862 2292 4916 eotenus
2340 4853 2728 4930 possessiones
2781 4853 3102 4927 acquirere,
3149 4861 3215 4911 ut
3249 4853 3592 4927 pradictum
3656 4856 3772 4913 fra-

2055 4953 2209 5007 trum
2252 4960 2565 5005 numerum
2590 4944 2794 5019 possis,
2833 4943 2945 5003 nisi
2985 4942 3289 5002 exercendi
3322 4957 3463 5000 cura
3497 4943 3770 5017 defuerit,

2054 5045 2397 5096 sustentare.
2445 5035 2757 5095 Librorum
2801 5048 3030 5109 quoque
3074 5046 3387 5090 numerum
3432 5049 3551 5093 non
3600 5036 3770 5094 mini-

2053 5141 2219 5186 mum
2273 5123 2712 5198 dereliquimus,
2769 5129 2835 5180 ut
2889 5118 3164 5179 fratribus
3219 5121 3450 5193 nostris,
3511 5125 3614 5198 qui
3666 5139 3770 5199 pro

2053 5215 2221 5275 nobis
2273 5229 2439 5275 orare
2481 5214 2814 5288 dignentur,
2850 5209 3168 5269 meditandi
3213 5210 3436 5284 copiam
3480 5213 3763 5287 prabere-

2055 5323 2206 5367 mus.
2247 5305 2667 5363 Bibliothecam
2699 5301 2968 5360 omnium
3009 5298 3248 5372 Veteris,
3281 5309 3337 5360 et
3383 5301 3530 5361 Novi
3570 5302 3771 5362 Testa-

2058 5394 2240 5456 menti
2265 5393 2654 5463 voluminum,
2679 5390 2810 5450 licet
2837 5391 3076 5463 cursim,
3101 5395 3155 5449 et
3175 5406 3277 5464 per
3298 5391 3403 5451 hoc
3429 5407 3543 5450 non
3571 5398 3772 5452 exacte

2059 5484 2224 5546 vobis
2262 5482 2572 5542 emendare
2601 5481 2956 5541 curavimus.
2992 5478 3083 5537 Ex
3125 5479 3493 5553 passionibus
3536 5495 3768 5555 quoque

2052 5575 2351 5635 beatorum
2407 5578 2758 5646 martyrum,
2815 5584 2889 5628 ex
2940 5566 3200 5629 homiliis
3254 5574 3584 5630 sanctorum
3655 5565 3766 5629 Pa-
