  <div class='ocr_page' id='page_1' title='image "/cluster/home/n/w/nwhite01/storage/ocr_20150623/144/hvd.32044054760046/053.png"; bbox 0 0 4106 6204; ppageno 0'>
   <div class='ocr_carea' id='block_1_1' title="bbox 377 325 448 386">
    <p class='ocr_par' dir='ltr' id='par_1_1' title="bbox 377 325 448 386">
     <span class='ocr_line' id='line_1_1' title="bbox 377 325 448 386; baseline -0.028 0"><span class='ocrx_word' id='word_1_1' title='bbox 377 325 448 386; x_wconf 84' lang='grc'>95</span> 
     </span>
    </p>
   </div>
   <div class='ocr_carea' id='block_1_2' title="bbox 1287 315 3090 398">
    <p class='ocr_par' dir='ltr' id='par_1_2' title="bbox 1287 315 3090 398">
     <span class='ocr_line' id='line_1_2' title="bbox 1287 315 3090 398; baseline 0.008 -14"><span class='ocrx_word' id='word_1_2' title='bbox 1287 327 1344 384; x_wconf 92' lang='lat' dir='ltr'><strong>s.</strong></span> <span class='ocrx_word' id='word_1_3' title='bbox 1391 327 1679 388; x_wconf 85' lang='lat' dir='ltr'><strong>PETRUS</strong></span> <span class='ocrx_word' id='word_1_4' title='bbox 1720 328 2112 391; x_wconf 85' lang='lat' dir='ltr'><strong>DAMIANUS</strong></span> <span class='ocrx_word' id='word_1_5' title='bbox 2154 331 2213 391; x_wconf 90' lang='lat' dir='ltr'><strong>s.</strong></span> <span class='ocrx_word' id='word_1_6' title='bbox 2257 332 2324 392; x_wconf 72' lang='grc' dir='ltr'>Β.</span> <span class='ocrx_word' id='word_1_7' title='bbox 2372 333 2434 394; x_wconf 86' lang='lat' dir='ltr'><strong>E.</strong></span> <span class='ocrx_word' id='word_1_8' title='bbox 2465 332 2956 398; x_wconf 82' lang='lat' dir='ltr'><strong>CARDINALIS.</strong></span> 
     </span>
    </p>
   </div>
   <div class='ocr_carea' id='block_1_3' title="bbox 3804 337 3882 395">
    <p class='ocr_par' dir='ltr' id='par_1_3' title="bbox 3804 337 3882 395">
     <span class='ocr_line' id='line_1_3' title="bbox 3804 337 3882 395; baseline -0.013 0"><span class='ocrx_word' id='word_1_9' title='bbox 3804 337 3882 395; x_wconf 83' lang='lat'><strong>96</strong></span> 
     </span>
    </p>
   </div>
   <div class='ocr_carea' id='block_1_4' title="bbox 377 451 3883 538">
    <p class='ocr_par' dir='ltr' id='par_1_4' title="bbox 377 451 3883 538">
     <span class='ocr_line' id='line_1_4' title="bbox 377 451 3883 538; baseline 0.002 -26"><span class='ocrx_word' id='word_1_10' title='bbox 377 457 607 513; x_wconf 84' lang='lat' dir='ltr'><strong>exstant</strong></span> <span class='ocrx_word' id='word_1_11' title='bbox 649 451 687 510; x_wconf 94' lang='lat' dir='ltr'><strong>l.</strong></span> <span class='ocrx_word' id='word_1_12' title='bbox 732 465 750 511; x_wconf 81' lang='grc' dir='ltr'>ι</span> <span class='ocrx_word' id='word_1_13' title='bbox 793 451 1066 511; x_wconf 83' lang='lat' dir='ltr'><strong>Virorum</strong></span> <span class='ocrx_word' id='word_1_14' title='bbox 1113 451 1426 511; x_wconf 87' lang='lat' dir='ltr'><strong>illustrium</strong></span> <span class='ocrx_word' id='word_1_15' title='bbox 1475 454 1696 513; x_wconf 85' lang='lat' dir='ltr'><strong>ordinis</strong></span> <span class='ocrx_word' id='word_1_16' title='bbox 1744 455 2350 530; x_wconf 83' lang='lat' dir='ltr'><strong>Praedicato-Arium,</strong></span> <span class='ocrx_word' id='word_1_17' title='bbox 2384 465 2437 518; x_wconf 89' lang='lat' dir='ltr'><strong>et</strong></span> <span class='ocrx_word' id='word_1_18' title='bbox 2463 461 2616 536; x_wconf 88' lang='lat' dir='ltr'><strong>apud</strong></span> <span class='ocrx_word' id='word_1_19' title='bbox 2650 462 2954 538; x_wconf 90' lang='lat' dir='ltr'><strong>Lipeloum</strong></span> <span class='ocrx_word' id='word_1_20' title='bbox 2986 477 3202 522; x_wconf 88' lang='lat' dir='ltr'><strong>recusa.</strong></span> <span class='ocrx_word' id='word_1_21' title='bbox 3237 461 3541 536; x_wconf 89' lang='lat' dir='ltr'><strong>Cajetanus</strong></span> <span class='ocrx_word' id='word_1_22' title='bbox 3570 477 3645 521; x_wconf 82' lang='lat' dir='ltr'><strong>ex</strong></span> <span class='ocrx_word' id='word_1_23' title='bbox 3675 461 3883 521; x_wconf 90' lang='lat' dir='ltr'><strong>eodem</strong></span> 
     </span>
    </p>
   </div>
   <div class='ocr_carea' id='block_1_5' title="bbox 378 541 2092 618">
    <p class='ocr_par' dir='ltr' id='par_1_5' title="bbox 378 541 2092 618">
     <span class='ocr_line' id='line_1_5' title="bbox 378 541 2092 618; baseline 0.003 -18"><span class='ocrx_word' id='word_1_24' title='bbox 378 558 528 602; x_wconf 91' lang='lat' dir='ltr'><strong>rum.</strong></span> <span class='ocrx_word' id='word_1_25' title='bbox 560 541 884 618; x_wconf 81' lang='lat' dir='ltr'><strong>Flaminius</strong></span> <span class='ocrx_word' id='word_1_26' title='bbox 914 542 1083 600; x_wconf 90' lang='lat' dir='ltr'><strong>etiam</strong></span> <span class='ocrx_word' id='word_1_27' title='bbox 1113 541 1302 600; x_wconf 89' lang='lat' dir='ltr'><strong>varias</strong></span> <span class='ocrx_word' id='word_1_28' title='bbox 1329 541 1488 600; x_wconf 87' lang='lat' dir='ltr'><strong>Vitas</strong></span> <span class='ocrx_word' id='word_1_29' title='bbox 1519 541 1752 602; x_wconf 85' lang='lat' dir='ltr'><strong>Patrum</strong></span> <span class='ocrx_word' id='word_1_30' title='bbox 1781 545 1906 605; x_wconf 91' lang='lat' dir='ltr'><strong>ord.</strong></span> <span class='ocrx_word' id='word_1_31' title='bbox 1942 545 2092 605; x_wconf 65' lang='lat' dir='ltr'><strong>Prte-</strong></span> 
     </span>
    </p>
   </div>
   <div class='ocr_carea' id='block_1_6' title="bbox 371 630 2087 707">
    <p class='ocr_par' dir='ltr' id='par_1_6' title="bbox 371 630 2087 707">
     <span class='ocr_line' id='line_1_6' title="bbox 371 630 2087 707; baseline 0.003 -18"><span class='ocrx_word' id='word_1_32' title='bbox 371 630 690 691; x_wconf 90' lang='lat' dir='ltr'><strong>dicatorum</strong></span> <span class='ocrx_word' id='word_1_33' title='bbox 719 647 751 688; x_wconf 92' lang='lat' dir='ltr'><strong>a</strong></span> <span class='ocrx_word' id='word_1_34' title='bbox 778 631 1040 690; x_wconf 89' lang='lat' dir='ltr'><strong>Leandro</strong></span> <span class='ocrx_word' id='word_1_35' title='bbox 1078 630 1258 688; x_wconf 90' lang='lat' dir='ltr'><strong>editas</strong></span> <span class='ocrx_word' id='word_1_36' title='bbox 1288 632 1647 707; x_wconf 86' lang='lat' dir='ltr'><strong>conscripsit,</strong></span> <span class='ocrx_word' id='word_1_37' title='bbox 1678 641 1741 692; x_wconf 91' lang='lat' dir='ltr'><strong>ut</strong></span> <span class='ocrx_word' id='word_1_38' title='bbox 1774 635 1830 694; x_wconf 92' lang='lat' dir='ltr'><strong>S.</strong></span> <span class='ocrx_word' id='word_1_39' title='bbox 1868 637 2087 694; x_wconf 90' lang='lat' dir='ltr'><strong>Alberti</strong></span> 
     </span>
    </p>
   </div>
   <div class='ocr_carea' id='block_1_7' title="bbox 376 719 2086 795">
    <p class='ocr_par' dir='ltr' id='par_1_7' title="bbox 376 719 2086 795">
     <span class='ocr_line' id='line_1_7' title="bbox 376 719 2086 795; baseline 0.004 -16"><span class='ocrx_word' id='word_1_40' title='bbox 376 719 590 795; x_wconf 80' lang='lat' dir='ltr'><strong>Magni,</strong></span> <span class='ocrx_word' id='word_1_41' title='bbox 622 721 910 782; x_wconf 88' lang='lat' dir='ltr'><strong>Vincentii</strong></span> <span class='ocrx_word' id='word_1_42' title='bbox 961 720 1275 793; x_wconf 82' lang='lat' dir='ltr'><strong>Valentini,</strong></span> <span class='ocrx_word' id='word_1_43' title='bbox 1307 722 1503 781; x_wconf 88' lang='lat' dir='ltr'><strong>Jacobi</strong></span> <span class='ocrx_word' id='word_1_44' title='bbox 1553 723 1778 794; x_wconf 87' lang='lat' dir='ltr'><strong>Veneti,</strong></span> <span class='ocrx_word' id='word_1_45' title='bbox 1822 726 2086 786; x_wconf 82' lang='lat' dir='ltr'><strong>Mauricii</strong></span> 
     </span>
    </p>
   </div>
   <div class='ocr_carea' id='block_1_8' title="bbox 378 809 2084 885">
    <p class='ocr_par' dir='ltr' id='par_1_8' title="bbox 378 809 2084 885">
     <span class='ocr_line' id='line_1_8' title="bbox 378 809 2084 885; baseline 0.004 -17"><span class='ocrx_word' id='word_1_46' title='bbox 378 809 690 882; x_wconf 86' lang='lat' dir='ltr'><strong>Pannonii,</strong></span> <span class='ocrx_word' id='word_1_47' title='bbox 752 810 1062 870; x_wconf 91' lang='lat' dir='ltr'><strong>Venturini</strong></span> <span class='ocrx_word' id='word_1_48' title='bbox 1124 809 1544 885; x_wconf 90' lang='lat' dir='ltr'><strong>Bergamensis,</strong></span> <span class='ocrx_word' id='word_1_49' title='bbox 1604 819 1658 872; x_wconf 90' lang='lat' dir='ltr'><strong>et</strong></span> <span class='ocrx_word' id='word_1_50' title='bbox 1705 814 1899 874; x_wconf 89' lang='lat' dir='ltr'><strong>Jacobi</strong></span> <span class='ocrx_word' id='word_1_51' title='bbox 1950 817 2084 875; x_wconf 90' lang='lat' dir='ltr'><strong>Ale-</strong></span> 
     </span>
    </p>
   </div>
   <div class='ocr_carea' id='block_1_9' title="bbox 377 899 2082 980">
    <p class='ocr_par' dir='ltr' id='par_1_9' title="bbox 377 899 2082 980">
     <span class='ocr_line' id='line_1_9' title="bbox 377 899 2082 980; baseline 0.004 -22"><span class='ocrx_word' id='word_1_52' title='bbox 377 899 616 967; x_wconf 89' lang='lat' dir='ltr'><strong>manni;</strong></span> <span class='ocrx_word' id='word_1_53' title='bbox 668 915 844 974; x_wconf 89' lang='lat' dir='ltr'><strong>quam</strong></span> <span class='ocrx_word' id='word_1_54' title='bbox 895 905 1084 958; x_wconf 91' lang='lat' dir='ltr'><strong>tamen</strong></span> <span class='ocrx_word' id='word_1_55' title='bbox 1141 915 1216 958; x_wconf 83' lang='lat' dir='ltr'><strong>ex</strong></span> <span class='ocrx_word' id='word_1_56' title='bbox 1274 901 1470 960; x_wconf 90' lang='lat' dir='ltr'><strong>Italico</strong></span> <span class='ocrx_word' id='word_1_57' title='bbox 1523 902 1727 963; x_wconf 80' lang='lat' dir='ltr'><strong>Latine</strong></span> <span class='ocrx_word' id='word_1_58' title='bbox 1781 907 2082 980; x_wconf 85' lang='lat' dir='ltr'><strong>expressit.</strong></span> 
     </span>
    </p>
   </div>
   <div class='ocr_carea' id='block_1_10' title="bbox 370 987 2088 1064">
    <p class='ocr_par' dir='ltr' id='par_1_10' title="bbox 370 987 2088 1064">
     <span class='ocr_line' id='line_1_10' title="bbox 370 987 2088 1064; baseline 0.006 -19"><span class='ocrx_word' id='word_1_59' title='bbox 370 987 584 1045; x_wconf 88' lang='lat' dir='ltr'><strong>Eodem</strong></span> <span class='ocrx_word' id='word_1_60' title='bbox 621 988 789 1047; x_wconf 89' lang='lat' dir='ltr'><strong>modo</strong></span> <span class='ocrx_word' id='word_1_61' title='bbox 815 988 1113 1064; x_wconf 88' lang='lat' dir='ltr'><strong>scripsisse</strong></span> <span class='ocrx_word' id='word_1_62' title='bbox 1141 1005 1200 1047; x_wconf 92' lang='lat' dir='ltr'><strong>se</strong></span> <span class='ocrx_word' id='word_1_63' title='bbox 1234 987 1391 1048; x_wconf 90' lang='lat' dir='ltr'><strong>Vitas</strong></span> <span class='ocrx_word' id='word_1_64' title='bbox 1432 997 1681 1064; x_wconf 87' lang='lat' dir='ltr'><strong>quatuor</strong></span> <span class='ocrx_word' id='word_1_65' title='bbox 1701 995 2088 1055; x_wconf 86' lang='lat' dir='ltr'><strong>sanctissimo-</strong></span> 
     </span>
    </p>
   </div>
   <div class='ocr_carea' id='block_1_11' title="bbox 379 1078 2085 1158">
    <p class='ocr_par' dir='ltr' id='par_1_11' title="bbox 379 1078 2085 1158">
     <span class='ocr_line' id='line_1_11' title="bbox 379 1078 2085 1158; baseline 0.006 -24"><span class='ocrx_word' id='word_1_66' title='bbox 379 1092 508 1134; x_wconf 91' lang='lat' dir='ltr'><strong>rum</strong></span> <span class='ocrx_word' id='word_1_67' title='bbox 543 1082 916 1150; x_wconf 90' lang='lat' dir='ltr'><strong>patronorum</strong></span> <span class='ocrx_word' id='word_1_68' title='bbox 955 1078 1118 1138; x_wconf 87' lang='lat' dir='ltr'><strong>urbis</strong></span> <span class='ocrx_word' id='word_1_69' title='bbox 1156 1078 1512 1153; x_wconf 58' lang='lat' dir='ltr'><strong>Faventinus,</strong></span> <span class='ocrx_word' id='word_1_70' title='bbox 1550 1081 1610 1139; x_wconf 91' lang='lat' dir='ltr'><strong>in</strong></span> <span class='ocrx_word' id='word_1_71' title='bbox 1663 1082 1896 1158; x_wconf 83' lang='lat' dir='ltr'><strong>prologo</strong></span> <span class='ocrx_word' id='word_1_72' title='bbox 1938 1085 2085 1145; x_wconf 64' lang='lat' dir='ltr'><strong>Vitae</strong></span> 
     </span>
    </p>
   </div>
   <div class='ocr_carea' id='block_1_12' title="bbox 373 1166 2085 1250">
    <p class='ocr_par' dir='ltr' id='par_1_12' title="bbox 373 1166 2085 1250">
     <span class='ocr_line' id='line_1_12' title="bbox 373 1166 2085 1250; baseline 0.008 -25"><span class='ocrx_word' id='word_1_73' title='bbox 373 1166 440 1226; x_wconf 91' lang='grc' dir='ltr'>Β.</span> <span class='ocrx_word' id='word_1_74' title='bbox 475 1167 626 1227; x_wconf 89' lang='lat' dir='ltr'><strong>Petri</strong></span> <span class='ocrx_word' id='word_1_75' title='bbox 664 1169 928 1228; x_wconf 91' lang='lat' dir='ltr'><strong>Damiani</strong></span> <span class='ocrx_word' id='word_1_76' title='bbox 969 1170 1060 1228; x_wconf 91' lang='lat' dir='ltr'><strong>his</strong></span> <span class='ocrx_word' id='word_1_77' title='bbox 1096 1171 1287 1230; x_wconf 87' lang='lat' dir='ltr'><strong>verbis</strong></span> <span class='ocrx_word' id='word_1_78' title='bbox 1320 1179 1556 1232; x_wconf 87' lang='lat' dir='ltr'><strong>testatur</strong></span> <span class='ocrx_word' id='word_1_79' title='bbox 1587 1198 1598 1232; x_wconf 88' lang='lat'>:</span> <span class='ocrx_word' id='word_1_80' title='bbox 1636 1198 1657 1224; x_wconf 77' lang='grc' dir='ltr'>ι</span> <span class='ocrx_word' id='word_1_81' title='bbox 1696 1175 1903 1250; x_wconf 88' lang='lat' dir='ltr'><strong>Magna</strong></span> <span class='ocrx_word' id='word_1_82' title='bbox 1930 1180 2085 1239; x_wconf 91' lang='lat' dir='ltr'><strong>soleo</strong></span> 
     </span>
    </p>
   </div>
   <div class='ocr_carea' id='block_1_13' title="bbox 374 1255 2085 1341">
    <p class='ocr_par' dir='ltr' id='par_1_13' title="bbox 374 1255 2085 1341">
     <span class='ocr_line' id='line_1_13' title="bbox 374 1255 2085 1341; baseline 0.009 -28"><span class='ocrx_word' id='word_1_83' title='bbox 374 1255 666 1330; x_wconf 83' lang='lat' dir='ltr'><strong>voluptate</strong></span> <span class='ocrx_word' id='word_1_84' title='bbox 701 1258 871 1333; x_wconf 72' lang='lat' dir='ltr'><strong>attici,</strong></span> <span class='ocrx_word' id='word_1_85' title='bbox 907 1260 1018 1318; x_wconf 91' lang='lat' dir='ltr'><strong>viri</strong></span> <span class='ocrx_word' id='word_1_86' title='bbox 1055 1261 1381 1334; x_wconf 85' lang='lat' dir='ltr'><strong>Faventini,</strong></span> <span class='ocrx_word' id='word_1_87' title='bbox 1410 1263 1636 1340; x_wconf 93' lang='lat' dir='ltr'><strong>quoties</strong></span> <span class='ocrx_word' id='word_1_88' title='bbox 1664 1274 1875 1340; x_wconf 88' lang='lat' dir='ltr'><strong>repeto,</strong></span> <span class='ocrx_word' id='word_1_89' title='bbox 1909 1284 2085 1341; x_wconf 90' lang='lat' dir='ltr'><strong>quam</strong></span> 
     </span>
    </p>
   </div>
   <div class='ocr_carea' id='block_1_14' title="bbox 375 1349 2086 1433">
    <p class='ocr_par' dir='ltr' id='par_1_14' title="bbox 375 1349 2086 1433">
     <span class='ocr_line' id='line_1_14' title="bbox 375 1349 2086 1433; baseline 0.011 -34"><span class='ocrx_word' id='word_1_90' title='bbox 375 1351 554 1416; x_wconf 84' lang='lat' dir='ltr'><strong>grata,</strong></span> <span class='ocrx_word' id='word_1_91' title='bbox 593 1352 647 1403; x_wconf 89' lang='lat' dir='ltr'><strong>et</strong></span> <span class='ocrx_word' id='word_1_92' title='bbox 686 1363 860 1420; x_wconf 90' lang='lat' dir='ltr'><strong>quam</strong></span> <span class='ocrx_word' id='word_1_93' title='bbox 893 1349 1152 1424; x_wconf 87' lang='lat' dir='ltr'><strong>jucunda</strong></span> <span class='ocrx_word' id='word_1_94' title='bbox 1190 1353 1356 1411; x_wconf 85' lang='lat' dir='ltr'><strong>vobis</strong></span> <span class='ocrx_word' id='word_1_95' title='bbox 1395 1353 1652 1428; x_wconf 75' lang='lat' dir='ltr'><strong>obtingat</strong></span> <span class='ocrx_word' id='word_1_96' title='bbox 1689 1371 1879 1430; x_wconf 90' lang='lat' dir='ltr'><strong>opera,</strong></span> <span class='ocrx_word' id='word_1_97' title='bbox 1909 1373 2086 1433; x_wconf 91' lang='lat' dir='ltr'><strong>quam</strong></span> 
     </span>
    </p>
   </div>
   <div class='ocr_carea' id='block_1_15' title="bbox 378 1433 2083 1524">
    <p class='ocr_par' dir='ltr' id='par_1_15' title="bbox 378 1433 2083 1524">
     <span class='ocr_line' id='line_1_15' title="bbox 378 1433 2083 1524; baseline 0.012 -34"><span class='ocrx_word' id='word_1_98' title='bbox 378 1433 439 1490; x_wconf 91' lang='lat' dir='ltr'><strong>in</strong></span> <span class='ocrx_word' id='word_1_99' title='bbox 470 1435 860 1498; x_wconf 87' lang='lat' dir='ltr'><strong>describendis</strong></span> <span class='ocrx_word' id='word_1_100' title='bbox 893 1445 1038 1500; x_wconf 88' lang='lat' dir='ltr'><strong>Vitis</strong></span> <span class='ocrx_word' id='word_1_101' title='bbox 1068 1446 1410 1510; x_wconf 86' lang='lat' dir='ltr'><strong>Sanctorum,</strong></span> <span class='ocrx_word' id='word_1_102' title='bbox 1441 1447 1542 1520; x_wconf 87' lang='lat' dir='ltr'><strong>qui</strong></span> <span class='ocrx_word' id='word_1_103' title='bbox 1571 1462 1606 1504; x_wconf 91' lang='lat' dir='ltr'><strong>a</strong></span> <span class='ocrx_word' id='word_1_104' title='bbox 1652 1448 1818 1508; x_wconf 90' lang='lat' dir='ltr'><strong>vobis</strong></span> <span class='ocrx_word' id='word_1_105' title='bbox 1851 1451 2083 1524; x_wconf 86' lang='lat' dir='ltr'><strong>religio-</strong></span> 
     </span>
    </p>
   </div>
   <div class='ocr_carea' id='block_1_16' title="bbox 377 1526 2084 1613">
    <p class='ocr_par' dir='ltr' id='par_1_16' title="bbox 377 1526 2084 1613">
     <span class='ocr_line' id='line_1_16' title="bbox 377 1526 2084 1613; baseline 0.01 -29"><span class='ocrx_word' id='word_1_106' title='bbox 377 1526 604 1586; x_wconf 90' lang='lat' dir='ltr'><strong>sissime</strong></span> <span class='ocrx_word' id='word_1_107' title='bbox 629 1530 918 1604; x_wconf 90' lang='lat' dir='ltr'><strong>coluntur,</strong></span> <span class='ocrx_word' id='word_1_108' title='bbox 949 1539 1218 1606; x_wconf 68' lang='lat' dir='ltr'><strong>praestare</strong></span> <span class='ocrx_word' id='word_1_109' title='bbox 1247 1536 1415 1610; x_wconf 82' lang='lat' dir='ltr'><strong>ccepi,</strong></span> <span class='ocrx_word' id='word_1_110' title='bbox 1450 1542 1605 1596; x_wconf 86' lang='lat' dir='ltr'><strong>tanta</strong></span> <span class='ocrx_word' id='word_1_111' title='bbox 1627 1539 1864 1613; x_wconf 88' lang='lat' dir='ltr'><strong>quidem</strong></span> <span class='ocrx_word' id='word_1_112' title='bbox 1900 1545 2084 1602; x_wconf 91' lang='lat' dir='ltr'><strong>animi</strong></span> 
     </span>
    </p>
   </div>
   <div class='ocr_carea' id='block_1_17' title="bbox 376 1614 2082 1706">
    <p class='ocr_par' dir='ltr' id='par_1_17' title="bbox 376 1614 2082 1706">
     <span class='ocr_line' id='line_1_17' title="bbox 376 1614 2082 1706; baseline 0.012 -34"><span class='ocrx_word' id='word_1_113' title='bbox 376 1614 685 1687; x_wconf 88' lang='lat' dir='ltr'><strong>alacritate,</strong></span> <span class='ocrx_word' id='word_1_114' title='bbox 742 1628 957 1693; x_wconf 89' lang='lat' dir='ltr'><strong>quanta</strong></span> <span class='ocrx_word' id='word_1_115' title='bbox 1011 1637 1126 1682; x_wconf 93' lang='lat' dir='ltr'><strong>non</strong></span> <span class='ocrx_word' id='word_1_116' title='bbox 1188 1623 1354 1683; x_wconf 77' lang='lat' dir='ltr'><strong>facile</strong></span> <span class='ocrx_word' id='word_1_117' title='bbox 1407 1629 1665 1699; x_wconf 80' lang='lat' dir='ltr'><strong>praestari</strong></span> <span class='ocrx_word' id='word_1_118' title='bbox 1712 1645 1745 1687; x_wconf 90' lang='lat' dir='ltr'><strong>a</strong></span> <span class='ocrx_word' id='word_1_119' title='bbox 1789 1646 2082 1706; x_wconf 89' lang='lat' dir='ltr'><strong>quoquam</strong></span> 
     </span>
    </p>
   </div>
   <div class='ocr_carea' id='block_1_18' title="bbox 375 1708 2084 1790">
    <p class='ocr_par' dir='ltr' id='par_1_18' title="bbox 375 1708 2084 1790">
     <span class='ocr_line' id='line_1_18' title="bbox 375 1708 2084 1790; baseline 0.011 -24"><span class='ocrx_word' id='word_1_120' title='bbox 375 1708 552 1766; x_wconf 86' lang='lat' dir='ltr'><strong>vestri</strong></span> <span class='ocrx_word' id='word_1_121' title='bbox 597 1712 994 1773; x_wconf 86' lang='lat' dir='ltr'><strong>amantissimo</strong></span> <span class='ocrx_word' id='word_1_122' title='bbox 1052 1724 1242 1790; x_wconf 86' lang='lat' dir='ltr'><strong>queat.</strong></span> <span class='ocrx_word' id='word_1_123' title='bbox 1293 1718 1416 1779; x_wconf 90' lang='lat' dir='ltr'><strong>Hoc</strong></span> <span class='ocrx_word' id='word_1_124' title='bbox 1459 1728 1654 1780; x_wconf 89' lang='lat' dir='ltr'><strong>autem</strong></span> <span class='ocrx_word' id='word_1_125' title='bbox 1701 1723 2084 1785; x_wconf 86' lang='lat' dir='ltr'><strong>animadverti</strong></span> 
     </span>
    </p>
   </div>
   <div class='ocr_carea' id='block_1_19' title="bbox 2170 548 3881 625">
    <p class='ocr_par' dir='ltr' id='par_1_19' title="bbox 2170 548 3881 625">
     <span class='ocr_line' id='line_1_19' title="bbox 2170 548 3881 625; baseline 0 -17"><span class='ocrx_word' id='word_1_126' title='bbox 2170 548 2372 609; x_wconf 84' lang='lat' dir='ltr'><strong>Rubeo</strong></span> <span class='ocrx_word' id='word_1_127' title='bbox 2401 553 2661 610; x_wconf 89' lang='lat' dir='ltr'><strong>eamdem</strong></span> <span class='ocrx_word' id='word_1_128' title='bbox 2713 551 2924 625; x_wconf 88' lang='lat' dir='ltr'><strong>Vitam,</strong></span> <span class='ocrx_word' id='word_1_129' title='bbox 2955 554 3052 612; x_wconf 87' lang='lat' dir='ltr'><strong>sed</strong></span> <span class='ocrx_word' id='word_1_130' title='bbox 3107 551 3222 610; x_wconf 91' lang='lat' dir='ltr'><strong>alio</strong></span> <span class='ocrx_word' id='word_1_131' title='bbox 3267 549 3470 610; x_wconf 88' lang='lat' dir='ltr'><strong>ordine</strong></span> <span class='ocrx_word' id='word_1_132' title='bbox 3517 549 3881 625; x_wconf 88' lang='lat' dir='ltr'><strong>dispositam,</strong></span> 
     </span>
    </p>
   </div>
   <div class='ocr_carea' id='block_1_20' title="bbox 2169 640 3883 716">
    <p class='ocr_par' dir='ltr' id='par_1_20' title="bbox 2169 640 3883 716">
     <span class='ocr_line' id='line_1_20' title="bbox 2169 640 3883 716; baseline 0.002 -21"><span class='ocrx_word' id='word_1_133' title='bbox 2169 653 2304 696; x_wconf 92' lang='lat' dir='ltr'><strong>cum</strong></span> <span class='ocrx_word' id='word_1_134' title='bbox 2348 642 2808 714; x_wconf 62' lang='lat' dir='ltr'><strong>praecedentibus</strong></span> <span class='ocrx_word' id='word_1_135' title='bbox 2850 642 3181 702; x_wconf 89' lang='lat' dir='ltr'><strong>auctoribus</strong></span> <span class='ocrx_word' id='word_1_136' title='bbox 3221 641 3507 716; x_wconf 86' lang='lat' dir='ltr'><strong>vulgavit.</strong></span> <span class='ocrx_word' id='word_1_137' title='bbox 3554 640 3695 710; x_wconf 64' lang='lat' dir='ltr'><strong>Quae</strong></span> <span class='ocrx_word' id='word_1_138' title='bbox 3740 654 3883 699; x_wconf 93' lang='lat' dir='ltr'><strong>cum</strong></span> 
     </span>
    </p>
   </div>
   <div class='ocr_carea' id='block_1_21' title="bbox 2170 730 3881 807">
    <p class='ocr_par' dir='ltr' id='par_1_21' title="bbox 2170 730 3881 807">
     <span class='ocr_line' id='line_1_21' title="bbox 2170 730 3881 807; baseline 0.001 -21"><span class='ocrx_word' id='word_1_139' title='bbox 2170 731 2365 788; x_wconf 88' lang='lat' dir='ltr'><strong>omnia</strong></span> <span class='ocrx_word' id='word_1_140' title='bbox 2411 739 2512 790; x_wconf 87' lang='lat' dir='ltr'><strong>aut</strong></span> <span class='ocrx_word' id='word_1_141' title='bbox 2559 748 2631 790; x_wconf 89' lang='lat' dir='ltr'><strong>ex</strong></span> <span class='ocrx_word' id='word_1_142' title='bbox 2672 733 2786 792; x_wconf 90' lang='lat' dir='ltr'><strong>vita</strong></span> <span class='ocrx_word' id='word_1_143' title='bbox 2826 734 3012 807; x_wconf 88' lang='lat' dir='ltr'><strong>priore</strong></span> <span class='ocrx_word' id='word_1_144' title='bbox 3054 747 3088 789; x_wconf 92' lang='lat' dir='ltr'><strong>a</strong></span> <span class='ocrx_word' id='word_1_145' title='bbox 3131 731 3354 791; x_wconf 88' lang='lat' dir='ltr'><strong>Joanne</strong></span> <span class='ocrx_word' id='word_1_146' title='bbox 3400 731 3685 806; x_wconf 86' lang='lat' dir='ltr'><strong>descripta</strong></span> <span class='ocrx_word' id='word_1_147' title='bbox 3740 730 3881 800; x_wconf 88' lang='lat' dir='ltr'><strong>sint,</strong></span> 
     </span>
    </p>
   </div>
   <div class='ocr_carea' id='block_1_22' title="bbox 2168 820 3886 899">
    <p class='ocr_par' dir='ltr' id='par_1_22' title="bbox 2168 820 3886 899">
     <span class='ocr_line' id='line_1_22' title="bbox 2168 820 3886 899; baseline 0 -21"><span class='ocrx_word' id='word_1_148' title='bbox 2168 827 2268 879; x_wconf 90' lang='lat' dir='ltr'><strong>aut</strong></span> <span class='ocrx_word' id='word_1_149' title='bbox 2333 838 2406 880; x_wconf 83' lang='lat' dir='ltr'><strong>ex</strong></span> <span class='ocrx_word' id='word_1_150' title='bbox 2477 821 2608 880; x_wconf 89' lang='lat' dir='ltr'><strong>aliis</strong></span> <span class='ocrx_word' id='word_1_151' title='bbox 2677 823 2934 899; x_wconf 73' lang='lat' dir='ltr'><strong>antiquis</strong></span> <span class='ocrx_word' id='word_1_152' title='bbox 3004 822 3356 892; x_wconf 88' lang='lat' dir='ltr'><strong>auctoribus,</strong></span> <span class='ocrx_word' id='word_1_153' title='bbox 3410 821 3482 880; x_wconf 91' lang='lat' dir='ltr'><strong>de</strong></span> <span class='ocrx_word' id='word_1_154' title='bbox 3531 821 3750 895; x_wconf 90' lang='lat' dir='ltr'><strong>quibus</strong></span> <span class='ocrx_word' id='word_1_155' title='bbox 3798 820 3886 878; x_wconf 88' lang='lat' dir='ltr'><strong>in-</strong></span> 
     </span>
    </p>
   </div>
   <div class='ocr_carea' id='block_1_23' title="bbox 2170 910 3882 988">
    <p class='ocr_par' dir='ltr' id='par_1_23' title="bbox 2170 910 3882 988">
     <span class='ocr_line' id='line_1_23' title="bbox 2170 910 3882 988; baseline 0 -20"><span class='ocrx_word' id='word_1_156' title='bbox 2170 910 2255 968; x_wconf 85' lang='lat' dir='ltr'><strong>fra</strong></span> <span class='ocrx_word' id='word_1_157' title='bbox 2303 927 2565 984; x_wconf 77' lang='lat' dir='ltr'><strong>agemus,</strong></span> <span class='ocrx_word' id='word_1_158' title='bbox 2609 919 2875 988; x_wconf 83' lang='lat' dir='ltr'><strong>excerpta</strong></span> <span class='ocrx_word' id='word_1_159' title='bbox 2921 919 3264 987; x_wconf 91' lang='lat' dir='ltr'><strong>exstentque</strong></span> <span class='ocrx_word' id='word_1_160' title='bbox 3311 911 3524 983; x_wconf 71' lang='lat' dir='ltr'><strong>saepius</strong></span> <span class='ocrx_word' id='word_1_161' title='bbox 3575 911 3724 985; x_wconf 76' lang='lat' dir='ltr'><strong>typis</strong></span> <span class='ocrx_word' id='word_1_162' title='bbox 3763 911 3882 968; x_wconf 88' lang='lat' dir='ltr'><strong>im-</strong></span> 
     </span>
    </p>
   </div>
   <div class='ocr_carea' id='block_1_24' title="bbox 2169 1000 3879 1076">
    <p class='ocr_par' dir='ltr' id='par_1_24' title="bbox 2169 1000 3879 1076">
     <span class='ocr_line' id='line_1_24' title="bbox 2169 1000 3879 1076; baseline -0.001 -18"><span class='ocrx_word' id='word_1_163' title='bbox 2169 1015 2382 1074; x_wconf 88' lang='lat' dir='ltr'><strong>pressa,</strong></span> <span class='ocrx_word' id='word_1_164' title='bbox 2433 1001 2527 1059; x_wconf 91' lang='lat' dir='ltr'><strong>hic</strong></span> <span class='ocrx_word' id='word_1_165' title='bbox 2567 1002 2912 1072; x_wconf 88' lang='lat' dir='ltr'><strong>omittimus,</strong></span> <span class='ocrx_word' id='word_1_166' title='bbox 2964 1002 3188 1076; x_wconf 84' lang='lat' dir='ltr'><strong>rejectis</strong></span> <span class='ocrx_word' id='word_1_167' title='bbox 3234 1000 3536 1060; x_wconf 88' lang='lat' dir='ltr'><strong>nonnullis</strong></span> <span class='ocrx_word' id='word_1_168' title='bbox 3579 1000 3641 1059; x_wconf 92' lang='lat' dir='ltr'><strong>in</strong></span> <span class='ocrx_word' id='word_1_169' title='bbox 3691 1007 3879 1071; x_wconf 89' lang='lat' dir='ltr'><strong>notas,</strong></span> 
     </span>
    </p>
   </div>
   <div class='ocr_carea' id='block_1_25' title="bbox 2169 1087 3881 1164">
    <p class='ocr_par' dir='ltr' id='par_1_25' title="bbox 2169 1087 3881 1164">
     <span class='ocr_line' id='line_1_25' title="bbox 2169 1087 3881 1164; baseline -0.001 -16"><span class='ocrx_word' id='word_1_170' title='bbox 2169 1095 2225 1148; x_wconf 92' lang='lat' dir='ltr'><strong>et</strong></span> <span class='ocrx_word' id='word_1_171' title='bbox 2275 1097 2579 1164; x_wconf 88' lang='lat' dir='ltr'><strong>sequentes</strong></span> <span class='ocrx_word' id='word_1_172' title='bbox 2633 1093 2720 1164; x_wconf 83' lang='lat'><strong>§§.</strong></span> <span class='ocrx_word' id='word_1_173' title='bbox 2776 1091 3058 1150; x_wconf 88' lang='lat' dir='ltr'><strong>Eamdem</strong></span> <span class='ocrx_word' id='word_1_174' title='bbox 3119 1091 3311 1150; x_wconf 91' lang='lat' dir='ltr'><strong>Vitam</strong></span> <span class='ocrx_word' id='word_1_175' title='bbox 3381 1089 3578 1149; x_wconf 89' lang='lat' dir='ltr'><strong>Italice</strong></span> <span class='ocrx_word' id='word_1_176' title='bbox 3647 1089 3745 1148; x_wconf 89' lang='lat' dir='ltr'><strong>lib.</strong></span> <span class='ocrx_word' id='word_1_177' title='bbox 3803 1087 3881 1146; x_wconf 91' lang='lat' dir='ltr'><strong>de</strong></span> 
     </span>
    </p>
   </div>
   <div class='ocr_carea' id='block_1_26' title="bbox 2172 1177 3882 1246">
    <p class='ocr_par' dir='ltr' id='par_1_26' title="bbox 2172 1177 3882 1246">
     <span class='ocr_line' id='line_1_26' title="bbox 2172 1177 3882 1246; baseline -0.001 -9"><span class='ocrx_word' id='word_1_178' title='bbox 2172 1177 2396 1237; x_wconf 91' lang='lat' dir='ltr'><strong>Sanctis</strong></span> <span class='ocrx_word' id='word_1_179' title='bbox 2441 1194 2504 1237; x_wconf 92' lang='lat' dir='ltr'><strong>ac</strong></span> <span class='ocrx_word' id='word_1_180' title='bbox 2546 1178 2736 1239; x_wconf 89' lang='lat' dir='ltr'><strong>Beatis</strong></span> <span class='ocrx_word' id='word_1_181' title='bbox 2772 1179 3324 1246; x_wconf 51' lang='lat' dir='ltr'><strong>,Camaldulensibus</strong></span> <span class='ocrx_word' id='word_1_182' title='bbox 3373 1179 3553 1238; x_wconf 89' lang='lat' dir='ltr'><strong>edidit</strong></span> <span class='ocrx_word' id='word_1_183' title='bbox 3596 1177 3882 1238; x_wconf 85' lang='lat' dir='ltr'><strong>Silvanus</strong></span> 
     </span>
    </p>
   </div>
   <div class='ocr_carea' id='block_1_27' title="bbox 2169 1267 3883 1343">
    <p class='ocr_par' dir='ltr' id='par_1_27' title="bbox 2169 1267 3883 1343">
     <span class='ocr_line' id='line_1_27' title="bbox 2169 1267 3883 1343; baseline -0.002 -16"><span class='ocrx_word' id='word_1_184' title='bbox 2169 1269 2410 1327; x_wconf 81' lang='lat' dir='ltr'><strong>Razzius</strong></span> <span class='ocrx_word' id='word_1_185' title='bbox 2464 1268 2639 1332; x_wconf 84' lang='lat' dir='ltr'><strong>abbas</strong></span> <span class='ocrx_word' id='word_1_186' title='bbox 2701 1268 3158 1328; x_wconf 88' lang='lat' dir='ltr'><strong>Camaldulensis</strong></span> <span class='ocrx_word' id='word_1_187' title='bbox 3207 1289 3220 1328; x_wconf 92' lang='lat'><strong>:</strong></span> <span class='ocrx_word' id='word_1_188' title='bbox 3276 1284 3454 1343; x_wconf 89' lang='lat' dir='ltr'><strong>quam</strong></span> <span class='ocrx_word' id='word_1_189' title='bbox 3509 1267 3883 1340; x_wconf 88' lang='lat' dir='ltr'><strong>potissimum</strong></span> 
     </span>
    </p>
   </div>
   <div class='ocr_carea' id='block_1_28' title="bbox 2166 1359 3264 1432">
    <p class='ocr_par' dir='ltr' id='par_1_28' title="bbox 2166 1359 3264 1432">
     <span class='ocr_line' id='line_1_28' title="bbox 2166 1359 3264 1432; baseline -0.002 -13"><span class='ocrx_word' id='word_1_190' title='bbox 2166 1361 2444 1432; x_wconf 68' lang='lat' dir='ltr'><strong>praefatur</strong></span> <span class='ocrx_word' id='word_1_191' title='bbox 2466 1375 2526 1419; x_wconf 91' lang='lat' dir='ltr'><strong>se</strong></span> <span class='ocrx_word' id='word_1_192' title='bbox 2551 1376 2625 1418; x_wconf 85' lang='lat' dir='ltr'><strong>ex</strong></span> <span class='ocrx_word' id='word_1_193' title='bbox 2657 1359 2857 1420; x_wconf 84' lang='lat' dir='ltr'><strong>Rubeo</strong></span> <span class='ocrx_word' id='word_1_194' title='bbox 2887 1359 3264 1420; x_wconf 87' lang='lat' dir='ltr'><strong>transtulisse.</strong></span> 
     </span>
    </p>
   </div>
   <div class='ocr_carea' id='block_1_29' title="bbox 2243 1447 3885 1509">
    <p class='ocr_par' dir='ltr' id='par_1_29' title="bbox 2243 1447 3885 1509">
     <span class='ocr_line' id='line_1_29' title="bbox 2243 1447 3885 1509; baseline -0.002 -2"><span class='ocrx_word' id='word_1_195' title='bbox 2243 1449 2325 1507; x_wconf 76' lang='grc'><strong>14.</strong></span> <span class='ocrx_word' id='word_1_196' title='bbox 2390 1449 2630 1509; x_wconf 90' lang='lat' dir='ltr'><strong>Beatum</strong></span> <span class='ocrx_word' id='word_1_197' title='bbox 2691 1449 2927 1509; x_wconf 86' lang='lat' dir='ltr'><strong>Petrum</strong></span> <span class='ocrx_word' id='word_1_198' title='bbox 2982 1448 3330 1508; x_wconf 87' lang='lat' dir='ltr'><strong>Damianum</strong></span> <span class='ocrx_word' id='word_1_199' title='bbox 3383 1447 3477 1507; x_wconf 92' lang='lat' dir='ltr'><strong>die</strong></span> <span class='ocrx_word' id='word_1_200' title='bbox 3533 1447 3885 1506; x_wconf 86' lang='lat' dir='ltr'><strong>anniversa-</strong></span> 
     </span>
    </p>
   </div>
   <div class='ocr_carea' id='block_1_30' title="bbox 2167 1535 3885 1614">
    <p class='ocr_par' dir='ltr' id='par_1_30' title="bbox 2167 1535 3885 1614">
     <span class='ocr_line' id='line_1_30' title="bbox 2167 1535 3885 1614; baseline -0.002 -18"><span class='ocrx_word' id='word_1_201' title='bbox 2167 1539 2252 1597; x_wconf 91' lang='lat' dir='ltr'><strong>ria</strong></span> <span class='ocrx_word' id='word_1_202' title='bbox 2305 1539 2590 1598; x_wconf 70' lang='lat' dir='ltr'><strong>cathedrae</strong></span> <span class='ocrx_word' id='word_1_203' title='bbox 2643 1538 2700 1598; x_wconf 90' lang='lat' dir='ltr'><strong>S.</strong></span> <span class='ocrx_word' id='word_1_204' title='bbox 2756 1539 2910 1598; x_wconf 90' lang='lat' dir='ltr'><strong>Petri</strong></span> <span class='ocrx_word' id='word_1_205' title='bbox 2985 1539 3225 1614; x_wconf 88' lang='lat' dir='ltr'><strong>apostoli</strong></span> <span class='ocrx_word' id='word_1_206' title='bbox 3292 1537 3560 1613; x_wconf 90' lang='lat' dir='ltr'><strong>spiritum</strong></span> <span class='ocrx_word' id='word_1_207' title='bbox 3637 1535 3885 1595; x_wconf 91' lang='lat' dir='ltr'><strong>Domino</strong></span> 
     </span>
    </p>
   </div>
   <div class='ocr_carea' id='block_1_31' title="bbox 2167 1623 3888 1699">
    <p class='ocr_par' dir='ltr' id='par_1_31' title="bbox 2167 1623 3888 1699">
     <span class='ocr_line' id='line_1_31' title="bbox 2167 1623 3888 1699; baseline -0.002 -13"><span class='ocrx_word' id='word_1_208' title='bbox 2167 1627 2500 1699; x_wconf 86' lang='lat' dir='ltr'><strong>reddidisse,</strong></span> <span class='ocrx_word' id='word_1_209' title='bbox 2547 1627 2780 1687; x_wconf 76' lang='lat' dir='ltr'><strong>tradunt</strong></span> <span class='ocrx_word' id='word_1_210' title='bbox 2829 1629 3081 1687; x_wconf 90' lang='lat' dir='ltr'><strong>Joannes</strong></span> <span class='ocrx_word' id='word_1_211' title='bbox 3129 1629 3192 1686; x_wconf 91' lang='lat' dir='ltr'><strong>in</strong></span> <span class='ocrx_word' id='word_1_212' title='bbox 3243 1627 3374 1685; x_wconf 86' lang='lat' dir='ltr'><strong>Vita</strong></span> <span class='ocrx_word' id='word_1_213' title='bbox 3426 1643 3485 1685; x_wconf 94' lang='lat' dir='ltr'><strong>n.</strong></span> <span class='ocrx_word' id='word_1_214' title='bbox 3536 1626 3626 1698; x_wconf 79' lang='lat'><strong>49,</strong></span> <span class='ocrx_word' id='word_1_215' title='bbox 3676 1631 3732 1684; x_wconf 90' lang='lat' dir='ltr'><strong>et</strong></span> <span class='ocrx_word' id='word_1_216' title='bbox 3778 1623 3888 1684; x_wconf 88' lang='lat' dir='ltr'><strong>alii</strong></span> 
     </span>
    </p>
   </div>
   <div class='ocr_carea' id='block_1_32' title="bbox 2167 1716 3888 1778">
    <p class='ocr_par' dir='ltr' id='par_1_32' title="bbox 2167 1716 3888 1778">
     <span class='ocr_line' id='line_1_32' title="bbox 2167 1716 3888 1778; baseline -0.001 -4"><span class='ocrx_word' id='word_1_217' title='bbox 2167 1732 2304 1776; x_wconf 92' lang='lat' dir='ltr'><strong>eum</strong></span> <span class='ocrx_word' id='word_1_218' title='bbox 2333 1719 2535 1777; x_wconf 88' lang='lat' dir='ltr'><strong>secuti.</strong></span> <span class='ocrx_word' id='word_1_219' title='bbox 2567 1718 2650 1778; x_wconf 89' lang='lat' dir='ltr'><strong>Ob</strong></span> <span class='ocrx_word' id='word_1_220' title='bbox 2691 1718 2840 1778; x_wconf 89' lang='lat' dir='ltr'><strong>hanc</strong></span> <span class='ocrx_word' id='word_1_221' title='bbox 2871 1724 3060 1776; x_wconf 91' lang='lat' dir='ltr'><strong>tamen</strong></span> <span class='ocrx_word' id='word_1_222' title='bbox 3099 1716 3398 1776; x_wconf 73' lang='lat' dir='ltr'><strong>Catliedrte</strong></span> <span class='ocrx_word' id='word_1_223' title='bbox 3456 1716 3888 1775; x_wconf 87' lang='lat' dir='ltr'><strong>solemnitatem</strong></span> 
     </span>
    </p>
   </div>
   <div class='ocr_carea' id='block_1_33' title="bbox 375 1797 3885 1893">
    <p class='ocr_par' dir='ltr' id='par_1_33' title="bbox 375 1797 3885 1893">
     <span class='ocr_line' id='line_1_33' title="bbox 375 1797 3885 1893; baseline 0.002 -34"><span class='ocrx_word' id='word_1_224' title='bbox 375 1797 750 1893; x_wconf 77' lang='lat' dir='ltr'><strong>indescripta</strong></span> <span class='ocrx_word' id='word_1_225' title='bbox 780 1819 966 1878; x_wconf 90' lang='lat' dir='ltr'><strong>nuper</strong></span> <span class='ocrx_word' id='word_1_226' title='bbox 997 1821 1030 1864; x_wconf 91' lang='lat' dir='ltr'><strong>a</strong></span> <span class='ocrx_word' id='word_1_227' title='bbox 1061 1822 1155 1866; x_wconf 92' lang='lat' dir='ltr'><strong>me</strong></span> <span class='ocrx_word' id='word_1_228' title='bbox 1192 1808 1256 1867; x_wconf 89' lang='grc' dir='ltr'><strong>Β.</strong></span> <span class='ocrx_word' id='word_1_229' title='bbox 1289 1809 1543 1870; x_wconf 90' lang='lat' dir='ltr'><strong>Terentii</strong></span> <span class='ocrx_word' id='word_1_230' title='bbox 1581 1815 1945 1888; x_wconf 82' lang='lat' dir='ltr'><strong>confessoris,</strong></span> <span class='ocrx_word' id='word_1_231' title='bbox 1977 1817 2078 1892; x_wconf 89' lang='lat' dir='ltr'><strong>qui</strong></span> <span class='ocrx_word' id='word_1_232' title='bbox 2098 1833 2144 1893; x_wconf 79' lang='grc' dir='ltr'><strong>Β</strong></span> <span class='ocrx_word' id='word_1_233' title='bbox 2167 1808 2473 1868; x_wconf 86' lang='lat' dir='ltr'><strong>Faventini</strong></span> <span class='ocrx_word' id='word_1_234' title='bbox 2513 1809 2940 1870; x_wconf 89' lang='lat' dir='ltr'><strong>venerationem</strong></span> <span class='ocrx_word' id='word_1_235' title='bbox 2980 1809 3044 1869; x_wconf 92' lang='lat' dir='ltr'><strong>B.</strong></span> <span class='ocrx_word' id='word_1_236' title='bbox 3080 1809 3230 1868; x_wconf 85' lang='lat' dir='ltr'><strong>Petri</strong></span> <span class='ocrx_word' id='word_1_237' title='bbox 3261 1809 3323 1868; x_wconf 91' lang='lat' dir='ltr'><strong>in</strong></span> <span class='ocrx_word' id='word_1_238' title='bbox 3353 1808 3507 1868; x_wconf 92' lang='lat' dir='ltr'><strong>diem</strong></span> <span class='ocrx_word' id='word_1_239' title='bbox 3541 1809 3885 1882; x_wconf 88' lang='lat' dir='ltr'><strong>proximum</strong></span> 
     </span>
    </p>
   </div>
   <div class='ocr_carea' id='block_1_34' title="bbox 379 1887 3884 1979">
    <p class='ocr_par' dir='ltr' id='par_1_34' title="bbox 379 1887 3884 1979">
     <span class='ocr_line' id='line_1_34' title="bbox 379 1887 3884 1979; baseline 0.002 -35"><span class='ocrx_word' id='word_1_240' title='bbox 379 1887 525 1946; x_wconf 90' lang='lat' dir='ltr'><strong>mihi</strong></span> <span class='ocrx_word' id='word_1_241' title='bbox 571 1890 793 1964; x_wconf 88' lang='lat' dir='ltr'><strong>primus</strong></span> <span class='ocrx_word' id='word_1_242' title='bbox 841 1893 1066 1955; x_wconf 89' lang='lat' dir='ltr'><strong>oblatus</strong></span> <span class='ocrx_word' id='word_1_243' title='bbox 1109 1904 1214 1968; x_wconf 90' lang='lat' dir='ltr'><strong>est,</strong></span> <span class='ocrx_word' id='word_1_244' title='bbox 1259 1915 1323 1957; x_wconf 90' lang='lat' dir='ltr'><strong>ac</strong></span> <span class='ocrx_word' id='word_1_245' title='bbox 1370 1899 1435 1960; x_wconf 93' lang='lat' dir='ltr'><strong>B.</strong></span> <span class='ocrx_word' id='word_1_246' title='bbox 1481 1900 1682 1961; x_wconf 90' lang='lat' dir='ltr'><strong>Sabini</strong></span> <span class='ocrx_word' id='word_1_247' title='bbox 1729 1887 2009 1979; x_wconf 62' lang='lat' dir='ltr'><strong>episcopi,</strong></span> <span class='ocrx_word' id='word_1_248' title='bbox 2033 1887 2139 1968; x_wconf 60' lang='grc' dir='ltr'><strong>θι-</strong></span> <span class='ocrx_word' id='word_1_249' title='bbox 2166 1898 2234 1957; x_wconf 81' lang='grc'>23</span> <span class='ocrx_word' id='word_1_250' title='bbox 2283 1899 2448 1959; x_wconf 90' lang='lat' dir='ltr'><strong>Febr.</strong></span> <span class='ocrx_word' id='word_1_251' title='bbox 2499 1899 2786 1974; x_wconf 89' lang='lat' dir='ltr'><strong>rejiciunt,</strong></span> <span class='ocrx_word' id='word_1_252' title='bbox 2819 1914 2935 1974; x_wconf 90' lang='lat' dir='ltr'><strong>quo</strong></span> <span class='ocrx_word' id='word_1_253' title='bbox 2987 1899 3081 1957; x_wconf 91' lang='lat' dir='ltr'><strong>die</strong></span> <span class='ocrx_word' id='word_1_254' title='bbox 3133 1898 3430 1957; x_wconf 89' lang='lat' dir='ltr'><strong>Ferrarius</strong></span> <span class='ocrx_word' id='word_1_255' title='bbox 3491 1900 3552 1957; x_wconf 91' lang='lat' dir='ltr'><strong>in</strong></span> <span class='ocrx_word' id='word_1_256' title='bbox 3612 1896 3884 1968; x_wconf 89' lang='lat' dir='ltr'><strong>Catalogo</strong></span> 
     </span>
    </p>
   </div>
   <div class='ocr_carea' id='block_1_35' title="bbox 379 1980 3883 2072">
    <p class='ocr_par' dir='ltr' id='par_1_35' title="bbox 379 1980 3883 2072">
     <span class='ocr_line' id='line_1_35' title="bbox 379 1980 3883 2072; baseline 0.003 -37"><span class='ocrx_word' id='word_1_257' title='bbox 379 1980 648 2072; x_wconf 62' lang='lat' dir='ltr'><strong>martyris</strong></span> <span class='ocrx_word' id='word_1_258' title='bbox 678 1981 816 2042; x_wconf 87' lang='lat' dir='ltr'><strong>vita.</strong></span> <span class='ocrx_word' id='word_1_259' title='bbox 841 1981 1028 2053; x_wconf 89' lang='lat' dir='ltr'><strong>Quare</strong></span> <span class='ocrx_word' id='word_1_260' title='bbox 1057 2002 1190 2045; x_wconf 88' lang='lat' dir='ltr'><strong>cum</strong></span> <span class='ocrx_word' id='word_1_261' title='bbox 1213 2003 1246 2045; x_wconf 88' lang='lat' dir='ltr'><strong>a</strong></span> <span class='ocrx_word' id='word_1_262' title='bbox 1277 1989 1440 2049; x_wconf 89' lang='lat' dir='ltr'><strong>vobis</strong></span> <span class='ocrx_word' id='word_1_263' title='bbox 1468 1991 1738 2064; x_wconf 90' lang='lat' dir='ltr'><strong>duorum,</strong></span> <span class='ocrx_word' id='word_1_264' title='bbox 1767 1996 1870 2072; x_wconf 90' lang='lat' dir='ltr'><strong>qui</strong></span> <span class='ocrx_word' id='word_1_265' title='bbox 1897 1996 2088 2056; x_wconf 84' lang='lat' dir='ltr'><strong>adhuc</strong></span> <span class='ocrx_word' id='word_1_266' title='bbox 2165 1991 2421 2065; x_wconf 86' lang='lat' dir='ltr'><strong>generali</strong></span> <span class='ocrx_word' id='word_1_267' title='bbox 2455 1991 2559 2048; x_wconf 92' lang='lat' dir='ltr'><strong>ista</strong></span> <span class='ocrx_word' id='word_1_268' title='bbox 2599 1991 2769 2050; x_wconf 87' lang='lat' dir='ltr'><strong>habet</strong></span> <span class='ocrx_word' id='word_1_269' title='bbox 2802 2011 2814 2050; x_wconf 88' lang='lat'><strong>:</strong></span> <span class='ocrx_word' id='word_1_270' title='bbox 2854 2014 2875 2044; x_wconf 72' lang='grc' dir='ltr'>ι</span> <span class='ocrx_word' id='word_1_271' title='bbox 2914 1991 3207 2050; x_wconf 77' lang='lat' dir='ltr'><strong>Faventite</strong></span> <span class='ocrx_word' id='word_1_272' title='bbox 3244 1991 3304 2048; x_wconf 92' lang='lat' dir='ltr'><strong>in</strong></span> <span class='ocrx_word' id='word_1_273' title='bbox 3353 1989 3589 2048; x_wconf 65' lang='lat' dir='ltr'><strong>[Emilia</strong></span> <span class='ocrx_word' id='word_1_274' title='bbox 3627 1987 3684 2047; x_wconf 93' lang='lat' dir='ltr'><strong>S.</strong></span> <span class='ocrx_word' id='word_1_275' title='bbox 3728 1986 3883 2046; x_wconf 89' lang='lat' dir='ltr'><strong>Petri</strong></span> 
     </span>
    </p>
   </div>
   <div class='ocr_carea' id='block_1_36' title="bbox 378 2066 3880 2159">
    <p class='ocr_par' dir='ltr' id='par_1_36' title="bbox 378 2066 3880 2159">
     <span class='ocr_line' id='line_1_36' title="bbox 378 2066 3880 2159; baseline 0.002 -33"><span class='ocrx_word' id='word_1_276' title='bbox 378 2066 688 2159; x_wconf 79' lang='lat' dir='ltr'><strong>restabant,</strong></span> <span class='ocrx_word' id='word_1_277' title='bbox 724 2080 1055 2133; x_wconf 91' lang='lat' dir='ltr'><strong>sanctorum</strong></span> <span class='ocrx_word' id='word_1_278' title='bbox 1095 2077 1347 2136; x_wconf 87' lang='lat' dir='ltr'><strong>similem</strong></span> <span class='ocrx_word' id='word_1_279' title='bbox 1385 2095 1417 2137; x_wconf 91' lang='lat' dir='ltr'><strong>a</strong></span> <span class='ocrx_word' id='word_1_280' title='bbox 1470 2095 1562 2137; x_wconf 89' lang='lat' dir='ltr'><strong>me</strong></span> <span class='ocrx_word' id='word_1_281' title='bbox 1605 2066 1837 2156; x_wconf 79' lang='lat' dir='ltr'><strong>cperam</strong></span> <span class='ocrx_word' id='word_1_282' title='bbox 1877 2100 2085 2159; x_wconf 83' lang='lat' dir='ltr'><strong>exspe-</strong></span> <span class='ocrx_word' id='word_1_283' title='bbox 2166 2081 2433 2139; x_wconf 90' lang='lat' dir='ltr'><strong>Damiani</strong></span> <span class='ocrx_word' id='word_1_284' title='bbox 2461 2081 2712 2155; x_wconf 87' lang='lat' dir='ltr'><strong>episcopi</strong></span> <span class='ocrx_word' id='word_1_285' title='bbox 2749 2081 3044 2150; x_wconf 82' lang='lat' dir='ltr'><strong>Ostiensis,</strong></span> <span class='ocrx_word' id='word_1_286' title='bbox 3078 2082 3203 2154; x_wconf 86' lang='lat' dir='ltr'><strong>ejus</strong></span> <span class='ocrx_word' id='word_1_287' title='bbox 3255 2079 3418 2138; x_wconf 89' lang='lat' dir='ltr'><strong>urbis</strong></span> <span class='ocrx_word' id='word_1_288' title='bbox 3461 2076 3812 2153; x_wconf 88' lang='lat' dir='ltr'><strong>protectoris.</strong></span> <span class='ocrx_word' id='word_1_289' title='bbox 3854 2099 3880 2125; x_wconf 76' lang='grc' dir='ltr'>η</span> 
     </span>
    </p>
   </div>
   <div class='ocr_carea' id='block_1_37' title="bbox 376 2155 3883 2243">
    <p class='ocr_par' dir='ltr' id='par_1_37' title="bbox 376 2155 3883 2243">
     <span class='ocr_line' id='line_1_37' title="bbox 376 2155 3883 2243; baseline 0.004 -33"><span class='ocrx_word' id='word_1_290' title='bbox 376 2155 515 2212; x_wconf 90' lang='lat' dir='ltr'><strong>ctari</strong></span> <span class='ocrx_word' id='word_1_291' title='bbox 559 2158 843 2233; x_wconf 90' lang='lat' dir='ltr'><strong>audirem,</strong></span> <span class='ocrx_word' id='word_1_292' title='bbox 871 2165 1068 2236; x_wconf 85' lang='lat' dir='ltr'><strong>putavi</strong></span> <span class='ocrx_word' id='word_1_293' title='bbox 1116 2181 1209 2222; x_wconf 91' lang='lat' dir='ltr'><strong>me</strong></span> <span class='ocrx_word' id='word_1_294' title='bbox 1254 2167 1460 2226; x_wconf 91' lang='lat' dir='ltr'><strong>debere</strong></span> <span class='ocrx_word' id='word_1_295' title='bbox 1505 2155 1704 2229; x_wconf 85' lang='lat' dir='ltr'><strong>eodem</strong></span> <span class='ocrx_word' id='word_1_296' title='bbox 1744 2174 1936 2232; x_wconf 92' lang='lat' dir='ltr'><strong>studio</strong></span> <span class='ocrx_word' id='word_1_297' title='bbox 1979 2155 2084 2232; x_wconf 79' lang='lat' dir='ltr'><strong>ex-</strong></span> <span class='ocrx_word' id='word_1_298' title='bbox 2169 2169 2441 2243; x_wconf 86' lang='lat' dir='ltr'><strong>Longiori</strong></span> <span class='ocrx_word' id='word_1_299' title='bbox 2513 2171 2774 2228; x_wconf 91' lang='lat' dir='ltr'><strong>encomio</strong></span> <span class='ocrx_word' id='word_1_300' title='bbox 2843 2170 3114 2230; x_wconf 90' lang='lat' dir='ltr'><strong>eumdem</strong></span> <span class='ocrx_word' id='word_1_301' title='bbox 3185 2169 3432 2228; x_wconf 90' lang='lat' dir='ltr'><strong>celebrat</strong></span> <span class='ocrx_word' id='word_1_302' title='bbox 3498 2169 3558 2226; x_wconf 93' lang='lat' dir='ltr'><strong>in</strong></span> <span class='ocrx_word' id='word_1_303' title='bbox 3614 2165 3883 2239; x_wconf 87' lang='lat' dir='ltr'><strong>Catalogo</strong></span> 
     </span>
    </p>
   </div>
   <div class='ocr_carea' id='block_1_38' title="bbox 382 2246 3882 2336">
    <p class='ocr_par' dir='ltr' id='par_1_38' title="bbox 382 2246 3882 2336">
     <span class='ocr_line' id='line_1_38' title="bbox 382 2246 3882 2336; baseline 0.002 -34"><span class='ocrx_word' id='word_1_304' title='bbox 382 2246 715 2336; x_wconf 70' lang='lat' dir='ltr'><strong>spectationi</strong></span> <span class='ocrx_word' id='word_1_305' title='bbox 767 2261 973 2310; x_wconf 72' lang='lat' dir='ltr'><strong>vestras</strong></span> <span class='ocrx_word' id='word_1_306' title='bbox 1027 2271 1094 2312; x_wconf 92' lang='lat' dir='ltr'><strong>ac</strong></span> <span class='ocrx_word' id='word_1_307' title='bbox 1145 2255 1430 2314; x_wconf 89' lang='lat' dir='ltr'><strong>desiderio</strong></span> <span class='ocrx_word' id='word_1_308' title='bbox 1485 2263 1850 2335; x_wconf 81' lang='lat' dir='ltr'><strong>reSpondere.</strong></span> <span class='ocrx_word' id='word_1_309' title='bbox 1903 2264 2088 2336; x_wconf 80' lang='lat' dir='ltr'><strong>Igitur</strong></span> <span class='ocrx_word' id='word_1_310' title='bbox 2171 2256 2273 2316; x_wconf 92' lang='lat' dir='ltr'><strong>SS.</strong></span> <span class='ocrx_word' id='word_1_311' title='bbox 2303 2256 2507 2330; x_wconf 75' lang='lat' dir='ltr'><strong>Italize,</strong></span> <span class='ocrx_word' id='word_1_312' title='bbox 2539 2274 2605 2316; x_wconf 90' lang='lat' dir='ltr'><strong>ac</strong></span> <span class='ocrx_word' id='word_1_313' title='bbox 2635 2264 2814 2315; x_wconf 85' lang='lat' dir='ltr'><strong>sancti</strong></span> <span class='ocrx_word' id='word_1_314' title='bbox 2850 2259 3014 2317; x_wconf 90' lang='lat' dir='ltr'><strong>titulo</strong></span> <span class='ocrx_word' id='word_1_315' title='bbox 3050 2258 3223 2317; x_wconf 89' lang='lat' dir='ltr'><strong>etiam</strong></span> <span class='ocrx_word' id='word_1_316' title='bbox 3252 2263 3436 2328; x_wconf 89' lang='lat' dir='ltr'><strong>ornat,</strong></span> <span class='ocrx_word' id='word_1_317' title='bbox 3475 2257 3604 2315; x_wconf 92' lang='lat' dir='ltr'><strong>licet</strong></span> <span class='ocrx_word' id='word_1_318' title='bbox 3637 2256 3882 2312; x_wconf 88' lang='lat' dir='ltr'><strong>nondum</strong></span> 
     </span>
    </p>
   </div>
   <div class='ocr_carea' id='block_1_39' title="bbox 375 2331 3880 2428">
    <p class='ocr_par' dir='ltr' id='par_1_39' title="bbox 375 2331 3880 2428">
     <span class='ocr_line' id='line_1_39' title="bbox 375 2331 3880 2428; baseline 0.002 -32"><span class='ocrx_word' id='word_1_319' title='bbox 375 2331 444 2428; x_wconf 62' lang='grc' dir='ltr'><strong>β.</strong></span> <span class='ocrx_word' id='word_1_320' title='bbox 492 2336 650 2428; x_wconf 62' lang='lat' dir='ltr'><strong>Petri</strong></span> <span class='ocrx_word' id='word_1_321' title='bbox 687 2339 973 2413; x_wconf 87' lang='lat' dir='ltr'><strong>Damiani,</strong></span> <span class='ocrx_word' id='word_1_322' title='bbox 1029 2351 1084 2402; x_wconf 91' lang='lat' dir='ltr'><strong>et</strong></span> <span class='ocrx_word' id='word_1_323' title='bbox 1123 2344 1180 2412; x_wconf 87' lang='lat' dir='ltr'><strong>S.</strong></span> <span class='ocrx_word' id='word_1_324' title='bbox 1218 2347 1544 2420; x_wconf 63' lang='lat' dir='ltr'><strong>Emiliani,</strong></span> <span class='ocrx_word' id='word_1_325' title='bbox 1578 2331 1730 2423; x_wconf 66' lang='lat' dir='ltr'><strong>quos</strong></span> <span class='ocrx_word' id='word_1_326' title='bbox 1768 2331 2085 2428; x_wconf 49' lang='lat' dir='ltr'><strong>episcopale</strong></span> <span class='ocrx_word' id='word_1_327' title='bbox 2167 2351 2224 2402; x_wconf 85' lang='lat' dir='ltr'><strong>in</strong></span> <span class='ocrx_word' id='word_1_328' title='bbox 2284 2353 2592 2402; x_wconf 87' lang='lat' dir='ltr'><strong>sanctorum</strong></span> <span class='ocrx_word' id='word_1_329' title='bbox 2645 2365 2925 2403; x_wconf 81' lang='lat' dir='ltr'><strong>numerum</strong></span> <span class='ocrx_word' id='word_1_330' title='bbox 2981 2349 3212 2402; x_wconf 83' lang='lat' dir='ltr'><strong>relatum</strong></span> <span class='ocrx_word' id='word_1_331' title='bbox 3263 2363 3374 2402; x_wconf 86' lang='lat' dir='ltr'><strong>esse</strong></span> <span class='ocrx_word' id='word_1_332' title='bbox 3430 2346 3690 2405; x_wconf 83' lang='lat' dir='ltr'><strong>fateatur.</strong></span> <span class='ocrx_word' id='word_1_333' title='bbox 3729 2347 3880 2404; x_wconf 81' lang='lat' dir='ltr'><strong>Cum</strong></span> 
     </span>
    </p>
   </div>
   <div class='ocr_carea' id='block_1_40' title="bbox 375 2423 3882 2510">
    <p class='ocr_par' dir='ltr' id='par_1_40' title="bbox 375 2423 3882 2510">
     <span class='ocr_line' id='line_1_40' title="bbox 375 2423 3882 2510; baseline 0.004 -30"><span class='ocrx_word' id='word_1_334' title='bbox 375 2423 671 2499; x_wconf 85' lang='lat' dir='ltr'><strong>fastigium</strong></span> <span class='ocrx_word' id='word_1_335' title='bbox 743 2444 879 2488; x_wconf 89' lang='lat' dir='ltr'><strong>cum</strong></span> <span class='ocrx_word' id='word_1_336' title='bbox 951 2433 1247 2491; x_wconf 86' lang='lat' dir='ltr'><strong>sanctitate</strong></span> <span class='ocrx_word' id='word_1_337' title='bbox 1318 2433 1572 2494; x_wconf 91' lang='lat' dir='ltr'><strong>illustres</strong></span> <span class='ocrx_word' id='word_1_338' title='bbox 1626 2423 2082 2510; x_wconf 37' lang='lat' dir='ltr'><strong>fecit,&#39;duobus,</strong></span> <span class='ocrx_word' id='word_1_339' title='bbox 2166 2434 2427 2492; x_wconf 86' lang='lat' dir='ltr'><strong>Ferrario</strong></span> <span class='ocrx_word' id='word_1_340' title='bbox 2465 2442 2711 2491; x_wconf 83' lang='lat' dir='ltr'><strong>sanctum</strong></span> <span class='ocrx_word' id='word_1_341' title='bbox 2756 2435 3003 2510; x_wconf 88' lang='lat' dir='ltr'><strong>appellat</strong></span> <span class='ocrx_word' id='word_1_342' title='bbox 3049 2435 3368 2493; x_wconf 88' lang='lat' dir='ltr'><strong>Jacobillus</strong></span> <span class='ocrx_word' id='word_1_343' title='bbox 3419 2435 3489 2490; x_wconf 89' lang='lat' dir='ltr'><strong>de</strong></span> <span class='ocrx_word' id='word_1_344' title='bbox 3544 2433 3786 2503; x_wconf 89' lang='lat' dir='ltr'><strong>Sanctis,</strong></span> <span class='ocrx_word' id='word_1_345' title='bbox 3811 2449 3882 2493; x_wconf 91' lang='lat' dir='ltr'><strong>ac</strong></span> 
     </span>
    </p>
   </div>
   <div class='ocr_carea' id='block_1_41' title="bbox 376 2515 3884 2602">
    <p class='ocr_par' dir='ltr' id='par_1_41' title="bbox 376 2515 3884 2602">
     <span class='ocr_line' id='line_1_41' title="bbox 376 2515 3884 2602; baseline 0.003 -32"><span class='ocrx_word' id='word_1_346' title='bbox 376 2527 524 2587; x_wconf 91' lang='lat' dir='ltr'><strong>quos</strong></span> <span class='ocrx_word' id='word_1_347' title='bbox 575 2515 722 2586; x_wconf 86' lang='lat' dir='ltr'><strong>dixi,</strong></span> <span class='ocrx_word' id='word_1_348' title='bbox 769 2518 1061 2590; x_wconf 88' lang='lat' dir='ltr'><strong>prioribus</strong></span> <span class='ocrx_word' id='word_1_349' title='bbox 1111 2521 1311 2594; x_wconf 89' lang='lat' dir='ltr'><strong>adjeci,</strong></span> <span class='ocrx_word' id='word_1_350' title='bbox 1355 2531 1417 2581; x_wconf 91' lang='lat' dir='ltr'><strong>ut</strong></span> <span class='ocrx_word' id='word_1_351' title='bbox 1471 2532 1785 2598; x_wconf 88' lang='lat' dir='ltr'><strong>spectatum</strong></span> <span class='ocrx_word' id='word_1_352' title='bbox 1836 2531 1978 2602; x_wconf 87' lang='lat' dir='ltr'><strong>jam,</strong></span> <span class='ocrx_word' id='word_1_353' title='bbox 2022 2529 2085 2587; x_wconf 87' lang='lat' dir='ltr'><strong>ni</strong></span> <span class='ocrx_word' id='word_1_354' title='bbox 2163 2521 2352 2581; x_wconf 88' lang='lat' dir='ltr'><strong>Beatis</strong></span> <span class='ocrx_word' id='word_1_355' title='bbox 2395 2523 2650 2581; x_wconf 67' lang='lat' dir='ltr'><strong>Umbriae</strong></span> <span class='ocrx_word' id='word_1_356' title='bbox 2693 2525 2764 2582; x_wconf 91' lang='lat' dir='ltr'><strong>ad</strong></span> <span class='ocrx_word' id='word_1_357' title='bbox 2806 2525 2875 2582; x_wconf 81' lang='lat'><strong>‘23</strong></span> <span class='ocrx_word' id='word_1_358' title='bbox 2925 2523 3089 2582; x_wconf 82' lang='lat' dir='ltr'><strong>Febr.</strong></span> <span class='ocrx_word' id='word_1_359' title='bbox 3121 2524 3192 2582; x_wconf 90' lang='lat' dir='ltr'><strong>ad</strong></span> <span class='ocrx_word' id='word_1_360' title='bbox 3232 2539 3408 2599; x_wconf 89' lang='lat' dir='ltr'><strong>quem</strong></span> <span class='ocrx_word' id='word_1_361' title='bbox 3451 2523 3623 2596; x_wconf 51' lang='lat' dir='ltr'><strong>diem,</strong></span> <span class='ocrx_word' id='word_1_362' title='bbox 3654 2530 3711 2582; x_wconf 93' lang='lat' dir='ltr'><strong>et</strong></span> <span class='ocrx_word' id='word_1_363' title='bbox 3759 2523 3884 2596; x_wconf 90' lang='lat' dir='ltr'><strong>ipse</strong></span> 
     </span>
    </p>
   </div>
   <div class='ocr_carea' id='block_1_42' title="bbox 374 2603 3886 2690">
    <p class='ocr_par' dir='ltr' id='par_1_42' title="bbox 374 2603 3886 2690">
     <span class='ocr_line' id='line_1_42' title="bbox 374 2603 3886 2690; baseline 0.002 -26"><span class='ocrx_word' id='word_1_364' title='bbox 374 2603 559 2676; x_wconf 84' lang='lat' dir='ltr'><strong>fallor,</strong></span> <span class='ocrx_word' id='word_1_365' title='bbox 598 2605 1017 2683; x_wconf 57' lang='lat' dir='ltr'><strong>amorem&#39;erga</strong></span> <span class='ocrx_word' id='word_1_366' title='bbox 1050 2627 1152 2670; x_wconf 91' lang='lat' dir='ltr'><strong>vos</strong></span> <span class='ocrx_word' id='word_1_367' title='bbox 1183 2628 1377 2671; x_wconf 85' lang='lat' dir='ltr'><strong>meum</strong></span> <span class='ocrx_word' id='word_1_368' title='bbox 1399 2660 1412 2687; x_wconf 84' lang='lat'><strong>,</strong></span> <span class='ocrx_word' id='word_1_369' title='bbox 1444 2621 1498 2673; x_wconf 90' lang='lat' dir='ltr'><strong>et</strong></span> <span class='ocrx_word' id='word_1_370' title='bbox 1534 2617 1890 2676; x_wconf 79' lang='lat' dir='ltr'><strong>voluntatem</strong></span> <span class='ocrx_word' id='word_1_371' title='bbox 1922 2620 2084 2678; x_wconf 82' lang='lat' dir='ltr'><strong>vobis</strong></span> <span class='ocrx_word' id='word_1_372' title='bbox 2164 2612 2421 2686; x_wconf 90' lang='lat' dir='ltr'><strong>aliquam</strong></span> <span class='ocrx_word' id='word_1_373' title='bbox 2459 2611 2646 2671; x_wconf 88' lang='lat' dir='ltr'><strong>Vitam</strong></span> <span class='ocrx_word' id='word_1_374' title='bbox 2681 2613 2807 2687; x_wconf 90' lang='lat' dir='ltr'><strong>ejus</strong></span> <span class='ocrx_word' id='word_1_375' title='bbox 2855 2613 3045 2686; x_wconf 88' lang='lat' dir='ltr'><strong>habet,</strong></span> <span class='ocrx_word' id='word_1_376' title='bbox 3071 2623 3128 2673; x_wconf 92' lang='lat' dir='ltr'><strong>et</strong></span> <span class='ocrx_word' id='word_1_377' title='bbox 3174 2615 3285 2673; x_wconf 91' lang='lat' dir='ltr'><strong>coli</strong></span> <span class='ocrx_word' id='word_1_378' title='bbox 3328 2615 3481 2690; x_wconf 89' lang='lat' dir='ltr'><strong>apud</strong></span> <span class='ocrx_word' id='word_1_379' title='bbox 3535 2613 3886 2672; x_wconf 87' lang='lat' dir='ltr'><strong>Faventinos</strong></span> 
     </span>
    </p>
   </div>
   <div class='ocr_carea' id='block_1_43' title="bbox 375 2698 3885 2781">
    <p class='ocr_par' dir='ltr' id='par_1_43' title="bbox 375 2698 3885 2781">
     <span class='ocr_line' id='line_1_43' title="bbox 375 2698 3885 2781; baseline 0.001 -27"><span class='ocrx_word' id='word_1_380' title='bbox 375 2711 474 2768; x_wconf 87' lang='lat' dir='ltr'><strong>per</strong></span> <span class='ocrx_word' id='word_1_381' title='bbox 502 2698 697 2755; x_wconf 88' lang='lat' dir='ltr'><strong>omnia</strong></span> <span class='ocrx_word' id='word_1_382' title='bbox 739 2701 891 2774; x_wconf 70' lang='lat' dir='ltr'><strong>(quae</strong></span> <span class='ocrx_word' id='word_1_383' title='bbox 927 2716 959 2758; x_wconf 91' lang='lat' dir='ltr'><strong>a</strong></span> <span class='ocrx_word' id='word_1_384' title='bbox 1003 2717 1094 2759; x_wconf 92' lang='lat' dir='ltr'><strong>me</strong></span> <span class='ocrx_word' id='word_1_385' title='bbox 1134 2703 1389 2776; x_wconf 62' lang='lat' dir='ltr'><strong>praestari</strong></span> <span class='ocrx_word' id='word_1_386' title='bbox 1430 2707 1665 2779; x_wconf 89' lang='lat' dir='ltr'><strong>possint)</strong></span> <span class='ocrx_word' id='word_1_387' title='bbox 1700 2708 2082 2781; x_wconf 74' lang='lat' dir='ltr'><strong>gratificandi,</strong></span> <span class='ocrx_word' id='word_1_388' title='bbox 2163 2702 2382 2772; x_wconf 91' lang='lat' dir='ltr'><strong>asserit,</strong></span> <span class='ocrx_word' id='word_1_389' title='bbox 2416 2709 2589 2777; x_wconf 91' lang='lat' dir='ltr'><strong>atque</strong></span> <span class='ocrx_word' id='word_1_390' title='bbox 2623 2708 2886 2775; x_wconf 86' lang='lat' dir='ltr'><strong>antiquas</strong></span> <span class='ocrx_word' id='word_1_391' title='bbox 2927 2707 3176 2761; x_wconf 84' lang='lat' dir='ltr'><strong>lectiones</strong></span> <span class='ocrx_word' id='word_1_392' title='bbox 3215 2722 3343 2763; x_wconf 85' lang='lat' dir='ltr'><strong>mss.</strong></span> <span class='ocrx_word' id='word_1_393' title='bbox 3385 2707 3640 2762; x_wconf 82' lang='lat' dir='ltr'><strong>Ecclesiae</strong></span> <span class='ocrx_word' id='word_1_394' title='bbox 3672 2707 3885 2760; x_wconf 83' lang='lat' dir='ltr'><strong>Faven-</strong></span> 
     </span>
    </p>
   </div>
   <div class='ocr_carea' id='block_1_44' title="bbox 379 2786 3878 2870">
    <p class='ocr_par' dir='ltr' id='par_1_44' title="bbox 379 2786 3878 2870">
     <span class='ocr_line' id='line_1_44' title="bbox 379 2786 3878 2870; baseline 0.003 -29"><span class='ocrx_word' id='word_1_395' title='bbox 379 2786 868 2846; x_wconf 81' lang='lat' dir='ltr'><strong>manifestioribus</strong></span> <span class='ocrx_word' id='word_1_396' title='bbox 896 2790 1155 2862; x_wconf 88' lang='lat' dir='ltr'><strong>quotidie</strong></span> <span class='ocrx_word' id='word_1_397' title='bbox 1183 2792 1415 2852; x_wconf 87' lang='lat' dir='ltr'><strong>indiciis</strong></span> <span class='ocrx_word' id='word_1_398' title='bbox 1444 2797 1850 2870; x_wconf 82' lang='lat' dir='ltr'><strong>experiamini.</strong></span> <span class='ocrx_word' id='word_1_399' title='bbox 1888 2822 1913 2850; x_wconf 75' lang='grc' dir='ltr'><strong>ιο</strong></span> <span class='ocrx_word' id='word_1_400' title='bbox 1947 2798 2084 2858; x_wconf 66' lang='lat' dir='ltr'><strong>Haec</strong></span> <span class='ocrx_word' id='word_1_401' title='bbox 2165 2797 2311 2856; x_wconf 54' lang='lat' dir='ltr'><strong>tinet,</strong></span> <span class='ocrx_word' id='word_1_402' title='bbox 2345 2808 2479 2866; x_wconf 70' lang='lat' dir='ltr'><strong>quae</strong></span> <span class='ocrx_word' id='word_1_403' title='bbox 2506 2809 2578 2851; x_wconf 86' lang='lat' dir='ltr'><strong>ex</strong></span> <span class='ocrx_word' id='word_1_404' title='bbox 2612 2793 2737 2850; x_wconf 92' lang='lat' dir='ltr'><strong>Vita</strong></span> <span class='ocrx_word' id='word_1_405' title='bbox 2772 2795 2897 2865; x_wconf 86' lang='lat' dir='ltr'><strong>ejus</strong></span> <span class='ocrx_word' id='word_1_406' title='bbox 2926 2799 3051 2852; x_wconf 90' lang='lat' dir='ltr'><strong>tum</strong></span> <span class='ocrx_word' id='word_1_407' title='bbox 3081 2794 3308 2852; x_wconf 88' lang='lat' dir='ltr'><strong>recitari</strong></span> <span class='ocrx_word' id='word_1_408' title='bbox 3339 2795 3618 2863; x_wconf 88' lang='lat' dir='ltr'><strong>solebant,</strong></span> <span class='ocrx_word' id='word_1_409' title='bbox 3650 2793 3878 2867; x_wconf 86' lang='lat' dir='ltr'><strong>allegat.</strong></span> 
     </span>
    </p>
   </div>
   <div class='ocr_carea' id='block_1_45' title="bbox 374 2870 3879 2956">
    <p class='ocr_par' dir='ltr' id='par_1_45' title="bbox 374 2870 3879 2956">
     <span class='ocr_line' id='line_1_45' title="bbox 374 2870 3879 2956; baseline 0.007 -29"><span class='ocrx_word' id='word_1_410' title='bbox 374 2870 716 2934; x_wconf 82' lang='lat' dir='ltr'><strong>Flaminius.</strong></span> <span class='ocrx_word' id='word_1_411' title='bbox 770 2874 1056 2936; x_wconf 87' lang='lat' dir='ltr'><strong>Coluntur</strong></span> <span class='ocrx_word' id='word_1_412' title='bbox 1100 2883 1398 2940; x_wconf 77' lang='lat' dir='ltr'><strong>memorati</strong></span> <span class='ocrx_word' id='word_1_413' title='bbox 1457 2883 1555 2940; x_wconf 85' lang='lat' dir='ltr'><strong>alii</strong></span> <span class='ocrx_word' id='word_1_414' title='bbox 1606 2900 1739 2944; x_wconf 92' lang='lat' dir='ltr'><strong>cum</strong></span> <span class='ocrx_word' id='word_1_415' title='bbox 1793 2886 1855 2945; x_wconf 92' lang='lat' dir='ltr'><strong>B.</strong></span> <span class='ocrx_word' id='word_1_416' title='bbox 1919 2886 2082 2947; x_wconf 86' lang='lat' dir='ltr'><strong>Petro</strong></span> <span class='ocrx_word' id='word_1_417' title='bbox 2163 2879 2312 2938; x_wconf 87' lang='lat' dir='ltr'><strong>Cum</strong></span> <span class='ocrx_word' id='word_1_418' title='bbox 2350 2881 2490 2956; x_wconf 86' lang='lat' dir='ltr'><strong>ipsis</strong></span> <span class='ocrx_word' id='word_1_419' title='bbox 2523 2881 2859 2940; x_wconf 78' lang='lat' dir='ltr'><strong>Favontinis</strong></span> <span class='ocrx_word' id='word_1_420' title='bbox 2906 2891 2961 2940; x_wconf 85' lang='lat' dir='ltr'><strong>et</strong></span> <span class='ocrx_word' id='word_1_421' title='bbox 2997 2897 3102 2940; x_wconf 89' lang='lat' dir='ltr'><strong>nos</strong></span> <span class='ocrx_word' id='word_1_422' title='bbox 3137 2884 3276 2940; x_wconf 77' lang='lat' dir='ltr'><strong>Acta</strong></span> <span class='ocrx_word' id='word_1_423' title='bbox 3308 2883 3567 2956; x_wconf 74' lang='lat' dir='ltr'><strong>eiusdem</strong></span> <span class='ocrx_word' id='word_1_424' title='bbox 3603 2883 3675 2941; x_wconf 73' lang='lat'><strong>23</strong></span> <span class='ocrx_word' id='word_1_425' title='bbox 3709 2883 3879 2941; x_wconf 80' lang='lat' dir='ltr'><strong>Febr.</strong></span> 
     </span>
    </p>
   </div>
   <div class='ocr_carea' id='block_1_46' title="bbox 371 2959 3882 3049">
    <p class='ocr_par' dir='ltr' id='par_1_46' title="bbox 371 2959 3882 3049">
     <span class='ocr_line' id='line_1_46' title="bbox 371 2959 3882 3049; baseline 0.004 -30"><span class='ocrx_word' id='word_1_426' title='bbox 371 2959 532 3020; x_wconf 90' lang='lat' dir='ltr'><strong>urbis</strong></span> <span class='ocrx_word' id='word_1_427' title='bbox 566 2962 902 3024; x_wconf 73' lang='lat' dir='ltr'><strong>Faventinte</strong></span> <span class='ocrx_word' id='word_1_428' title='bbox 949 2977 1313 3042; x_wconf 79' lang='lat' dir='ltr'><strong>protectores,</strong></span> <span class='ocrx_word' id='word_1_429' title='bbox 1360 2976 1637 3030; x_wconf 77' lang='lat' dir='ltr'><strong>Terentius</strong></span> <span class='ocrx_word' id='word_1_430' title='bbox 1676 2973 1745 3033; x_wconf 92' lang='lat'><strong>30</strong></span> <span class='ocrx_word' id='word_1_431' title='bbox 1780 2975 1945 3049; x_wconf 68' lang='lat' dir='ltr'><strong>Julii,</strong></span> <span class='ocrx_word' id='word_1_432' title='bbox 1984 2980 2083 3035; x_wconf 79' lang='lat' dir='ltr'><strong>sa-</strong></span> <span class='ocrx_word' id='word_1_433' title='bbox 2162 2968 2407 3042; x_wconf 88' lang='lat' dir='ltr'><strong>damus;</strong></span> <span class='ocrx_word' id='word_1_434' title='bbox 2451 2987 2568 3046; x_wconf 91' lang='lat' dir='ltr'><strong>quo</strong></span> <span class='ocrx_word' id='word_1_435' title='bbox 2611 2972 2704 3030; x_wconf 92' lang='lat' dir='ltr'><strong>die</strong></span> <span class='ocrx_word' id='word_1_436' title='bbox 2751 2973 2876 3044; x_wconf 90' lang='lat' dir='ltr'><strong>ejus</strong></span> <span class='ocrx_word' id='word_1_437' title='bbox 2912 2973 3136 3030; x_wconf 91' lang='lat' dir='ltr'><strong>obitum</strong></span> <span class='ocrx_word' id='word_1_438' title='bbox 3183 2976 3445 3032; x_wconf 88' lang='lat' dir='ltr'><strong>referunt</strong></span> <span class='ocrx_word' id='word_1_439' title='bbox 3482 2973 3765 3032; x_wconf 81' lang='lat' dir='ltr'><strong>Calvisius</strong></span> <span class='ocrx_word' id='word_1_440' title='bbox 3807 2973 3882 3032; x_wconf 88' lang='lat' dir='ltr'><strong>ad</strong></span> 
     </span>
    </p>
   </div>
   <div class='ocr_carea' id='block_1_47' title="bbox 376 3051 3880 3139">
    <p class='ocr_par' dir='ltr' id='par_1_47' title="bbox 376 3051 3880 3139">
     <span class='ocr_line' id='line_1_47' title="bbox 376 3051 3880 3139; baseline 0.004 -32"><span class='ocrx_word' id='word_1_441' title='bbox 376 3051 552 3118; x_wconf 86' lang='lat' dir='ltr'><strong>binus,</strong></span> <span class='ocrx_word' id='word_1_442' title='bbox 587 3053 709 3114; x_wconf 83' lang='lat' dir='ltr'><strong>sive</strong></span> <span class='ocrx_word' id='word_1_443' title='bbox 753 3058 1011 3124; x_wconf 74' lang='lat' dir='ltr'><strong>Sauinus,</strong></span> <span class='ocrx_word' id='word_1_444' title='bbox 1046 3060 1078 3117; x_wconf 90' lang='lat'><strong>7</strong></span> <span class='ocrx_word' id='word_1_445' title='bbox 1107 3061 1261 3136; x_wconf 41' lang='lat' dir='ltr'><strong>Dec”</strong></span> <span class='ocrx_word' id='word_1_446' title='bbox 1294 3062 1651 3122; x_wconf 52' lang='lat' dir='ltr'><strong>,Emilianus</strong></span> <span class='ocrx_word' id='word_1_447' title='bbox 1699 3065 1732 3123; x_wconf 82' lang='lat'><strong>6</strong></span> <span class='ocrx_word' id='word_1_448' title='bbox 1772 3066 2078 3139; x_wconf 41' lang='lat' dir='ltr'><strong>Novemb”</strong></span> <span class='ocrx_word' id='word_1_449' title='bbox 2160 3072 2386 3116; x_wconf 89' lang='lat' dir='ltr'><strong>annum</strong></span> <span class='ocrx_word' id='word_1_450' title='bbox 2426 3057 2578 3129; x_wconf 78' lang='lat'><strong>1072,</strong></span> <span class='ocrx_word' id='word_1_451' title='bbox 2607 3065 2663 3118; x_wconf 88' lang='lat' dir='ltr'><strong>et</strong></span> <span class='ocrx_word' id='word_1_452' title='bbox 2693 3058 3031 3119; x_wconf 91' lang='lat' dir='ltr'><strong>Schmidius</strong></span> <span class='ocrx_word' id='word_1_453' title='bbox 3061 3061 3120 3118; x_wconf 91' lang='lat' dir='ltr'><strong>in</strong></span> <span class='ocrx_word' id='word_1_454' title='bbox 3159 3060 3347 3118; x_wconf 90' lang='lat' dir='ltr'><strong>Diario</strong></span> <span class='ocrx_word' id='word_1_455' title='bbox 3373 3061 3644 3120; x_wconf 89' lang='lat' dir='ltr'><strong>historico</strong></span> <span class='ocrx_word' id='word_1_456' title='bbox 3676 3080 3688 3119; x_wconf 89' lang='lat'><strong>:</strong></span> <span class='ocrx_word' id='word_1_457' title='bbox 3723 3061 3880 3135; x_wconf 88' lang='lat' dir='ltr'><strong>quod</strong></span> 
     </span>
    </p>
   </div>
   <div class='ocr_carea' id='block_1_48' title="bbox 371 3139 2141 3253">
    <p class='ocr_par' dir='ltr' id='par_1_48' title="bbox 371 3139 2141 3253">
     <span class='ocr_line' id='line_1_48' title="bbox 371 3139 2141 3253; baseline 0.008 -54"><span class='ocrx_word' id='word_1_458' title='bbox 371 3139 441 3253; x_wconf 53' lang='lat' dir='ltr'><strong>id</strong></span> <span class='ocrx_word' id='word_1_459' title='bbox 477 3142 644 3216; x_wconf 89' lang='lat' dir='ltr'><strong>cujus</strong></span> <span class='ocrx_word' id='word_1_460' title='bbox 688 3159 795 3205; x_wconf 89' lang='lat' dir='ltr'><strong>ms.</strong></span> <span class='ocrx_word' id='word_1_461' title='bbox 832 3147 1021 3207; x_wconf 88' lang='lat' dir='ltr'><strong>Vitam</strong></span> <span class='ocrx_word' id='word_1_462' title='bbox 1057 3159 1255 3211; x_wconf 89' lang='lat' dir='ltr'><strong>auctor</strong></span> <span class='ocrx_word' id='word_1_463' title='bbox 1300 3153 1513 3213; x_wconf 91' lang='lat' dir='ltr'><strong>dicitur</strong></span> <span class='ocrx_word' id='word_1_464' title='bbox 1542 3158 1774 3212; x_wconf 86' lang='lat' dir='ltr'><strong>Joannes</strong></span> <span class='ocrx_word' id='word_1_465' title='bbox 1801 3158 2141 3253; x_wconf 70' lang='lat' dir='ltr'><strong>Antoniusc</strong></span> 
     </span>
    </p>
   </div>
   <div class='ocr_carea' id='block_1_49' title="bbox 372 3234 2072 3323">
    <p class='ocr_par' dir='ltr' id='par_1_49' title="bbox 372 3234 2072 3323">
     <span class='ocr_line' id='line_1_49' title="bbox 372 3234 2072 3323; baseline 0.012 -35"><span class='ocrx_word' id='word_1_466' title='bbox 372 3234 676 3323; x_wconf 75' lang='lat' dir='ltr'><strong>Flaminius</strong></span> <span class='ocrx_word' id='word_1_467' title='bbox 759 3242 1071 3299; x_wconf 73' lang='lat' dir='ltr'><strong>Faventinae</strong></span> <span class='ocrx_word' id='word_1_468' title='bbox 1154 3247 1408 3302; x_wconf 58' lang='lat' dir='ltr'><strong>Ecclesia</strong></span> <span class='ocrx_word' id='word_1_469' title='bbox 1479 3249 1765 3319; x_wconf 82' lang='lat' dir='ltr'><strong>presbyter</strong></span> <span class='ocrx_word' id='word_1_470' title='bbox 1788 3293 1805 3314; x_wconf 88' lang='lat'><strong>,</strong></span> <span class='ocrx_word' id='word_1_471' title='bbox 1900 3265 2072 3323; x_wconf 87' lang='lat' dir='ltr'><strong>quem</strong></span> 
     </span>
    </p>
   </div>
   <div class='ocr_carea' id='block_1_50' title="bbox 372 3322 2075 3412">
    <p class='ocr_par' dir='ltr' id='par_1_50' title="bbox 372 3322 2075 3412">
     <span class='ocr_line' id='line_1_50' title="bbox 372 3322 2075 3412; baseline 0.011 -31"><span class='ocrx_word' id='word_1_472' title='bbox 372 3322 635 3412; x_wconf 55' lang='lat' dir='ltr'><strong>Beander</strong></span> <span class='ocrx_word' id='word_1_473' title='bbox 681 3328 955 3390; x_wconf 87' lang='lat' dir='ltr'><strong>Albertus</strong></span> <span class='ocrx_word' id='word_1_474' title='bbox 1002 3337 1180 3390; x_wconf 75' lang='lat' dir='ltr'><strong>virum</strong></span> <span class='ocrx_word' id='word_1_475' title='bbox 1232 3337 1534 3392; x_wconf 75' lang='lat' dir='ltr'><strong>litteratum</strong></span> <span class='ocrx_word' id='word_1_476' title='bbox 1583 3337 1848 3412; x_wconf 88' lang='lat' dir='ltr'><strong>appellat.</strong></span> <span class='ocrx_word' id='word_1_477' title='bbox 1883 3322 2075 3400; x_wconf 90' lang='lat' dir='ltr'><strong>Vitam</strong></span> 
     </span>
    </p>
   </div>
   <div class='ocr_carea' id='block_1_51' title="bbox 373 3410 2075 3501">
    <p class='ocr_par' dir='ltr' id='par_1_51' title="bbox 373 3410 2075 3501">
     <span class='ocr_line' id='line_1_51' title="bbox 373 3410 2075 3501; baseline 0.009 -31"><span class='ocrx_word' id='word_1_478' title='bbox 373 3410 436 3472; x_wconf 91' lang='grc' dir='ltr'>Β.</span> <span class='ocrx_word' id='word_1_479' title='bbox 470 3411 622 3474; x_wconf 87' lang='lat' dir='ltr'><strong>Petri</strong></span> <span class='ocrx_word' id='word_1_480' title='bbox 669 3417 746 3475; x_wconf 87' lang='lat' dir='ltr'><strong>ita</strong></span> <span class='ocrx_word' id='word_1_481' title='bbox 792 3420 1128 3480; x_wconf 89' lang='lat' dir='ltr'><strong>concludit:</strong></span> <span class='ocrx_word' id='word_1_482' title='bbox 1166 3445 1187 3475; x_wconf 79' lang='grc' dir='ltr'>ι</span> <span class='ocrx_word' id='word_1_483' title='bbox 1220 3423 1465 3484; x_wconf 89' lang='lat' dir='ltr'><strong>Demum</strong></span> <span class='ocrx_word' id='word_1_484' title='bbox 1511 3426 1570 3484; x_wconf 91' lang='lat' dir='ltr'><strong>in</strong></span> <span class='ocrx_word' id='word_1_485' title='bbox 1617 3410 1882 3501; x_wconf 82' lang='lat' dir='ltr'><strong>sepulcro</strong></span> <span class='ocrx_word' id='word_1_486' title='bbox 1920 3443 2075 3486; x_wconf 84' lang='lat' dir='ltr'><strong>mar-</strong></span> 
     </span>
    </p>
   </div>
   <div class='ocr_carea' id='block_1_52' title="bbox 373 3504 2074 3590">
    <p class='ocr_par' dir='ltr' id='par_1_52' title="bbox 373 3504 2074 3590">
     <span class='ocr_line' id='line_1_52' title="bbox 373 3504 2074 3590; baseline 0.009 -31"><span class='ocrx_word' id='word_1_487' title='bbox 373 3515 569 3590; x_wconf 85' lang='lat' dir='ltr'><strong>mereo</strong></span> <span class='ocrx_word' id='word_1_488' title='bbox 619 3504 879 3566; x_wconf 89' lang='lat' dir='ltr'><strong>locarunt</strong></span> <span class='ocrx_word' id='word_1_489' title='bbox 935 3526 1161 3584; x_wconf 90' lang='lat' dir='ltr'><strong>corpus,</strong></span> <span class='ocrx_word' id='word_1_490' title='bbox 1213 3513 1315 3572; x_wconf 91' lang='lat' dir='ltr'><strong>ubi</strong></span> <span class='ocrx_word' id='word_1_491' title='bbox 1368 3530 1554 3590; x_wconf 91' lang='lat' dir='ltr'><strong>usque</strong></span> <span class='ocrx_word' id='word_1_492' title='bbox 1608 3518 1670 3575; x_wconf 92' lang='lat' dir='ltr'><strong>in</strong></span> <span class='ocrx_word' id='word_1_493' title='bbox 1727 3517 2074 3578; x_wconf 87' lang='lat' dir='ltr'><strong>hodiernum</strong></span> 
     </span>
    </p>
   </div>
   <div class='ocr_carea' id='block_1_53' title="bbox 369 3588 2076 3687">
    <p class='ocr_par' dir='ltr' id='par_1_53' title="bbox 369 3588 2076 3687">
     <span class='ocr_line' id='line_1_53' title="bbox 369 3588 2076 3687; baseline 0.011 -41"><span class='ocrx_word' id='word_1_494' title='bbox 369 3588 523 3687; x_wconf 70' lang='lat' dir='ltr'><strong>diem</strong></span> <span class='ocrx_word' id='word_1_495' title='bbox 550 3594 750 3654; x_wconf 89' lang='lat' dir='ltr'><strong>multis</strong></span> <span class='ocrx_word' id='word_1_496' title='bbox 779 3597 1056 3672; x_wconf 86' lang='lat' dir='ltr'><strong>prodigiis</strong></span> <span class='ocrx_word' id='word_1_497' title='bbox 1085 3609 1349 3662; x_wconf 89' lang='lat' dir='ltr'><strong>sanctum</strong></span> <span class='ocrx_word' id='word_1_498' title='bbox 1383 3588 1698 3664; x_wconf 84' lang='lat' dir='ltr'><strong>antistitem</strong></span> <span class='ocrx_word' id='word_1_499' title='bbox 1726 3622 1899 3665; x_wconf 90' lang='lat' dir='ltr'><strong>suum</strong></span> <span class='ocrx_word' id='word_1_500' title='bbox 1924 3605 2076 3664; x_wconf 91' lang='lat' dir='ltr'><strong>Deus</strong></span> 
     </span>
    </p>
   </div>
   <div class='ocr_carea' id='block_1_54' title="bbox 373 3678 2077 3772">
    <p class='ocr_par' dir='ltr' id='par_1_54' title="bbox 373 3678 2077 3772">
     <span class='ocr_line' id='line_1_54' title="bbox 373 3678 2077 3772; baseline 0.013 -36"><span class='ocrx_word' id='word_1_501' title='bbox 373 3678 680 3772; x_wconf 85' lang='lat' dir='ltr'><strong>illustrem,</strong></span> <span class='ocrx_word' id='word_1_502' title='bbox 707 3700 773 3744; x_wconf 87' lang='lat' dir='ltr'><strong>ac</strong></span> <span class='ocrx_word' id='word_1_503' title='bbox 797 3689 1188 3749; x_wconf 85' lang='lat' dir='ltr'><strong>venerabilem</strong></span> <span class='ocrx_word' id='word_1_504' title='bbox 1213 3693 1424 3767; x_wconf 87' lang='lat' dir='ltr'><strong>populo</strong></span> <span class='ocrx_word' id='word_1_505' title='bbox 1445 3695 1596 3754; x_wconf 83' lang='lat' dir='ltr'><strong>facit.</strong></span> <span class='ocrx_word' id='word_1_506' title='bbox 1625 3697 1803 3772; x_wconf 86' lang='lat' dir='ltr'><strong>Cujus</strong></span> <span class='ocrx_word' id='word_1_507' title='bbox 1830 3705 2077 3770; x_wconf 85' lang='lat' dir='ltr'><strong>spectata</strong></span> 
     </span>
    </p>
   </div>
   <div class='ocr_carea' id='block_1_55' title="bbox 374 3771 2074 3859">
    <p class='ocr_par' dir='ltr' id='par_1_55' title="bbox 374 3771 2074 3859">
     <span class='ocr_line' id='line_1_55' title="bbox 374 3771 2074 3859; baseline 0.014 -36"><span class='ocrx_word' id='word_1_508' title='bbox 374 3771 599 3841; x_wconf 90' lang='lat' dir='ltr'><strong>magnis</strong></span> <span class='ocrx_word' id='word_1_509' title='bbox 643 3773 1002 3836; x_wconf 89' lang='lat' dir='ltr'><strong>documentis</strong></span> <span class='ocrx_word' id='word_1_510' title='bbox 1040 3781 1187 3840; x_wconf 88' lang='lat' dir='ltr'><strong>mira</strong></span> <span class='ocrx_word' id='word_1_511' title='bbox 1223 3784 1520 3844; x_wconf 90' lang='lat' dir='ltr'><strong>sanctitate</strong></span> <span class='ocrx_word' id='word_1_512' title='bbox 1560 3791 1734 3859; x_wconf 90' lang='lat' dir='ltr'><strong>atque</strong></span> <span class='ocrx_word' id='word_1_513' title='bbox 1783 3787 2074 3858; x_wconf 87' lang='lat' dir='ltr'><strong>facundia,</strong></span> 
     </span>
    </p>
   </div>
   <div class='ocr_carea' id='block_1_56' title="bbox 373 3866 2076 3951">
    <p class='ocr_par' dir='ltr' id='par_1_56' title="bbox 373 3866 2076 3951">
     <span class='ocr_line' id='line_1_56' title="bbox 373 3866 2076 3951; baseline 0.012 -35"><span class='ocrx_word' id='word_1_514' title='bbox 373 3869 660 3951; x_wconf 83' lang='lat' dir='ltr'><strong>quantum</strong></span> <span class='ocrx_word' id='word_1_515' title='bbox 689 3866 850 3926; x_wconf 91' lang='lat' dir='ltr'><strong>sidus</strong></span> <span class='ocrx_word' id='word_1_516' title='bbox 873 3869 935 3926; x_wconf 92' lang='lat' dir='ltr'><strong>in</strong></span> <span class='ocrx_word' id='word_1_517' title='bbox 959 3869 1212 3930; x_wconf 88' lang='lat' dir='ltr'><strong>Ecclesia</strong></span> <span class='ocrx_word' id='word_1_518' title='bbox 1241 3872 1345 3931; x_wconf 89' lang='lat' dir='ltr'><strong>Dei</strong></span> <span class='ocrx_word' id='word_1_519' title='bbox 1373 3876 1676 3946; x_wconf 87' lang='lat' dir='ltr'><strong>exstiterit,</strong></span> <span class='ocrx_word' id='word_1_520' title='bbox 1707 3878 1808 3950; x_wconf 91' lang='lat' dir='ltr'><strong>qui</strong></span> <span class='ocrx_word' id='word_1_521' title='bbox 1834 3894 1918 3946; x_wconf 86' lang='lat' dir='ltr'><strong>ea,</strong></span> <span class='ocrx_word' id='word_1_522' title='bbox 1944 3894 2076 3951; x_wconf 73' lang='lat' dir='ltr'><strong>qute</strong></span> 
     </span>
    </p>
   </div>
   <div class='ocr_carea' id='block_1_57' title="bbox 371 3949 2072 4042">
    <p class='ocr_par' dir='ltr' id='par_1_57' title="bbox 371 3949 2072 4042">
     <span class='ocr_line' id='line_1_57' title="bbox 371 3949 2072 4042; baseline 0.014 -38"><span class='ocrx_word' id='word_1_523' title='bbox 371 3949 441 4006; x_wconf 91' lang='lat' dir='ltr'><strong>de</strong></span> <span class='ocrx_word' id='word_1_524' title='bbox 465 3949 568 4011; x_wconf 87' lang='lat' dir='ltr'><strong>illo</strong></span> <span class='ocrx_word' id='word_1_525' title='bbox 592 3958 993 4029; x_wconf 90' lang='lat' dir='ltr'><strong>compendiose</strong></span> <span class='ocrx_word' id='word_1_526' title='bbox 1017 3961 1450 4037; x_wconf 88' lang='lat' dir='ltr'><strong>descripsimus,</strong></span> <span class='ocrx_word' id='word_1_527' title='bbox 1477 3966 1700 4040; x_wconf 91' lang='lat' dir='ltr'><strong>quique</strong></span> <span class='ocrx_word' id='word_1_528' title='bbox 1725 3949 2072 4042; x_wconf 81' lang='lat' dir='ltr'><strong>luculentos,</strong></span> 
     </span>
    </p>
   </div>
   <div class='ocr_carea' id='block_1_58' title="bbox 370 4042 2076 4130">
    <p class='ocr_par' dir='ltr' id='par_1_58' title="bbox 370 4042 2076 4130">
     <span class='ocr_line' id='line_1_58' title="bbox 370 4042 2076 4130; baseline 0.013 -32"><span class='ocrx_word' id='word_1_529' title='bbox 370 4042 887 4130; x_wconf 85' lang='lat' dir='ltr'><strong>acsaluberrimos</strong></span> <span class='ocrx_word' id='word_1_530' title='bbox 923 4051 1086 4112; x_wconf 90' lang='lat' dir='ltr'><strong>illius</strong></span> <span class='ocrx_word' id='word_1_531' title='bbox 1131 4069 1428 4115; x_wconf 87' lang='lat' dir='ltr'><strong>sermones</strong></span> <span class='ocrx_word' id='word_1_532' title='bbox 1458 4056 1726 4130; x_wconf 88' lang='lat' dir='ltr'><strong>legerint,</strong></span> <span class='ocrx_word' id='word_1_533' title='bbox 1768 4061 1982 4129; x_wconf 87' lang='lat' dir='ltr'><strong>testari,</strong></span> <span class='ocrx_word' id='word_1_534' title='bbox 2014 4062 2076 4120; x_wconf 92' lang='lat' dir='ltr'><strong>ni</strong></span> 
     </span>
    </p>
   </div>
   <div class='ocr_carea' id='block_1_59' title="bbox 371 4129 2075 4214">
    <p class='ocr_par' dir='ltr' id='par_1_59' title="bbox 371 4129 2075 4214">
     <span class='ocr_line' id='line_1_59' title="bbox 371 4129 2075 4214; baseline 0.014 -30"><span class='ocrx_word' id='word_1_535' title='bbox 371 4129 556 4203; x_wconf 91' lang='lat' dir='ltr'><strong>fallor,</strong></span> <span class='ocrx_word' id='word_1_536' title='bbox 596 4134 826 4196; x_wconf 90' lang='lat' dir='ltr'><strong>abunde</strong></span> <span class='ocrx_word' id='word_1_537' title='bbox 864 4147 1152 4214; x_wconf 89' lang='lat' dir='ltr'><strong>poterunt.</strong></span> <span class='ocrx_word' id='word_1_538' title='bbox 1194 4143 1404 4204; x_wconf 89' lang='lat' dir='ltr'><strong>Beatus</strong></span> <span class='ocrx_word' id='word_1_539' title='bbox 1441 4129 1635 4204; x_wconf 85' lang='lat' dir='ltr'><strong>autem</strong></span> <span class='ocrx_word' id='word_1_540' title='bbox 1676 4129 1880 4207; x_wconf 89' lang='lat' dir='ltr'><strong>Petrus</strong></span> <span class='ocrx_word' id='word_1_541' title='bbox 1925 4150 2075 4208; x_wconf 88' lang='lat' dir='ltr'><strong>circa</strong></span> 
     </span>
    </p>
   </div>
   <div class='ocr_carea' id='block_1_60' title="bbox 365 4223 2076 4310">
    <p class='ocr_par' dir='ltr' id='par_1_60' title="bbox 365 4223 2076 4310">
     <span class='ocr_line' id='line_1_60' title="bbox 365 4223 2076 4310; baseline 0.013 -34"><span class='ocrx_word' id='word_1_542' title='bbox 365 4233 587 4280; x_wconf 88' lang='lat' dir='ltr'><strong>annum</strong></span> <span class='ocrx_word' id='word_1_543' title='bbox 643 4223 855 4287; x_wconf 89' lang='lat' dir='ltr'><strong>Christi</strong></span> <span class='ocrx_word' id='word_1_544' title='bbox 906 4230 1286 4290; x_wconf 91' lang='lat' dir='ltr'><strong>millesimum</strong></span> <span class='ocrx_word' id='word_1_545' title='bbox 1343 4240 1398 4292; x_wconf 92' lang='lat' dir='ltr'><strong>et</strong></span> <span class='ocrx_word' id='word_1_546' title='bbox 1446 4236 1862 4310; x_wconf 88' lang='lat' dir='ltr'><strong>octogesimum</strong></span> <span class='ocrx_word' id='word_1_547' title='bbox 1921 4239 2076 4298; x_wconf 91' lang='lat' dir='ltr'><strong>diem</strong></span> 
     </span>
    </p>
   </div>
   <div class='ocr_carea' id='block_1_61' title="bbox 367 4313 2077 4399">
    <p class='ocr_par' dir='ltr' id='par_1_61' title="bbox 367 4313 2077 4399">
     <span class='ocr_line' id='line_1_61' title="bbox 367 4313 2077 4399; baseline 0.015 -35"><span class='ocrx_word' id='word_1_548' title='bbox 367 4322 545 4368; x_wconf 90' lang='lat' dir='ltr'><strong>suum</strong></span> <span class='ocrx_word' id='word_1_549' title='bbox 570 4313 733 4385; x_wconf 91' lang='lat' dir='ltr'><strong>obiit,</strong></span> <span class='ocrx_word' id='word_1_550' title='bbox 760 4331 1006 4391; x_wconf 87' lang='lat' dir='ltr'><strong>magnus</strong></span> <span class='ocrx_word' id='word_1_551' title='bbox 1035 4319 1370 4381; x_wconf 70' lang='lat' dir='ltr'><strong>Faventinte</strong></span> <span class='ocrx_word' id='word_1_552' title='bbox 1397 4324 1558 4382; x_wconf 90' lang='lat' dir='ltr'><strong>urbis</strong></span> <span class='ocrx_word' id='word_1_553' title='bbox 1580 4332 1879 4399; x_wconf 88' lang='lat' dir='ltr'><strong>protector,</strong></span> <span class='ocrx_word' id='word_1_554' title='bbox 1907 4334 1962 4388; x_wconf 89' lang='lat' dir='ltr'><strong>et</strong></span> <span class='ocrx_word' id='word_1_555' title='bbox 1981 4345 2077 4389; x_wconf 90' lang='lat' dir='ltr'><strong>cu-</strong></span> 
     </span>
    </p>
   </div>
   <div class='ocr_carea' id='block_1_62' title="bbox 367 4401 2072 4490">
    <p class='ocr_par' dir='ltr' id='par_1_62' title="bbox 367 4401 2072 4490">
     <span class='ocr_line' id='line_1_62' title="bbox 367 4401 2072 4490; baseline 0.013 -37"><span class='ocrx_word' id='word_1_556' title='bbox 367 4403 502 4490; x_wconf 68' lang='lat' dir='ltr'><strong>stos.</strong></span> <span class='ocrx_word' id='word_1_557' title='bbox 534 4424 555 4451; x_wconf 69' lang='grc' dir='ltr'><strong><em>υ</em></strong></span> <span class='ocrx_word' id='word_1_558' title='bbox 587 4401 726 4462; x_wconf 71' lang='lat' dir='ltr'><strong>Haec</strong></span> <span class='ocrx_word' id='word_1_559' title='bbox 753 4403 856 4466; x_wconf 89' lang='lat' dir='ltr'><strong>ibi.</strong></span> <span class='ocrx_word' id='word_1_560' title='bbox 887 4405 969 4464; x_wconf 92' lang='lat' dir='ltr'><strong>De</strong></span> <span class='ocrx_word' id='word_1_561' title='bbox 996 4422 1153 4468; x_wconf 89' lang='lat' dir='ltr'><strong>anno</strong></span> <span class='ocrx_word' id='word_1_562' title='bbox 1172 4409 1364 4470; x_wconf 88' lang='lat' dir='ltr'><strong>obitus</strong></span> <span class='ocrx_word' id='word_1_563' title='bbox 1392 4411 1457 4471; x_wconf 92' lang='grc' dir='ltr'><strong>Β.</strong></span> <span class='ocrx_word' id='word_1_564' title='bbox 1478 4412 1792 4473; x_wconf 88' lang='lat' dir='ltr'><strong>Petriinfra</strong></span> <span class='ocrx_word' id='word_1_565' title='bbox 1813 4432 2072 4490; x_wconf 86' lang='lat' dir='ltr'><strong>agemus.</strong></span> 
     </span>
    </p>
   </div>
   <div class='ocr_carea' id='block_1_63' title="bbox 445 4487 2074 4568">
    <p class='ocr_par' dir='ltr' id='par_1_63' title="bbox 445 4487 2074 4568">
     <span class='ocr_line' id='line_1_63' title="bbox 445 4487 2074 4568; baseline 0.012 -21"><span class='ocrx_word' id='word_1_566' title='bbox 445 4487 525 4547; x_wconf 92' lang='lat' dir='ltr'><strong>l3.</strong></span> <span class='ocrx_word' id='word_1_567' title='bbox 557 4492 728 4565; x_wconf 90' lang='lat' dir='ltr'><strong>Apud</strong></span> <span class='ocrx_word' id='word_1_568' title='bbox 759 4494 1092 4568; x_wconf 87' lang='lat' dir='ltr'><strong>Cajetanum</strong></span> <span class='ocrx_word' id='word_1_569' title='bbox 1117 4498 1230 4558; x_wconf 89' lang='lat' dir='ltr'><strong>alia</strong></span> <span class='ocrx_word' id='word_1_570' title='bbox 1255 4509 1441 4562; x_wconf 87' lang='lat' dir='ltr'><strong>exstat</strong></span> <span class='ocrx_word' id='word_1_571' title='bbox 1474 4528 1498 4554; x_wconf 78' lang='grc' dir='ltr'><strong>α</strong></span> <span class='ocrx_word' id='word_1_572' title='bbox 1532 4503 1595 4562; x_wconf 95' lang='grc' dir='ltr'>Β.</span> <span class='ocrx_word' id='word_1_573' title='bbox 1621 4504 1774 4564; x_wconf 88' lang='lat' dir='ltr'><strong>Petri</strong></span> <span class='ocrx_word' id='word_1_574' title='bbox 1807 4487 2074 4567; x_wconf 79' lang='lat' dir='ltr'><strong>Damiani</strong></span> 
     </span>
    </p>
   </div>
   <div class='ocr_carea' id='block_1_64' title="bbox 367 4578 2072 4678">
    <p class='ocr_par' dir='ltr' id='par_1_64' title="bbox 367 4578 2072 4678">
     <span class='ocr_line' id='line_1_64' title="bbox 367 4578 2072 4678; baseline 0.013 -42"><span class='ocrx_word' id='word_1_575' title='bbox 367 4578 514 4678; x_wconf 70' lang='lat' dir='ltr'><strong>Vita,</strong></span> <span class='ocrx_word' id='word_1_576' title='bbox 573 4598 648 4678; x_wconf 73' lang='lat' dir='ltr'><strong>ex</strong></span> <span class='ocrx_word' id='word_1_577' title='bbox 693 4586 1021 4678; x_wconf 82' lang='lat' dir='ltr'><strong>Augustino</strong></span> <span class='ocrx_word' id='word_1_578' title='bbox 1076 4589 1352 4652; x_wconf 89' lang='lat' dir='ltr'><strong>Fortunio</strong></span> <span class='ocrx_word' id='word_1_579' title='bbox 1409 4599 1690 4658; x_wconf 90' lang='lat' dir='ltr'><strong>monacho</strong></span> <span class='ocrx_word' id='word_1_580' title='bbox 1743 4597 2072 4674; x_wconf 88' lang='lat' dir='ltr'><strong>Congrega-</strong></span> 
     </span>
    </p>
   </div>
   <div class='ocr_carea' id='block_1_65' title="bbox 371 4669 2075 4755">
    <p class='ocr_par' dir='ltr' id='par_1_65' title="bbox 371 4669 2075 4755">
     <span class='ocr_line' id='line_1_65' title="bbox 371 4669 2075 4755; baseline 0.012 -29"><span class='ocrx_word' id='word_1_581' title='bbox 371 4669 544 4728; x_wconf 90' lang='lat' dir='ltr'><strong>tionis</strong></span> <span class='ocrx_word' id='word_1_582' title='bbox 589 4672 1044 4736; x_wconf 90' lang='lat' dir='ltr'><strong>Camaldulensis</strong></span> <span class='ocrx_word' id='word_1_583' title='bbox 1097 4677 1244 4738; x_wconf 90' lang='lat' dir='ltr'><strong>libro</strong></span> <span class='ocrx_word' id='word_1_584' title='bbox 1301 4683 1506 4755; x_wconf 88' lang='lat' dir='ltr'><strong>quinto</strong></span> <span class='ocrx_word' id='word_1_585' title='bbox 1549 4669 1935 4748; x_wconf 74' lang='lat' dir='ltr'><strong>Historiarum</strong></span> <span class='ocrx_word' id='word_1_586' title='bbox 1972 4669 2075 4747; x_wconf 79' lang='lat' dir='ltr'><strong>Ca-</strong></span> 
     </span>
    </p>
   </div>
   <div class='ocr_carea' id='block_1_66' title="bbox 365 4758 2072 4852">
    <p class='ocr_par' dir='ltr' id='par_1_66' title="bbox 365 4758 2072 4852">
     <span class='ocr_line' id='line_1_66' title="bbox 365 4758 2072 4852; baseline 0.013 -37"><span class='ocrx_word' id='word_1_587' title='bbox 365 4758 841 4852; x_wconf 76' lang='lat' dir='ltr'><strong>maldulensium,</strong></span> <span class='ocrx_word' id='word_1_588' title='bbox 873 4770 928 4822; x_wconf 92' lang='lat' dir='ltr'><strong>et</strong></span> <span class='ocrx_word' id='word_1_589' title='bbox 955 4767 1138 4842; x_wconf 86' lang='lat' dir='ltr'><strong>partis</strong></span> <span class='ocrx_word' id='word_1_590' title='bbox 1168 4770 1497 4842; x_wconf 89' lang='lat' dir='ltr'><strong>posterioris</strong></span> <span class='ocrx_word' id='word_1_591' title='bbox 1525 4789 1562 4832; x_wconf 89' lang='lat' dir='ltr'><strong>a</strong></span> <span class='ocrx_word' id='word_1_592' title='bbox 1593 4777 1776 4850; x_wconf 91' lang='lat' dir='ltr'><strong>capite</strong></span> <span class='ocrx_word' id='word_1_593' title='bbox 1811 4777 1843 4836; x_wconf 83' lang='grc'>6</span> <span class='ocrx_word' id='word_1_594' title='bbox 1885 4794 2072 4852; x_wconf 90' lang='lat' dir='ltr'><strong>usque</strong></span> 
     </span>
    </p>
   </div>
   <div class='ocr_carea' id='block_1_67' title="bbox 365 4847 2073 4928">
    <p class='ocr_par' dir='ltr' id='par_1_67' title="bbox 365 4847 2073 4928">
     <span class='ocr_line' id='line_1_67' title="bbox 365 4847 2073 4928; baseline 0.012 -23"><span class='ocrx_word' id='word_1_595' title='bbox 365 4847 437 4906; x_wconf 89' lang='lat' dir='ltr'><strong>ad</strong></span> <span class='ocrx_word' id='word_1_596' title='bbox 479 4849 562 4909; x_wconf 79' lang='grc'>14.</span> <span class='ocrx_word' id='word_1_597' title='bbox 597 4875 618 4903; x_wconf 77' lang='grc' dir='ltr'><strong>ι»</strong></span> <span class='ocrx_word' id='word_1_598' title='bbox 663 4852 918 4912; x_wconf 86' lang='lat' dir='ltr'><strong>Priorem</strong></span> <span class='ocrx_word' id='word_1_599' title='bbox 959 4862 1178 4928; x_wconf 87' lang='lat' dir='ltr'><strong>partem</strong></span> <span class='ocrx_word' id='word_1_600' title='bbox 1223 4857 1386 4918; x_wconf 90' lang='lat' dir='ltr'><strong>libris</strong></span> <span class='ocrx_word' id='word_1_601' title='bbox 1431 4863 1614 4924; x_wconf 91' lang='lat' dir='ltr'><strong>tribus</strong></span> <span class='ocrx_word' id='word_1_602' title='bbox 1661 4847 1840 4925; x_wconf 79' lang='lat' dir='ltr'><strong>edidit</strong></span> <span class='ocrx_word' id='word_1_603' title='bbox 1874 4847 2073 4926; x_wconf 80' lang='lat' dir='ltr'><strong>auctor</strong></span> 
     </span>
    </p>
   </div>
   <div class='ocr_carea' id='block_1_68' title="bbox 366 4938 2072 5030">
    <p class='ocr_par' dir='ltr' id='par_1_68' title="bbox 366 4938 2072 5030">
     <span class='ocr_line' id='line_1_68' title="bbox 366 4938 2072 5030; baseline 0.01 -33"><span class='ocrx_word' id='word_1_604' title='bbox 366 4938 740 5030; x_wconf 89' lang='lat' dir='ltr'><strong>subnomine</strong></span> <span class='ocrx_word' id='word_1_605' title='bbox 781 4943 1094 5016; x_wconf 87' lang='lat' dir='ltr'><strong>Augustini</strong></span> <span class='ocrx_word' id='word_1_606' title='bbox 1123 4945 1440 5008; x_wconf 85' lang='lat' dir='ltr'><strong>Florentini</strong></span> <span class='ocrx_word' id='word_1_607' title='bbox 1479 4967 1630 5012; x_wconf 88' lang='lat' dir='ltr'><strong>anno</strong></span> <span class='ocrx_word' id='word_1_608' title='bbox 1675 4956 1831 5025; x_wconf 84' lang='grc'>1575,</span> <span class='ocrx_word' id='word_1_609' title='bbox 1864 4972 2072 5030; x_wconf 89' lang='lat' dir='ltr'><strong>magno</strong></span> 
     </span>
    </p>
   </div>
   <div class='ocr_carea' id='block_1_69' title="bbox 363 5029 2072 5116">
    <p class='ocr_par' dir='ltr' id='par_1_69' title="bbox 363 5029 2072 5116">
     <span class='ocr_line' id='line_1_69' title="bbox 363 5029 2072 5116; baseline 0.01 -30"><span class='ocrx_word' id='word_1_610' title='bbox 363 5029 496 5087; x_wconf 90' lang='lat' dir='ltr'><strong>duci</strong></span> <span class='ocrx_word' id='word_1_611' title='bbox 539 5030 785 5091; x_wconf 73' lang='lat' dir='ltr'><strong>Etruriae</strong></span> <span class='ocrx_word' id='word_1_612' title='bbox 811 5033 1078 5092; x_wconf 81' lang='lat' dir='ltr'><strong>dicatam.</strong></span> <span class='ocrx_word' id='word_1_613' title='bbox 1108 5034 1232 5095; x_wconf 86' lang='lat' dir='ltr'><strong>Sub</strong></span> <span class='ocrx_word' id='word_1_614' title='bbox 1261 5038 1475 5099; x_wconf 80' lang='lat' dir='ltr'><strong>calcem</strong></span> <span class='ocrx_word' id='word_1_615' title='bbox 1507 5041 1682 5116; x_wconf 80' lang='lat' dir='ltr'><strong>hujus</strong></span> <span class='ocrx_word' id='word_1_616' title='bbox 1723 5043 1870 5101; x_wconf 67' lang='lat' dir='ltr'><strong>Vitae</strong></span> <span class='ocrx_word' id='word_1_617' title='bbox 1897 5029 2072 5103; x_wconf 89' lang='lat' dir='ltr'><strong>relata</strong></span> 
     </span>
    </p>
   </div>
   <div class='ocr_carea' id='block_1_70' title="bbox 365 5120 2071 5206">
    <p class='ocr_par' dir='ltr' id='par_1_70' title="bbox 365 5120 2071 5206">
     <span class='ocr_line' id='line_1_70' title="bbox 365 5120 2071 5206; baseline 0.011 -33"><span class='ocrx_word' id='word_1_618' title='bbox 365 5120 720 5190; x_wconf 90' lang='lat' dir='ltr'><strong>apparitione</strong></span> <span class='ocrx_word' id='word_1_619' title='bbox 768 5123 834 5182; x_wconf 93' lang='lat' dir='ltr'><strong>B.</strong></span> <span class='ocrx_word' id='word_1_620' title='bbox 889 5124 1066 5196; x_wconf 89' lang='lat' dir='ltr'><strong>Petri,</strong></span> <span class='ocrx_word' id='word_1_621' title='bbox 1099 5141 1273 5201; x_wconf 91' lang='lat' dir='ltr'><strong>quam</strong></span> <span class='ocrx_word' id='word_1_622' title='bbox 1321 5129 1383 5186; x_wconf 88' lang='lat' dir='ltr'><strong>in</strong></span> <span class='ocrx_word' id='word_1_623' title='bbox 1432 5131 1825 5204; x_wconf 89' lang='lat' dir='ltr'><strong>Appendicem</strong></span> <span class='ocrx_word' id='word_1_624' title='bbox 1867 5134 2071 5206; x_wconf 87' lang='lat' dir='ltr'><strong>rejeci-</strong></span> 
     </span>
    </p>
   </div>
   <div class='ocr_carea' id='block_1_71' title="bbox 367 5211 2072 5282">
    <p class='ocr_par' dir='ltr' id='par_1_71' title="bbox 367 5211 2072 5282">
     <span class='ocr_line' id='line_1_71' title="bbox 367 5211 2072 5282; baseline 0.009 -16"><span class='ocrx_word' id='word_1_625' title='bbox 367 5224 517 5280; x_wconf 90' lang='lat' dir='ltr'><strong>mus,</strong></span> <span class='ocrx_word' id='word_1_626' title='bbox 575 5211 700 5270; x_wconf 71' lang='lat' dir='ltr'><strong>haec</strong></span> <span class='ocrx_word' id='word_1_627' title='bbox 747 5215 1045 5276; x_wconf 89' lang='lat' dir='ltr'><strong>adduntur</strong></span> <span class='ocrx_word' id='word_1_628' title='bbox 1078 5237 1090 5276; x_wconf 92' lang='lat'><strong>:</strong></span> <span class='ocrx_word' id='word_1_629' title='bbox 1130 5241 1151 5269; x_wconf 73' lang='grc' dir='ltr'><strong><em>α</em></strong></span> <span class='ocrx_word' id='word_1_630' title='bbox 1184 5217 1392 5280; x_wconf 87' lang='lat' dir='ltr'><strong>Beatus</strong></span> <span class='ocrx_word' id='word_1_631' title='bbox 1432 5237 1567 5280; x_wconf 87' lang='lat' dir='ltr'><strong>vero</strong></span> <span class='ocrx_word' id='word_1_632' title='bbox 1604 5222 1806 5282; x_wconf 90' lang='lat' dir='ltr'><strong>Petrus</strong></span> <span class='ocrx_word' id='word_1_633' title='bbox 1856 5224 2072 5282; x_wconf 90' lang='lat' dir='ltr'><strong>exinde</strong></span> 
     </span>
    </p>
   </div>
   <div class='ocr_carea' id='block_1_72' title="bbox 371 5298 2071 5386">
    <p class='ocr_par' dir='ltr' id='par_1_72' title="bbox 371 5298 2071 5386">
     <span class='ocr_line' id='line_1_72' title="bbox 371 5298 2071 5386; baseline 0.007 -29"><span class='ocrx_word' id='word_1_634' title='bbox 371 5298 452 5369; x_wconf 92' lang='lat' dir='ltr'><strong>(id</strong></span> <span class='ocrx_word' id='word_1_635' title='bbox 483 5309 568 5359; x_wconf 90' lang='lat' dir='ltr'><strong>est</strong></span> <span class='ocrx_word' id='word_1_636' title='bbox 605 5301 679 5360; x_wconf 91' lang='lat' dir='ltr'><strong>ab</strong></span> <span class='ocrx_word' id='word_1_637' title='bbox 713 5317 869 5361; x_wconf 89' lang='lat' dir='ltr'><strong>anno</strong></span> <span class='ocrx_word' id='word_1_638' title='bbox 913 5305 1066 5378; x_wconf 88' lang='lat'>1080)</span> <span class='ocrx_word' id='word_1_639' title='bbox 1115 5309 1188 5366; x_wconf 91' lang='lat' dir='ltr'><strong>ab</strong></span> <span class='ocrx_word' id='word_1_640' title='bbox 1229 5311 1392 5369; x_wconf 92' lang='lat' dir='ltr'><strong>omni</strong></span> <span class='ocrx_word' id='word_1_641' title='bbox 1433 5311 1686 5370; x_wconf 89' lang='lat' dir='ltr'><strong>Ecclesia</strong></span> <span class='ocrx_word' id='word_1_642' title='bbox 1731 5328 1830 5386; x_wconf 91' lang='lat' dir='ltr'><strong>pro</strong></span> <span class='ocrx_word' id='word_1_643' title='bbox 1877 5320 2071 5374; x_wconf 88' lang='lat' dir='ltr'><strong>sancto</strong></span> 
     </span>
    </p>
   </div>
   <div class='ocr_carea' id='block_1_73' title="bbox 365 5389 2071 5474">
    <p class='ocr_par' dir='ltr' id='par_1_73' title="bbox 365 5389 2071 5474">
     <span class='ocr_line' id='line_1_73' title="bbox 365 5389 2071 5474; baseline 0.008 -27"><span class='ocrx_word' id='word_1_644' title='bbox 365 5389 620 5461; x_wconf 90' lang='lat' dir='ltr'><strong>habitus,</strong></span> <span class='ocrx_word' id='word_1_645' title='bbox 679 5399 732 5448; x_wconf 90' lang='lat' dir='ltr'><strong>et</strong></span> <span class='ocrx_word' id='word_1_646' title='bbox 808 5391 957 5452; x_wconf 88' lang='lat' dir='ltr'><strong>inter</strong></span> <span class='ocrx_word' id='word_1_647' title='bbox 1027 5397 1313 5457; x_wconf 80' lang='lat' dir='ltr'><strong>ccelicolas</strong></span> <span class='ocrx_word' id='word_1_648' title='bbox 1382 5407 1640 5474; x_wconf 90' lang='lat' dir='ltr'><strong>receptus</strong></span> <span class='ocrx_word' id='word_1_649' title='bbox 1716 5409 1822 5461; x_wconf 89' lang='lat' dir='ltr'><strong>est.</strong></span> <span class='ocrx_word' id='word_1_650' title='bbox 1861 5425 1880 5454; x_wconf 77' lang='grc' dir='ltr'><strong><em>ι</em></strong></span> <span class='ocrx_word' id='word_1_651' title='bbox 1941 5402 2071 5460; x_wconf 93' lang='lat' dir='ltr'><strong>Alia</strong></span> 
     </span>
    </p>
   </div>
   <div class='ocr_carea' id='block_1_74' title="bbox 362 5479 2073 5561">
    <p class='ocr_par' dir='ltr' id='par_1_74' title="bbox 362 5479 2073 5561">
     <span class='ocr_line' id='line_1_74' title="bbox 362 5479 2073 5561; baseline 0.008 -25"><span class='ocrx_word' id='word_1_652' title='bbox 362 5479 623 5551; x_wconf 90' lang='lat' dir='ltr'><strong>ejusdem</strong></span> <span class='ocrx_word' id='word_1_653' title='bbox 652 5479 716 5540; x_wconf 91' lang='lat' dir='ltr'><strong>B.</strong></span> <span class='ocrx_word' id='word_1_654' title='bbox 753 5481 902 5542; x_wconf 89' lang='lat' dir='ltr'><strong>Petri</strong></span> <span class='ocrx_word' id='word_1_655' title='bbox 945 5483 1070 5542; x_wconf 89' lang='lat' dir='ltr'><strong>Vita</strong></span> <span class='ocrx_word' id='word_1_656' title='bbox 1102 5503 1176 5546; x_wconf 85' lang='lat' dir='ltr'><strong>ex</strong></span> <span class='ocrx_word' id='word_1_657' title='bbox 1215 5488 1558 5561; x_wconf 82' lang='lat' dir='ltr'><strong>Hieronymi</strong></span> <span class='ocrx_word' id='word_1_658' title='bbox 1591 5490 1778 5548; x_wconf 84' lang='lat' dir='ltr'><strong>Bubei</strong></span> <span class='ocrx_word' id='word_1_659' title='bbox 1799 5491 1932 5550; x_wconf 89' lang='lat' dir='ltr'><strong>hist.</strong></span> <span class='ocrx_word' id='word_1_660' title='bbox 1965 5491 2073 5549; x_wconf 84' lang='lat' dir='ltr'><strong>Ra-</strong></span> 
     </span>
    </p>
   </div>
   <div class='ocr_carea' id='block_1_75' title="bbox 369 5570 2071 5654">
    <p class='ocr_par' dir='ltr' id='par_1_75' title="bbox 369 5570 2071 5654">
     <span class='ocr_line' id='line_1_75' title="bbox 369 5570 2071 5654; baseline 0.008 -30"><span class='ocrx_word' id='word_1_661' title='bbox 369 5575 618 5627; x_wconf 87' lang='lat' dir='ltr'><strong>vennate</strong></span> <span class='ocrx_word' id='word_1_662' title='bbox 667 5570 902 5630; x_wconf 90' lang='lat' dir='ltr'><strong>collecta</strong></span> <span class='ocrx_word' id='word_1_663' title='bbox 969 5581 1052 5632; x_wconf 91' lang='lat' dir='ltr'><strong>est</strong></span> <span class='ocrx_word' id='word_1_664' title='bbox 1101 5591 1133 5632; x_wconf 91' lang='lat' dir='ltr'><strong>a</strong></span> <span class='ocrx_word' id='word_1_665' title='bbox 1180 5574 1390 5635; x_wconf 89' lang='lat' dir='ltr'><strong>Jacobo</strong></span> <span class='ocrx_word' id='word_1_666' title='bbox 1433 5577 1756 5650; x_wconf 89' lang='lat' dir='ltr'><strong>Mosandro,</strong></span> <span class='ocrx_word' id='word_1_667' title='bbox 1807 5580 2071 5654; x_wconf 84' lang='lat' dir='ltr'><strong>editaque</strong></span> 
     </span>
    </p>
   </div>
   <div class='ocr_carea' id='block_1_76' title="bbox 365 5657 2070 5740">
    <p class='ocr_par' dir='ltr' id='par_1_76' title="bbox 365 5657 2070 5740">
     <span class='ocr_line' id='line_1_76' title="bbox 365 5657 2070 5740; baseline 0.009 -27"><span class='ocrx_word' id='word_1_668' title='bbox 365 5664 516 5718; x_wconf 87' lang='lat' dir='ltr'><strong>tome</strong></span> <span class='ocrx_word' id='word_1_669' title='bbox 546 5657 645 5717; x_wconf 89' lang='lat' dir='ltr'><strong>VIl</strong></span> <span class='ocrx_word' id='word_1_670' title='bbox 675 5660 746 5720; x_wconf 91' lang='lat' dir='ltr'><strong>de</strong></span> <span class='ocrx_word' id='word_1_671' title='bbox 779 5661 926 5721; x_wconf 89' lang='lat' dir='ltr'><strong>Vitis</strong></span> <span class='ocrx_word' id='word_1_672' title='bbox 956 5671 1286 5724; x_wconf 80' lang='lat' dir='ltr'><strong>sanctorum</strong></span> <span class='ocrx_word' id='word_1_673' title='bbox 1317 5666 1375 5722; x_wconf 92' lang='lat' dir='ltr'><strong>in</strong></span> <span class='ocrx_word' id='word_1_674' title='bbox 1406 5664 1817 5740; x_wconf 89' lang='lat' dir='ltr'><strong>Supplemento</strong></span> <span class='ocrx_word' id='word_1_675' title='bbox 1855 5669 1926 5728; x_wconf 90' lang='lat' dir='ltr'><strong>ad</strong></span> <span class='ocrx_word' id='word_1_676' title='bbox 1956 5668 2070 5728; x_wconf 88' lang='lat' dir='ltr'><strong>Su-</strong></span> 
     </span>
    </p>
   </div>
   <div class='ocr_carea' id='block_1_77' title="bbox 2164 3149 3878 3225">
    <p class='ocr_par' dir='ltr' id='par_1_77' title="bbox 2164 3149 3878 3225">
     <span class='ocr_line' id='line_1_77' title="bbox 2164 3149 3878 3225; baseline 0.002 -20"><span class='ocrx_word' id='word_1_677' title='bbox 2164 3154 2354 3208; x_wconf 86' lang='lat' dir='ltr'><strong>tamen</strong></span> <span class='ocrx_word' id='word_1_678' title='bbox 2408 3149 2560 3222; x_wconf 88' lang='lat' dir='ltr'><strong>apud</strong></span> <span class='ocrx_word' id='word_1_679' title='bbox 2610 3149 2949 3222; x_wconf 89' lang='lat' dir='ltr'><strong>Baronium,</strong></span> <span class='ocrx_word' id='word_1_680' title='bbox 2991 3152 3160 3225; x_wconf 89' lang='lat' dir='ltr'><strong>cujus</strong></span> <span class='ocrx_word' id='word_1_681' title='bbox 3207 3151 3532 3210; x_wconf 88' lang='lat' dir='ltr'><strong>testimonio</strong></span> <span class='ocrx_word' id='word_1_682' title='bbox 3584 3151 3878 3222; x_wconf 90' lang='lat' dir='ltr'><strong>nituntur,</strong></span> 
     </span>
    </p>
   </div>
   <div class='ocr_carea' id='block_1_78' title="bbox 2166 3240 3880 3318">
    <p class='ocr_par' dir='ltr' id='par_1_78' title="bbox 2166 3240 3880 3318">
     <span class='ocr_line' id='line_1_78' title="bbox 2166 3240 3880 3318; baseline 0.003 -21"><span class='ocrx_word' id='word_1_683' title='bbox 2166 3255 2282 3298; x_wconf 91' lang='lat' dir='ltr'><strong>non</strong></span> <span class='ocrx_word' id='word_1_684' title='bbox 2333 3240 2610 3310; x_wconf 84' lang='lat' dir='ltr'><strong>legerant.</strong></span> <span class='ocrx_word' id='word_1_685' title='bbox 2657 3243 2732 3300; x_wconf 89' lang='lat' dir='ltr'><strong>At</strong></span> <span class='ocrx_word' id='word_1_686' title='bbox 2774 3241 2844 3300; x_wconf 79' lang='lat'><strong>22</strong></span> <span class='ocrx_word' id='word_1_687' title='bbox 2886 3241 3054 3300; x_wconf 88' lang='lat' dir='ltr'><strong>Febr.</strong></span> <span class='ocrx_word' id='word_1_688' title='bbox 3108 3259 3224 3318; x_wconf 91' lang='lat' dir='ltr'><strong>quo</strong></span> <span class='ocrx_word' id='word_1_689' title='bbox 3266 3243 3360 3302; x_wconf 92' lang='lat' dir='ltr'><strong>die</strong></span> <span class='ocrx_word' id='word_1_690' title='bbox 3409 3250 3706 3302; x_wconf 92' lang='lat' dir='ltr'><strong>mortuum</strong></span> <span class='ocrx_word' id='word_1_691' title='bbox 3752 3259 3880 3302; x_wconf 89' lang='lat' dir='ltr'><strong>esse</strong></span> 
     </span>
    </p>
   </div>
   <div class='ocr_carea' id='block_1_79' title="bbox 2163 3332 3881 3411">
    <p class='ocr_par' dir='ltr' id='par_1_79' title="bbox 2163 3332 3881 3411">
     <span class='ocr_line' id='line_1_79' title="bbox 2163 3332 3881 3411; baseline 0.003 -22"><span class='ocrx_word' id='word_1_692' title='bbox 2163 3332 2446 3402; x_wconf 84' lang='lat' dir='ltr'><strong>diximus,</strong></span> <span class='ocrx_word' id='word_1_693' title='bbox 2488 3332 2829 3408; x_wconf 89' lang='lat' dir='ltr'><strong>inscripsere</strong></span> <span class='ocrx_word' id='word_1_694' title='bbox 2881 3335 3152 3394; x_wconf 85' lang='lat' dir='ltr'><strong>eumdem</strong></span> <span class='ocrx_word' id='word_1_695' title='bbox 3198 3335 3639 3411; x_wconf 89' lang='lat' dir='ltr'><strong>Balinghemius</strong></span> <span class='ocrx_word' id='word_1_696' title='bbox 3685 3343 3881 3394; x_wconf 86' lang='lat' dir='ltr'><strong>noster</strong></span> 
     </span>
    </p>
   </div>
   <div class='ocr_carea' id='block_1_80' title="bbox 2164 3422 3876 3497">
    <p class='ocr_par' dir='ltr' id='par_1_80' title="bbox 2164 3422 3876 3497">
     <span class='ocr_line' id='line_1_80' title="bbox 2164 3422 3876 3497; baseline 0.001 -16"><span class='ocrx_word' id='word_1_697' title='bbox 2164 3422 2293 3482; x_wconf 85' lang='lat' dir='ltr'><strong>Kal.</strong></span> <span class='ocrx_word' id='word_1_698' title='bbox 2343 3422 2621 3494; x_wconf 87' lang='lat' dir='ltr'><strong>Mariano,</strong></span> <span class='ocrx_word' id='word_1_699' title='bbox 2671 3423 2922 3482; x_wconf 87' lang='lat' dir='ltr'><strong>Ghinius</strong></span> <span class='ocrx_word' id='word_1_700' title='bbox 2974 3425 3158 3483; x_wconf 84' lang='lat' dir='ltr'><strong>Nata].</strong></span> <span class='ocrx_word' id='word_1_701' title='bbox 3209 3433 3388 3484; x_wconf 87' lang='lat' dir='ltr'><strong>sanet.</strong></span> <span class='ocrx_word' id='word_1_702' title='bbox 3439 3425 3876 3497; x_wconf 87' lang='lat' dir='ltr'><strong>canonicorum,</strong></span> 
     </span>
    </p>
   </div>
   <div class='ocr_carea' id='block_1_81' title="bbox 2163 3512 3875 3590">
    <p class='ocr_par' dir='ltr' id='par_1_81' title="bbox 2163 3512 3875 3590">
     <span class='ocr_line' id='line_1_81' title="bbox 2163 3512 3875 3590; baseline 0.002 -20"><span class='ocrx_word' id='word_1_703' title='bbox 2163 3512 2366 3583; x_wconf 90' lang='lat' dir='ltr'><strong>Wion,</strong></span> <span class='ocrx_word' id='word_1_704' title='bbox 2407 3513 2747 3586; x_wconf 86' lang='lat' dir='ltr'><strong>Dorganius,</strong></span> <span class='ocrx_word' id='word_1_705' title='bbox 2786 3513 3119 3587; x_wconf 87' lang='lat' dir='ltr'><strong>Menardus,</strong></span> <span class='ocrx_word' id='word_1_706' title='bbox 3160 3515 3495 3587; x_wconf 90' lang='lat' dir='ltr'><strong>Bucelinus,</strong></span> <span class='ocrx_word' id='word_1_707' title='bbox 3533 3515 3875 3590; x_wconf 86' lang='lat' dir='ltr'><strong>Martyrolo-</strong></span> 
     </span>
    </p>
   </div>
   <div class='ocr_carea' id='block_1_82' title="bbox 2161 3602 3879 3680">
    <p class='ocr_par' dir='ltr' id='par_1_82' title="bbox 2161 3602 3879 3680">
     <span class='ocr_line' id='line_1_82' title="bbox 2161 3602 3879 3680; baseline 0.001 -19"><span class='ocrx_word' id='word_1_708' title='bbox 2161 3603 2273 3677; x_wconf 89' lang='lat' dir='ltr'><strong>giis</strong></span> <span class='ocrx_word' id='word_1_709' title='bbox 2315 3602 2724 3676; x_wconf 90' lang='lat' dir='ltr'><strong>Benedictinis,</strong></span> <span class='ocrx_word' id='word_1_710' title='bbox 2769 3620 2835 3664; x_wconf 90' lang='lat' dir='ltr'><strong>ac</strong></span> <span class='ocrx_word' id='word_1_711' title='bbox 2882 3605 3108 3678; x_wconf 91' lang='lat' dir='ltr'><strong>Surius,</strong></span> <span class='ocrx_word' id='word_1_712' title='bbox 3169 3606 3433 3679; x_wconf 70' lang='lat' dir='ltr'><strong>Hamus,</strong></span> <span class='ocrx_word' id='word_1_713' title='bbox 3485 3605 3702 3679; x_wconf 89' lang='lat' dir='ltr'><strong>aliique</strong></span> <span class='ocrx_word' id='word_1_714' title='bbox 3749 3605 3879 3680; x_wconf 88' lang='lat' dir='ltr'><strong>ejus</strong></span> 
     </span>
    </p>
   </div>
   <div class='ocr_carea' id='block_1_83' title="bbox 2163 3693 3084 3840">
    <p class='ocr_par' dir='ltr' id='par_1_83' title="bbox 2163 3693 3084 3840">
     <span class='ocr_line' id='line_1_83' title="bbox 2163 3693 2614 3753; baseline 0.004 -2"><span class='ocrx_word' id='word_1_715' title='bbox 2163 3693 2357 3752; x_wconf 88' lang='lat' dir='ltr'><strong>Vitam</strong></span> <span class='ocrx_word' id='word_1_716' title='bbox 2387 3693 2614 3753; x_wconf 91' lang='lat' dir='ltr'><strong>dedere.</strong></span> 
     </span>
     <span class='ocr_line' id='line_1_84' title="bbox 2938 3767 3084 3840; baseline 0.007 -15"><span class='ocrx_word' id='word_1_717' title='bbox 2938 3770 2969 3840; x_wconf 83' lang='lat'>§</span> <span class='ocrx_word' id='word_1_718' title='bbox 3001 3767 3084 3826; x_wconf 93' lang='lat' dir='ltr'><strong>III</strong></span> 
     </span>
    </p>
   </div>
   <div class='ocr_carea' id='block_1_84' title="bbox 2161 3875 3880 3947">
    <p class='ocr_par' dir='ltr' id='par_1_84' title="bbox 2161 3875 3880 3947">
     <span class='ocr_line' id='line_1_85' title="bbox 2161 3875 3880 3947; baseline -0.001 -16"><span class='ocrx_word' id='word_1_719' title='bbox 2161 3878 2224 3933; x_wconf 91' lang='lat' dir='ltr'><strong>B.</strong></span> <span class='ocrx_word' id='word_1_720' title='bbox 2257 3875 2408 3931; x_wconf 81' lang='lat' dir='ltr'><strong>Petri</strong></span> <span class='ocrx_word' id='word_1_721' title='bbox 2433 3877 2651 3929; x_wconf 88' lang='lat' dir='ltr'><strong>animus</strong></span> <span class='ocrx_word' id='word_1_722' title='bbox 2679 3891 2926 3931; x_wconf 75' lang='lat' dir='ltr'><strong>reverens</strong></span> <span class='ocrx_word' id='word_1_723' title='bbox 2954 3892 3084 3944; x_wconf 85' lang='lat' dir='ltr'><strong>erga</strong></span> <span class='ocrx_word' id='word_1_724' title='bbox 3111 3876 3170 3932; x_wconf 91' lang='lat' dir='ltr'><strong>S.</strong></span> <span class='ocrx_word' id='word_1_725' title='bbox 3205 3875 3572 3940; x_wconf 84' lang='lat' dir='ltr'><strong>Benedictum,</strong></span> <span class='ocrx_word' id='word_1_726' title='bbox 3605 3877 3768 3947; x_wconf 86' lang='lat' dir='ltr'><strong>hujus</strong></span> <span class='ocrx_word' id='word_1_727' title='bbox 3794 3891 3880 3930; x_wconf 83' lang='lat' dir='ltr'><strong>re-</strong></span> 
     </span>
    </p>
   </div>
   <div class='ocr_carea' id='block_1_85' title="bbox 2235 3955 3872 4024">
    <p class='ocr_par' dir='ltr' id='par_1_85' title="bbox 2235 3955 3872 4024">
     <span class='ocr_line' id='line_1_86' title="bbox 2235 3955 3872 4024; baseline 0.002 -14"><span class='ocrx_word' id='word_1_728' title='bbox 2235 3957 2440 4024; x_wconf 81' lang='lat' dir='ltr'><strong>gulam,</strong></span> <span class='ocrx_word' id='word_1_729' title='bbox 2478 3960 2529 4009; x_wconf 87' lang='lat' dir='ltr'><strong>et</strong></span> <span class='ocrx_word' id='word_1_730' title='bbox 2570 3955 2833 4012; x_wconf 86' lang='lat' dir='ltr'><strong>ordinem.</strong></span> <span class='ocrx_word' id='word_1_731' title='bbox 2877 3958 3041 4012; x_wconf 85' lang='lat' dir='ltr'><strong>Alius</strong></span> <span class='ocrx_word' id='word_1_732' title='bbox 3082 3957 3151 4011; x_wconf 87' lang='lat' dir='ltr'><strong>ab</strong></span> <span class='ocrx_word' id='word_1_733' title='bbox 3187 3971 3244 4011; x_wconf 90' lang='lat' dir='ltr'><strong>eo</strong></span> <span class='ocrx_word' id='word_1_734' title='bbox 3278 3959 3470 4012; x_wconf 83' lang='lat' dir='ltr'><strong>Petrus</strong></span> <span class='ocrx_word' id='word_1_735' title='bbox 3504 3956 3570 4012; x_wconf 89' lang='lat' dir='ltr'><strong>de</strong></span> <span class='ocrx_word' id='word_1_736' title='bbox 3596 3959 3872 4013; x_wconf 86' lang='lat' dir='ltr'><strong>Honestis.</strong></span> 
     </span>
    </p>
   </div>
   <div class='ocr_carea' id='block_1_86' title="bbox 2237 4036 2838 4103">
    <p class='ocr_par' dir='ltr' id='par_1_86' title="bbox 2237 4036 2838 4103">
     <span class='ocr_line' id='line_1_87' title="bbox 2237 4036 2838 4103; baseline 0.002 -11"><span class='ocrx_word' id='word_1_737' title='bbox 2237 4036 2534 4103; x_wconf 88' lang='lat' dir='ltr'><strong>Cognomen</strong></span> <span class='ocrx_word' id='word_1_738' title='bbox 2558 4037 2838 4094; x_wconf 78' lang='lat' dir='ltr'><strong>Damiani.</strong></span> 
     </span>
    </p>
   </div>
   <div class='ocr_carea' id='block_1_87' title="bbox 2237 4139 3877 4214">
    <p class='ocr_par' dir='ltr' id='par_1_87' title="bbox 2237 4139 3877 4214">
     <span class='ocr_line' id='line_1_88' title="bbox 2237 4139 3877 4214; baseline 0.002 -17"><span class='ocrx_word' id='word_1_739' title='bbox 2237 4140 2323 4198; x_wconf 87' lang='grc'>15.</span> <span class='ocrx_word' id='word_1_740' title='bbox 2377 4139 2663 4199; x_wconf 82' lang='lat' dir='ltr'><strong>Caeterum</strong></span> <span class='ocrx_word' id='word_1_741' title='bbox 2717 4141 3076 4201; x_wconf 90' lang='lat' dir='ltr'><strong>Benedictini</strong></span> <span class='ocrx_word' id='word_1_742' title='bbox 3121 4141 3253 4214; x_wconf 89' lang='lat' dir='ltr'><strong>jure</strong></span> <span class='ocrx_word' id='word_1_743' title='bbox 3306 4141 3522 4214; x_wconf 88' lang='lat' dir='ltr'><strong>optimo</strong></span> <span class='ocrx_word' id='word_1_744' title='bbox 3567 4148 3877 4201; x_wconf 88' lang='lat' dir='ltr'><strong>assumunt</strong></span> 
     </span>
    </p>
   </div>
   <div class='ocr_carea' id='block_1_88' title="bbox 2162 4228 3876 4303">
    <p class='ocr_par' dir='ltr' id='par_1_88' title="bbox 2162 4228 3876 4303">
     <span class='ocr_line' id='line_1_89' title="bbox 2162 4228 3876 4303; baseline 0 -15"><span class='ocrx_word' id='word_1_745' title='bbox 2162 4229 2336 4288; x_wconf 90' lang='lat' dir='ltr'><strong>etiam</strong></span> <span class='ocrx_word' id='word_1_746' title='bbox 2378 4228 2623 4300; x_wconf 92' lang='lat' dir='ltr'><strong>cultum,</strong></span> <span class='ocrx_word' id='word_1_747' title='bbox 2665 4245 2730 4288; x_wconf 90' lang='lat' dir='ltr'><strong>ac</strong></span> <span class='ocrx_word' id='word_1_748' title='bbox 2780 4230 3209 4288; x_wconf 87' lang='lat' dir='ltr'><strong>venerationem</strong></span> <span class='ocrx_word' id='word_1_749' title='bbox 3259 4229 3324 4288; x_wconf 93' lang='lat' dir='ltr'><strong>B.</strong></span> <span class='ocrx_word' id='word_1_750' title='bbox 3381 4229 3532 4288; x_wconf 91' lang='lat' dir='ltr'><strong>Petri</strong></span> <span class='ocrx_word' id='word_1_751' title='bbox 3583 4230 3876 4303; x_wconf 85' lang='lat' dir='ltr'><strong>Damiani,</strong></span> 
     </span>
    </p>
   </div>
   <div class='ocr_carea' id='block_1_89' title="bbox 2162 4317 3874 4393">
    <p class='ocr_par' dir='ltr' id='par_1_89' title="bbox 2162 4317 3874 4393">
     <span class='ocr_line' id='line_1_90' title="bbox 2162 4317 3874 4393; baseline 0.001 -17"><span class='ocrx_word' id='word_1_752' title='bbox 2162 4324 2357 4392; x_wconf 88' lang='lat' dir='ltr'><strong>utpote</strong></span> <span class='ocrx_word' id='word_1_753' title='bbox 2418 4319 2520 4392; x_wconf 91' lang='lat' dir='ltr'><strong>qui</strong></span> <span class='ocrx_word' id='word_1_754' title='bbox 2577 4319 3006 4378; x_wconf 89' lang='lat' dir='ltr'><strong>sanctissimum</strong></span> <span class='ocrx_word' id='word_1_755' title='bbox 3060 4318 3440 4393; x_wconf 89' lang='lat' dir='ltr'><strong>patriarcham</strong></span> <span class='ocrx_word' id='word_1_756' title='bbox 3493 4317 3874 4378; x_wconf 89' lang='lat' dir='ltr'><strong>Benedictum</strong></span> 
     </span>
    </p>
   </div>
   <div class='ocr_carea' id='block_1_90' title="bbox 2162 4407 3875 4484">
    <p class='ocr_par' dir='ltr' id='par_1_90' title="bbox 2162 4407 3875 4484">
     <span class='ocr_line' id='line_1_91' title="bbox 2162 4407 3875 4484; baseline -0.001 -17"><span class='ocrx_word' id='word_1_757' title='bbox 2162 4407 2406 4467; x_wconf 88' lang='lat' dir='ltr'><strong>solemni</strong></span> <span class='ocrx_word' id='word_1_758' title='bbox 2432 4408 2594 4467; x_wconf 91' lang='lat' dir='ltr'><strong>cultu</strong></span> <span class='ocrx_word' id='word_1_759' title='bbox 2628 4415 2968 4482; x_wconf 90' lang='lat' dir='ltr'><strong>prosecutus</strong></span> <span class='ocrx_word' id='word_1_760' title='bbox 3002 4415 3104 4478; x_wconf 94' lang='lat' dir='ltr'><strong>est,</strong></span> <span class='ocrx_word' id='word_1_761' title='bbox 3139 4408 3198 4466; x_wconf 92' lang='lat' dir='ltr'><strong>in</strong></span> <span class='ocrx_word' id='word_1_762' title='bbox 3257 4411 3500 4484; x_wconf 90' lang='lat' dir='ltr'><strong>ejusque</strong></span> <span class='ocrx_word' id='word_1_763' title='bbox 3553 4407 3646 4466; x_wconf 92' lang='lat' dir='ltr'><strong>die</strong></span> <span class='ocrx_word' id='word_1_764' title='bbox 3693 4409 3875 4467; x_wconf 92' lang='lat' dir='ltr'><strong>natali</strong></span> 
     </span>
    </p>
   </div>
   <div class='ocr_carea' id='block_1_91' title="bbox 2161 4497 3873 4572">
    <p class='ocr_par' dir='ltr' id='par_1_91' title="bbox 2161 4497 3873 4572">
     <span class='ocr_line' id='line_1_92' title="bbox 2161 4497 3873 4572; baseline -0.001 -16"><span class='ocrx_word' id='word_1_765' title='bbox 2161 4498 2268 4556; x_wconf 89' lang='lat' dir='ltr'><strong>hac</strong></span> <span class='ocrx_word' id='word_1_766' title='bbox 2292 4499 2362 4556; x_wconf 92' lang='lat' dir='ltr'><strong>de</strong></span> <span class='ocrx_word' id='word_1_767' title='bbox 2385 4513 2557 4556; x_wconf 90' lang='lat' dir='ltr'><strong>causa</strong></span> <span class='ocrx_word' id='word_1_768' title='bbox 2595 4497 2857 4556; x_wconf 91' lang='lat' dir='ltr'><strong>strictum</strong></span> <span class='ocrx_word' id='word_1_769' title='bbox 2885 4497 3350 4570; x_wconf 73' lang='lat' dir='ltr'><strong>Quadragesimte</strong></span> <span class='ocrx_word' id='word_1_770' title='bbox 3377 4497 3667 4570; x_wconf 89' lang='lat' dir='ltr'><strong>jejunium</strong></span> <span class='ocrx_word' id='word_1_771' title='bbox 3708 4511 3873 4572; x_wconf 91' lang='lat' dir='ltr'><strong>posse</strong></span> 
     </span>
    </p>
   </div>
   <div class='ocr_carea' id='block_1_92' title="bbox 2158 4587 3872 4664">
    <p class='ocr_par' dir='ltr' id='par_1_92' title="bbox 2158 4587 3872 4664">
     <span class='ocr_line' id='line_1_93' title="bbox 2158 4587 3872 4664; baseline -0.001 -16"><span class='ocrx_word' id='word_1_772' title='bbox 2158 4589 2594 4664; x_wconf 88' lang='lat' dir='ltr'><strong>aliquantulum</strong></span> <span class='ocrx_word' id='word_1_773' title='bbox 2633 4589 2882 4648; x_wconf 87' lang='lat' dir='ltr'><strong>relaxari</strong></span> <span class='ocrx_word' id='word_1_774' title='bbox 2914 4589 3265 4662; x_wconf 68' lang='lat' dir='ltr'><strong>praescripsit</strong></span> <span class='ocrx_word' id='word_1_775' title='bbox 3303 4603 3502 4661; x_wconf 90' lang='lat' dir='ltr'><strong>opusc.</strong></span> <span class='ocrx_word' id='word_1_776' title='bbox 3537 4599 3644 4646; x_wconf 77' lang='lat' dir='ltr'><strong>le</strong></span> <span class='ocrx_word' id='word_1_777' title='bbox 3673 4587 3742 4646; x_wconf 92' lang='lat' dir='ltr'><strong>de</strong></span> <span class='ocrx_word' id='word_1_778' title='bbox 3774 4602 3872 4646; x_wconf 84' lang='lat' dir='ltr'><strong>or-</strong></span> 
     </span>
    </p>
   </div>
   <div class='ocr_carea' id='block_1_93' title="bbox 2156 4673 3866 4750">
    <p class='ocr_par' dir='ltr' id='par_1_93' title="bbox 2156 4673 3866 4750">
     <span class='ocr_line' id='line_1_94' title="bbox 2156 4673 3866 4750; baseline -0.002 -13"><span class='ocrx_word' id='word_1_779' title='bbox 2156 4679 2290 4737; x_wconf 90' lang='lat' dir='ltr'><strong>dine</strong></span> <span class='ocrx_word' id='word_1_780' title='bbox 2329 4685 2383 4736; x_wconf 88' lang='lat' dir='ltr'><strong>et</strong></span> <span class='ocrx_word' id='word_1_781' title='bbox 2424 4677 2623 4750; x_wconf 87' lang='lat' dir='ltr'><strong>regula</strong></span> <span class='ocrx_word' id='word_1_782' title='bbox 2667 4675 2846 4735; x_wconf 90' lang='lat' dir='ltr'><strong>eremi</strong></span> <span class='ocrx_word' id='word_1_783' title='bbox 2884 4675 3085 4734; x_wconf 86' lang='lat' dir='ltr'><strong>Fontis</strong></span> <span class='ocrx_word' id='word_1_784' title='bbox 3125 4673 3413 4734; x_wconf 91' lang='lat' dir='ltr'><strong>Avellani.</strong></span> <span class='ocrx_word' id='word_1_785' title='bbox 3449 4699 3470 4728; x_wconf 73' lang='grc' dir='ltr'><strong>α</strong></span> <span class='ocrx_word' id='word_1_786' title='bbox 3506 4675 3574 4733; x_wconf 90' lang='lat' dir='ltr'><strong>In</strong></span> <span class='ocrx_word' id='word_1_787' title='bbox 3617 4677 3866 4748; x_wconf 88' lang='lat' dir='ltr'><strong>duabus,</strong></span> 
     </span>
    </p>
   </div>
   <div class='ocr_carea' id='block_1_94' title="bbox 2155 4767 3867 4846">
    <p class='ocr_par' dir='ltr' id='par_1_94' title="bbox 2155 4767 3867 4846">
     <span class='ocr_line' id='line_1_95' title="bbox 2155 4767 3867 4846; baseline -0.001 -18"><span class='ocrx_word' id='word_1_788' title='bbox 2155 4770 2375 4846; x_wconf 91' lang='lat' dir='ltr'><strong>inquit,</strong></span> <span class='ocrx_word' id='word_1_789' title='bbox 2422 4768 2904 4842; x_wconf 84' lang='lat' dir='ltr'><strong>Quadragesimis,</strong></span> <span class='ocrx_word' id='word_1_790' title='bbox 2963 4784 3095 4844; x_wconf 68' lang='lat' dir='ltr'><strong>quas</strong></span> <span class='ocrx_word' id='word_1_791' title='bbox 3153 4768 3245 4828; x_wconf 88' lang='lat' dir='ltr'><strong>vel</strong></span> <span class='ocrx_word' id='word_1_792' title='bbox 3298 4768 3558 4827; x_wconf 90' lang='lat' dir='ltr'><strong>Natalem</strong></span> <span class='ocrx_word' id='word_1_793' title='bbox 3612 4767 3867 4840; x_wconf 83' lang='lat' dir='ltr'><strong>Domini,</strong></span> 
     </span>
    </p>
   </div>
   <div class='ocr_carea' id='block_1_95' title="bbox 2156 4856 3868 4932">
    <p class='ocr_par' dir='ltr' id='par_1_95' title="bbox 2156 4856 3868 4932">
     <span class='ocr_line' id='line_1_96' title="bbox 2156 4856 3868 4932; baseline -0.003 -14"><span class='ocrx_word' id='word_1_794' title='bbox 2156 4859 2246 4918; x_wconf 84' lang='lat' dir='ltr'><strong>vel</strong></span> <span class='ocrx_word' id='word_1_795' title='bbox 2293 4864 2558 4916; x_wconf 90' lang='lat' dir='ltr'><strong>sanctum</strong></span> <span class='ocrx_word' id='word_1_796' title='bbox 2601 4857 2817 4917; x_wconf 89' lang='lat' dir='ltr'><strong>Pascha</strong></span> <span class='ocrx_word' id='word_1_797' title='bbox 2859 4857 3216 4932; x_wconf 70' lang='lat' dir='ltr'><strong>prtecedunt,</strong></span> <span class='ocrx_word' id='word_1_798' title='bbox 3261 4859 3616 4916; x_wconf 81' lang='lat' dir='ltr'><strong>consuetudo</strong></span> <span class='ocrx_word' id='word_1_799' title='bbox 3659 4856 3868 4927; x_wconf 86' lang='lat' dir='ltr'><strong>tenuit,</strong></span> 
     </span>
    </p>
   </div>
   <div class='ocr_carea' id='block_1_96' title="bbox 2154 4945 3866 5021">
    <p class='ocr_par' dir='ltr' id='par_1_96' title="bbox 2154 4945 3866 5021">
     <span class='ocr_line' id='line_1_97' title="bbox 2154 4945 3866 5021; baseline -0.004 -13"><span class='ocrx_word' id='word_1_800' title='bbox 2154 4954 2218 5008; x_wconf 91' lang='lat' dir='ltr'><strong>ut</strong></span> <span class='ocrx_word' id='word_1_801' title='bbox 2263 4964 2453 5021; x_wconf 90' lang='lat' dir='ltr'><strong>neque</strong></span> <span class='ocrx_word' id='word_1_802' title='bbox 2511 4947 2830 5015; x_wconf 87' lang='lat' dir='ltr'><strong>monachis,</strong></span> <span class='ocrx_word' id='word_1_803' title='bbox 2886 4962 3078 5021; x_wconf 85' lang='lat' dir='ltr'><strong>neque</strong></span> <span class='ocrx_word' id='word_1_804' title='bbox 3134 4946 3320 5018; x_wconf 90' lang='lat' dir='ltr'><strong>laicis,</strong></span> <span class='ocrx_word' id='word_1_805' title='bbox 3375 4947 3521 5016; x_wconf 87' lang='lat' dir='ltr'><strong>vini,</strong></span> <span class='ocrx_word' id='word_1_806' title='bbox 3553 4946 3642 5003; x_wconf 86' lang='lat' dir='ltr'><strong>vel</strong></span> <span class='ocrx_word' id='word_1_807' title='bbox 3693 4945 3866 5003; x_wconf 91' lang='lat' dir='ltr'><strong>etiam</strong></span> 
     </span>
    </p>
   </div>
   <div class='ocr_carea' id='block_1_97' title="bbox 2153 5035 3866 5115">
    <p class='ocr_par' dir='ltr' id='par_1_97' title="bbox 2153 5035 3866 5115">
     <span class='ocr_line' id='line_1_98' title="bbox 2153 5035 3866 5115; baseline -0.004 -17"><span class='ocrx_word' id='word_1_808' title='bbox 2153 5039 2328 5115; x_wconf 88' lang='lat' dir='ltr'><strong>piscis</strong></span> <span class='ocrx_word' id='word_1_809' title='bbox 2367 5043 2652 5114; x_wconf 87' lang='lat' dir='ltr'><strong>perceptio</strong></span> <span class='ocrx_word' id='word_1_810' title='bbox 2690 5037 3054 5098; x_wconf 90' lang='lat' dir='ltr'><strong>concedatur.</strong></span> <span class='ocrx_word' id='word_1_811' title='bbox 3081 5037 3472 5098; x_wconf 88' lang='lat' dir='ltr'><strong>.Pulmentum</strong></span> <span class='ocrx_word' id='word_1_812' title='bbox 3511 5051 3744 5111; x_wconf 90' lang='lat' dir='ltr'><strong>quoque</strong></span> <span class='ocrx_word' id='word_1_813' title='bbox 3803 5035 3866 5093; x_wconf 90' lang='lat' dir='ltr'><strong>in</strong></span> 
     </span>
    </p>
   </div>
   <div class='ocr_carea' id='block_1_98' title="bbox 2154 5129 3868 5205">
    <p class='ocr_par' dir='ltr' id='par_1_98' title="bbox 2154 5129 3868 5205">
     <span class='ocr_line' id='line_1_99' title="bbox 2154 5129 3868 5205; baseline -0.002 -16"><span class='ocrx_word' id='word_1_814' title='bbox 2154 5130 2371 5189; x_wconf 90' lang='lat' dir='ltr'><strong>eisdem</strong></span> <span class='ocrx_word' id='word_1_815' title='bbox 2413 5129 2882 5204; x_wconf 87' lang='lat' dir='ltr'><strong>Quadragesimis</strong></span> <span class='ocrx_word' id='word_1_816' title='bbox 2920 5145 3227 5205; x_wconf 90' lang='lat' dir='ltr'><strong>nunquam</strong></span> <span class='ocrx_word' id='word_1_817' title='bbox 3279 5130 3352 5188; x_wconf 91' lang='lat' dir='ltr'><strong>sit</strong></span> <span class='ocrx_word' id='word_1_818' title='bbox 3402 5134 3612 5202; x_wconf 63' lang='lat' dir='ltr'><strong>praeter</strong></span> <span class='ocrx_word' id='word_1_819' title='bbox 3659 5142 3868 5198; x_wconf 88' lang='lat' dir='ltr'><strong>unum,</strong></span> 
     </span>
    </p>
   </div>
   <div class='ocr_carea' id='block_1_99' title="bbox 2155 5215 3867 5292">
    <p class='ocr_par' dir='ltr' id='par_1_99' title="bbox 2155 5215 3867 5292">
     <span class='ocr_line' id='line_1_100' title="bbox 2155 5215 3867 5292; baseline -0.002 -15"><span class='ocrx_word' id='word_1_820' title='bbox 2155 5219 2268 5278; x_wconf 89' lang='lat' dir='ltr'><strong>nisi</strong></span> <span class='ocrx_word' id='word_1_821' title='bbox 2315 5219 2407 5277; x_wconf 91' lang='lat' dir='ltr'><strong>his</strong></span> <span class='ocrx_word' id='word_1_822' title='bbox 2450 5227 2703 5292; x_wconf 89' lang='lat' dir='ltr'><strong>quatuor</strong></span> <span class='ocrx_word' id='word_1_823' title='bbox 2745 5219 3172 5289; x_wconf 80' lang='lat' dir='ltr'><strong>festivitatibus,</strong></span> <span class='ocrx_word' id='word_1_824' title='bbox 3213 5219 3427 5278; x_wconf 91' lang='lat' dir='ltr'><strong>scilicet</strong></span> <span class='ocrx_word' id='word_1_825' title='bbox 3483 5215 3550 5273; x_wconf 93' lang='lat' dir='ltr'><strong>B.</strong></span> <span class='ocrx_word' id='word_1_826' title='bbox 3594 5215 3867 5286; x_wconf 75' lang='lat' dir='ltr'><strong>Andreae,</strong></span> 
     </span>
    </p>
   </div>
   <div class='ocr_carea' id='block_1_100' title="bbox 2155 5305 3867 5382">
    <p class='ocr_par' dir='ltr' id='par_1_100' title="bbox 2155 5305 3867 5382">
     <span class='ocr_line' id='line_1_101' title="bbox 2155 5305 3867 5382; baseline -0.004 -12"><span class='ocrx_word' id='word_1_827' title='bbox 2155 5317 2209 5370; x_wconf 94' lang='lat' dir='ltr'><strong>et</strong></span> <span class='ocrx_word' id='word_1_828' title='bbox 2240 5310 2297 5370; x_wconf 92' lang='lat' dir='ltr'><strong>S.</strong></span> <span class='ocrx_word' id='word_1_829' title='bbox 2329 5310 2642 5382; x_wconf 89' lang='lat' dir='ltr'><strong>Benedicti,</strong></span> <span class='ocrx_word' id='word_1_830' title='bbox 2680 5319 2735 5369; x_wconf 87' lang='lat' dir='ltr'><strong>et</strong></span> <span class='ocrx_word' id='word_1_831' title='bbox 2771 5311 2832 5369; x_wconf 93' lang='lat' dir='ltr'><strong>in</strong></span> <span class='ocrx_word' id='word_1_832' title='bbox 2880 5310 3178 5370; x_wconf 88' lang='lat' dir='ltr'><strong>Dominica</strong></span> <span class='ocrx_word' id='word_1_833' title='bbox 3219 5308 3573 5376; x_wconf 90' lang='lat' dir='ltr'><strong>Palmarum,</strong></span> <span class='ocrx_word' id='word_1_834' title='bbox 3601 5313 3657 5364; x_wconf 88' lang='lat' dir='ltr'><strong>et</strong></span> <span class='ocrx_word' id='word_1_835' title='bbox 3691 5305 3867 5365; x_wconf 79' lang='lat' dir='ltr'><strong>C(ena</strong></span> 
     </span>
    </p>
   </div>
   <div class='ocr_carea' id='block_1_101' title="bbox 2157 5395 3867 5472">
    <p class='ocr_par' dir='ltr' id='par_1_101' title="bbox 2157 5395 3867 5472">
     <span class='ocr_line' id='line_1_102' title="bbox 2157 5395 3867 5472; baseline -0.004 -14"><span class='ocrx_word' id='word_1_836' title='bbox 2157 5399 2409 5469; x_wconf 91' lang='lat' dir='ltr'><strong>Domini,</strong></span> <span class='ocrx_word' id='word_1_837' title='bbox 2451 5399 2666 5472; x_wconf 88' lang='lat' dir='ltr'><strong>quibus</strong></span> <span class='ocrx_word' id='word_1_838' title='bbox 2703 5399 2984 5458; x_wconf 89' lang='lat' dir='ltr'><strong>nimirum</strong></span> <span class='ocrx_word' id='word_1_839' title='bbox 3016 5395 3414 5456; x_wconf 85' lang='lat' dir='ltr'><strong>sacratissimis</strong></span> <span class='ocrx_word' id='word_1_840' title='bbox 3443 5395 3650 5454; x_wconf 88' lang='lat' dir='ltr'><strong>diebus</strong></span> <span class='ocrx_word' id='word_1_841' title='bbox 3684 5395 3867 5468; x_wconf 91' lang='lat' dir='ltr'><strong>pisces</strong></span> 
     </span>
    </p>
   </div>
   <div class='ocr_carea' id='block_1_102' title="bbox 2157 5488 3860 5565">
    <p class='ocr_par' dir='ltr' id='par_1_102' title="bbox 2157 5488 3860 5565">
     <span class='ocr_line' id='line_1_103' title="bbox 2157 5488 3860 5565; baseline -0.004 -16"><span class='ocrx_word' id='word_1_842' title='bbox 2157 5498 2212 5549; x_wconf 92' lang='lat' dir='ltr'><strong>et</strong></span> <span class='ocrx_word' id='word_1_843' title='bbox 2264 5491 2470 5550; x_wconf 90' lang='lat' dir='ltr'><strong>vinum</strong></span> <span class='ocrx_word' id='word_1_844' title='bbox 2504 5507 2655 5550; x_wconf 87' lang='lat' dir='ltr'><strong>.cum</strong></span> <span class='ocrx_word' id='word_1_845' title='bbox 2709 5491 3025 5563; x_wconf 86' lang='lat' dir='ltr'><strong>gratiarum</strong></span> <span class='ocrx_word' id='word_1_846' title='bbox 3081 5489 3302 5565; x_wconf 81' lang='lat' dir='ltr'><strong>actione</strong></span> <span class='ocrx_word' id='word_1_847' title='bbox 3361 5488 3782 5562; x_wconf 89' lang='lat' dir='ltr'><strong>percipiuntur.</strong></span> <span class='ocrx_word' id='word_1_848' title='bbox 3832 5509 3860 5536; x_wconf 74' lang='grc' dir='ltr'><strong>ιι</strong></span> 
     </span>
    </p>
   </div>
   <div class='ocr_carea' id='block_1_103' title="bbox 2157 5573 3867 5652">
    <p class='ocr_par' dir='ltr' id='par_1_103' title="bbox 2157 5573 3867 5652">
     <span class='ocr_line' id='line_1_104' title="bbox 2157 5573 3867 5652; baseline -0.005 -12"><span class='ocrx_word' id='word_1_849' title='bbox 2157 5581 2280 5640; x_wconf 93' lang='lat' dir='ltr'><strong>Imo</strong></span> <span class='ocrx_word' id='word_1_850' title='bbox 2319 5605 2344 5632; x_wconf 86' lang='grc'><strong>‹‹</strong></span> <span class='ocrx_word' id='word_1_851' title='bbox 2375 5580 2692 5641; x_wconf 91' lang='lat' dir='ltr'><strong>nonnullos</strong></span> <span class='ocrx_word' id='word_1_852' title='bbox 2727 5601 2748 5632; x_wconf 74' lang='grc' dir='ltr'><strong><em>ι</em></strong></span> <span class='ocrx_word' id='word_1_853' title='bbox 2778 5581 2858 5637; x_wconf 92' lang='lat' dir='ltr'><strong>ait</strong></span> <span class='ocrx_word' id='word_1_854' title='bbox 2889 5602 2914 5628; x_wconf 73' lang='grc' dir='ltr'><strong><em>α</em></strong></span> <span class='ocrx_word' id='word_1_855' title='bbox 2946 5576 3163 5652; x_wconf 83' lang='lat' dir='ltr'><strong>duplex</strong></span> <span class='ocrx_word' id='word_1_856' title='bbox 3193 5577 3340 5636; x_wconf 90' lang='lat' dir='ltr'><strong>illud</strong></span> <span class='ocrx_word' id='word_1_857' title='bbox 3367 5573 3867 5652; x_wconf 88' lang='lat' dir='ltr'><strong>quadragesimale</strong></span> 
     </span>
    </p>
   </div>
   <div class='ocr_carea' id='block_1_104' title="bbox 2158 5662 3865 5744">
    <p class='ocr_par' dir='ltr' id='par_1_104' title="bbox 2158 5662 3865 5744">
     <span class='ocr_line' id='line_1_105' title="bbox 2158 5662 3865 5744; baseline -0.005 -16"><span class='ocrx_word' id='word_1_858' title='bbox 2158 5671 2409 5744; x_wconf 86' lang='lat' dir='ltr'><strong>spatium</strong></span> <span class='ocrx_word' id='word_1_859' title='bbox 2452 5670 2670 5744; x_wconf 89' lang='lat' dir='ltr'><strong>absque</strong></span> <span class='ocrx_word' id='word_1_860' title='bbox 2711 5666 2915 5727; x_wconf 89' lang='lat' dir='ltr'><strong>diebus</strong></span> <span class='ocrx_word' id='word_1_861' title='bbox 2955 5664 3274 5725; x_wconf 89' lang='lat' dir='ltr'><strong>Dominicis</strong></span> <span class='ocrx_word' id='word_1_862' title='bbox 3316 5671 3498 5724; x_wconf 91' lang='lat' dir='ltr'><strong>totum</strong></span> <span class='ocrx_word' id='word_1_863' title='bbox 3547 5662 3865 5738; x_wconf 86' lang='lat' dir='ltr'><strong>jejunando</strong></span> 
     </span>
    </p>
   </div>
  </div>
