4106 6204
156 271 223 328 97

652 265 1234 327 PBOLEGOMENA.
1279 297 1340 308 —
1386 265 1479 325 DE
1523 265 1579 326 S.
1626 266 1868 328 PETRO
1913 267 2251 330 DAMIANO
2290 272 2752 332 llENSGHENII
2793 274 3171 334 COMMENT.

3594 283 3668 341 98

152 409 425 472 peragere
497 392 724 464 solere,
790 390 1042 466 exceptis
1109 391 1296 452 tribus
1373 391 2294 468 solemnitatibus,Apossibilitas
2338 397 2721 457 administrat.
2754 399 3045 458 Horarum
3098 407 3291 460 autem
3344 403 3663 476 psalmodia

154 486 336 546 sancti
386 482 655 542 videlicet
683 483 958 553 Andreae,
991 488 1046 540 et
1084 480 1144 542 S.
1175 482 1493 553 Benedicti,
1525 491 1581 541 et
1618 485 1872 543 Annuu-

157 576 412 636 tiationis
441 574 785 634 Dominicze.
815 594 843 627 »
876 573 976 630 Est
1015 587 1247 632 eremus
1300 573 1399 631 illa
1445 574 1628 632 dicata
1656 577 1717 631 S.
1752 577 1872 630 An-

157 670 314 734 dreae,
347 665 507 725 unde
563 669 620 722 et
668 666 1054 721 monasterium
1106 666 1164 722 S.
1200 665 1436 720 Andrum
1495 664 1560 718 de
1601 664 1872 720 Aeellana

158 757 268 816 dici
318 755 530 828 legitur
575 753 730 827 apud
765 754 1157 825 Augustinum
1186 751 1605 822 Florentinum,
1637 753 1875 810 citatum

159 864 190 905 a
217 845 443 905 Wione
473 843 578 902 lib.
611 856 652 902 II
686 842 851 914 Ligni
885 842 1019 900 vitae
1051 857 1171 916 cap.
1207 841 1259 900 9.
1295 843 1368 899 At
1408 843 1465 901 S.
1496 841 1874 900 Benedictum

157 936 216 994 in
242 933 692 1008 congregatione
723 931 902 990 eremi
929 931 1128 990 Fontis
1154 930 1424 989 Avellani
1453 939 1760 1004 patronum
1789 947 1879 989 co-

161 1025 422 1097 luerunt,
474 1039 592 1082 non
638 1027 701 1080 ut
752 1021 1092 1090 cmnobitae,
1140 1035 1344 1078 verum
1399 1027 1465 1078 ut
1518 1023 1876 1080 anachoreta:

154 1113 276 1173 sive
345 1111 622 1183 eremita,
679 1125 928 1184 quorum
998 1108 1174 1167 vitam
1230 1109 1645 1182 perfectiorem,
1699 1127 1874 1186 quam

151 1203 606 1272 coenobitarum,
649 1215 773 1257 esse
812 1200 974 1258 docet
1001 1197 1270 1271 pluribus
1303 1197 1364 1256 Β.
1395 1198 1602 1258 Petrus
1639 1200 1874 1258 Damia-

155 1308 285 1362 nus,
317 1293 360 1350 l.
394 1304 484 1362 v1,
515 1307 603 1362 ep.
642 1289 726 1361 i2,
750 1305 824 1348 ex
854 1287 994 1362 ipsis
1023 1287 1082 1347 S.
1117 1287 1413 1346 Benedicti
1436 1288 1646 1346 verbis.
1683 1313 1702 1340 «
1735 1289 1875 1348 Haec

149 1383 372 1456 itaque,
404 1379 616 1454 inquit,
651 1386 847 1438 nostra
903 1393 1019 1436 non
1063 1382 1218 1449 sunt,
1259 1377 1359 1436 sed
1399 1377 1656 1453 ejusdem
1688 1379 1875 1438 Patris

151 1473 336 1534 nostri
373 1472 551 1532 verba
584 1495 597 1530 :
631 1470 985 1542 Secundum,
1026 1469 1240 1545 inquit,
1278 1484 1462 1542 genus
1499 1479 1584 1530 est
1619 1474 1872 1533 anacho-

152 1574 433 1631 retarum,
472 1562 528 1620 id
569 1568 674 1632 est,
711 1561 1124 1620 eremitarum:
1159 1561 1369 1618 horum
1422 1561 1528 1634 qui
1567 1578 1683 1622 non
1732 1579 1872 1622 con-

153 1653 444 1713 versionis
486 1652 712 1711 fervore
762 1651 1002 1720 novitio,
1033 1650 1132 1709 sed
1163 1650 1499 1710 monasterii
1539 1653 1874 1726 probatione

153 1741 488 1801 didicerunt
529 1747 731 1800 contra
775 1738 1093 1806 diabolum,
1139 1739 1458 1798 multorum
1513 1741 1714 1802 solatio
1751 1739 2228 1822 jamBChronici
2271 1741 2618 1812 Casinensis,
2672 1756 2794 1813 cap.
2852 1739 2940 1812 21,
2988 1741 3081 1800 1118
3116 1739 3314 1799 verbis
3364 1762 3377 1798 :

155 1831 328 1901 docti,
357 1846 621 1905 pugnare
651 1850 665 1888 :
699 1837 754 1889 et
782 1829 929 1889 bene
966 1828 1234 1888 instructi
1263 1830 1514 1888 fraterna
1543 1847 1616 1889 ex
1654 1831 1775 1891 acie
1800 1834 1872 1892 ad

157 1919 514 1995 singularem
557 1935 815 1995 pugnam
847 1919 1046 1992 eremi,
1076 1919 1263 1978 securi
1297 1921 1419 1994 jam
1455 1920 1582 1980 sine
1609 1924 1870 1982 consola-

157 2009 308 2068 tione
346 2008 610 2081 alterius,
661 2009 782 2068 sola
827 2024 1029 2082 manu,
1085 2007 1174 2067 vel
1217 2008 1450 2068 brachio
1489 2019 1684 2070 contra
1734 2013 1875 2072 vitia

154 2099 367 2168 carnis,
396 2098 493 2156 vel
549 2099 978 2172 cogitationum,
1021 2098 1138 2156 Deo
1191 2097 1538 2169 auxiliante,
1577 2101 1876 2161 sufﬁciunt

156 2203 438 2264 pugnare.
473 2211 496 2239 ι
528 2187 668 2247 Haec
693 2205 767 2248 ex
794 2205 916 2264 cap.
952 2190 971 2245 1
998 2188 1237 2262 Regulae
1267 2187 1641 2248 S.Benedicti
1669 2191 1733 2249 B.
1765 2192 1873 2249 Pe-

158 2285 299 2348 trus,
335 2281 511 2354 cujus
547 2288 601 2339 et
647 2279 755 2339 ista
809 2285 943 2338 sunt
991 2278 1056 2338 in
1103 2279 1302 2337 eadem
1343 2279 1581 2353 epistola
1617 2300 1629 2339 :
1671 2305 1693 2332 ι
1752 2282 1875 2340 Ηο0

156 2377 435 2443 praeterea
490 2369 782 2440 novimus,
815 2368 951 2443 quia
993 2367 1058 2427 B.
1094 2367 1442 2428 Benedictus
1483 2371 1661 2429 eremi
1690 2372 1876 2430 cultor

153 2459 395 2532 exstitit,
430 2467 486 2517 et
535 2460 644 2518 1100
694 2466 846 2517 certe
903 2474 1009 2517 nos
1060 2459 1278 2533 optavit
1336 2475 1479 2530 esse,
1534 2459 1692 2533 quod
1741 2462 1870 2531 fuit,

153 2550 348 2611 sed...
406 2549 797 2623 dispensative
853 2549 1152 2608 constituit
1224 2548 1388 2622 prius
1452 2550 1875 2609 monasterialis

155 2641 290 2700 vitae
345 2639 668 2717 planitiem,
706 2644 772 2697 ut
801 2637 919 2695 illic
945 2637 1271 2710 disciplina-‘3
1309 2637 1553 2711 flagellis
1590 2639 1788 2710 attriti,
1821 2646 1876 2697 et

152 2730 457 2790 exercitiis
499 2728 746 2804 probati,
779 2728 901 2801 jam
935 2725 1168 2785 facilius
1204 2726 1385 2785 eremi
1423 2727 1876 2788 conscendamus

152 2823 221 2882 ad
278 2838 496 2881 arcem.
531 2819 653 2879 Hoc
715 2819 910 2893 itaque
955 2818 1322 2890 Benedictus,
1361 2819 1513 2892 quod
1565 2825 1620 2877 et
1673 2819 1876 2879 beatus

150 2913 364 2974 fecerat
391 2911 631 2971 Paulus.
663 2912 927 2985 Agamus
955 2902 1202 2982 [ἄγαμος]
1241 2909 1530 2983 siquidem
1568 2917 1689 2969 erat
1717 2913 1873 2985 Apo-

151 3000 352 3070 stolus,
417 2999 686 3059 homines
740 3005 934 3057 tamen
988 2997 1060 3055 ad
1111 2998 1454 3072 conjugium
1509 3001 1868 3073 provocabat.

1955 487 2230 544 canonica
2257 489 2515 559 omnino,
2548 488 2695 548 sicut
2732 488 2795 546 fit
2833 488 2894 546 in
2925 491 3292 563 monasterio,
3323 492 3404 551 ita
3442 492 3538 552 hic
3566 510 3668 568 per

1956 576 2220 635 ordinem
2268 577 2654 637 nihilominus
2704 578 3070 652 adimpletur.
3109 602 3130 630 ι
3168 582 3253 638 Αο
3300 581 3470 653 paulo
3511 582 3666 643 infe-

1957 665 2123 726 rius:
2174 690 2200 717 «
2251 667 2536 740 Regulare
2593 675 2694 739 est,
2749 668 2957 742 inquit,
3018 671 3403 741 monasteriis,
3460 677 3524 731 ut
3580 673 3663 744 hi,

1955 754 2056 828 qui
2088 755 2150 812 in
2188 755 2283 813 via
2315 756 2667 829 diriguntur,
2705 758 2842 815 foris
2881 773 2998 816 non
3037 759 3358 831 comedent,
3389 761 3437 818 si
3468 777 3534 821 eo
3571 761 3665 820 die

1956 849 2187 915 sperant
2212 845 2423 903 reverti
2453 864 2465 902 :
2494 845 2590 904 cui
2623 845 2889 905 videlicet
2909 846 3292 907 observantiae
3315 847 3462 908 illud
3494 851 3668 910 etiam

1954 933 2106 1007 apud
2154 951 2258 993 nos
2310 934 2558 1005 additur,
2609 941 2674 994 ut
2707 936 2829 994 sive
2868 936 3013 1010 ipso,
3051 937 3173 996 sive
3209 938 3322 996 alio
3361 938 3454 997 die
3491 939 3667 998 fuerit

1954 1022 2086 1096 quis
2128 1039 2409 1097 egressus,
2437 1024 2678 1098 jejunus
2718 1041 2943 1098 semper
2983 1027 3055 1085 ad
3099 1042 3357 1087 eremum
3408 1037 3661 1088 reverta-

1959 1116 2067 1169 tur.
2129 1136 2156 1159 »
2215 1110 2364 1180 Quin
2425 1112 2596 1168 etiam
2651 1110 2718 1168 B.
2750 1111 2995 1183 Petrus,
3045 1119 3108 1170 ut
3165 1114 3227 1172 in
3282 1115 3409 1173 Vita
3455 1116 3666 1188 legitur

1957 1214 2120 1258 num.
2152 1200 2240 1270 43,
2285 1223 2312 1251 (ι
2347 1201 2496 1258 hanc
2527 1221 2555 1252 »
2586 1199 2783 1258 Eremi
2809 1216 2932 1260 suae
2972 1226 2993 1252 α
3028 1217 3296 1260 normam
3321 1204 3664 1264 observatio-

1955 1289 2048 1346 nis
2088 1290 2148 1348 in
2179 1290 2480 1349 nonnullis
2519 1292 2904 1364 monasteriis,
2953 1294 3050 1368 pia
3095 1293 3401 1353 devotione
3443 1295 3662 1370 ample-

1955 1380 2279 1451 ctentibus,
2337 1380 2644 1438 excitando
2711 1380 3007 1451 instituit,
3067 1387 3122 1439 et
3174 1381 3403 1454 insigne
3470 1382 3664 1443 Casini

1955 1468 2168 1526 montis
2212 1466 2546 1526 cwnobium
2586 1467 2735 1526 inter
2784 1467 3077 1541 regularia
3108 1468 3379 1527 mandata
3409 1468 3607 1528 statuit
3637 1491 3659 1522 ι

1953 1559 2243 1620 nonnulla
2275 1580 2302 1613 «
2337 1559 2765 1619 conscribenda.
2803 1583 2825 1612 υ
2857 1560 3002 1631 Quae
3053 1558 3328 1634 praeclare
3364 1560 3667 1619 conﬁrmat

1954 1651 2070 1710 Leo
2115 1650 2492 1722 Marsicanus,
2520 1658 2574 1709 et
2627 1651 2749 1724 ipse
2802 1651 3103 1726 episcopus
3151 1649 3428 1710 Ostiensis
3469 1648 3572 1707 lib.
3605 1660 3667 1708 111

3431 1764 3458 1788 ‹‹
3491 1739 3667 1799 Porro

1957 1831 2210 1891 domnus
2239 1831 2441 1891 Petrus
2471 1832 2787 1892 Damianus
2833 1832 2905 1890 ad
2948 1832 3362 1892 monasterium
3404 1830 3666 1901 veniens,

1957 1936 2092 1979 cum
2151 1920 2326 1980 verbo
2373 1919 2589 1994 pariter
2641 1927 2697 1980 et
2750 1922 3016 1996 exemplo
3078 1923 3150 1982 ad
3205 1922 3312 1980 Dei
3363 1920 3668 1981 servitium

1956 2026 2335 2087 quoscunque
2388 2017 2612 2084 posset,
2669 2013 2954 2072 ferventer
3004 2012 3381 2080 accenderet;
3436 2011 3667 2070 tandem

1957 2100 2334 2173 permissione
2363 2099 2584 2159 abbatis
2621 2100 2902 2160 Desiderii
2928 2101 3000 2160 ab
3037 2101 3200 2160 omni
3225 2100 3668 2176 congregatione

1957 2188 2212 2247 obtinuit
2245 2188 2573 2248 voluntaria
2603 2189 2892 2249 oblatione
2932 2190 2994 2247 in
3034 2190 3436 2247 remissionem
3469 2203 3667 2261 pecca-

1959 2287 2151 2337 torum
2210 2279 2499 2349 omnium,
2532 2285 2597 2338 ut
2647 2285 2811 2337 sexta
2864 2276 3007 2337 feria
3061 2293 3162 2352 per
3214 2284 3391 2338 totum
3445 2293 3668 2338 annum

1956 2384 2126 2442 pane,
2184 2375 2239 2426 et
2289 2385 2437 2442 aqua
2494 2369 2768 2440 contenti,
2821 2367 3188 2440 disciplinam
3247 2368 3464 2442 singuli
3524 2369 3669 2427 facta

1957 2458 2314 2517 confessione
2361 2457 2737 2532 perciperent,
2769 2457 3007 2530 insuper
3042 2464 3098 2516 et
3136 2457 3476 2516 triduanum
3515 2456 3667 2531 jeju-

1958 2552 2124 2611 nium
2155 2551 2216 2609 in
2267 2549 2448 2624 capite
2492 2549 2958 2624 Quadragesimae
2993 2565 3096 2624 per
3131 2567 3227 2608 an.
3255 2549 3517 2620 singulos
3545 2565 3672 2624 age-

1957 2645 2102 2700 rent.
2136 2665 2161 2688 »
2193 2639 2326 2698 Fuit
2357 2637 2691 2696 Desiderius
2721 2636 2898 2696 abbas
2926 2637 2984 2696 S.
3022 2637 3094 2697 Β.
3135 2637 3201 2696 Ε.
3241 2638 3573 2711 cardinalis,
3604 2655 3670 2699 ac

1956 2729 2089 2789 dein
2131 2729 2392 2804 pontifex
2424 2729 2722 2788 Romanus
2762 2727 2956 2786 Victor
2993 2727 3076 2787 ΙΙΙ
3115 2728 3460 2802 appellatus,
3490 2743 3666 2803 quem

1956 2819 2171 2890 saepius
2217 2817 2417 2875 invisit
2467 2816 2534 2875 B.
2569 2817 2788 2882 Petrus,
2826 2823 2881 2874 et
2928 2816 3126 2890 plures
3159 2820 3324 2891 epist.
3357 2818 3672 2894 opuscula-

1956 2924 2070 2982 que
2100 2907 2287 2966 eidem
2337 2906 2584 2981 scripsit.
2617 2905 2758 2980 Ejus
2802 2905 2957 2980 apud
2986 2907 3325 2967 Casinenses
3357 2907 3672 2968 successori

1957 2997 2214 3057 Oderisio
2241 2996 2452 3055 dicavit
2482 2998 2599 3056 Leo
2637 2995 2962 3054 Chronicon
2991 2996 3323 3057 Uasinense.

159 3094 567 3164 Unusquisque,
597 3089 896 3162 inquiens,
933 3106 1158 3144 umorem
1211 3093 1468 3187 accipiat:
1502 3097 1560 3187 et
1606 3111 1935 3187 unaquw-G
2033 3089 2138 3187 17..
2167 3087 2546 3187 Florebateo
2601 3093 2853 3160 tempore
2889 3101 3022 3187 .prae
3084 3087 3310 3147 caeteris
3361 3087 3424 3146 in
3481 3088 3667 3187 Gallia

153 3197 259 3251 que
307 3184 485 3236 uirum
541 3197 700 3236 suum
757 3180 1043 3237 habeat...
1073 3183 1126 3250 (Ι
1151 3180 1267 3236 Cor.
1301 3191 1403 3250 VII,
1433 3179 1508 3249 2).
1540 3179 1718 3240 Paulo
1750 3189 1873 3256 post

152 3275 350 3328 tamen
379 3270 521 3328 dicit
551 3289 564 3328 :
599 3272 732 3327 Volo
769 3285 949 3325 omnes
989 3284 1102 3323 esse
1147 3270 1385 3324 homines
1437 3272 1579 3326 sicut
1606 3276 1873 3345 "teipsum

153 3363 345 3430 (Ibid,
379 3363 453 3435 7).
519 3362 695 3421 Aliud
752 3378 891 3420 vero
942 3361 1170 3420 volebat
1229 3363 1560 3435 Apostolus,
1611 3372 1665 3422 et
1714 3365 1874 3425 aliud

151 3454 546 3529 praecipiebat.
602 3454 845 3513 Volebat
904 3470 1026 3526 1108,
1088 3454 1236 3512 sicut
1287 3452 1409 3526 ipse
1453 3460 1592 3525 erat,
1642 3455 1874 3515 cmlibes

154 3562 299 3614 esse,
348 3552 582 3620 propter
644 3546 932 3604 excellens
976 3544 1243 3603 videlicet
1289 3547 1588 3604 vernantis
1632 3547 1875 3620 pudiciti

155 3636 461 3707 meritum,
491 3634 591 3694 sed
621 3633 849 3692 volebat
879 3633 1042 3691 inire
1089 3633 1450 3707 conjugium,
1483 3634 1620 3709 quia
1653 3635 1875 3708 fragili.

155 3722 289 3781 tatis
318 3731 537 3781 nostrae
562 3721 887 3796 periculum
917 3720 1244 3779 timebat....
1285 3718 1372 3777 Ita
1405 3720 1470 3778 B.
1505 3721 1872 3795 Benedictus,

152 3827 501 3886 quanquam
545 3810 889 3885 propensius
927 3809 1067 3867 velit
1104 3826 1209 3868 nos
1237 3825 1380 3880 esse,
1414 3811 1568 3885 quod
1593 3818 1733 3883 erat,
1768 3813 1876 3871 1100

150 3908 240 3959 est
279 3901 466 3959 eremi
521 3907 820 3960 seclatores
851 3919 866 3970 ;
903 3899 1261 3958 tolerabilius
1309 3906 1502 3958 tamen
1559 3900 1718 3960 ducit
1769 3901 1889 3961 nos

149 3993 424 4053 inﬁrmos
455 4007 525 4049 ac
565 3990 784 4050 debiles
827 3992 888 4050 in
936 3991 1273 4049 monasterii
1311 3997 1480 4064 portu
1516 3991 1606 4049 vel
1641 3992 1872 4064 ignobi-

149 4081 287 4140 liter
330 4080 553 4150 vivere,
586 4095 762 4154 quam
804 4079 866 4138 in
918 4086 1298 4155 tempestuosa
1351 4079 1615 4152 naufragi
1665 4081 1873 4140 mundi

150 4169 436 4244 voragine
466 4168 746 4241 deperire.
783 4189 812 4217 ι
843 4169 928 4226 Αο
959 4168 1190 4226 tandem
1238 4168 1317 4226 ita
1365 4166 1660 4226 concludit
1692 4187 1705 4225 :
1743 4191 1764 4220 α
1806 4168 1873 4226 Ut

149 4279 292 4336 ergo
329 4263 563 4321 Fratres
607 4262 679 4321 ad
721 4279 987 4322 eremum
1023 4263 1094 4321 de
1142 4260 1538 4322 monasteriali
1577 4262 1695 4320 vita
1732 4277 1869 4320 con-

152 4353 455 4424 scendant,
487 4359 546 4411 et
575 4367 682 4411 nos
711 4352 948 4424 hortari,
983 4359 1036 4411 et
1065 4361 1190 4424 ',nos
1225 4352 1503 4412 debemus
1553 4368 1687 4411 cum
1736 4353 1869 4410 cha-

152 4443 326 4502 ritate
379 4443 696 4517 suscipere,
725 4450 791 4502 ut
843 4461 962 4502 non
1013 4443 1170 4502 velut
1217 4443 1409 4502 hostes
1449 4459 1484 4500 a
1534 4442 1698 4501 beato
1744 4442 1870 4501 viro

150 4533 547 4603 schismatica,
573 4533 728 4606 quod
767 4533 936 4604 absit,
980 4531 1283 4592 aversione
1322 4532 1635 4604 discedere,
1667 4532 1763 4591 sed
1806 4536 1870 4590 ut

146 4640 356 4684 revera
386 4622 661 4697 discipuli
697 4624 1000 4684 videamur
1025 4629 1082 4682 et
1114 4621 1202 4681 illi
1231 4622 1486 4682 invicem
1512 4621 1870 4682 unanimiter

137 4712 502 4771 consentire.
545 4737 572 4764 ιι

221 4803 313 4862 16.
346 4802 643 4863 Hactenus
668 4803 730 4862 in
758 4804 858 4863 illa
889 4820 996 4864 sua
1024 4819 1114 4879 ep.
1158 4802 1223 4862 B.
1258 4801 1481 4873 Petrus,
1513 4801 1614 4874 qui
1663 4805 1872 4874 praeter

141 4900 427 4952 consueta
463 4895 946 4953 monasteriorum
994 4891 1052 4952 S.
1084 4890 1380 4950 Benedicti
1411 4890 1703 4961 exercitia,
1758 4896 1869 4946 tra-

142 4981 232 5040 dit
273 4998 471 5056 opusc.
511 4994 620 5042 XIV
673 4985 737 5042 in
779 5000 887 5043 sua
939 4997 1130 5042 eremo
1188 4980 1382 5040 Fontis
1439 4980 1705 5039 Avellani
1759 4979 1871 5038 alia

142 5071 609 5145 quamplurima,
659 5078 713 5129 et
763 5071 932 5145 longe
978 5067 1390 5129 excellentiora
1436 5068 1745 5127 observari.
1788 5065 1874 5124 Ita

149 5181 171 5208 ι
203 5159 296 5218 De
320 5159 666 5232 psalmodia,
694 5159 908 5234 inquit,
937 5157 1294 5218 consuetudo
1325 5163 1428 5223 est,
1470 5161 1536 5215 ut
1579 5171 1712 5214 cum
1758 5154 1874 5213 duo

145 5247 361 5308 fratres
403 5248 583 5307 simul
645 5253 1078 5308 commorantur
1114 5247 1177 5304 in
1209 5246 1371 5316 cella,
1405 5243 1522 5302 duo
1546 5242 1876 5318 persolvant

152 5338 210 5395 in
248 5339 349 5398 die
386 5339 677 5414 psalteria,
712 5355 900 5398 unum
944 5353 1048 5411 pro
1097 5337 1273 5409 vivis,
1303 5336 1550 5395 alterum
1582 5350 1685 5408 pro
1718 5349 1875 5392 mor-

397 5428 517 5499 Qui
549 5435 740 5489 autem
770 5428 928 5488 solus
956 5433 1233 5499 moratur,
1265 5424 1603 5499 psalterium
1638 5421 1875 5498 quidem

167 5516 434 5578 vivorum
467 5526 655 5580 totum
691 5535 791 5593 per
819 5517 1080 5594 singulos
1118 5516 1239 5576 dies
1276 5513 1622 5589 adimpleat;
1665 5513 1878 5572 defun-

171 5612 381 5670 ciorum
421 5609 552 5669 sive
585 5609 869 5682 medium,
887 5608 1010 5670 sive
1041 5613 1244 5682 totum,
1267 5605 1442 5682 juxta
1469 5602 1622 5680 quod
1662 5601 1878 5664 virium

1957 3178 2236 3237 coenobiis
2285 3176 2665 3237 Cluniacense
2723 3193 2835 3236 sec.
2874 3176 3098 3236 decimo
3151 3185 3534 3250 exstructum,
3581 3178 3669 3238 uti

1956 3269 2235 3338 diximus,
2276 3267 2337 3326 13
2375 3266 2546 3326 Janu.
2593 3267 2665 3326 ad
2699 3267 2891 3325 Vitam
2919 3266 2984 3325 B.
3027 3266 3311 3326 Bernonis
3345 3268 3517 3342 primi
3548 3267 3670 3327 Ab-

1955 3356 2122 3427 batis,
2178 3354 2274 3414 cui
2329 3361 2732 3414 successerunt
2782 3354 2922 3424 Odo,
2987 3354 3340 3429 Aymardus,
3400 3355 3668 3429 Majolus,

1955 3445 2142 3517 Odilo,
2198 3445 2392 3518 Hugo,
2454 3443 2566 3502 viri
2619 3443 2917 3502 sanctitate
2975 3442 3251 3502 illustres.
3303 3446 3385 3503 De
3439 3460 3671 3504 accessu

1956 3535 2019 3592 B.
2056 3533 2208 3592 Petri
2263 3532 2533 3590 Damiani
2589 3533 2662 3590 ad
2717 3532 3136 3590 monasterium
3184 3531 3566 3592 Cluniacense
3607 3532 3670 3590 in

1957 3629 2199 3682 tractatu
2244 3621 2658 3680 miraculorum
2710 3619 2766 3679 S.
2804 3619 3068 3692 Hugonis
3103 3621 3175 3678 ab
3207 3627 3438 3680 auctore
3463 3627 3669 3680 coaeta-

1956 3729 2063 3771 neo
2095 3713 2325 3786 scripto,
2355 3711 2466 3768 ista
2497 3710 2556 3767 in
2589 3708 2946 3767 Bibliotheca
2976 3708 3370 3780 Cluniacensi,
3397 3709 3506 3768 col.
3541 3707 3666 3783 460,

1956 3811 2307 3862 narrantur:
2347 3801 2683 3874 «Tempore
2723 3800 2975 3874 quodam
3034 3816 3266 3860 necesse
3317 3801 3428 3860 fuit
3477 3807 3672 3863 sancto

1955 3894 2079 3953 viro
2121 3910 2224 3968 pro
2275 3893 2505 3952 tuendis
2532 3891 2670 3951 filiis
2717 3893 2789 3950 ad
2834 3892 3146 3951 Ecclesiam
3180 3900 3422 3951 matrem
3473 3909 3671 3953 recur-

1953 3999 2096 4053 rere,
2129 3990 2182 4042 et
2231 3983 2511 4042 Romana:
2557 3980 2710 4039 sedis
2759 3981 3143 4054 patrocinium
3189 3982 3487 4041 advocare.
3518 3982 3670 4052 Qua-

1954 4079 2181 4146 prOpter
2224 4071 2385 4131 urbis
2428 4071 2592 4129 illius
2641 4069 2934 4142 refugium
2967 4078 3180 4145 petens,
3227 4085 3436 4145 magno
3475 4070 3672 4132 labore

1952 4170 2007 4221 et
2056 4161 2390 4220 difﬁcultate
2431 4176 2466 4218 a
2526 4159 2702 4218 latere
2754 4160 3028 4220 avulsum
3081 4159 3364 4220 domuum
3415 4160 3669 4232 Petrum,

1952 4254 2319 4314 Hostiensem
2388 4251 2654 4311 videlicet
2717 4252 3070 4326 episcopum,
3120 4261 3501 4324 cognomento
3555 4252 3671 4309 Da-

1954 4343 2236 4412 mianum,
2267 4340 2542 4410 obtinuit,
2575 4346 2639 4399 ut
2669 4339 2782 4398 sibi
2812 4339 3046 4415 daretur
3082 4355 3184 4412 pro
3233 4355 3446 4414 magno
3501 4339 3668 4397 Petro

1955 4432 2344 4506 praeliaturus,
2377 4436 2432 4488 et
2457 4427 2816 4488 adversarios
2854 4435 3246 4500 prostraturus
3275 4427 3532 4485 mirabili
3563 4445 3670 4488 sua

1955 4520 2262 4596 prudentia
2294 4524 2466 4595 atque
2500 4511 2794 4578 facundia.
2836 4517 2971 4574 Erat
3016 4531 3268 4588 namque
3307 4515 3400 4574 vir
3431 4515 3534 4574 ille
3567 4516 3670 4574 ab-

1952 4611 2238 4672 stinentiae
2287 4608 2597 4684 singularis
2648 4623 2780 4680 usu,
2821 4613 2876 4664 et
2935 4607 3254 4665 ferreorum
3294 4607 3669 4666 vinculorum

1951 4719 2112 4762 nexu
2137 4700 2396 4776 undique
2425 4700 2507 4758 sic
2534 4698 2782 4766 attritus,
2815 4703 2879 4756 ut
2911 4698 3010 4756 vix
3036 4703 3224 4772 posset
3253 4697 3507 4756 inveniri
3541 4712 3668 4754 mo-

1951 4793 2080 4864 dus,
2139 4807 2254 4864 quo
2312 4791 2437 4865 ejus
2495 4789 2750 4864 corporis
2807 4786 3175 4846 imbecillitas
3231 4787 3542 4856 foveretur,
3593 4783 3666 4843 ad

1953 4880 2251 4956 equitandi
2293 4895 2441 4940 onus
2471 4897 2646 4952 grave
2685 4885 2981 4952 utcunque
3017 4874 3398 4935 tolerandum.
3431 4874 3502 4932 Et
3529 4873 3669 4948 quia

1953 4971 2069 5031 levi
2096 4972 2440 5046 plerumque
2474 4969 2742 5030 seandalo
2772 4967 2987 5029 offendi
3026 4972 3262 5041 poterat,
3295 4981 3526 5026 necesse
3561 4966 3668 5026 ha-

1953 5063 2122 5121 bebat
2169 5079 2319 5138 saepe
2373 5063 2567 5138 aliqua
2617 5060 3002 5122 satisfactione
3063 5055 3295 5131 placari.
3342 5055 3432 5116 Ad
3488 5073 3667 5131 quam

1956 5168 2080 5211 rem
2132 5151 2479 5210 venerabilis
2533 5151 2708 5224 Hugo
2759 5150 2837 5209 ita
2897 5164 2958 5207 se
3011 5144 3356 5218 inclinabat,
3423 5151 3488 5205 ut
3544 5146 3670 5221 ejus

1955 5241 2222 5299 animum
2271 5241 2605 5298 reformaret
2653 5238 2725 5296 ad
2777 5234 3276 5310 tranquillitatem,
3307 5250 3373 5293 ac
3431 5233 3480 5292 si
3522 5233 3666 5292 alter

1957 5329 2238 5388 Martinus
2286 5337 2452 5399 esset,
2491 5329 2592 5403 qui
2633 5324 2781 5385 nihil
2837 5330 3064 5399 putaret
3116 5323 3448 5398 indignum,
3509 5324 3666 5398 quod

1958 5420 2258 5480 humilitas
2319 5417 2611 5493 agendum
2659 5415 2943 5475 suaderet.
2999 5415 3147 5475 Cum
3220 5431 3357 5488 ergo
3412 5413 3666 5472 venisset

1959 5509 2322 5581 Cluuiacum,
2354 5508 2497 5568 alter
2523 5505 2624 5568 ille
2651 5505 2960 5581 Gregorius
2989 5521 3090 5579 per
3116 5503 3468 5581 eloquentiae
3495 5502 3665 5562 uber.

1958 5609 2156 5676 tatem,
2185 5617 2304 5663 non
2345 5606 2534 5662 tamen
2572 5616 2675 5675 per
2717 5598 3044 5674 apostolicae
3081 5597 3219 5662 vitae
3250 5593 3661 5673 aequalitatem,
