4106 6204
429 318 503 377 99

1345 311 1404 372 S.
1448 310 1741 372 PETRUS
1781 306 2169 385 DAMIANUS
2213 306 2273 366 S.
2316 308 2385 367 R.
2429 310 2493 367 E.
2539 309 3015 370 GARDINALIS.

3834 312 3931 371 100

426 440 778 515 vidissetque
823 439 1243 499 humanitatem
1280 443 1336 497 et
1371 437 1761 512 disciplinam,
1790 438 2130 512 virgamque
2149 432 2525 495 ACiaconius
2548 434 2607 494 in
2635 435 2822 496 Gcstis
2847 450 3216 496 summorum
3236 434 3579 509 pontiﬁcum
3599 441 3655 495 et
3681 437 3741 497 S.
3770 438 3838 499 R.

427 536 483 589 et
535 529 807 591 baculum
860 529 1216 600 contulisset,
1264 527 1437 601 cmpit
1492 528 1735 599 haerere,
1780 543 1847 586 ac
1886 531 2134 599 stupere,

424 619 672 695 qualiter
711 619 892 679 sancti
948 635 1093 689 esse,
1122 623 1225 677 aut
1266 622 1492 676 sanctos
1531 616 1891 677 institutores
1928 616 2139 676 habere

423 717 677 785 possent,
704 710 804 785 qui
830 709 1006 768 tantis
1022 709 1383 769 abundarent
1400 707 1569 768 bonis
1601 727 1614 767 :
1648 713 1705 768 et
1735 724 1971 768 rursum
2000 723 2138 782 quo-

427 801 599 860 modo
647 816 765 860 non
817 800 999 859 sancti
1042 814 1167 859 esse
1212 804 1467 875 possent,
1497 804 1598 858 aut
1642 798 1850 873 perire,
1888 800 1991 872 qui
2020 805 2137 860 tam

429 890 634 949 devote
685 889 1041 949 sustinerent
1099 895 1218 949 tam
1267 904 1442 962 grave
1497 888 1725 962 pondus
1780 888 2030 962 laboris,
2082 895 2140 948 et

424 980 742 1040 custodiam
772 978 1106 1039 monasticaa
1131 978 1476 1054 disciplina).
1504 979 1837 1054 Aliquando
1866 996 2006 1040 sane
2036 980 2136 1055 ju-

426 1071 651 1131 dicabat
697 1071 963 1131 ciborum
1003 1072 1253 1145 copiam,
1284 1070 1597 1145 aliquando
1619 1071 1939 1132 mirabatur
1984 1072 2137 1132 hanc

415 1158 820 1235 jejunantibus
849 1160 1047 1220 deesse
1083 1160 1346 1234 gratiam,
1378 1174 1553 1233 quam
1583 1160 1714 1219 illos
1744 1161 1955 1220 habere
1982 1161 2140 1220 vide-

420 1250 538 1309 bat.
569 1250 985 1310 Verumtamen
1039 1251 1090 1309 si
1136 1252 1261 1310 fieri
1306 1256 1516 1325 posset,
1548 1253 1700 1311 sicut
1746 1252 1868 1327 ipse
1893 1250 2136 1323 dicebat,

428 1347 493 1402 ut
531 1346 782 1416 utraque
820 1344 1008 1402 virtus
1044 1340 1391 1402 obedientiae
1419 1348 1475 1400 et
1500 1342 1867 1402 abstinentite
1892 1342 2141 1402 sociare-

425 1438 522 1492 tur
553 1432 618 1490 in
657 1432 761 1504 eis,
793 1438 918 1493 tum
948 1432 1201 1507 profecto
1237 1431 1563 1509 apostolicm
1608 1432 1763 1493 nihil
1801 1434 2138 1494 defuturum

422 1520 774 1596 perfectioni.

500 1611 587 1671 18.
646 1633 675 1665 «
731 1613 854 1683 Qua
899 1612 971 1671 de
1022 1629 1083 1672 re
1137 1615 1491 1675 conveniens
1546 1615 1826 1674 domuum
1872 1613 2138 1673 abbatem

423 1701 774 1772 obsecrabat,
816 1706 881 1761 ut
927 1718 962 1760 a
1007 1703 1291 1778 sagimine
1339 1704 1565 1764 duabus
1610 1704 1811 1764 saltem
1865 1704 2025 1762 feriis
2077 1718 2138 1761 se

2219 525 2624 597 cardinalium,
2656 526 2717 585 in
2761 526 3050 601 Stephano
3091 526 3140 585 X
3192 542 3282 586 res
3323 532 3513 600 gestas
3542 527 3605 587 B.
3642 529 3795 590 Petri
3834 532 3933 590 Da-

2218 614 2422 690 miani,
2467 621 2521 673 et
2554 614 2796 676 alterius
2853 617 3007 676 Petri
3062 615 3133 675 de
3184 616 3457 677 Honestis
3507 619 3834 691 confundit,
3862 621 3932 679 ab

2220 714 2465 790 Ughello
2485 715 2549 772 in
2570 710 2823 771 secunda
2841 707 3096 768 editione
3116 707 3481 779 emendatus,
3499 708 3744 769 sublatis
3762 709 3929 770 etiam

2218 803 2552 878 insignibus
2595 801 2808 859 domus
2851 798 2924 857 de
2953 796 3245 867 Honestis,
3278 796 3341 855 in
3370 796 3590 870 quibus
3635 796 3811 857 ruber
3846 798 3931 858 leo

2221 898 2399 964 stans,
2431 898 2486 953 et
2514 896 2739 951 erectus
2764 888 2827 947 in
2851 904 2983 947 area
3011 887 3161 953 alba,
3196 885 3429 960 pineam
3460 901 3670 946 nucem
3698 902 3931 947 auream

2219 983 2607 1044 anterioribus
2640 979 2886 1057 pedibus
2915 979 3083 1054 quasi
3119 976 3390 1037 manibus
3417 977 3681 1037 sustinet.
3722 978 3932 1038 Arnol-

2221 1077 2334 1135 dus
2378 1074 2584 1145 Wion,
2626 1072 2792 1148 quasi
2842 1070 3107 1131 omnium
3159 1067 3477 1127 sententias
3524 1068 3932 1130 conciliaturus

2222 1166 2324 1225 lib.
2357 1176 2420 1238 II,
2465 1180 2591 1240 cap.
2646 1162 2706 1235 9,
2750 1162 2831 1220 ita
2884 1159 3231 1220 exorditur:
3267 1181 3289 1212 α
3327 1157 3572 1218 Sanctus
3615 1158 3817 1219 Petrus
3865 1159 3936 1218 de

2222 1253 2517 1327 Honestis,
2547 1257 2930 1329 cognomento
2964 1251 3284 1311 Damianus
3315 1256 3370 1309 et
3409 1249 3693 1323 Peccator,
3727 1249 3933 1310 nobilis

2222 1347 2553 1416 Ravennae,
2601 1344 2926 1403 monachus
2977 1340 3312 1400 monasterii
3367 1339 3425 1400 S.
3458 1340 3706 1400 Andreas
3757 1340 3935 1399 eremi

2223 1439 2293 1498 de
2321 1434 2625 1501 Avellana,
2660 1432 2883 1493 ordinis
2913 1431 2974 1492 S.
3011 1430 3307 1490 Benedicti
3335 1428 3800 1504 congregationis
3828 1430 3939 1489 Co-

2222 1528 2461 1600 lumbae,
2497 1548 2527 1582 »
2560 1532 2668 1589 etc.
2701 1525 2920 1585 Verum
2956 1524 3110 1584 alius
3134 1528 3222 1583 est
3252 1522 3457 1582 Petrus
3500 1522 3842 1595 Damianus,
3871 1523 3941 1582 de

2222 1638 2342 1698 quo
2367 1620 2617 1695 agimus,
2653 1618 2803 1678 alius
2852 1617 3055 1675 Petrus
3103 1619 3175 1674 de
3218 1614 3513 1685 Honestis,
3547 1617 3793 1689 uterque
3826 1614 3940 1673 Ra-

2224 1726 2477 1773 vennam
2517 1708 2761 1787 patriam
2804 1706 3024 1775 habuit,
3068 1709 3315 1778 uterque
3361 1703 3679 1762 Peccatoris
3728 1718 3940 1763 nomen

426 1790 866 1866 suspenderent»
907 1794 1012 1867 (ιυὶ
1050 1793 1111 1851 in
1150 1794 1373 1854 εωῑθΐίε
1402 1799 1517 1853 tam
1565 1795 1800 1868 PBPfECti
1836 1798 2043 1866 essent.
2074 1796 2536 1876 UtBassumpsit
2567 1818 2581 1858 :
2613 1799 2710 1858 sed
2741 1796 2839 1855 ille
2869 1812 2929 1854 se
2950 1799 3169 1852 Petrum
3212 1800 3550 1866 peccatorem
3598 1796 3939 1858 monachum,

424 1880 784 1939 anachoretis
831 1880 985 1939 nihil
1029 1881 1319 1941 deberent.
1380 1882 1487 1942 Cui
1535 1884 1901 1943 venerandus
1945 1882 2136 1955 Hugo,

422 1969 782 2030 discretionis
811 1977 1004 2031 custos
1032 1973 1298 2048 egregius
1331 1992 1346 2030 :
1379 1972 1460 2045 Si,
1487 1973 1700 2049 inquit,
1725 1974 1889 2033 Pater
1918 1972 2140 2032 charis-

425 2059 592 2134 sime,
621 2060 799 2119 vultis
827 2061 996 2121 nobis
1039 2076 1253 2137 augere
1288 2078 1561 2123 coronam
1592 2064 1870 2123 mercedis
1908 2079 2009 2138 per
2035 2063 2140 2121 ad-

421 2148 805 2209 ditamentum
838 2150 1070 2226 jejunii,
1109 2156 1318 2212 tentate
1360 2153 1523 2227 prius
1568 2153 1874 2214 nobiscum
1912 2152 2142 2228 pondus

422 2238 656 2311 laboris,
707 2239 802 2297 vel
850 2256 952 2311 per
998 2246 1125 2301 octo
1172 2242 1405 2302 dierum
1453 2243 1723 2317 spatium,
1764 2250 1820 2302 et
1873 2245 2141 2318 deinceps

421 2329 807 2402 zestimabitis,
835 2330 981 2405 quid
1006 2330 1399 2405 adjiciendum
1423 2349 1654 2391 censere
1679 2333 1957 2392 debeatis.
1994 2332 2140 2390 Nam

425 2419 689 2495 quandiu
734 2433 851 2476 non
892 2420 1263 2491 gustaveritis
1294 2420 1688 2494 pulmentum,
1722 2421 1944 2479 nescire
1978 2426 2137 2494 pote-

421 2505 564 2577 ritis,
597 2506 753 2580 quod
781 2507 975 2580 exigat
1001 2508 1441 2568 condimentum
1476 2509 1631 2580 salis,
1663 2509 1794 2567 etsi
1822 2524 1940 2567 non
1972 2508 2138 2567 adhi-

422 2599 663 2659 bueritis
705 2599 909 2657 saltem
955 2599 1273 2660 minimum
1314 2600 1562 2675 digitum
1610 2604 1887 2672 vestrum,
1915 2615 2136 2676 nequa-

423 2702 599 2765 quam
633 2688 895 2763 judicare
946 2689 1021 2748 de
1071 2706 1247 2750 onere
1295 2692 1546 2751 fraterno
1595 2693 1823 2761 diserte,
1863 2706 1929 2747 ac
1964 2688 2139 2761 digne

404 2779 712 2841 valebitis.
746 2781 974 2851 Quibus
1001 2781 1105 2840 ille
1147 2782 1382 2856 auditis,
1416 2782 1671 2841 sentiens
1710 2780 1877 2839 fascis
1926 2778 2136 2853 hujus-

412 2871 582 2947 Fmodi
611 2872 951 2948 gravitatem
994 2873 1116 2931 suis
1145 2871 1373 2931 viribus
1412 2870 1858 2946 importabilem,
1895 2867 2139 2928 cessavit

421 2976 454 3017 a
503 2960 778 3033 petitione
831 2962 1177 3036 ingravandi
1215 2961 1506 3034 ponderis,
1530 2967 1589 3019 et
1618 2956 1992 3034 semetipsum
2021 2976 2138 3017 cm-

419 3049 505 3123 pit
560 3055 938 3124 repercutere,
973 3050 1127 3109 unde
1151 3050 1297 3108 alios
1335 3051 1512 3109 ferire
1557 3050 1763 3122 voluit,
1794 3049 1931 3123 quia
1960 3048 2137 3123 sagit-

422 3144 539 3198 tam
562 3141 634 3198 ad
663 3157 759 3199 eos
789 3142 915 3199 sine
945 3157 1052 3202 suo
1083 3141 1327 3200 vulnere
1354 3141 1619 3217 nequivit
1649 3142 1899 3216 dirigere
1931 3164 1943 3199 ε
1976 3140 2140 3200 intel-

420 3229 609 3302 ligens
625 3245 904 3304 magnum
932 3246 1057 3290 esse
1074 3246 1321 3303 pensum
1341 3231 1510 3302 illud,
1535 3247 1602 3290 ac
1625 3231 1833 3291 debere
1854 3229 2136 3303 suﬂicerc,

420 3319 578 3397 quod
616 3321 1041 3395 apprehendere
1080 3321 1201 3395 ipse
1239 3337 1357 3380 non
1384 3326 1594 3395 posset,
1626 3322 1728 3394 qui
1766 3322 1830 3380 in
1859 3327 2015 3382 tanto
2045 3322 2138 3380 vi-

421 3411 663 3471 debatur
720 3419 868 3471 stare
922 3413 1208 3473 virtutum
1266 3414 1546 3474 culmine.
1610 3413 1889 3473 Eruditus
1942 3413 2138 3487 itaque

424 3504 640 3579 prtesul
676 3502 861 3563 multo
894 3504 1171 3563 eruditior
1198 3505 1368 3564 rediit
1397 3500 1578 3581 quam
1609 3505 1785 3576 venit,
1826 3516 2138 3578 magnum-

425 3611 539 3669 que
560 3596 897 3656 thesaurum
923 3596 1219 3671 i‘ugiendzn
1244 3597 1437 3657 inanis
1455 3598 1677 3672 glorise,
1696 3603 1751 3655 et
1774 3596 2137 3671 capessendm

424 3702 580 3746 VGPZB
595 3685 945 3744 humilitatis
967 3702 1165 3746 secum
1190 3688 1519 3763 reportavit.
1556 3708 1583 3741 »
1612 3687 1754 3747 Hmc
1781 3703 1855 3744 ex
1885 3685 2137 3745 Historia

426 3775 837 3836 miraculorum
882 3776 941 3836 S.
976 3777 1241 3852 IIugonis
1298 3777 1519 3837 abbatis
1563 3776 1980 3849 Cluniacensis,
2022 3791 2137 3850 quo

419 3870 644 3939 petente
700 3865 892 3923 Vitam
945 3866 1003 3926 S.
1052 3867 1317 3926 0dilonis
1373 3884 1407 3923 a
1463 3882 1523 3924 se
1578 3866 1960 3939 conscriptam
2014 3881 2139 3924 esse

422 3958 658 4015 testatur
706 3952 770 4013 Β.
804 3954 1026 4027 Petrus,
1059 3956 1137 4013 ita
1182 3955 1343 4012 illam
1386 3971 1670 4013 exorsus:
1708 3975 1738 4008 «
1769 3953 1943 4029 Hugo
1994 3955 2139 4014 Clu-

420 4045 707 4104 niacensis
735 4045 1069 4104 monasterii
1098 4050 1301 4114 rector,
1317 4049 1372 4103 et
1401 4042 1716 4117 spiritualis
1737 4043 1966 4102 militiae
1989 4044 2134 4115 dux,

420 4152 485 4193 ac
516 4135 845 4210 praecipuus
870 4136 1241 4207 informator,
1277 4135 1383 4193 hoc
1422 4136 1571 4194 mihi
1602 4135 1812 4195 laboris
1844 4135 2131 4210 injunxit,

424 4227 487 4281 ut
506 4222 700 4280 Vitam
728 4222 794 4280 B.
822 4221 1103 4292 0dilonis,
1128 4222 1441 4283 decessoris
1472 4224 1733 4284 videlicet
1762 4224 1876 4297 sui,
1905 4226 2138 4300 pr0prio

422 4309 571 4382 style
615 4308 903 4368 succincte
942 4311 1410 4385 perstringerem,
1444 4316 1498 4370 et
1531 4327 1605 4369 ex
1651 4311 1745 4371 his
1772 4328 1905 4389 quae
1928 4312 1991 4371 in
2030 4326 2139 4373 an-

428 4399 738 4459 terioribus
782 4400 1009 4475 paginis
1056 4400 1227 4461 latius
1275 4401 1706 4478 reperiebantur
1739 4419 1863 4464 esse
1901 4404 2135 4476 diffusa,

2225 1893 2331 1952 iste
2360 1895 2578 1947 Petrum
2612 1892 2948 1962 peccatorem
2990 1887 3243 1941 clericum
3292 1881 3657 1941 subscribere
3682 1882 3946 1956 epistolis

2225 1982 2460 2043 solebat.
2494 1980 2748 2053 Uterque
2790 1976 2950 2052 prior
2988 1976 3117 2046 fuit,
3160 1973 3259 2031 ille
3296 1972 3719 2032 monachorum
3763 1972 3945 2030 eremi

2226 2071 2423 2131 Fontis
2453 2067 2724 2129 Avellani
2749 2067 2812 2125 in
2834 2065 3067 2124 dimcesi
3092 2062 3425 2137 Eugubina,
3468 2061 3576 2121 iste
3600 2061 3947 2121 clericorum

2226 2177 2329 2221 seu
2366 2159 2777 2218 canonicorum
2826 2152 3186 2228 regularium
3239 2152 3303 2210 in
3351 2150 3591 2210 ecclesia
3642 2150 3947 2210 Portuensi

2224 2250 2290 2307 B.
2328 2247 2523 2306 Mariae
2551 2247 2612 2305 in
2636 2260 2774 2319 agro
2800 2243 3156 2312 Ravennate,
3189 2240 3410 2314 quibus
3435 2245 3490 2298 et
3510 2239 3951 2299 constitutiones

2225 2336 2592 2413 praescripsit,
2652 2351 2685 2392 a
2735 2334 3000 2388 Paschale
3052 2334 3111 2387 II
3144 2333 3423 2402 pontiﬁce,
3458 2328 3529 2387 10
3576 2331 3704 2389 Kal.
3755 2334 3944 2395 Jama,

2224 2431 2523 2485 indictione
2570 2438 2636 2495 Χ,
2681 2440 2778 2482 an.
2831 2423 2986 2487 11115,
3045 2421 3407 2495 approbatas.
3465 2418 3731 2479 Mortuus
3777 2420 3950 2478 deni.

2224 2534 2340 2594 que
2372 2522 2455 2574 est
2488 2515 2692 2573 Petrus
2718 2513 2791 2570 de
2816 2511 3090 2571 Honestis
3120 2510 3184 2568 in
3215 2525 3321 2569 suo
3348 2509 3657 2570 Portuensi
3686 2510 3951 2569 coenobio

2223 2622 2320 2667 an.
2360 2604 2518 2677 1119,
2549 2603 2610 2662 id
2639 2607 2725 2662 est
2753 2607 2882 2679 post
2915 2601 3142 2660 obitum
3180 2599 3246 2658 B.
3288 2599 3441 2659 Petri
3473 2600 3744 2658 Damiani
3774 2598 3951 2658 annis

2224 2694 2605 2771 quadraginta
2659 2698 2898 2768 septem.
2946 2690 3323 2766 Epitaphium
3361 2690 3515 2749 Petri
3548 2691 3619 2750 de
3652 2690 3943 2761 Honestis,

2226 2788 2466 2863 ejusque
2510 2785 2584 2844 ad
2635 2783 2973 2843 Paschalem
3015 2797 3223 2857 papam
3267 2782 3590 2856 epistolam,
3648 2798 3713 2841 ac
3766 2783 3950 2857 hujus

2226 2893 2589 2954 responsum,
2619 2881 2676 2934 et
2716 2874 3065 2936 monasteria
3124 2874 3286 2935 varia
3331 2874 3471 2934 huic
3513 2873 3953 2948 congregationi

2226 2969 2530 3030 Portuensi
2556 2968 2827 3043 adjuncta
2856 2971 3117 3027 recenset
3143 2971 3278 3025 ante
3312 2970 3665 3024 memoratus
3703 2964 3954 3023 Pennot-

2229 3066 2343 3133 tus,
2370 3059 2474 3133 qui
2502 3058 2740 3118 Petrum
2780 3057 2851 3115 de
2898 3055 3171 3114 Honestis
3199 3054 3373 3114 etiam
3403 3055 3647 3116 Beatum
3675 3054 3947 3131 appellat,

2159 3177 2203 3238 ο
2226 3155 2640 3223 mortuumque
2666 3147 2747 3206 ait
2768 3145 2958 3238 47Kal.
2987 3145 3130 3205 Julii
3163 3170 3175 3203 :
3208 3149 3267 3204 at
3289 3146 3321 3203 4
3344 3143 3477 3238 Kal.
3503 3143 3723 3238 Aprilis
3752 3160 3945 3204 excu-

2223 3242 2309 3301 dit
2340 3239 2645 3314 Ughellus,
2671 3237 2827 3312 quod
2856 3252 2965 3297 suo
2998 3241 3255 3309 tempore
3283 3236 3743 3295 examinabitur.

2291 3328 2383 3388 20.
2418 3327 2584 3387 Unde
2632 3326 2698 3385 B.
2732 3326 2900 3384 Petro
2946 3340 3269 3401 cognomen
3314 3327 3576 3381 Damiani
3613 3324 3951 3396 accesserit,

2221 3418 2450 3479 variant
2496 3420 2778 3476 auctores.
2819 3415 3147 3483 Ciaconius,
3179 3411 3593 3483 Bellarminus,
3626 3426 3763 3471 cum
3815 3412 3953 3472 aliis

2223 3505 2524 3567 nonnullis
2550 3507 2812 3562 Παπιίαηί
2833 3506 3012 3575 ﬁlium
3046 3501 3355 3577 appellant.
3387 3499 3705 3560 Fortunius
3727 3500 3954 3575 aliique

2220 3613 2252 3655 a
2284 3594 2521 3655 nomine
2551 3595 2746 3653 fratris
2771 3591 3064 3658 Damiani,
3097 3591 3266 3666 cujus
3303 3606 3476 3667 opera
3507 3590 3715 3650 studiis
3744 3590 3956 3650 libera-

2220 3685 2376 3745 libus
2414 3684 2675 3744 imbutus
2704 3689 2811 3757 est,
2849 3681 3001 3742 illud
3030 3680 3143 3741 sibi
3173 3680 3528 3741 vocabulum
3563 3681 3955 3755 assumpsisse

2222 3776 2469 3847 malunt,
2513 3782 2568 3835 et
2621 3776 2817 3833 forsan
2881 3774 2987 3831 hac
3036 3771 3109 3829 de
3163 3786 3339 3831 causa
3392 3769 3594 3831 Petrus
3650 3769 3951 3841 Damiani,

2220 3883 2341 3938 non
2370 3866 2690 3925 Damianus
2725 3864 2798 3922 ab
2837 3862 3137 3938 aliquibus
3166 3861 3458 3922 scribitur.
3489 3863 3565 3921 At
3593 3861 3799 3921 Petrus
3829 3862 3950 3920 Da.

2212 3934 2481 4029 'mianus,
2516 3956 2632 4015 nisi
2661 3956 2875 4031 passim
2913 3934 3182 4014 aberrent
3219 3954 3446 4014 Codices
3484 3970 3661 4033 quam
3694 3954 3954 4013 exactis-

2224 4050 2370 4109 sime
2396 4047 2623 4121 excusi,
2650 4046 2974 4120 appellatur
3002 4061 3037 4104 a
3070 4045 3265 4105 Leone
3289 4045 3611 4104 Marsicano
3632 4050 3691 4102 et
3712 4047 3954 4103 auctore

2220 4141 2463 4216 antiquo
2508 4137 2926 4198 miraculorum
2976 4136 3037 4196 S.
3080 4136 3345 4212 Hugonis
3394 4153 3568 4212 supra
3608 4135 3802 4195 relatis
3836 4154 3851 4194 :
3884 4135 3953 4193 in

2225 4230 2354 4290 Vita
2385 4228 2666 4305 Stephani
2690 4228 2742 4287 X
2770 4245 2957 4304 papae,
2983 4228 3048 4287 in
3076 4229 3333 4302 epistolis
3362 4227 3685 4286 Alexandri
3712 4225 3769 4284 II
3799 4242 3953 4300 pon-

2222 4321 2409 4392 tificis;
2431 4320 2612 4379 secuti
2639 4319 2776 4377 dein
2797 4318 3541 4390 Helinaudus,Antoninus,
3564 4315 3950 4388 Lipomanus,

2222 4409 2643 4485 Bergomensis,
2683 4408 3044 4478 Rieordatus,
3100 4406 3531 4477 Rolewinchus,
3578 4420 3945 4479 anonymus,

422 4488 654 4550 mmora
680 4505 952 4567 (Ιῠὶθίιὶιθν
982 4493 1284 4569 magisque
1312 4490 1654 4567 necessaria;
1681 4492 1844 4553 bPeVi
1871 4509 2203 4575 COmPeﬂ-n
2225 4503 2634 4563 Benedictinus
2689 4498 3144 4575 congregationis
3187 4498 3248 4557 S.
3304 4497 3557 4557 Justinze
3603 4502 3660 4556 et
3713 4512 3954 4571 anony-

424 4579 521 4639 dio
545 4580 901 4641 deﬂorarem.
937 4607 959 4635 υ

502 4671 601 4730 19.·
620 4670 760 4730 Haec
787 4672 858 4730 de
889 4670 948 4733 S.
980 4672 1306 4744 Benedicto,
1336 4674 1580 4747 ejusque
1616 4674 1835 4747 regula,
1865 4678 1921 4732 et
1940 4672 2145 4732 ordine

428 4761 627 4838 paucis
653 4763 813 4820 fuere
840 4761 1194 4841 attingenda,
1226 4763 1381 4839 quod
1409 4763 1682 4823 nonnulli
1710 4762 1774 4822 B.
1808 4763 2043 4824 Petrum
2071 4767 2144 4824 ab

428 4868 622 4914 eremo
663 4853 862 4913 Fontis
918 4854 1186 4913 Avellani
1244 4854 1641 4913 transtulerint
1679 4854 1749 4913 ad
1800 4855 2144 4916 Portuenses

428 4944 744 5004 coenobitas
786 4944 1048 5004 d‘ioacesis
1091 4946 1464 5017 Ravennatis,
1494 4952 1549 5003 et
1589 4945 1662 5005 ab
1699 4946 1961 5006 instituto
2003 4964 2140 5005 ana—

428 5035 713 5095 choretico
759 5035 819 5096 S.
848 5034 1145 5095 Benedicti
1185 5037 1256 5095 ad
1296 5035 1557 5110 regulam
1600 5036 1977 5110 Clericorum,
2020 5036 2145 5095 sive

428 5125 840 5184 canonicorum
881 5126 1280 5201 regularium:
1316 5127 1532 5201 quibus
1575 5127 1747 5186 etiam
1787 5128 2145 5185 constitutio-

428 5230 552 5285 nes,
602 5220 658 5273 et
701 5221 851 5275 recte
899 5217 1138 5277 vivendi
1176 5217 1400 5277 decreta
1451 5216 1867 5292 praescripsisse
1914 5216 2140 5289 volunt,

430 5312 485 5367 et
535 5308 783 5376 regulam
832 5309 1157 5365 Damianum
1208 5322 1507 5387 perperam
1562 5303 1869 5378 appellant.
1904 5303 1986 5362 De
2037 5304 2145 5364 hac

436 5395 850 5455 Portuensium
896 5395 1319 5459 Canonicorum
1368 5392 1819 5469 Congregatione
1865 5392 2145 5471 legendus

433 5483 667 5546 Gabriel
723 5487 1044 5549 Pennottus
1072 5494 1217 5565 part.
1247 5498 1289 5544 II
1328 5484 1599 5545 Historiaa
1645 5483 1767 5543 ord.
1805 5483 2144 5543 clericorum

433 5579 849 5638 canonicorum
897 5595 944 5638 c.
993 5578 1083 5651 47,
1111 5576 1236 5651 ubi,
1282 5590 1342 5633 n.
1382 5575 1439 5645 2,
1474 5576 1663 5634 varios
1709 5574 1889 5649 hujus
1937 5574 2147 5632 erroris

437 5673 750 5727 assertores
800 5672 1136 5739 enumerat,
1194 5679 1448 5739 quorum
1512 5663 1857 5725 sententiam
1912 5669 2144 5726 secutus

2154 4552 2203 4611 D

2228 4611 2358 4655 mus
2413 4593 2610 4653 Fontis
2661 4589 2933 4650 Avellani
2981 4590 3044 4648 in
3070 4587 3418 4647 testimoniis
3448 4605 3483 4648 a
3508 4588 3780 4664 Cajetano
3808 4594 3956 4645 ante

2227 4700 2399 4759 opera
2428 4682 2488 4742 Β.
2522 4680 2673 4741 Petri
2703 4679 2955 4740 excusis.

2994 4791 3022 4865 ξ
3067 4788 3166 4846 IV.

2228 4885 2371 4940 Acta
2422 4884 2611 4954 priora
2662 4882 2726 4939 B.
2758 4882 2909 4936 Petri
2958 4879 3235 4944 Damiani,
3278 4882 3405 4935 item
3462 4879 3613 4952 apud
3659 4879 3953 4949 pontiﬁces

2301 4965 2619 5030 Gregorium
2676 4964 2772 5026 VI,
2824 4962 3142 5018 Clementem
3193 4963 3265 5025 II,
3326 4964 3551 5017 Leonem
3599 4962 3689 5023 IX,
3752 4962 3953 5015 Victo-

2296 5059 2407 5099 rem
2453 5044 2525 5106 II,
2555 5044 2896 5113 Stephanum
2960 5045 3051 5105 IX,
3100 5043 3388 5099 Nicolaum
3440 5045 3538 5109 II;
3597 5041 3955 5111 episcopatus

2299 5125 2417 5195 ejus
2471 5124 2757 5187 Ostiensis,
2803 5122 3050 5191 dignitas
3102 5123 3480 5177 cardinalitia.
3533 5120 3785 5178 Schisma
3836 5124 3951 5176 Be-

2300 5204 2504 5260 nedicti
2536 5206 2819 5276 antipapae
2851 5203 2970 5274 ejus
2996 5219 3160 5275 opera
3187 5204 3483 5258 sublatum.

2296 5304 2385 5363 21.
2425 5327 2447 5355 α
2488 5304 2721 5364 Petrum
2772 5303 3119 5364 Damianum
3153 5299 3442 5360 exstitisse
3492 5299 3781 5359 doctorem
3810 5298 3959 5357 exi-

2227 5396 2442 5468 mium,
2482 5410 2549 5453 ac
2578 5395 2723 5469 reip.
2765 5394 3111 5454 Christianae
3153 5398 3209 5450 et
3239 5389 3569 5465 apostolica:
3620 5389 3790 5449 Sedis
3832 5403 3951 5446 no.

2228 5483 2407 5544 bilem
2450 5490 2692 5560 partem,
2723 5502 2752 5537 η
2785 5488 3020 5543 testatus
3047 5486 3131 5539 est
3161 5479 3380 5539 Paulus
3407 5478 3479 5545 V,
3526 5478 3592 5537 in
3622 5483 3954 5538 memorato

2228 5573 2401 5633 Brevi
2438 5575 2510 5635 ad
2539 5566 2984 5635 Constantinum
3023 5570 3387 5645 Cajetanum.
3417 5570 3599 5629 Natus
3626 5569 3679 5627 is
3707 5574 3795 5628 est
3821 5569 3957 5629 Ra-

2233 5681 2464 5739 vennae,
2486 5664 2681 5728 forsan
2712 5664 2865 5723 circa
2890 5650 2993 5722 an.
3016 5658 3234 5721 Christi
3258 5657 3766 5737 nongentesimum
3793 5664 3964 5720 octo-
