4106 6204
214 349 313 412 101

706 344 1282 406 PROLEGOMENA.
1325 376 1392 388 —-
1431 346 1527 405 DE
1568 346 1627 405 S.
1673 344 1915 405 PETRO
1951 342 2298 406 DAMIANO
2340 345 2808 410 HENSCHENII
2846 349 3228 414 COMMENT.

3634 358 3736 418 102

203 474 501 549 gesiurum
533 476 806 531 octavum
834 469 987 529 infra
1017 469 1193 531 relato
1231 470 1356 544 ejus
1388 470 1554 531 obitu
1583 472 1816 545 patebit.
1853 472 1928 530 At
1947 475 2241 545 Aesopus,
2284 488 2351 532 ac
2380 473 2645 534 Clemens
2670 475 2725 534 II
2753 476 2961 551 dictus,
2989 479 3051 537 in
3081 479 3205 552 ipsa
3245 478 3465 539 Natalis
3495 480 3733 543 Domini

205 564 415 641 primis
465 562 872 623 adolescentiae
926 563 1098 622 annis
1152 578 1352 638 porcos
1415 578 1646 638 pascere
1710 563 1930 636 debuit,

202 658 381 719 etiam
426 657 857 727 grandiusculus
894 657 1080 714 factus
1129 675 1141 715 :
1179 658 1382 714 litteris
1428 661 1623 730 postea
1670 657 1931 722 imbutus,

204 753 261 809 et
320 749 527 806 studiis
581 748 923 814 liberalibus,
983 747 1121 808 dein
1173 750 1403 806 scientia
1455 750 1744 814 excellens,
1789 747 1936 806 alios

209 840 516 897 audivisse
544 836 789 897 traditur
809 852 975 896 num.
1000 838 1057 895 7.
1088 837 1463 898 Eremiticam
1493 837 1726 897 tandem
1755 837 1936 897 vitam

209 942 537 1002 capessens,
580 926 736 1000 apud
774 925 1016 987 Foutem
1059 927 1416 987 Avellanam
1466 926 1800 986 monasticis
1840 925 1938 985 in-

209 1017 388 1078 dutus
428 1024 515 1079 est
551 1016 832 1078 vestibus.
875 1016 1141 1092 Cumque
1188 1017 1478 1077 «lectioni
1515 1032 1695 1077 sacrm
1736 1015 1937 1074 sedula

214 1105 596 1183 meditatione
636 1110 885 1177 vacaret,
938 1112 1094 1166 tanta
1127 1107 1461 1167 divinarum
1511 1106 1936 1181 Scripturarum

208 1195 457 1256 scientia
488 1196 769 1257 claruisse
800 1220 829 1251 ιι
868 1195 1084 1256 dicitur
1121 1211 1287 1256 num.
1330 1196 1416 1269 t7,
1450 1217 1479 1252 (ι
1507 1202 1724 1269 quanta
1752 1209 1936 1255 siccu-

209 1284 431 1349 larium
472 1291 607 1345 ante
640 1301 759 1347 non
809 1285 1111 1346 claruerat.
1145 1306 1174 1341 »
1212 1284 1424 1345 Docuit
1467 1284 1687 1344 ibidem
1733 1284 1937 1344 fratres

208 1376 339 1435 suae
378 1376 584 1449 eremi,
611 1374 750 1435 dein
797 1376 1114 1436 monachos
1141 1372 1573 1447 Pomposianos,
1609 1387 1645 1432 a
1694 1371 1752 1431 S.
1796 1371 1939 1432 Gui-

207 1465 361 1525 done
410 1466 616 1525 abbate
665 1470 961 1529 evocatus.
1016 1465 1283 1526 Mortuus
1332 1466 1430 1525 hic
1468 1464 1657 1525 ‘abbas
1703 1469 1789 1524 est
1838 1479 1935 1524 an.

214 1552 371 1623 1046,
406 1553 509 1611 sed
537 1568 728 1615 annos
768 1569 903 1617 eum
934 1559 1060 1614 octo
1107 1569 1285 1629 supra
1328 1553 1712 1630 quadraginta
1750 1568 1940 1613 emno-

206 1642 307 1703 hio
339 1643 723 1719 Pomposiano
764 1645 1068 1719 praefuisse
1108 1645 1284 1704 tradit
1315 1644 1555 1705 Rubeus
1585 1644 1626 1703 l.
1667 1645 1700 1703 5
1736 1644 1936 1705 Histo-

148 1798 157 1801 _
211 1735 317 1795 riae
347 1735 727 1795 Ravennatis.
764 1735 1016 1796 Biennio
1045 1734 1199 1810 apud
1229 1735 1642 1809 Pomposianos
1678 1750 1797 1811 qua
1831 1736 1937 1795 do-
1976 1776 1979 1779 ς

2016 560 2109 621 die
2147 561 2214 621 25
2262 562 2597 624 Decembris
2637 573 3003 628 consecratus
3034 591 3047 626 :
3082 568 3186 642 qui
3235 584 3375 628 mox
3412 568 3732 632 Henricum

2016 651 2421 733 imperatorem
2467 653 2657 715 ﬁlium
2697 654 2946 716 Conradi
2995 656 3190 729 Salici,
3238 660 3481 733 ejusque
3527 663 3734 735 conju-

2014 755 2145 815 gem
2183 742 2467 815 Agnetem
2513 743 2665 803 inter
2717 743 3027 805 missarum
3080 746 3363 807 solemnia
3413 750 3729 810 coronavit.

2014 829 2299 891 Baronius
2323 848 2480 891 anno
2522 832 2681 903 1047,
2710 849 2876 894 num.
2917 835 3018 895 13:
3055 856 3083 890 «
3111 837 3204 895 Ad
3237 837 3433 911 ipsum
3464 840 3734 899 Clemen-

2018 922 2149 990 tem,
2203 920 2416 996 inquit,
2458 921 2661 982 Petrus
2697 922 2987 997 Damiani,
3032 926 3213 985 eremi
3250 927 3441 987 incola
3490 928 3737 989 celebris

2016 1008 2271 1067 nominis
2316 1014 2442 1070 tum
2494 1010 2813 1083 sanctitate,
2865 1018 2988 1071 tum
3035 1013 3209 1073 etiam
3257 1016 3538 1089 doctrina,
3592 1018 3736 1076 scri-

2015 1096 2198 1170 psisse
2228 1098 2515 1171 reperitur
2548 1097 2871 1172 epistolam,
2906 1102 3077 1174 cujus
3113 1102 3222 1162 hoc
3259 1107 3345 1162 est
3378 1105 3688 1166 exordium
3718 1128 3732 1164 :

2021 1211 2047 1237 «
2076 1184 2311 1246 Noverit
2353 1186 2653 1248 Beatitudo
2700 1195 2908 1261 vestra,
2954 1190 3442 1252 excellentissime
3476 1194 3733 1266 domine,

2016 1276 2156 1350 quia
2211 1276 2487 1336 dominus
2532 1277 2955 1339 invictissimus
3006 1278 3317 1353 imperator
3363 1298 3480 1341 non
3532 1283 3735 1354 semel,

2017 1366 2116 1425 sed
2152 1381 2323 1440 saepe,
2360 1365 2509 1425 mihi
2550 1368 2841 1443 praecepit,
2886 1374 2941 1428 et
2981 1369 3032 1428 si
3069 1369 3258 1429 dicere
3297 1371 3502 1445 audeo,
3536 1387 3733 1445 rogare

2017 1455 2287 1530 dignatus
2322 1463 2426 1527 est,
2474 1463 2539 1517 ut
2579 1459 2650 1517 ad
2689 1475 2792 1520 vos
2832 1460 3116 1533 venirem,
3149 1466 3204 1520 et
3250 1476 3385 1535 quae
3430 1463 3494 1521 in
3534 1462 3733 1521 Eccle-

2019 1545 2122 1606 siis
2148 1552 2479 1610 nostrarum
2524 1552 2779 1623 partium
2812 1556 3143 1625 agerentur,
3172 1567 3426 1626 quisque
3451 1553 3598 1611 mihi
3624 1569 3734 1612 ne-

2018 1637 2264 1695 cessario
2288 1652 2323 1697 a
2352 1637 2519 1699 vobis
2547 1640 2676 1699 lieri
2718 1639 3075 1711 viderentur,
3122 1643 3331 1701 vestris
3359 1642 3601 1703 auribus
3648 1643 3741 1702 in-

2021 1725 2304 1799 timarem,
2361 1749 2384 1779 »
2442 1728 2600 1801 quod
2655 1728 2757 1788 illa
2813 1730 3053 1804 epistola
3120 1731 3428 1807 diligenter
3480 1738 3736 1808 praestat,

212 1827 416 1901 cendo,
458 1843 576 1902 qua
609 1827 1006 1888 concionando
1042 1832 1263 1899 exacto,
1308 1826 1380 1884 ad
1425 1842 1693 1887 eremum
1731 1826 1931 1887 Fontis

2091 1817 2313 1890 ittitque
2365 1832 2485 1877 una
2536 1816 2755 1879 litteras
2801 1820 3163 1895 imperatoris
3212 1822 3276 1881 in
3329 1822 3538 1884 itinere
3584 1839 3740 1884 acce-

210 1916 482 1979 Avellaui
510 1934 784 1980 reversus
811 1924 897 1977 est
930 1936 944 1978 :
974 1922 1148 1991 atque
1174 1916 1372 1990 aliqua
1411 1916 1535 1976 illic
1563 1917 1758 1994 quiete
1789 1917 1938 1978 frui-

214 2014 305 2071 tus
356 2009 428 2070 ad
474 2010 701 2071 celebre
746 2008 805 2070 S.
852 2009 1143 2070 Vincentii
1181 2010 1603 2070 monasterium
1635 2010 1937 2084 ablegatus

208 2105 318 2158 est.
351 2098 423 2157 In
452 2098 561 2159 hoc
591 2097 855 2159 emnobio
887 2098 950 2158 B.
984 2099 1223 2159 Petrum
1258 2099 1613 2158 Damianum
1640 2100 1937 2174 scripsisse

212 2187 407 2248 Vitam
440 2186 504 2247 S.
535 2188 848 2248 Romualdi
872 2189 1008 2248 circ.
1040 2204 1134 2247 an.
1170 2189 1404 2247 tertium
1432 2188 1750 2262 decimum,
1776 2194 1934 2262 post-

208 2292 392 2351 quam
431 2277 530 2337 hic
572 2284 895 2337 excesserat
939 2294 973 2336 e
1019 2277 1191 2348 vivis,
1241 2277 1443 2337 asserit
1480 2278 1635 2337 idem
1673 2278 1935 2340 Rubeus.

216 2364 411 2425 Vitam
444 2364 504 2426 S.
548 2365 862 2428 Romualdi
896 2365 1188 2425 edidimus
1219 2366 1251 2423 7
1281 2367 1453 2439 febr.,
1489 2373 1545 2425 et
1582 2366 1742 2425 hunc
1777 2384 1935 2428 anno

214 2457 358 2517 1027
392 2462 692 2518 mortuum
741 2472 867 2517 esse
902 2455 1186 2519 diximus.
1226 2456 1381 2517 Hine
1430 2457 1692 2517 decimus
1732 2459 1936 2518 tertius

209 2545 284 2605 ab
311 2545 477 2606 obitu
512 2544 679 2607 illius
709 2561 899 2606 annus
929 2546 1204 2605 convenit
1241 2545 1304 2604 in
1334 2562 1489 2607 anno
1520 2548 1733 2608 Christi
1776 2550 1933 2621 lO-iO,

209 2641 267 2695 et
306 2651 508 2697 rerum
533 2651 570 2694 a
607 2634 672 2693 B.
716 2634 884 2695 Petro
920 2640 1213 2709 gestarum
1254 2634 1529 2709 epocham
1571 2638 1935 2711 chronologi-

213 2740 344 2790 cam
384 2724 593 2792 ﬁrmat,
620 2724 696 2783 ab
725 2724 1054 2798 Augustino
1092 2723 1391 2796 Fortunio,
1418 2725 1593 2785 etiam
1635 2741 1712 2786 ex
1750 2727 1933 2787 Chre-

209 2818 364 2879 nicis
392 2813 746 2893 quibusdam
774 2814 1094 2890 majoribus
1116 2816 1502 2876 observatam.

284 2911 376 2971 22.
413 2910 659 2971 Creatus
697 2910 835 2971 dein
885 2912 1064 2972 eremi
1102 2913 1301 2971 Fontis
1337 2912 1608 2973 Avellani
1639 2914 1799 2988 prior
1826 2920 1931 2987 est,

210 3017 350 3065 cum
410 3001 757 3075 aliquandiu
820 3002 998 3063 rebus
1074 3002 1486 3077 temporalibus
1555 3007 1936 3078 procurandis

210 3092 421 3155 uisset
448 3092 773 3167 praefectus.
812 3092 883 3151 Ut
912 3093 1251 3153 Ravennam
1282 3095 1529 3168 veniret,
1554 3095 1834 3159 invitatus
1861 3099 1933 3158 ab

213 3180 647 3255 archiepiscopo
700 3180 1035 3240 Ravennate
1104 3182 1442 3242 Gebehardo
1511 3187 1616 3255 (est
1670 3185 1766 3244 hic
1848 3188 1934 3263 t6,

213 3269 517 3331 Februarii
589 3284 747 3329 anno
812 3269 947 3332 1044
1008 3276 1294 3344 mortuus,
1350 3277 1408 3331 et
1462 3273 1527 3332 in
1586 3278 1937 3337 monasterio

212 3359 605 3434 Pomposiane
656 3360 961 3434 sepultus),
1015 3363 1307 3437 rescripsit
1355 3364 1655 3437 epistolam
1693 3382 1868 3442 supra
1904 3384 1939 3428 a

215 3448 387 3509 nobis
430 3448 770 3522 indicatam,
809 3464 926 3523 qua
962 3456 1221 3525 excusat,
1266 3468 1403 3513 cum
1434 3454 1558 3527 jam
1595 3456 1751 3529 prior
1793 3457 1939 3518 alios

213 3554 433 3613 regem,
481 3554 804 3614 eorumque
854 3540 1181 3600 necessitati
1226 3542 1530 3601 consulere
1580 3550 1834 3618 cogatur,
1878 3562 1940 3607 se

214 3631 283 3693 ad
322 3647 466 3691 eum
503 3632 674 3691 facile
720 3632 919 3694 venire
961 3649 1079 3694 non
1119 3649 1306 3708 posse.
1360 3634 1505 3705 Quae
1544 3640 1679 3695 ante
1719 3636 1937 3696 dictum

215 3734 441 3781 annum
478 3720 613 3781 1044
643 3721 1032 3796 contigerunt.
1065 3722 1189 3783 Hoc
1227 3730 1427 3784 autem
1450 3740 1608 3784 anno
1633 3730 1939 3802 postquam

216 3815 332 3871 tres
367 3810 549 3871 simul
582 3811 1102 3885 pseudopontiﬁces
1139 3813 1456 3873 Ecclesiam
1489 3813 1821 3875 Romanam
1854 3816 1943 3874 in-

220 3902 527 3973 vasissent,
588 3903 819 3963 sublato
894 3904 1221 3973 schismate,
1308 3905 1603 3980 legitimus
1678 3907 1941 3981 pontifex

218 3998 449 4051 aestus
484 3998 572 4051 at
606 3992 920 4066 Gregorius
947 3993 1048 4065 VI,
1075 3993 1150 4052 ad
1188 4008 1364 4070 quem
1403 4000 1634 4054 exstant
1660 3995 1833 4054 initio
1870 3995 1943 4054 li-

220 4079 314 4140 bri
358 4080 519 4140 binae
541 4080 609 4142 B.
650 4082 805 4142 Petri
832 4083 1125 4158 epistola);
1159 4082 1225 4142 in
1267 4084 1459 4158 priore
1495 4100 1556 4143 se
1588 4085 1788 4144 audita
1816 4084 1946 4160 ejus

2019 1911 2164 1980 ptas,
2216 1912 2272 1966 et
2323 1912 2502 1981 rogat,
2548 1913 2612 1969 ut
2656 1910 2729 1970 ad
2777 1924 2839 1969 se
2878 1910 3090 1971 scribat
3140 1917 3339 1973 utrum
3392 1913 3502 1972 iter
3548 1929 3739 1975 susce-

2018 1998 2183 2068 ptum
2215 1994 2328 2054 sibi
2357 1999 2829 2072 prosequendum
2854 2006 3100 2061 censeat.

2091 2092 2180 2151 24.
2212 2092 2478 2153 Clemens
2507 2093 2583 2166 II,
2614 2094 2817 2155 eodem
2842 2113 3015 2168 anno,
3048 2099 3082 2157 7
3109 2098 3251 2159 Idus
3274 2099 3396 2160 Oct.
3428 2100 3737 2172 exstincto,

2019 2186 2324 2257 postquam
2368 2182 2627 2243 Ecclesia
2653 2200 2686 2242 a
2726 2185 3058 2260 Benedicto,
3089 2188 3256 2248 tertio
3296 2189 3492 2250 sedem
3522 2190 3739 2249 Roma-

2018 2290 2158 2335 nam
2205 2276 2535 2347 invadente,
2594 2277 2801 2336 fuisset
2845 2279 3191 2353 aliquandiu
3231 2282 3461 2353 afﬂicta,
3512 2287 3740 2343 creatus

2021 2371 2107 2425 est
2141 2365 2424 2426 Damasus
2466 2364 2544 2436 II,
2574 2380 2727 2425 anno
2767 2367 2924 2439 1048,
2951 2368 3047 2428 cui
3094 2370 3249 2429 intra
3285 2372 3545 2445 primum
3583 2371 3742 2432 sedis

2024 2470 2303 2515 mensem~
2336 2454 2454 2514 vita
2500 2454 2717 2527 functo,
2774 2456 3006 2514 tandem
3055 2457 3159 2516 ubi
3198 2457 3464 2533 quinque
3509 2474 3743 2518 menses

2023 2544 2187 2605 sedes
2214 2549 2489 2615 vacasset,
2520 2545 2791 2603 successit
2823 2544 2881 2605 S.
2917 2548 3034 2607 Leo
3061 2563 3206 2622 papa
3235 2548 3337 2620 IX,
3369 2554 3501 2608 ante
3540 2549 3739 2610 Bruno

2022 2636 2232 2707 dictus,
2270 2636 2571 2711 episcopus
2614 2637 2911 2697 Tullensis
2941 2637 3003 2697 in
3050 2638 3284 2713 Belgica
3325 2642 3532 2715 prima.
3586 2642 3742 2702 Huic

2023 2726 2254 2801 scripsit
2301 2726 2366 2785 B.
2425 2726 2631 2786 Petrus
2685 2733 2883 2788 contra
2942 2728 3256 2789 malevolos
3310 2731 3738 2792 obtrectatores.

2021 2819 2098 2877 At
2123 2817 2241 2877 Leo
2270 2817 2491 2877 remisit
2514 2818 2852 2893 praeclaram
2877 2820 3198 2895 epistolam,
3230 2822 3293 2881 in
3321 2837 3437 2896 qua
3465 2823 3578 2881 viri
3600 2839 3743 2882 san-

2020 2911 2097 2969 cti
2146 2907 2336 2968 zelum
2386 2908 2602 2981 laudat,
2651 2917 2826 2985 atque
2872 2912 3356 2972 incontinentiam
3399 2913 3739 2974 clericorum

2020 3000 2349 3074 detestatur,
2404 3007 2462 3061 et
2512 3002 2871 3077 puniendam
2915 3004 3198 3076 rescribit,
3251 3020 3317 3063 ac
3366 3004 3556 3064 verbis
3614 3005 3744 3064 istis

2020 3089 2312 3149 concludit
2366 3113 2379 3149 :
2436 3112 2464 3142 α
2514 3090 2628 3150 Fili
2679 3092 3040 3165 charissime,
3088 3092 3551 3152 inenarrabiliter
3605 3109 3743 3167 gau-

1957 3208 2001 3271 G
2021 3178 2148 3252 deo,
2178 3180 2317 3253 quia
2361 3179 2629 3271 exemplo
2658 3181 3112 3243 conversationis
3153 3182 3417 3254 instruis,
3453 3182 3741 3257 quidquid

2019 3273 2266 3329 oratoria
2301 3270 2570 3357 facultate
2608 3272 2875 3332 docuisti.
2928 3272 3064 3332 Plus
3094 3277 3180 3332 est
3230 3273 3388 3333 enim
3429 3288 3598 3348 opere
3639 3272 3745 3333 do-

2020 3374 2149 3418 cere
2197 3376 2377 3434 quam
2424 3377 2583 3421 voce.
2616 3360 2991 3436 Quapropter,
3024 3368 3255 3422 auctore
3299 3362 3439 3435 Deo,
3488 3363 3744 3438 palmam

2020 3450 2309 3511 obtinebis
2339 3450 2615 3522 victoriae,
2643 3458 2700 3510 et
2748 3467 2884 3511 cum
2914 3451 3040 3523 Dei,
3076 3458 3131 3511 et
3176 3450 3433 3525 Virginis
3478 3452 3597 3512 tilio
3640 3453 3744 3511 lae-

2023 3544 2232 3603 taberis
2275 3544 2340 3602 in
2380 3544 2600 3603 caelesti
2632 3545 2952 3615 mansione,
3000 3548 3057 3602 et
3103 3549 3186 3603 tot
3213 3544 3576 3603 mercedibus
3625 3546 3743 3604 eris

2022 3633 2371 3706 cumulatus,
2405 3639 2545 3708 quot
2575 3634 2784 3709 ereptis
2809 3649 2914 3709 per
2942 3640 2995 3693 te
3023 3651 3057 3692 a
3097 3634 3315 3693 diaboli
3356 3634 3581 3709 laqueis
3612 3635 3746 3692 fue-

2023 3723 2105 3782 ris
2153 3723 2526 3797 constipatus,
2585 3728 2643 3781 et
2687 3723 3113 3798 quodammodo
3163 3729 3548 3785 coronatus.»
3605 3723 3746 3783 Haec

2027 3809 2088 3871 S.
2138 3812 2256 3870 Leo
2290 3813 2393 3886 qui
2421 3815 2619 3871 contra
2657 3811 3003 3873 simoniacos
3053 3812 3371 3873 concilium
3415 3814 3748 3873 Romanum

2026 3916 2122 3961 an.
2159 3900 2295 3960 1049
2322 3899 2654 3975 celebravit,
2684 3902 2855 3976 cujus
2890 3903 3187 3964 decretum
3217 3904 3417 3966 laudat
3443 3905 3509 3964 B.
3544 3904 3748 3965 Petrus

1992 3992 2346 4052 'Damianus
2395 4008 2594 4067 opusc.
2657 4005 2740 4069 VI,
2788 4011 2914 4070 cap.
2954 3997 3042 4056 35.
3079 3996 3219 4067 Quae
3248 4002 3443 4058 autem
3486 3998 3747 4072 ejusdem

2030 4083 2245 4143 Leonis
2291 4089 2479 4144 exstat
2527 4086 2767 4161 epistola
2811 4086 2879 4146 10
2922 4088 2993 4146 ad
3037 4089 3420 4161 Auximanos,
3466 4104 3581 4163 qua
3623 4094 3751 4164 post

218 4169 505 4231 cicctione
536 4172 933 4233 exbilaratum
957 4173 1230 4245 ostendit,
1262 4181 1318 4232 et
1360 4189 1588 4248 sperare
1628 4174 1944 4233 Ecclesiam
2030 4172 2255 4233 obitum
2298 4173 2551 4247 episcopi
2596 4174 2944 4247 expilatores
2991 4176 3297 4236 domorum
3334 4176 3747 4252 episcopalium

222 4259 327 4320 Dei
368 4277 469 4334 per
506 4277 665 4333 eum,
704 4263 974 4323 sordibus
1002 4264 1357 4338 expurgatis,
1390 4266 1707 4339 pristinum
1745 4276 1944 4331 conse4
2031 4262 2345 4335 redarguit,
2398 4269 2732 4322 recensetur
2780 4263 2933 4322 inter
2978 4267 3245 4339 epistolas
3302 4265 3365 4324 B.
3424 4265 3579 4325 Petri
3632 4266 3746 4326 Da-

221 4358 494 4410 mmram
534 4352 821 4418 decorem.
863 4353 1152 4414 Baronius
1197 4353 1373 4413 relata
1411 4370 1480 4413 ea
1525 4357 1692 4429 epist.
1728 4356 1801 4415 ad
1847 4372 1944 4415 an.
2035 4350 2218 4410 miani
2246 4350 2352 4409 lib.
2398 4363 2447 4408 νε
2482 4366 2646 4412 num.
2681 4352 2735 4425 6,
2767 4359 2824 4411 et
2852 4356 2962 4413 sub
2993 4355 3232 4415 nomine
3264 4355 3557 4431 pontiﬁcis
3585 4357 3657 4416 ab
3684 4372 3751 4416 eo

232 4439 391 4511 1044,
433 4455 604 4499 nam.
640 4441 699 4513 8,
742 4442 815 4499 de
849 4441 914 4500 B.
957 4441 1123 4501 Petro
1156 4443 1358 4502 addit:
1399 4466 1421 4495 σι
1471 4443 1653 4503 Tanta
1694 4444 1804 4503 ista
1829 4460 1947 4503 non
2034 4440 2244 4516 scripta
2295 4442 2592 4502 asseritur.
2653 4442 2917 4503 Mortuus
2968 4449 3053 4503 est
3107 4444 3166 4504 S.
3231 4444 3348 4505 Leo
3401 4463 3545 4521 papa
3592 4462 3748 4506 anno

224 4528 345 4588 nisi
372 4529 631 4603 legitime
654 4530 839 4591 electo
871 4546 1019 4608 papa
1053 4532 1231 4607 digna
1256 4548 1400 4605 esse,
1444 4538 1510 4592 ut
1536 4533 1722 4607 plane,
1757 4534 1806 4592 si
1845 4534 2010 4608 de-n
2037 4529 2176 4590 1054
2202 4528 2295 4588 die
2338 4530 2402 4588 19
2447 4529 2685 4603 Aprilis,
2720 4532 3002 4591 virtutum
3035 4537 3091 4591 et
3118 4533 3537 4594 miraculorum
3579 4534 3752 4594 laude

220 4620 345 4680 sint
390 4621 525 4694 alia,
552 4622 661 4681 ista
695 4623 991 4682 suﬁiciant
1020 4625 1094 4683 ad
1137 4624 1647 4685 demonstrandam
1687 4620 2010 4698 ejusdem”
2036 4622 2300 4695 insignis,
2357 4622 2443 4681 uti
2490 4636 2624 4680 eum
2669 4621 2883 4681 tabulae
2924 4622 3320 4699 Martyrologii
3361 4625 3609 4684 Romani
3652 4625 3752 4683 de-

218 4711 570 4771 canouicam
615 4712 953 4773 electionem
1007 4713 1168 4774 omni
1209 4732 1288 4774 ex
1338 4720 1501 4791 parte
1551 4714 1945 4791 purissimam.
2037 4709 2373 4785 praedicant.
2423 4710 2706 4770 Successit
2736 4710 3111 4772 Gebehardus
3140 4713 3481 4772 Aistetensis
3506 4714 3571 4771 in
3606 4711 3751 4772 Ger-

226 4800 365 4861 Non
405 4803 563 4863 enim
598 4804 889 4878 ejusmodi
928 4805 1040 4864 fuit
1078 4804 1285 4866 Petrus
1316 4805 1603 4877 Damiani,
1644 4806 1747 4881 qui
1778 4805 1950 4866 vellet
2038 4800 2232 4859 mania
2257 4800 2574 4873 episcopus,
2599 4800 2734 4858 dein
2761 4799 2957 4860 Victor
2979 4801 3033 4860 ΙΙ
3052 4800 3261 4877 dictus,
3289 4818 3445 4861 anno
3474 4809 3754 4876 sequente

222 4892 359 4950 hac
412 4892 671 4954 scribens
726 4895 970 4968 turpiter
1023 4896 1250 4955 adulari
1294 4896 1599 4971 pontiﬁci:
1652 4910 1790 4953 nam
1840 4910 1949 4952 ex-

224 4988 487 5041 aestuans
516 4983 638 5042 zelo
659 4984 1063 5044 ecclesiasticas
1089 4984 1435 5061 disciplinae,
1462 4985 1688 5045 nemini
1716 4999 1953 5058 parcere

222 5070 415 5142 novit,
444 5071 592 5144 quin
616 5072 990 5132 acerbissime
1027 5074 1304 5148 arguerit,
1333 5088 1745 5150 quemcunque
1780 5071 1956 5131 sciret

216 5157 423 5218 eidem
472 5160 897 5221 adversantem.
940 5187 961 5214 ι
1017 5162 1157 5221 Haec
1210 5163 1514 5235 Barenius,
1569 5162 1671 5236 qui
1729 5162 1801 5219 ad
1855 5176 1951 5219 an.

230 5247 397 5321 1046,
430 5265 591 5309 num.
630 5251 682 5322 3,
733 5252 835 5325 ait,
876 5251 1146 5310 eumdem
1173 5273 1195 5304 α
1234 5251 1579 5327 Gregorium
1624 5251 1722 5323 VI,
1752 5266 1956 5311 exem-

2042 4887 2199 4959 1055,
2241 4887 2443 4947 Idibus
2492 4888 2709 4961 Aprilis
2742 4889 2805 4947 in
2850 4890 3026 4949 Ccena
3078 4890 3311 4950 Domini
3340 4896 3704 4951 consecratus
3740 4910 3751 4944 :

2038 4980 2103 5039 in
2138 4979 2306 5054 cujus
2337 4979 2611 5039 manibus
2640 4980 2931 5040 Henricus
2958 4982 3269 5055 imperator
3301 4999 3455 5042 anno
3481 4988 3757 5060 sequente

2044 5069 2201 5143 1056,
2232 5070 2263 5129 3
2307 5070 2500 5129 Nonas
2550 5070 2747 5131 Octob.
2797 5070 3032 5131 tradidit
3072 5072 3191 5131 Deo
3228 5072 3518 5146 spiritum.
3573 5074 3673 5134 Est
3702 5081 3759 5134 et

2037 5160 2162 5236 ipse
2191 5158 2386 5220 Victor
2423 5176 2568 5235 papa
2595 5161 2864 5235 proximo
2898 5178 2995 5220 an.
3029 5160 3169 5220 1057
3214 5161 3527 5223 Florentiae
3554 5162 3763 5224 deiun-

2037 5256 2168 5310 ctus
2214 5250 2285 5309 28
2321 5250 2482 5310 Julii.
2516 5252 2919 5333 Reperiuntur
2963 5266 3100 5310 unae
3147 5250 3213 5309 B.
3249 5251 3402 5311 Petri
3450 5251 3658 5312 littera)
3688 5253 3760 5311 ad

220 5337 326 5413 clo
356 5338 422 5399 Β.
454 5338 716 5414 Gregorii
755 5340 1122 5413 Nazianzeni,
1157 5340 1258 5416 qui
1295 5342 1372 5401 ob
1398 5356 1599 5416 pacem
1637 5340 1955 5400 concilian-
2042 5341 2332 5401 Victorem
2381 5341 2664 5399 amariore
2716 5340 2934 5410 animo,
2990 5340 3090 5399 sed
3140 5341 3261 5402 zelo
3309 5342 3465 5402 laesae
3512 5343 3753 5419 justitia)

220 5425 365 5489 dam
427 5428 702 5490 Ecclesiae
756 5436 961 5505 sponte
1024 5446 1089 5490 se
1141 5428 1447 5502 abdicavit,
1503 5429 1707 5489 eodem
1760 5428 1958 5504 ipsum
2043 5436 2424 5511 exaestuante,
2470 5429 2698 5503 scriptas
2744 5445 2847 5504 pro
2895 5430 3148 5505 quodam
3192 5431 3407 5491 illustri
3459 5431 3587 5491 viro
3631 5447 3761 5505 spo-

224 5517 456 5590 am'mo,
484 5519 805 5594 eademque
832 5519 1048 5580 virtute
1080 5519 1377 5595 pontiﬁcia
1422 5521 1557 5581 sede
1593 5524 1797 5596 sponte
1833 5535 1957 5579 ees-
2040 5522 2180 5581 liato
2203 5525 2259 5579 et
2287 5519 2507 5596 injuste
2530 5524 2762 5578 vexato.

228 5608 402 5671 sine.
424 5632 454 5667 3
2115 5610 2206 5670 25.
2238 5609 2453 5670 Eodem
2482 5623 2638 5668 anno
2690 5609 2847 5681 1057,
2880 5608 3211 5671 Fridericus
3248 5628 3322 5671 ex
3363 5610 3567 5670 abbate
3604 5606 3762 5666 Casi-

300 5700 399 5762 23.
445 5699 608 5764 Huic
648 5701 925 5763 successit
973 5699 1296 5776 Svidgerus
1346 5701 1788 5778 Bambergensis
1835 5702 1961 5775 epi-
2044 5702 2213 5763 aenei
2266 5705 2323 5759 et
2380 5698 2674 5761 cardinale
2729 5698 3063 5774 presbytero
3120 5700 3340 5761 invitus
3393 5700 3619 5759 creatus
3674 5698 3765 5753 est
