4106 6204
364 368 464 428 103

1275 362 1332 420 s.
1377 358 1668 420 PE'l‘RUS
1711 329 2099 418 DAMIANUS
2142 357 2200 418 s.
2244 361 2314 421 ιι.
2361 363 2425 420 n.
2469 363 2947 426 eAnnINALIs.

3763 365 3867 426 104

363 489 622 566 pontifex
651 489 686 547 2
729 487 999 563 Augusti,
1031 504 1097 546 ac
1144 487 1469 561 Stephanus
1499 485 1839 559 appellatur,
1885 484 2215 544 nonusAet
2265 486 2542 548 Romanis
2591 491 2920 565 potentibus
2964 489 3203 564 aliquot,
3245 491 3418 549 noctu
3464 503 3597 548 cum
3635 498 3884 550 armato-

362 584 538 654 vulgo
570 583 801 653 dicitur,
838 582 940 658 qui
993 597 1192 640 revera
1239 578 1498 638 decimus
1551 577 1894 646 censendus,
1947 590 2081 634 cum
2156 593 2290 636 rum
2347 579 2530 638 turbis
2581 580 2880 639 ecclesiam
2933 595 3051 639 una
3103 581 3444 653 pervadunt,
3491 584 3546 637 et
3595 577 3886 640 Joannem

365 671 688 746 Stephanus
720 669 1009 729 Zachariae
1039 684 1332 728 successor
1376 683 1529 727 anno
1570 667 1675 727 752
1711 667 2077 737 constitutus,

361 760 492 820 licet
547 761 823 835 pauculos
864 759 1053 818 solum
1105 758 1228 816 dies
1273 758 1334 816 in
1389 773 1456 816 ea
1511 757 1792 834 dignitate
1842 757 2078 829 vixerit,

360 851 618 924 pontifex
677 851 970 923 legitimus
1031 848 1224 918 fuerit,
1283 849 1356 906 ob
1427 864 1815 909 successorem
1880 849 2081 907 itidem

366 938 722 1012 Stephanum
777 952 1076 1010 perperam
1126 937 1395 995 omissus.
1455 936 1576 996 Sub
1642 938 1749 996 hoc
1813 937 2081 1011 pontifice

361 1029 426 1087 B.
463 1029 688 1096 Petrus,
721 1029 1035 1084 obedientia:
1067 1033 1335 1099 praecepto
1375 1033 1625 1097 coactus,
1658 1034 1721 1086 ut
1757 1028 1911 1086 infra
1939 1029 2082 1086 Acta

365 1117 600 1188 habent,
644 1115 923 1175 Ostiensis
956 1115 1229 1174 Ecclesia;
1273 1115 1574 1176 ordinatus
1607 1124 1691 1176 est
1725 1117 2027 1192 episcopus
2063 1141 2076 1174 τ

363 1205 530 1278 cujus
583 1205 946 1278 episcopatus
985 1205 1124 1279 quia
1169 1205 1558 1265 cardinalium
1606 1207 1844 1279 decano,
1893 1224 1926 1265 a
1965 1223 2080 1281 quo

365 1312 632 1355 summus
670 1296 931 1369 pontifex
973 1303 1336 1356 consecratur
1383 1297 1563 1356 tribui
1601 1298 1764 1368 solet,
1816 1297 1968 1356 inter
2017 1295 2076 1357 S.

363 1385 433 1443 R.
560 1383 880 1442 cardinales
910 1385 973 1442 B.
1016 1385 1220 1444 Petrus
1249 1386 1424 1445 etiam
1465 1386 1669 1445 merito
1717 1392 2078 1459 numeratur,

357 1472 490 1530 licet
524 1472 698 1546 hujus
729 1472 1025 1544 dignitatis
1061 1475 1277 1532 mentio
1320 1489 1437 1532 non
1491 1476 1592 1532 fiat
1635 1474 1699 1532 in
1747 1477 1870 1549 ejus
1929 1474 2078 1544 Vita,

358 1568 456 1621 aut
488 1569 610 1620 tum
656 1563 979 1621 viventium
1021 1564 1369 1637 pontificum
1417 1563 1714 1637 epistolis;
1766 1579 1955 1638 neque
1989 1581 2081 1623 se-

364 1659 480 1711 met
511 1651 632 1727 ipse
663 1653 725 1711 B.
763 1652 970 1712 Petrus
999 1655 1356 1714 cardinalem
1401 1655 1462 1714 in
1495 1656 1619 1715 suis
1665 1655 2086 1716 lucubrationi-

365 1743 476 1803 bus
505 1743 770 1817 appellet.
805 1743 1009 1804 Exstat
1043 1746 1170 1819 ejus
1214 1747 1380 1821 epist.
1421 1748 1442 1806 1
1481 1747 1581 1806 lib.
1631 1759 1672 1806 II
1710 1751 1782 1806 ad
1841 1752 2081 1807 Venera-

2161 665 2608 728 Veliterrensem
2664 669 3023 744 episcopum,
3079 668 3360 729 Mincium
3419 675 3614 742 postea
3664 685 3885 742 cogno-

2160 757 2467 828 minatum,
2490 768 2707 833 papam
2744 760 3121 827 constituunt,
3153 756 3446 815 Benedicti
3480 757 3570 815 illi
3611 757 3887 833 imposito

2161 847 2417 906 nomine.
2461 846 2623 916 Quod
2648 863 2779 907 cum
2815 846 3018 906 Petrus
3050 845 3387 918 Damianus,
3424 847 3513 904 vir
3544 847 3710 906 valde
3741 847 3885 907 reli-

2161 934 2356 1008 giosus
2388 939 2590 1008 (quem
2633 951 2700 994 eo
2740 942 2993 1008 tempore
3034 933 3365 1008 Stephanus
3404 951 3548 1009 papa
3585 935 3658 994 ab
3687 951 3888 995 eremo

2163 1031 2506 1096 extractum,
2552 1026 2614 1083 in
2666 1024 2912 1084 Ostiensi
2960 1024 3212 1084 Ecclesia
3267 1025 3597 1100 episCOpum
3651 1027 3887 1101 fecerat)

2163 1116 2554 1190 comperisset,
2590 1131 2706 1175 una
2753 1131 2887 1175 cum
2931 1115 3326 1175 cardinalibus
3366 1117 3630 1175 resistere
3675 1133 3741 1176 ac
3787 1133 3888 1177 re-

2166 1205 2415 1264 clamare
2454 1205 2645 1278 coepit,
2679 1212 2852 1280 atque
2889 1206 3390 1265 anathematizare.
3442 1205 3552 1265 Sed
3590 1206 3651 1264 hi
3689 1212 3888 1266 tamen

2167 1309 2368 1354 omnes
2417 1301 2630 1353 terrore
2685 1295 2990 1368 compulsi,
3041 1311 3142 1369 per
3187 1295 3346 1353 varia
3398 1295 3521 1354 loca
3573 1296 3792 1368 fugere.
3858 1319 3882 1347 ι

2170 1383 2405 1458 Scripsit
2445 1383 2508 1442 B.
2544 1384 2747 1444 Petrus
2773 1385 2942 1459 epist.
2976 1385 3030 1454 4,
3064 1385 3166 1442 lib.
3201 1396 3259 1455 V,
3293 1384 3365 1443 de
3411 1383 3549 1442 dicti
3588 1384 3890 1444 Benedicti

2166 1475 2492 1545 schismate,
2551 1475 2659 1534 sub
2708 1475 2813 1532 hac
2857 1475 3230 1550 inscriptione
3274 1499 3287 1532 :
3341 1478 3545 1532 Damno
3600 1479 3670 1534 Η.
3731 1493 3887 1533 reve-

2165 1568 2490 1622 rendissimo
2554 1569 2960 1638 archiepiscopo
3016 1570 3207 1623 Petrus
3268 1573 3517 1638 peccator
3567 1569 3887 1633 monachus,

2169 1658 2363 1713 debita:
2388 1655 2740 1726 subjectionis
2774 1657 3108 1726 obsequium.
3144 1656 3450 1730 Cajetanus
3489 1655 3725 1715 missam
3755 1657 3891 1732 opi-

2169 1755 2344 1806 natur
2370 1749 2601 1804 Henrico
2636 1749 3043 1820 archiepisc0p0
3073 1751 3398 1813 Ravennati,
3432 1753 3488 1805 et
3513 1747 3608 1821 agi
3638 1748 3710 1806 de
3735 1751 3892 1806 schi-

366 1835 498 1890 biles
547 1837 820 1907 episcopos
870 1839 1252 1894 Lateranensis
1303 1840 1557 1895 Ecclesiae
1607 1839 1961 1895 cardinales:
2011 1837 2342 1918 astmate
2383 1837 2612 1895 Cadaloi
2652 1839 2952 1909 antipapac.
2984 1835 3282 1910 Inscripsit
3312 1835 3564 1896 Henrico
3592 1851 3788 1911 opusc.
3824 1849 3893 1896 VI

365 1942 540 2002 quam
585 1933 819 1985 annotat
864 1928 1188 2002 Cajetanus,
1234 1928 1426 2002 colligi
1463 1944 1599 1988 eum
1646 1929 1826 1988 fuisse
1864 1931 2083 2005 episeo-

362 2035 504 2092 pum
555 2018 909 2078 cardinalem
955 2020 1028 2079 ob
1078 2021 1202 2080 haec
1241 2021 1418 2080 verba
1461 2021 1721 2080 inserta:
1763 2046 1791 2073 α
1829 2021 1945 2080 Nos
1977 2023 2084 2081 ita-

372 2123 502 2181 que,
553 2108 753 2166 fratres
802 2109 938 2181 mei,
973 2116 1036 2170 ut
1069 2117 1123 2169 et
1170 2126 1262 2169 me
1306 2110 1473 2170 vobis
1521 2112 1800 2170 audenter
1849 2112 2086 2171 interse-

371 2213 517 2267 ram,
554 2212 681 2270 nos,
717 2198 979 2274 inquam,
1017 2199 1120 2274 qui
1151 2206 1426 2274 tanquam
1456 2208 1673 2275 septem
1703 2216 1907 2262 sumus
1935 2201 2086 2261 oculi

370 2303 540 2360 super
584 2287 836 2358 lapidem
867 2305 1077 2358 unum,
1111 2289 1215 2363 qui
1249 2291 1546 2349 stellarum
1597 2299 1891 2366 portamus
1938 2292 2087 2350 ima-

367 2375 581 2448 ginem,
619 2375 721 2448 qui
771 2378 1114 2450 angelorum
1167 2384 1433 2438 tenemus
1481 2395 1581 2453 per
1621 2379 2087 2440 annuntiationis

374 2465 628 2525 officium
649 2466 1012 2538 dignitatem,
1038 2467 1360 2540 videamus,
1390 2469 1820 2542 splendeamus,
1839 2478 1895 2529 et
1914 2472 2089 2530 verba

371 2555 507 2612 vita:
549 2552 798 2627 p0pulis,
851 2569 969 2612 non
1019 2555 1208 2614 solum
1260 2556 1516 2626 vocibus,
1574 2557 1672 2614 sed
1728 2566 1781 2616 et
1829 2559 2090 2618 moribus

372 2642 728 2702 nuntieinus.
764 2666 791 2692 ι)
829 2641 970 2700 Hanc
1011 2642 1114 2701 ibi.
1147 2643 1401 2702 Clariora
1429 2644 1644 2703 indicia
1673 2663 1748 2704 ex
1781 2647 1906 2719 ejus
1951 2663 2086 2721 ope-

374 2732 536 2793 ribus
574 2747 712 2790 mox
758 2730 1048 2791 dabimus.
1096 2732 1442 2792 Bertholdus
1494 2734 1968 2802 Constantiensis,
2016 2738 2089 2794 ab

375 2824 577 2882 Ottone
609 2823 871 2895 episcopo
903 2823 1170 2894 Ostiensi,
1204 2824 1337 2882 dein
1378 2824 1608 2885 Urbano
1655 2826 1710 2885 II
1741 2844 1903 2902 papa,
1935 2844 2089 2887 anno

376 2912 530 2974 1081.
588 2917 953 2970 consecratus
1026 2912 1343 2986 presbyter,
1407 2915 1652 2988 appellat
1702 2919 1919 2973 Petrum
1976 2922 2090 2973 Da-

374 3003 547 3056 miani
585 3004 696 3073 piae
732 3005 999 3058 memoriae
1040 3005 1374 3059 cardinalem
1410 3006 1716 3076 episcopum
1759 3005 1820 3063 in
1865 3007 2091 3079 Appen-

372 3088 496 3147 dice
551 3089 821 3148 Chronici
889 3089 1212 3150 Hermanni
1272 3093 1578 3162 Contracti,
1631 3093 1701 3150 ad
1765 3110 1858 3152 an.
1934 3093 2085 3163 1100,

2167 1936 2365 1993 contra
2425 1926 2789 1994 simoniacos,
2843 1941 2977 1984 cum
3027 1929 3239 1982 naviter
3292 1928 3651 1984 sacerdotium
3703 1943 3892 1985 susce-

2161 2023 2336 2094 pisset
2389 2031 2545 2074 anno
2600 2015 2754 2075 1051.
2813 2013 2924 2072 Sed
2967 2013 3031 2071 in
3079 2013 3578 2088 Appendice,‘seu
3621 2031 3743 2092 cap.
3791 2016 3890 2088 39,

2167 2107 2318 2166 dolet
2349 2105 2406 2163 id
2442 2122 2475 2163 a
2508 2120 2569 2162 se
2598 2105 2832 2172 factum,
2866 2119 2999 2162 cum
3036 2129 3061 2152 ‹‹
3097 2119 3168 2162 ne
3200 2110 3432 2164 tenuem
3463 2105 3701 2180 quidem
3733 2104 3894 2164 scin-

2166 2197 2352 2256 tillam
2400 2194 2708 2253 solutionis
2747 2193 3058 2268 exculpere
3101 2194 3308 2266 potuit.
3352 2215 3374 2245 ι
3426 2194 3587 2254 Unde
3631 2210 3748 2254 non
3792 2194 3892 2253 vi-

2168 2289 2338 2348 detur
2379 2285 2431 2346 ei
2469 2285 2837 2359 postmodum
2885 2285 3114 2355 favisse,
3165 2294 3267 2344 aut
3305 2286 3618 2347 amicitiam
3661 2302 3899 2346 conser—

2169 2393 2353 2438 vasse.
2387 2377 2461 2435 At
2501 2376 2571 2434 de
2621 2377 2929 2434 schismate
2970 2375 3286 2441 Benedicti,
3335 2393 3455 2437 non
3502 2375 3752 2450 Cadaloi,
3792 2378 3895 2453 agi

2169 2471 2318 2531 clare
2340 2468 2557 2528 indicat
2576 2467 2668 2526 his
2692 2467 2883 2527 verbis
2911 2492 2923 2527 :
2945 2493 2970 2517 α
2989 2468 3120 2527 Huc
3138 2469 3372 2538 accedit,
3400 2478 3464 2528 ut
3479 2469 3617 2544 quia
3633 2469 3742 2544 piae
3762 2485 3896 2528 me-

2169 2561 2370 2620 moria:
2411 2559 2738 2632 Stephanus
2779 2575 2946 2634 papa,
2987 2560 3345 2634 congregatis
3382 2560 3534 2618 intra
3579 2559 3895 2619 Ecclesiam

2169 2649 2468 2726 episcopis,
2497 2649 2838 2722 civibusque
2880 2649 3175 2722 Romanis,
3225 2651 3377 2710 clero
3416 2659 3469 2710 et
3501 2651 3730 2725 populo,
3779 2651 3898 2710 hoc

2170 2741 2278 2800 sub
2300 2741 2543 2798 districti
2564 2739 2948 2798 anathematis
2968 2741 3570 2800 excommunicatione
3590 2747 3893 2812 statuerat,

2171 2837 2255 2900 ut,
2289 2829 2337 2887 si
2371 2844 2508 2887 eum
2537 2829 2607 2886 de
2639 2829 2746 2887 hoc
2776 2827 2994 2886 mundo
3026 2829 3273 2902 migrare
3311 2831 3691 2904 contingeret,
3723 2837 3894 2889 ante-

2170 2933 2345 2992 quam
2391 2915 2798 2975 Hidebrandus
2838 2915 3106 2974 Ecclesia}
3157 2915 3434 2975 Romana:
3473 2918 3892 2988 subdiaconus,

2170 3008 2272 3080 qui
2315 3022 2450 3065 cum
2479 3005 2776 3064 communi
2820 3005 3086 3063 omnium
3133 3005 3374 3063 consilio
3415 3005 3774 3077 mittebatur,
3814 3007 3893 3066 ab

2171 3095 2533 3170 imperatrice
2585 3094 2814 3164 rediret,
2870 3109 3073 3166 papam
3143 3093 3343 3154 nullus
3407 3094 3664 3169 eligeret,
3726 3095 3894 3156 sedes

373 3177 634 3279 deducta.
681 3177 882 3276 .Secuti
927 3187 1126 3238 auctor
1179 3180 1326 3239 Vita:
1371 3180 1432 3240 S.
1481 3181 1724 3240 Joannis
1771 3182 2482 3279 Laudensiscapostolica
2520 3200 2703 3257 usque
2740 3182 2811 3239 ad
2852 3182 3013 3279 illius
3052 3182 3301 3279 reditum
3334 3183 3544 3242 intacta
3583 3192 3829 3244 vacaret.
3861 3209 3890 3237 ι

375 3267 499 3340 ejus
553 3267 844 3341 discipuli,
893 3269 1235 3328 Franciscus
1285 3270 1606 3342 Petrarcha,
1655 3272 1908 3331 Joannes
1955 3267 2322 3334 Tri-“Cum
2363 3289 2498 3348 ergo
2548 3270 2980 3341 Ilidebrandus,
3022 3270 3126 3345 qui
3171 3279 3365 3344 postea
3411 3273 3520 3332 fuit
3567 3289 3710 3346 papa
3746 3273 3895 3333 Gre-

373 3356 691 3425 theminus,
728 3357 1001 3432 Aloysius
1040 3358 1397 3430 Lipomanus
1438 3359 1672 3433 aliique.
1714 3363 1787 3419 At
1829 3363 2086 3421 cardina-

374 3444 447 3503 lis
467 3444 752 3504 Baronius
770 3446 840 3504 ad
858 3462 1042 3504 annos
1075 3446 1228 3516 1057,
1259 3465 1425 3508 num.
1461 3449 1544 3518 19,
1566 3449 1832 3522 pluribus
1850 3453 2090 3525 exponit

374 3533 646 3593 Ecclesiae
673 3535 952 3594 Romana)
985 3537 1229 3594 formam
1258 3535 1418 3596 illius
1444 3539 1735 3612 temporis,
1766 3541 2089 3599 secundum

373 3641 547 3697 quam
564 3626 820 3699 primum
839 3626 1224 3687 cardinalium
1243 3629 1640 3702 episcoporum
1659 3631 1854 3689 statuit
1874 3632 2091 3691 Ostien-

373 3731 541 3773 sem:
591 3723 646 3774 et
697 3718 1061 3790 Augustinus
1115 3719 1428 3778 Fortunius
1469 3719 1528 3778 in
1578 3720 1706 3778 Vita
1735 3738 1768 3779 a
1821 3723 2090 3796 Cajetano

373 3806 523 3864 edita
568 3807 688 3865 ait:
721 3832 742 3859 α
792 3808 1154 3881 Stephanum
1204 3817 1360 3883 pont.
1415 3827 1572 3870 max.
1631 3812 1952 3872 Ostiensem
2002 3816 2090 3873 illi

372 3897 731 3971 copulavisse
790 3900 1125 3972 Ecclesium,
1197 3903 1466 3976 sacrique
1521 3904 1748 3976 collegii
1805 3905 2089 3965 decanum

371 3988 576 4046 fecisse
616 4006 772 4048 anno
805 3991 942 4049 1058
981 3992 1150 4050 initio
1189 3991 1676 4067 Quadragesimaz,
1710 4012 1907 4055 mense
1937 3996 2091 4056 Mar-

380 4077 476 4146 tio,
531 4079 777 4137 Sabbato
822 4087 1067 4156 quatuor
1105 4087 1450 4154 temporum.
1488 4102 1516 4136 »
1559 4083 1862 4146 Ciaconius
1897 4103 1964 4146 eo
1997 4087 2091 4145 die

373 4167 577 4224 asserit
635 4167 881 4240 primam
936 4169 1320 4228 cardinalium
1377 4172 1724 4230 creationem
1781 4175 2091 4248 contigisse

377 4255 485 4313 sub
527 4254 838 4328 Stephano,
883 4262 938 4314 et
975 4274 1109 4316 cum
1156 4258 1222 4317 B.
1271 4261 1437 4320 Petro
1475 4261 1756 4321 Damiano
1797 4280 1900 4322 sex
1945 4265 2091 4323 alios

373 4345 552 4403 factos
595 4343 934 4403 cardinales.
981 4345 1049 4403 In
1078 4363 1254 4420 supra
1285 4357 1598 4410 memorato
1638 4351 1808 4409 Brevi
1841 4351 2004 4410 Pauli
2040 4349 2088 4409 V

374 4433 445 4492 ad
475 4433 812 4503 Cajetanum
848 4437 906 4492 S.
940 4439 1006 4492 Β.
1054 4440 1121 4493 Ε.
1155 4440 1461 4496 cardinalis
1505 4444 1789 4513 episcopus
1826 4442 2088 4498 Ostiensis

368 4523 713 4598 appellatur.
751 4550 776 4572 «
823 4523 1148 4598 Stephanus
1191 4551 1216 4578 υ
1248 4545 1382 4603 ergo
1426 4553 1448 4582 ι
1483 4529 1653 4603 Papa,
1692 4553 1712 4582 ι
1759 4537 1823 4590 ut
1859 4531 1917 4588 in
1960 4531 2088 4605 ejus

377 4609 503 4670 Vita
554 4613 827 4672 Conciliis
877 4615 1028 4674 edita
1059 4616 1293 4692 legitur,
1327 4643 1347 4670 ε
1383 4619 1593 4678 habitis
1644 4622 1704 4678 in
1764 4621 1906 4679 urbe
1953 4621 2083 4695 plu-

371 4702 533 4761 rimis
579 4705 840 4763 consiliis
896 4714 1093 4765 contra
1144 4709 1620 4784 concubinatum,
1665 4711 1896 4786 aliaque
1950 4714 2087 4787 plu-

371 4790 518 4850 rima
549 4792 686 4850 vitia
723 4792 884 4864 cleri,
923 4810 1110 4854 mores
1141 4796 1414 4856 Ecclesia:
1443 4799 1798 4858 reformavit.
1849 4799 2086 4858 Petrum

372 4879 637 4940 Damiani
693 4883 766 4941 ab
834 4898 1025 4942 eremo
1080 4885 1429 4946 abstractum
1488 4889 1705 4948 creavit
1756 4890 2085 4964 episcopum

372 4968 722 5028 cardinalem
751 4969 1168 5032 Ostiensem...
1194 4974 1282 5032 Ad
1312 4975 1687 5038 invisendum
1716 4978 1775 5038 S.
1805 4979 2090 5037 Joannem

375 5055 758 5118 Gualbertum
805 5061 959 5120 fama
1003 5063 1318 5122 sanctitatis
1363 5065 1803 5126 celeberrimum
1853 5069 2088 5127 Floren-

379 5143 518 5201 tiam
563 5150 872 5218 profectus,
904 5151 1108 5211 incidit
1148 5153 1211 5211 in
1239 5154 1528 5226 morbum,
1556 5165 1612 5215 et
1645 5158 1844 5232 paucis
1886 5157 2092 5216 diebus

379 5240 682 5381 pgsgquam
726 5246 1070 5314 cegrotasset,
1101 5241 1240 5302 obiit
1280 5243 1313 5302 4
1356 5243 1646 5307 Kalendas
1676 5247 1892 5323 Aprilis
1936 5262 2092 5306 anno

453 5343 482 5379 ο
527 5367 540 5380 .
576 5349 601 5371 υ

453 5343 540 5380 Οὔ.
576 5349 601 5371 ’³

451 5409 536 5468 2G.
570 5411 733 5480 Quod
759 5429 897 5474 mox
926 5417 1190 5480 obortum
1218 5428 1302 5480 est
1325 5423 1596 5496 schisma,
1623 5426 1703 5485 ita
1728 5426 1843 5485 Leo
1863 5425 2091 5486 Ostien-

378 5499 458 5560 sis
512 5502 549 5559 1.
604 5516 666 5576 II,
709 5521 830 5580 cap.
890 5507 1006 5573 102,
1060 5511 1378 5571 describit:
1444 5538 1465 5566 α
1521 5516 1745 5576 Interea
1785 5515 2092 5591 Gregorius

381 5591 783 5655 Lateranensis
810 5605 864 5656 et
904 5597 1353 5660 Tusculanensis
1395 5619 1606 5677 comes,
1639 5615 1927 5682 comperto
1974 5607 2090 5666 Ro-

376 5683 536 5745 mani
583 5688 871 5759 pontiﬁcis
899 5690 1082 5764 obitu,
1114 5693 1330 5754 sociato
1355 5693 1468 5754 sibi
1499 5695 1740 5756 Girardo
1785 5697 2094 5760 Galerense

2172 3363 2368 3435 gorius
2406 3363 2532 3432 VII,
2575 3377 2650 3419 ex
2692 3360 3000 3418 Germania
3039 3375 3100 3417 se
3139 3361 3446 3430 retulisset,
3483 3361 3662 3420 Senas
3705 3363 3776 3420 ad
3829 3379 3895 3421 se

2173 3451 2512 3520 cardinales,
2545 3455 2600 3507 et
2642 3447 2865 3506 nobiles
2912 3448 3205 3508 Romanos
3247 3451 3602 3521 convocavit,
3640 3466 3898 3524 quorum

2173 3541 2467 3615 suffragiis
2505 3541 2797 3600 Gerardus
2837 3539 3137 3614 episcopus
3177 3540 3551 3600 Florentinus
3590 3541 3896 3600 renuntia-

2172 3640 2268 3693 tus
2295 3640 2378 3692 est
2405 3632 2664 3705 pontifex
2698 3630 3019 3703 Romanus,
3050 3645 3116 3688 ac
3147 3631 3418 3690 Nicolaus
3456 3629 3510 3688 II
3542 3629 3891 3703 appellatus.

2172 3724 2321 3782 Cum
2367 3721 2603 3780 interim
2647 3720 2992 3779 Benedictus
3039 3727 3370 3791 occupatam
3425 3717 3616 3777 sedem
3671 3717 3896 3777 Roma-

2171 3829 2305 3872 nam
2353 3812 2548 3889 adhuc
2591 3812 2650 3868 vi
2700 3809 3001 3879 detineret,
3055 3810 3266 3868 dictam
3310 3809 3611 3884 epistolam
3658 3810 3897 3883 scripsit

2174 3901 2396 3972 Petrus,
2427 3901 2490 3958 in
2535 3915 2649 3974 qua
2697 3898 3119 3957 cardinalitiam
3163 3914 3328 3958 suam
3366 3897 3702 3972 dignitatem
3737 3898 3896 3957 clare

2169 3989 2424 4048 indicat:
2475 4011 2496 4039 ι
2534 3986 2688 4045 Illud
2731 3995 2946 4056 autem,
2986 3987 3199 4061 inquit,
3234 3988 3390 4060 quod
3442 3987 3504 4045 in
3553 3986 3705 4046 calce
3746 3987 3894 4046 sub-

2164 4078 2382 4152 jecistis
2424 4077 2703 4150 epistolae,
2749 4085 2814 4134 ut
2863 4075 3028 4134 vobis
3075 4077 3408 4146 scriberem,
3455 4077 3593 4151 quid
3629 4077 3775 4136 mihi
3816 4077 3896 4136 de

2171 4183 2257 4238 eo,
2289 4166 2390 4240 qui
2417 4167 2479 4223 in
2520 4165 2829 4238 apostolica
2868 4164 3001 4224 sede
3047 4180 3207 4222 nunc
3239 4166 3523 4238 praesidet,
3557 4166 3647 4224 vel
3677 4181 3746 4224 eo
3784 4166 3894 4240 qui

2169 4253 2429 4326 ejusdem
2460 4252 2612 4311 sedis
2650 4253 2865 4312 electus
2903 4259 3006 4322 est,
3047 4253 3362 4324 videretur,
3404 4269 3741 4328 quanquam
3789 4269 3897 4328 per

2171 4342 2490 4401 nonnullos
2534 4342 2805 4402 Ecclesiae
2836 4347 3044 4399 vestrae
3082 4341 3234 4400 filios
3271 4342 3390 4415 jam
3423 4342 3751 4416 potuissetis
3780 4357 3896 4402 au-

2170 4431 2313 4504 dire,
2369 4447 2501 4506 quae
2550 4431 2626 4488 sit
2678 4438 2872 4488 nostra
2921 4444 3094 4503 super
3138 4429 3386 4488 duorum
3442 4429 3750 4489 hominum
3799 4431 3892 4490 di-

2171 4521 2441 4580 versitate
2494 4519 2823 4591 sententia;
2875 4526 3089 4590 tamen,
3142 4519 3281 4593 quia
3339 4520 3668 4594 praecipitis,
3715 4521 3894 4580 etiam

2174 4610 2436 4686 apicibus
2465 4616 2832 4668 annotamus.
2868 4608 2972 4666 Ille
3010 4607 3290 4666 nimirum
3322 4608 3539 4680 absque
3565 4609 3686 4668 ulla
3709 4625 3894 4670 excu-

2175 4702 2395 4760 satione
2426 4701 2778 4758 simoniacus
2808 4706 2913 4768 est,
2956 4699 3095 4772 quia
3126 4697 3293 4756 nobis
3321 4700 3592 4760 omnibus
3635 4700 3900 4775 ejusdem

2176 4789 2340 4850 urbis
2366 4787 2763 4848 cardinalibus
2793 4787 3075 4861 episcopis
3107 4787 3578 4862 reclamantibus,
3608 4791 3898 4849 obsisten-

2178 4879 2351 4950 tibus,
2403 4885 2458 4936 et
2518 4876 2853 4936 terribiliter
2906 4876 3546 4950 anathematizantibus,
3607 4885 3898 4938 nocturno

2177 4976 2448 5042 tempore,
2481 4983 2616 5026 cum
2646 4973 2999 5044 armatorum
3028 4968 3212 5026 turbis
3243 4969 3504 5044 undique
3529 4969 3899 5029 tumultuan-

2179 5060 2349 5128 tibus,
2386 5065 2442 5116 et
2485 5057 2834 5126 furentibus,
2871 5054 3294 5116 inthronizatus
3342 5065 3446 5117 est.
3493 5079 3520 5112 »
3553 5060 3715 5131 Quae,
3759 5057 3899 5118 reli-

2175 5149 2308 5221 quis
2359 5147 2610 5219 omissis,
2666 5144 2924 5204 indicant
2972 5145 3045 5206 de
3095 5153 3229 5206 ante
3281 5146 3530 5206 indicato
3586 5147 3900 5207 schismate

2174 5255 2289 5314 agi.

2246 5335 2335 5393 27.
2387 5334 2533 5392 Cum
2583 5332 2929 5394 Benedictus
2985 5333 3347 5408 pseudopapa
3392 5337 3448 5390 et
3492 5336 3902 5397 schismaticus

2175 5431 2234 5487 in
2283 5426 2530 5486 concilio
2562 5425 2799 5486 Sutrino
2843 5426 3274 5494 condemnatus,
3317 5426 3595 5501 omnique
3630 5429 3901 5488 sacerdo-

2176 5514 2278 5575 tali
2316 5514 2501 5574 olIicio
2533 5514 2792 5589 privatus
2823 5522 2990 5585 esset,
3021 5521 3076 5572 et
3114 5511 3386 5572 Nicolaus
3417 5531 3452 5574 a
3497 5516 3671 5586 clero,
3707 5532 3898 5592 popu-

2175 5606 2346 5681 loque
2392 5605 2653 5665 Romano
2687 5605 2862 5678 digno
2908 5603 3125 5663 honore
3173 5609 3497 5678 susceptus,
3527 5613 3582 5663 et
3629 5605 3901 5682 pontifex

2175 5695 2422 5760 solemni
2453 5695 2819 5758 coronatione
2863 5709 3061 5756 mense
3107 5694 3240 5756 Jan.
3280 5693 3424 5754 anni
3456 5694 3592 5756 1059
3637 5696 3902 5770 inaugu-
