4106 6204
223 326 324 384 105

712 325 1292 387 PROLEGOMENA.
1331 356 1401 372 —-
1438 326 1534 386 DE
1576 325 1637 385 S.
1678 321 1927 384 PETHO
1962 319 2308 382 DAMIANO
2346 321 2815 389 HENSCHENII
2851 330 3231 394 COMMENT.

3632 338 3736 401 106

216 454 411 516 ratus;
468 462 609 506 mox
661 448 866 508 eodem
915 466 1014 509 an.
1071 450 1336 510 habitum
1385 452 1587 511 Roma
1619 447 2155 510 conciliumArum
2192 445 2374 519 igitur
2401 447 2769 526 aliorumque
2801 446 3038 514 Patrum
3068 458 3404 517 auctoritate
3433 459 3731 535 suffultus,

217 543 457 595 centum
494 544 552 594 et
588 538 864 597 tredecim
922 539 1345 613 episcoporum,
1386 540 1449 599 in
1498 556 1613 615 quo
1649 539 1938 611 Berenga-

220 626 342 685 rius
378 627 652 686 haresim
690 629 1000 703 abjuravit,
1029 630 1360 690 constitutio
1400 632 1472 690 de
1510 630 1785 689 electione
1823 630 1940 688 Ro-

222 716 710 796 manipontiﬁcis
748 718 921 791 edita,
964 726 1021 777 et
1066 719 1362 778 decretum
1414 726 1609 778 contra
1661 719 1940 778 simonia-

222 820 317 863 cos
363 805 604 877 factum,
653 806 825 880 cujus
871 807 1140 866 meminit
1188 806 1252 865 B.
1306 807 1508 866 Petrus
1545 823 1743 882 Opusc.
1780 819 1937 879 xxx,

220 908 342 967 cap.
396 893 443 951 'l.
494 893 605 963 Qui
659 895 791 953 dein
844 896 914 953 ad
954 895 1432 967 Mediolanenses,
1461 913 1496 955 a
1524 896 1757 955 Nicolao
1794 911 1940 970 papa

200 976 463 1055 missus,
482 985 802 1044 Ecelesiam
831 986 999 1045 illam
1021 1003 1055 1045 a
1088 985 1216 1045 labe
1242 986 1462 1060 duplici
1489 985 1775 1053 liberavit,
1806 1003 1941 1061 qua

222 1073 281 1131 in
308 1072 446 1132 Vita
478 1089 529 1132 c.
564 1075 597 1131 7
617 1076 971 1147 referuntur,
992 1091 1244 1150 quorum
1270 1075 1941 1137 memineruntAlexan—

216 1162 309 1220 dri
355 1162 437 1232 II,
469 1163 575 1238 qui
626 1164 861 1224 Nicolao
901 1169 1268 1235 successerat,
1317 1163 1489 1240 legati
1535 1165 1938 1224 in‘constitu-

217 1252 480 1312 tionibus
541 1268 637 1312 an.
710 1253 848 1314 1067
911 1254 1064 1313 clero
1124 1254 1453 1328 populoque
1520 1253 1941 1314 Mediolanensi

217 1342 594 1416 prascriptis,
628 1343 731 1402 ubi
767 1345 895 1402 hac
928 1344 1243 1418 prudenter
1278 1346 1494 1404 inserta
1522 1350 1659 1403 sunt
1687 1368 1699 1402 :
1737 1364 1767 1398 ς(
1792 1343 1940 1413 Quia

215 1431 416 1505 itaque
462 1447 568 1505 per
614 1433 964 1492 confratrem
1018 1441 1281 1493 nostrum
1337 1434 1644 1493 dominum
1702 1434 1938 1493 Petrum

216 1518 545 1578 Ostiensem
578 1521 939 1597 episcopum,
982 1524 1315 1582 reverenda
1352 1521 1669 1582 sanctitatis
1715 1524 1933 1594 virum,

214 1609 490 1682 quaedam
539 1618 677 1669 sunt
722 1610 866 1669 olim
903 1612 963 1670 in
1004 1612 1113 1670 hac
1160 1611 1305 1672 urbe
1341 1620 1612 1684 correcta,
1642 1628 1759 1671 non
1793 1628 1938 1687 opus

216 1703 302 1754 est
365 1714 456 1771 ea,
506 1697 599 1756 vel
653 1699 975 1770 praeteritas
1023 1699 1155 1758 lites
1208 1699 1483 1759 omnibus
1535 1708 1720 1774 notas,
1762 1702 1935 1776 repli-

2025 534 2377 608 episcopatui
2430 536 2626 607 simul,
2657 547 2712 597 et
2765 545 3130 603 monasteriis
3174 545 3235 604 in
3279 549 3492 606 sanctis
3540 534 3732 610 mani-4

2025 622 2136 681 bus
2196 623 2401 681 vestris
2462 625 2951 690 irretractabiliter
3020 634 3385 702 abrenuntio,
3443 653 3733 714 omneque

2019 711 2118 785 jus
2145 729 2177 770 a
2207 729 2299 771 me
2322 715 2626 774 movenda
2661 717 2722 774 in
2752 727 3043 791 posterum
3082 725 3423 796 quastionis
3462 743 3531 786 ac
3568 711 3731 804 repe-

2028 800 2246 860 titionis
2293 801 2587 863 abscindo.
2644 805 2715 862 Et
2768 810 2904 880 quia
2948 825 3052 883 pro
3108 812 3435 873 innumeris
3487 800 3733 890 peccatis

2024 891 2170 948 meis
2195 905 2313 948 non
2343 906 2474 950 sum
2503 892 2716 965 dignus
2761 894 2823 952 in
2858 898 3241 957 ecclesiastica
3281 901 3560 975 dignitate
3607 921 3733 980 per-

2024 979 2245 1048 sistere,
2302 979 2397 1038 det
2450 980 2597 1039 mihi
2650 980 2851 1041 divina
2904 985 3298 1047 misericordia
3352 1005 3457 1064 per
3506 1003 3732 1054 sanctas

2023 1069 2309 1127 orationes
2359 1078 2596 1141 vestras,
2652 1073 3003 1132 venerabilis
3053 1075 3240 1147 Pater,
3300 1092 3367 1137 eo
3419 1079 3543 1153 ipso
3595 1082 3733 1141 vita

2025 1158 2179 1233 quod
2230 1165 2421 1231 restat,
2456 1160 2515 1218 in
2572 1160 2733 1220 luctu
2788 1169 2846 1221 et
2900 1164 3241 1237 panitentia
3294 1183 3726 1240 permanere....

2024 1246 2398 1320 Omnipotens
2439 1249 2615 1318 Deus,
2660 1250 2761 1323 qui
2807 1251 3383 1327 incomprehensibili
3429 1257 3731 1333 dispensa-

2025 1338 2195 1397 tionis
2248 1355 2371 1398 sua
2420 1340 2682 1413 consilio,
2712 1349 2767 1400 et
2814 1358 2908 1401 me
2961 1345 3034 1402 ab
3080 1344 3377 1405 obtinendi
3431 1349 3732 1424 regiminis

2021 1427 2336 1487 ambitione
2393 1428 2615 1502 dejecit,
2662 1438 2719 1488 et
2766 1446 2870 1490 vos
2916 1432 2986 1489 ad
3043 1433 3411 1495 ecclesiastici
3457 1440 3735 1500 culminis

2022 1532 2253 1576 summa
2297 1518 2588 1591 provexit,
2619 1527 2816 1578 sancto
2857 1520 3015 1579 cordi
3057 1529 3267 1595 vestro,
3295 1526 3463 1599 cujus
3511 1514 3609 1587 est.
3637 1530 3732 1588 in-

2023 1606 2327 1678 habitator,
2382 1608 2627 1681 inspiret
2697 1609 2833 1667 talia
2900 1610 3048 1668 mihi
3101 1628 3203 1685 per
3259 1630 3446 1674 sacras
3518 1616 3736 1680 litteras

2022 1695 2296 1753 mandata
2348 1695 2600 1768 dirigere
2640 1712 2774 1770 qua
2816 1698 2963 1757 meis
3007 1699 3156 1762 votis
3195 1703 3462 1779 meisque
3505 1707 3738 1767 valeant

218 1800 366 1844 care.
414 1810 443 1837 n
477 1785 620 1856 Qua
665 1787 874 1860 legitur
921 1787 1022 1847 lib.
1078 1801 1180 1860 v11,
1229 1790 1396 1863 epist.
1437 1791 1492 1862 9,
1540 1806 1670 1849 eam
1713 1782 2326 1866 mripsitheSidel‘iiS
2353 1785 2718 1843 CODCOPdaPe-
2755 1807 2778 1837 ι

219 1874 284 1932 Β.
330 1874 536 1934 Petrus
574 1877 815 1935 nomine
854 1876 1075 1936 Nicolai
1109 1893 1277 1952 papa
1310 1878 1383 1936 ad
1420 1880 1657 1938 Annam
1695 1881 1939 1945 Jaroslai

219 1963 555 2023 Bassorum
594 1966 745 2038 regis
786 1966 990 2039 ﬁliam,
1031 1967 1290 2041 reginam
1329 1967 1537 2027 Gallia
1568 1975 1739 2044 atque
1776 1972 1938 2033 Hen-

216 2052 323 2111 rici
378 2055 558 2126 primi
604 2071 874 2127 uxorem,
906 2058 1075 2130 cujus
1130 2056 1399 2130 pietatem
1448 2064 1504 2116 et
1557 2058 1622 2117 in
1660 2075 1943 2135 pauperes

218 2142 666 2203 beneﬁcentiam
702 2145 903 2205 laudat
939 2162 1005 2205 ac
1043 2148 1264 2218 suadet,
1294 2156 1360 2207 ut
1397 2149 1594 2208 virum
1640 2167 1814 2210 suum
1849 2170 1941 2212 re-

219 2248 356 2307 gem
394 2234 474 2293 ad
506 2236 932 2311 rempublicam
965 2238 1123 2311 juste
1160 2238 1700 2315 administrandam,
1742 2243 1941 2303 Eccle-

219 2324 373 2380 siam
400 2324 837 2398 protegendam,
869 2326 1098 2401 aliaque
1125 2327 1350 2400 pietatis
1379 2344 1553 2402 opera
1578 2330 1939 2392 inﬂammet:

221 2411 377 2470 ﬁlios
413 2428 647 2487 quoque
685 2430 841 2486 suos,
871 2415 1086 2489 quibus
1117 2415 1243 2490 ipsa
1278 2417 1503 2476 imbuta
1541 2426 1627 2478 est
1660 2420 1942 2494 moribus,

220 2500 512 2560 instituat.
544 2501 813 2562 Mortuus
863 2510 949 2563 est
1002 2503 1291 2564 Henricus
1341 2521 1446 2564 rex
1503 2522 1599 2565 an.
1653 2506 1810 2579 1060,
1849 2510 1944 2568 cui

222 2589 538 2664 Philippus
580 2592 806 2666 primus
854 2594 1044 2652 adhuc
1090 2610 1237 2667 puer
1281 2595 1571 2655 successit.
1602 2594 1765 2665 Quod
1802 2595 1945 2655 olim

220 2679 380 2739 idem
421 2681 685 2754 pontifex
723 2689 953 2741 curarat
1007 2680 1349 2740 readiﬁcari
1383 2683 1552 2757 juxta
1589 2683 1945 2743 Florentiam

221 2768 646 2826 monasterium
708 2766 767 2827 S.
824 2767 1159 2839 Felicitatis,
1213 2770 1467 2829 munivit
1520 2770 1825 2846 privilegio
1882 2785 1946 2832 Iv

221 2856 367 2915 Idus
398 2856 558 2930 Jan.,
586 2858 903 2917 indictione
947 2858 1034 2932 13,
1065 2858 1375 2918 Florentia
1406 2860 1558 2933 dato,
1592 2861 1651 2919 id
1678 2869 1764 2920 est
1791 2877 1947 2922 anno

229 2945 394 3017 1060,
422 2947 527 3020 qui
560 2955 751 3005 tamen
781 2947 985 3006 Roma
1008 2949 1423 3008 numerabatur
1443 2948 1516 3008 ab
1536 2951 1950 3010 Annuntiatio-

226 3037 323 3094 nis
365 3036 527 3106 festo,
558 3043 613 3094 et
648 3037 989 3097 inscribitur
1026 3036 1084 3096 in
1127 3038 1278 3097 dicto
1314 3039 1620 3113 privilegio
1656 3056 1749 3098 an.
1787 3040 1945 3113 1059,

2099 1871 2189 1931 29.
2223 1872 2361 1931 Hac
2403 1874 2519 1947 egit
2553 1873 2617 1931 B.
2665 1874 2867 1935 Petrus
2901 1892 3003 1950 pro
3048 1877 3408 1940 abdicatione
3441 1885 3738 1961 episcopa-

2028 1967 2140 2033 tus,
2188 1977 2293 2020 nec
2349 1970 2539 2022 tamen
2592 1966 2709 2023 voti
2756 1967 2847 2024 sui
2891 1981 3123 2042 compos
3168 1970 3352 2030 factus
3404 1982 3510 2046 est,
3543 1977 3738 2037 forsan

2026 2050 2101 2108 ob
2159 2049 2381 2110 Nicolai
2426 2054 2716 2125 pontiﬁcis
2772 2062 3038 2115 mortem.
3084 2057 3240 2116 Obiit
3288 2060 3341 2119 is
3391 2063 3501 2122 sub
3557 2067 3739 2126 linem

2026 2138 2174 2197 Julii
2226 2156 2325 2230 an.
2384 2141 2541 2212 1061,
2594 2143 2692 2201 cui
2748 2152 2874 2218 post
2927 2146 3075 2205 duos
3136 2163 3366 2210 menses
3419 2152 3739 2230 interregni

2028 2229 2300 2285 successit
2350 2230 2667 2287 Anselmus
2711 2234 3013 2306 episcopus
3061 2235 3365 2309 Lucensis,
3395 2255 3429 2296 a
3470 2229 3739 2303 cardina-

2028 2312 2187 2373 libus
2222 2314 2376 2374 circa
2421 2315 2550 2374 Kal.
2584 2317 2702 2376 Oct.
2738 2317 2995 2392 legitime
3040 2320 3274 2396 electus,
3308 2332 3364 2383 et
3404 2327 3740 2392 Alexander

2028 2403 2083 2461 II
2119 2404 2456 2479 appellatus.
2498 2405 2709 2465 Fuerat
2740 2407 2791 2466 is
2828 2424 3020 2468 comes
3060 2410 3125 2470 B.
3161 2412 3318 2472 Petri
3357 2415 3624 2477 Damiani
3676 2423 3741 2481 in

2029 2494 2242 2552 celebri
2295 2496 2368 2554 ad
2409 2496 2871 2557 Mediolanenses
2914 2501 3214 2573 legatione,
3244 2519 3496 2580 eumque
3541 2524 3739 2583 opusc.

2030 2583 2185 2656 quod
2234 2586 2410 2641 Actus
2451 2587 2757 2643 Mediolani
2790 2587 3139 2661 indigitavit,
3167 2595 3469 2664 prudentia
3501 2613 3564 2653 ac
3609 2616 3743 2656 san-

2031 2679 2220 2732 ctitate
2257 2678 2605 2749 conspicuum
2646 2677 2829 2735 fuisse
2872 2683 3125 2739 testatur.
3155 2682 3365 2742 Contra
3406 2686 3565 2745 hunc
3604 2703 3746 2762 pou-

2032 2766 2268 2837 tiﬁcem,
2316 2783 2468 2826 novo
2515 2768 2823 2827 schismate
2867 2771 3139 2842 conﬂato,
3198 2773 3484 2836 Cadalous
3523 2778 3744 2853 episco-

2031 2870 2140 2929 pus
2209 2855 2538 2916 Parmensis
2596 2857 2665 2915 28
2718 2857 2915 2918 Octob.
2972 2862 3334 2939 pseudopapa
3400 2869 3746 2929 constitutus

2032 2954 2137 3013 est,
2163 2957 2460 3021 assumpto
2487 2948 2733 3007 Honorii
2757 2950 2812 3008 ΙΙ
2838 2952 3078 3011 nomine
3101 2970 3310 3028 :quem
3329 2957 3486 3017 binis
3511 2960 3584 3018 ad
3609 2976 3747 3021 eum

2032 3035 2260 3110 scriptis
2295 3036 2502 3095 litteris
2550 3036 2617 3096 B.
2649 3037 2855 3098 Petrus
2894 3042 3140 3114 monuit,
3173 3044 3404 3105 sceleris
3446 3049 3747 3121 magnitu-

221 3126 318 3183 cui
377 3141 511 3184 cum
569 3125 702 3184 aliis
758 3132 1008 3200 quatuor
1061 3127 1343 3201 episcopis
1396 3128 1708 3188 subscribit
1754 3134 1948 3187 Petrus
1970 3124 2171 3225 adine
2208 3133 2343 3223 ante
2379 3128 2578 3225 oculos
2606 3129 2916 3225 proposita,
2949 3136 3005 3189 et
3031 3132 3158 3225 nisi
3176 3134 3492 3209 resipiscat,
3527 3137 3750 3199 divina

219 3221 483 3287 peccator
510 3219 825 3284 monachus,
853 3216 903 3276 is
928 3223 1029 3288 est,
1058 3218 1129 3276 de
1159 3232 1275 3291 quo
1300 3218 1549 3292 agimus,
1578 3218 1919 3281 Damianus.

228 3434 485 3490 Schisma
539 3436 770 3492 Cadaloi
814 3343 1182 3507 pseudopiza
1232 3452 1333 3507 per
1380 3439 1445 3492 B.
1484 3439 1705 3494 Petrum
1748 3443 1951 3495 restin-

302 3513 453 3562 ctum
487 3527 505 3561 :
536 3508 655 3577 ejus
691 3508 766 3561 ad
794 3523 1027 3563 eremum
1059 3510 1247 3564 Fontis
1294 3509 1555 3565 Avellam'
1598 3511 1828 3568 reditus.
1858 3514 1954 3567 Le-

297 3581 458 3651 gatio
513 3580 587 3633 ad
641 3580 1039 3643 Cluniacenses,
1098 3580 1531 3651 archiepiscopus
1617 3582 1830 3648 Gallia,
1901 3587 1954 3638 et

298 3650 601 3705 Henricum
630 3666 809 3718 regem
837 3651 936 3706 sub
961 3650 1285 3706 Alexandro
1311 3653 1367 3706 II
1383 3669 1557 3723 papa.

300 3756 394 3814 28.
427 3757 598 3826 tium,
641 3755 874 3814 Nicolao
906 3754 960 3814 II
991 3754 1149 3814 orbis
1187 3757 1490 3815 christiani
1529 3756 1785 3817 habenas
1822 3774 1949 3818 mo-

226 3847 494 3917 derante,
524 3846 782 3906 Ecclesia
814 3846 920 3906 Dei
958 3846 1162 3921 majori
1214 3848 1632 3923 tranquillitate
1673 3858 1730 3909 et
1769 3850 1953 3909 felici-

231 3946 346 3995 tate
415 3938 531 3996 irui
611 3939 894 4013 capisset,
965 3938 1154 3998 eidem
1225 3941 1550 4014 gratulatur
1610 3941 1677 4000 B.
1751 3942 1955 4002 Petrus

2036 3214 2295 3283 ultionisj
2316 3216 2710 3290 propinquum
2760 3217 2989 3277 fulmen
3015 3220 3340 3282 minitatur.
3374 3225 3524 3286 Sunt
3547 3244 3632 3288 ea
3653 3246 3745 3305 ep.

2032 3305 2105 3365 20
2133 3312 2188 3365 et
2214 3306 2280 3365 21
2313 3306 2353 3364 l.
2382 3307 2576 3380 primi.
2623 3307 2915 3378 Quoniam
2946 3326 3082 3370 vero
3109 3326 3470 3389 cognoverat,
3511 3336 3747 3381 causam

2033 3394 2267 3454 Cadaloi
2309 3394 2382 3454 ab
2427 3395 2661 3455 asseclis
2715 3396 2955 3457 Henrici
3012 3401 3163 3472 regis
3219 3402 3566 3480 Germania,
3622 3416 3749 3469 tum

2033 3484 2225 3543 adhuc
2273 3483 2673 3558 adolescentis,
2692 3493 2761 3559 ,et
2806 3488 3057 3547 necdum
3107 3488 3171 3548 in
3204 3491 3610 3567 imperatorem
3653 3514 3749 3556 as-

2035 3572 2273 3646 sumpti,
2321 3573 2499 3646 impie
2528 3572 2782 3643 defendi,
2816 3575 2980 3648 epist.
3014 3575 3069 3646 3,
3101 3576 3140 3635 l.
3175 3590 3279 3651 vn,
3308 3583 3433 3655 ejus
3481 3583 3748 3643 animum

2034 3660 2384 3747 quibusdam
2413 3661 2582 3734 quasi
2606 3660 2858 3721 stimulis
2886 3662 3188 3738 impellere
3212 3677 3456 3729 conatur
3483 3673 3554 3730 ad
3579 3689 3748 3747 opem

2034 3750 2307 3831 Ecclesia
2345 3746 2664 3822 ferendam,
2709 3765 2846 3825 erga
2899 3767 3076 3825 quam
3117 3756 3376 3816 eximius
3420 3759 3548 3833 ejus
3592 3746 3752 3820 zelus

2035 3858 2101 3902 ac
2129 3843 2392 3902 studium
2433 3842 2657 3901 elucet:
2693 3842 2851 3917 quod
2876 3844 3078 3917 paucis
3104 3846 3264 3906 hisce
3297 3850 3491 3909 verbis
3516 3868 3589 3909 ex
3624 3852 3748 3926 epi-
3798 3908 3805 3920 ,

2033 3932 2165 4007 logo
2213 3932 2496 4006 decerptis
2548 3931 2789 3992 ostendo
2843 3952 2856 3991 ε
2918 3957 2940 3986 ι
2986 3933 3031 3993 Ο
3082 3935 3332 4008 utinam,
3383 3938 3599 4013 inquit,
3645 3956 3751 4013 ego

228 4029 400 4101 epist.
437 4028 490 4100 7,
522 4027 622 4086 lib.
654 4042 693 4098 ι,
726 4037 898 4103 atque
934 4043 1052 4087 una
1087 4045 1191 4102 pro
1219 4030 1625 4104 Anconitanis,
1659 4032 1761 4105 qui
1799 4048 1832 4091 a
1859 4049 1954 4091 ca-
2035 4030 2170 4081 ante
2225 4023 2481 4082 tribunal
2534 4028 2707 4082 tuum
2761 4022 3063 4098 adjudicer
3113 4040 3248 4084 reus
3307 4027 3747 4100 perduellionis,

231 4116 451 4175 tholica
474 4118 888 4177 communione
911 4120 1191 4179 summoti
1215 4120 1470 4192 fuerant,
1486 4127 1716 4190 orat,ut
1741 4122 1804 4180 in
1834 4121 1956 4181 feli-
2037 4112 2177 4171 dum
2210 4118 2273 4172 ῐιι
2304 4119 2495 4171 tamen
2521 4112 2586 4171 in
2612 4113 2972 4172 adversarios
3005 4115 3332 4189 θροειοιίοεθ
3365 4117 3519 4177 881118
3556 4118 3750 4178 Vindi-

227 4222 328 4265 ces
388 4207 659 4266 homines
704 4224 736 4265 a
789 4208 994 4266 mortis
1036 4214 1273 4266 aterna
1311 4208 1568 4282 periculo
1610 4208 1951 4283 eripiantur.
2036 4217 2132 4261 ces
2178 4200 2395 4261 arbiter
2449 4201 2778 4277 aquitatis!
2827 4201 2897 4261 In
2961 4203 3205 4263 cervicis
3272 4222 3418 4265 mea
3476 4209 3755 4282 jugulum

233 4297 441 4355 Eidem
474 4297 710 4357 Nicolao
735 4298 992 4372 pontiﬁci
1021 4298 1315 4373 inscripsit
1343 4302 1690 4374 opusculum
1720 4313 1850 4359 xvn
1881 4300 1959 4360 De
2038 4291 2254 4351 securis
2277 4290 2500 4351 vibrata
2527 4290 2822 4363 (19833th
2853 4292 3253 4353 ῐθηίιιωωοάο
3274 4293 3537 4354 Romana
3563 4297 3754 4357 E0018-

231 4386 512 4447 calihatu
537 4388 924 4462 sacerdotum,
960 4389 1269 4464 ipsumque
1297 4389 1579 4462 hortatur,
1610 4396 1695 4462 ut,
1727 4396 1956 4465 postpo-
2039 4379 2125 4438 8ίᾶ
2163 4380 2415 4478 Ρξᾮρῐξξὶθ
2468 4378 2768 4478 ἀίὲίὲίῖξείξ
2809 4381 3039 4478 ‘aPicem
3060 4397 3188 4478 ρει*
3239 4388 3293 4478 ῐξέ
3328 4391 3588 4478 mpera“!
3612 4401 3757 4478 ξ)οη-

227 4478 347 4537 είιο
405 4480 569 4538 omni
621 4480 881 4540 humano
921 4489 1206 4554 respectu,
1259 4480 1540 4539 adversus
1596 4470 2294 4555 hujusmodimscendat.
2324 4467 2499 4527 Porro
2547 4467 2598 4525 si
2652 4466 2969 4526 Cadaloum
3022 4467 3155 4541 cito,
3184 4470 3348 4530 velut
3405 4472 3549 4531 alter
3602 4473 3753 4532 Con-

227 4569 551 4643 apostolico
570 4570 690 4628 zelo
710 4586 1042 4641 succensus,
1055 4569 1334 4642 insurgat,
1356 4585 1546 4643 neque
1556 4577 1835 4643 potentes,
1855 4567 1944 4642 qui

2080 4558 2334 4619 tantinus
2400 4557 2632 4629 Arium,
2689 4558 2958 4630 destruis,
3020 4566 3074 4618 et
3129 4559 3421 4635 Ecclesia,
3480 4580 3582 4636 pro
3640 4579 3755 4637 qua

227 4656 559 4715 Ecclesiam
608 4657 968 4731 turpitudine
1012 4657 1410 4733 coinquinent,
1450 4664 1802 4716 revereatur.
1848 4655 1961 4716 Sed
2046 4651 2310 4710 Christus
2344 4656 2612 4709 mortuus
2648 4657 2752 4720 est,
2794 4664 2994 4725 pacem
3050 4650 3366 4712 reformare
3421 4653 3750 4723 contendis;

226 4744 331 4802 vel
378 4746 750 4818 potissimum
787 4746 941 4820 apud
983 4747 1143 4806 hunc
1167 4746 1498 4821 pontiﬁcem
1530 4746 1588 4805 id
1619 4748 1737 4821 egit
1764 4746 1827 4806 B.
1862 4746 1963 4807 Pe-
2044 4743 2215 4803 faciat
2250 4750 2303 4800 te
2333 4741 2491 4801 Deus
2527 4741 2593 4801 in
2629 4740 2898 4816 proximo
2939 4742 3012 4801 de
3047 4758 3224 4817 regno
3256 4744 3555 4818 imperiale
3596 4745 3757 4804 fasti-

229 4841 384 4903 trns,
412 4842 477 4892 ut
521 4834 634 4892 sibi
679 4850 832 4893 onus
881 4834 1204 4909 episcopale
1246 4834 1533 4910 deponere
1582 4835 1959 4910 permitteret.
2045 4832 2210 4906 gium
2264 4831 2537 4892 scandere
2591 4838 2647 4891 et
2696 4849 2732 4891 a
2772 4833 2998 4893 cunctis
3046 4833 3311 4893 hostibus
3361 4835 3473 4894 tuis
3511 4837 3761 4912 insignis

232 4922 443 4982 Exstat
474 4941 543 4984 ea
578 4925 650 4984 de
677 4943 739 4985 re
772 4926 938 4999 epist.
968 4927 1025 4997 8,
1058 4924 1099 4984 l.
1136 4938 1178 4999 Ι,
1207 4926 1282 4986 ad
1326 4927 1598 4986 eumdem
1658 4926 1962 4986 Nicolaum
2043 4920 2245 4996 gloria
2276 4919 2475 4980 titulos
2505 4927 2794 4996 reportare
2828 4937 2841 4973 :
2874 4920 3138 4997 alioquin
3168 4922 3219 4980 si
3248 4922 3441 4981 adhuc
3477 4924 3760 4984 dissimu-

229 5029 449 5090 papam
496 5023 554 5073 et
600 5014 1069 5074 Hildebrandum
1103 5013 1160 5075 S.
1198 5015 1268 5076 Ρι.
1309 5017 1376 5074 Ε.
1419 5016 1795 5076 cardinalem.
1851 5018 1964 5075 Ex-
2044 5014 2153 5085 las,
2181 5013 2233 5073 si
2262 5014 2476 5074 mundi
2506 5011 2890 5087 periclitantis
2922 5027 3197 5085 errorem,
3227 5028 3363 5072 cum
3400 5012 3584 5087 possis
3621 5014 3760 5073 alio-

230 5111 351 5160 stat
383 5103 555 5162 etiam
596 5104 947 5179 opusculum
978 5116 1110 5173 XIX,
1142 5104 1332 5163 eidem
1368 5102 1629 5178 pontiﬁci
1685 5104 1961 5177 dicatum,
2044 5104 2186 5175 lere,
2218 5102 2496 5163 detrectas
2524 5120 2541 5174 ;
2570 5109 2626 5161 et
2653 5100 2897 5174 reliqua.
2927 5099 3180 5161 Cohibeo
3218 5101 3489 5177 spiritum
3530 5110 3585 5162 et
3623 5118 3764 5163 con-

232 5190 325 5249 De
377 5192 742 5254 abdicatione
785 5193 1191 5266 episcopatus:
1224 5194 1287 5252 in
1313 5194 1482 5266 cujus
1530 5192 1766 5267 prologo
1814 5194 1965 5252 inter

231 5282 385 5341 alias
436 5299 638 5344 causas
681 5286 832 5344 hanc
873 5283 1083 5359 allegat
1114 5305 1126 5344 :
1161 5308 1183 5339 c
1214 5284 1362 5345 Cum
1406 5285 1514 5345 sub
1548 5293 1744 5344 sancto
1782 5285 1969 5359 ponti-

235 5374 422 5433 ﬁcatu
453 5384 643 5435 vestro
669 5376 936 5449 jucunda
966 5375 1105 5450 pace
1156 5375 1510 5434 universalis
1559 5374 1814 5433 Ecclesia
1859 5388 1965 5446 po-

237 5462 440 5532 tiatur,
468 5465 630 5523 canis
694 5465 842 5523 meis
902 5472 958 5524 et
1010 5462 1343 5541 grandava
1391 5464 1633 5538 jamjam
1684 5461 1967 5521 senectuti

236 5552 472 5629 requies
501 5570 617 5614 non
654 5561 923 5627 negetur.
956 5580 984 5605 »
1016 5559 1101 5615 Ac
1130 5554 1363 5614 tandem
1395 5570 1605 5629 magna
1631 5552 1816 5612 animi
1841 5566 1963 5610 mo-

238 5641 424 5703 destia
470 5643 747 5707 libellum
796 5643 960 5704 hunc
1005 5644 1191 5719 capite
1222 5644 1280 5705 ll
1315 5643 1397 5705 ita
1423 5642 1721 5708 concludit
1755 5657 1768 5698 :
1805 5663 1828 5695 α
1860 5639 1968 5699 Ilo-

524 5761 791 5825 PATBOL.
822 5759 1070 5824 CXLIV.

2048 5192 2370 5269 sequentia
2396 5191 2664 5266 relinquo
2697 5189 3004 5249 lectoribus
3031 5188 3413 5253 intellectum.
3443 5217 3472 5243 ιο

2118 5283 2207 5343 30.
2265 5281 2409 5340 Hac
2460 5281 2533 5338 ad
2583 5296 2778 5353 regem
2826 5278 2892 5338 B.
2950 5279 3176 5354 Petrus,
3226 5283 3397 5358 cujus
3451 5288 3535 5343 est
3589 5283 3765 5345 etiam

2048 5390 2137 5448 ep.
2175 5371 2301 5439 6.1.
2343 5385 2428 5441 Ill,
2468 5369 2539 5429 ad
2586 5368 2644 5428 S.
2693 5371 3004 5429 Annonem
3051 5368 3548 5447 archiepiscopum
3600 5375 3768 5435 Colo-

2050 5462 2338 5531 niensem,
2388 5475 2561 5533 quem
2621 5456 2818 5517 laudat
2862 5459 3021 5534 quod
3065 5459 3381 5522 Gadaloum
3434 5471 3770 5538 persecutus

2049 5549 2141 5621 sit,
2173 5556 2230 5609 et
2275 5565 2379 5623 pro
2410 5548 2638 5608 viribus
2689 5548 3074 5609 ecclesiastico
3120 5566 3402 5610 mucrone
3442 5551 3767 5626 jugularit;

2052 5640 2315 5701 hortatur
2343 5645 2410 5700 ut
2440 5644 2763 5701 extremam
2791 5640 2951 5715 operi
2988 5656 3229 5702 manum
3273 5641 3533 5716 imponat
3556 5659 3574 5713 ;
3604 5640 3662 5700 id
3687 5643 3777 5720 fu:

3450 5760 3484 5817 4
