4106 6204
356 357 460 421 107

1270 351 1329 412 S.
1371 350 1667 412 PETBUS
1703 350 2098 413 DAMIANUS
2135 351 2197 415 S.
2240 352 2312 413 R.
2352 352 2419 412 E.
2461 350 2940 414 GARDINALIS.

3765 351 3872 413 108

298 544 301 547 ,
350 491 570 555 turum,
609 481 659 542 si
718 480 845 553 ejus
890 493 1065 555 opera
1108 478 1400 554 generalis
1447 478 1689 540 Patrum
1738 485 2133 548 conventusA
2154 481 2272 541 cies
2316 481 2514 554 ducas,
2541 480 2666 541 sive
2708 479 2916 553 viginti
2959 479 3302 556 quinquies,
3352 481 3588 537 centum
3623 478 3866 538 iaciunt.

345 583 601 653 cogatur.
650 572 815 644 Quod
885 576 944 631 et
996 573 1216 632 factum
1270 576 1374 631 est.
1430 571 1580 631 Nam
1636 571 1701 631 in
1753 572 2064 632 Germania

346 668 689 731 Osboriense
742 664 1057 725 concilium
1108 663 1351 723 traditur
1376 664 1710 723 auctoritate
1755 664 1815 725 S.
1859 667 2064 724 Anno-

345 762 443 821 nis
490 764 923 834 congregatum,
974 758 1040 818 in
1082 772 1219 831 quo,
1276 772 1408 832 rege
1461 757 1713 817 Henrico
1755 764 2062 835 prasente,

343 853 577 913 recitata
622 856 709 911 est
752 848 1055 924 synodalis
1102 848 1458 924 disceptatio,
1508 864 1685 924 quam
1738 846 1803 909 B.
1858 849 2063 909 Petrus

342 941 683 1014 Damianus,
759 946 1037 1014 tanquam
1103 937 1257 997 inter
1317 938 1661 999 advocatum
1723 938 1951 1013 regium
2006 944 2065 998 et

342 1032 707 1091 defensorem
746 1028 1030 1090 Romana
1074 1026 1349 1086 Ecclesia
1396 1027 1592 1086 habita
1639 1027 1865 1098 fuisset,
1900 1042 2062 1087 com-

2149 571 2535 649 Consequitur
2585 587 2741 647 ergo,
2770 577 2835 632 ut
2878 571 2982 646 qui
3020 571 3234 645 viginti
3285 570 3556 646 psalteria
3596 585 3731 631 cum
3782 571 3869 629 di-

2148 663 2393 737 sciplina
2425 663 2705 735 decantat,
2743 666 2978 722 centum
3030 676 3321 722 annorum
3368 660 3770 736 paenitentiam
3804 675 3871 719 se

2147 753 2432 828 peregisse
2478 752 2744 812 confidat.
2774 770 2805 807 ι»
2845 752 2923 811 At
2952 742 3073 827 qua
3099 756 3270 810 atate
3300 766 3429 810 eam
3461 749 3869 825 pauitantiam

2147 842 2460 917 susceperit
2503 840 2569 902 B.
2602 841 2823 912 Petrus,
2851 839 2915 899 in
2942 839 3096 900 dicto
3138 839 3420 915 opusculo
3452 852 3565 913 xx,
3591 856 3644 901 c.
3681 838 3734 910 5,
3766 839 3867 898 in-

2145 930 2295 990 dicat
2333 949 2346 988 :
2382 951 2415 985 σι
2453 931 2595 990 Ecce
2634 932 2757 1005 jam
2795 929 2973 1004 oculi,
3010 930 3230 1005 inquit,
3264 930 3541 1005 caligant,
3590 935 3649 989 et
3694 929 3869 989 solito

2146 1019 2400 1094 amplius
2439 1018 2788 1095 phlegmatis
2829 1020 3106 1080 humores
3150 1019 3473 1081 abundant.
3503 1019 3690 1094 Ruga
3718 1020 3866 1091 sub-

341 1125 612 1197 posuerat
657 1138 673 1181 :
709 1119 814 1180 ubi
862 1117 1134 1179 omnium
1181 1131 1475 1176 consensu
1520 1117 1876 1177 conclamata
1914 1116 2062 1176 dici-
2145 1116 2310 1182 eunt,
2345 1114 2401 1167 et
2430 1108 2694 1170 dentium
2749 1108 2981 1170 ruinam
3025 1109 3286 1185 gingiva
3332 1109 3649 1169 minantur.
3678 1110 3867 1184 Caput

342 1196 437 1272 tur
492 1209 793 1270 damnatio
848 1205 1366 1284 pseudopontiﬁcis
1422 1204 1678 1278 Cadaloi,
1742 1205 2062 1267 Alexandri
2144 1200 2416 1275 denique,
2446 1200 2603 1276 quod
2653 1199 2816 1260 mnis
2858 1200 3136 1261 hactenus
3189 1200 3581 1276 spargebatur,
3614 1196 3866 1276 cygn'ao

341 1314 478 1359 vero
520 1299 722 1359 electio
744 1297 1139 1371 comprobata.
1189 1295 1439 1356 Consule
1484 1294 1803 1355 Baronium
1843 1295 1917 1354 ad
1960 1310 2057 1355 an.
2138 1290 2261 1365 jam
2293 1289 2491 1349 albore
2522 1287 2769 1349 nivescit
2803 1312 2817 1348 :
2855 1304 2975 1349 vox
3004 1289 3208 1363 raucit,
3245 1289 3432 1350 virtus
3464 1288 3691 1362 deﬁcit;
3731 1309 3762 1345 ιι
3802 1296 3865 1349 et

342 1388 501 1462 1061,
558 1405 620 1448 n.
670 1387 764 1463 21,
821 1386 927 1447 ubi
978 1387 1048 1447 27
1098 1384 1220 1446 Oct.
1274 1384 1416 1460 ipsis
1463 1383 1684 1460 vigiliis
1728 1391 2059 1444 sanctorum
2142 1399 2266 1458 cap.
2322 1383 2357 1442 7
2416 1383 2572 1441 inter
2624 1382 3034 1456 perorandum,
3108 1381 3343 1456 addicit,
3404 1396 3487 1456 se,
3545 1384 3613 1440 ut
3658 1380 3864 1456 jussus

337 1478 730 1554 apostolorum
778 1475 1035 1538 Simonis
1073 1481 1128 1536 et
1176 1476 1208 1536 J
1213 1476 1368 1549 uda,
1405 1475 1535 1534 hac
1566 1481 1793 1551 peracta
1835 1473 2054 1534 scribit.
2141 1483 2281 1549 erat,
2345 1498 2369 1531 ι
2418 1489 2627 1550 cupere
2698 1474 3025 1550 apostolica
3082 1476 3236 1535 sedis
3299 1473 3634 1549 pontiﬁcem
3697 1474 3863 1534 ordi-

338 1568 686 1643 Disceptatio
741 1566 843 1626 illa
907 1564 1205 1641 synodalis
1286 1565 1620 1625 continetur
1677 1564 1849 1623 etiam
1910 1564 2060 1624 inter
2141 1584 2303 1641 nare,
2338 1590 2360 1620 ι
2393 1581 2497 1626 seu
2521 1581 2878 1639 consecrare,
2910 1592 2938 1617 κ
2972 1582 3041 1626 ac
3064 1567 3333 1642 protinus
3375 1583 3411 1628 a
3443 1563 3662 1641 proprii
3706 1577 3859 1639 pon-

337 1672 511 1732 opera
561 1657 628 1716 B.
683 1656 837 1716 Petri
892 1661 1032 1715 tom.
1088 1654 1199 1727 III,
1230 1669 1429 1729 opusc.
1475 1665 1559 1728 Iv,
1610 1657 1667 1714 et
1723 1659 1862 1714 tom.
1899 1653 2060 1713 XXV
2138 1660 2391 1720 tiﬁcatus
2417 1657 2698 1718 Ostiensis
2722 1673 2854 1720 arce
2875 1658 3158 1718 recedere,
3193 1682 3220 1708 ι.

337 1748 735 1810 Conciliorum
788 1745 1065 1806 editionis
1119 1746 1295 1819 regia
1350 1760 1386 1804 a
1439 1760 1567 1820 pag.
1622 1744 1752 1805 638.
1813 1744 2056 1805 Hortatu
2213 1751 2300 1811 32.
2356 1750 2578 1812 Verum
2630 1750 2740 1810 etsi
2790 1750 2861 1810 B.
2923 1750 3091 1809 Petro
3152 1765 3493 1811 concessum
3549 1752 3738 1812 fuerat
3792 1753 3861 1811 in

334 1840 476 1900 item
523 1839 583 1900 S.
626 1840 916 1909 Annonis,
966 1852 1000 1896 a
1052 1837 1387 1912 proceribus
1431 1837 1759 1898 Germania
1806 1837 2051 1898 Romam
2074 1855 2329 1917 Beremo
2354 1840 2553 1901 Fontis
2580 1839 2852 1900 Avellani
2901 1839 3268 1914 commorari,
3294 1855 3416 1901 non
3443 1841 3629 1902 fuisse
3657 1847 3858 1903 tamen

334 1932 535 2007 legati,
564 1929 882 1989 concilium
931 1927 1322 1989 Mantuanum
1351 1945 1449 1988 an.
1483 1929 1619 1990 1064
1647 1929 1916 1990 habitum
1945 1936 2049 2002 est,
2136 1946 2273 1991 eum
2299 1928 2613 2004 episcopali
2636 1945 2814 1989 onere
2839 1944 3078 2005 prorsus
3118 1929 3431 1990 liberatum
3474 1930 3672 1992 innuit
3695 1932 3854 2007 ipse-

332 2023 430 2083 cui
461 2020 800 2081 Alexander
826 2034 974 2095 papa
1001 2033 1138 2078 cum
1179 2019 1571 2079 cardinalibus
1600 2019 1828 2092 adfuit;
1867 2035 2050 2093 eoque
2132 2028 2251 2082 met
2296 2022 2539 2098 epistola
2594 2022 2680 2096 15,
2731 2021 2773 2080 1.
2812 2034 2853 2095 Ι,
2892 2022 2965 2081 ad
3012 2023 3396 2081 Alemandrum
3443 2040 3664 2083 summa
3695 2025 3857 2102 sedis

330 2117 558 2188 petente
584 2111 651 2169 B.
683 2109 888 2170 Petrus
927 2108 1249 2168 Damianus
1276 2115 1331 2168 et
1362 2108 1420 2169 S.
1449 2110 1622 2168 Anno
1662 2108 2048 2186 archiepisco-
2132 2116 2459 2180 antistitem,
2494 2117 2619 2172 tum
2663 2118 3061 2173 consecratum
3093 2131 3107 2173 :
3140 2112 3206 2172 in
3237 2129 3356 2189 qua
3382 2113 3492 2173 sub
3533 2114 3714 2173 ﬁnem
3741 2114 3859 2173 ista

329 2216 443 2277 pus
497 2198 896 2258 interfuerunt
936 2214 951 2256 :
984 2197 1088 2256 ubi
1138 2194 1386 2256 Cadaloo
1437 2196 1803 2272 pseudopapa
1856 2196 2047 2256 denuo
2131 2204 2348 2263 habet:
2389 2228 2417 2254 α
2450 2201 2497 2262 0
2527 2216 2706 2277 quam
2745 2201 3094 2278 jucundum,
3127 2217 3306 2278 quam
3348 2217 3526 2263 suave
3549 2202 3854 2276 nuntium,

328 2289 730 2362 condemnato,
778 2286 1056 2346 Ecclesia
1098 2292 1156 2345 et
1190 2285 1420 2360 imperii
1459 2287 1801 2347 scandalum
1846 2287 2048 2347 subla-
2131 2308 2309 2370 quam
2354 2291 2611 2367 denique
2634 2290 2823 2350 dulcis
2844 2290 2918 2350 ad
2946 2306 3120 2351 aures
3146 2307 3306 2352 meas
3338 2307 3529 2366 nuper
3569 2292 3722 2352 fama
3754 2292 3859 2352 de-

330 2386 457 2440 tum
490 2384 596 2438 est.
624 2376 806 2437 Multa
846 2374 1083 2436 interim
1119 2375 1242 2434 illis
1265 2375 1439 2435 annis
1468 2376 1648 2435 subiit
1671 2376 1810 2435 vita
1838 2375 2043 2435 discri-
2128 2384 2306 2456 venit,
2335 2397 2469 2457 qua;
2499 2398 2603 2441 vos
2629 2379 2891 2441 Ostiense
2929 2381 3271 2441 comitatum
3307 2381 3456 2440 mihi
3495 2382 3857 2443 subtraxisse

327 2471 491 2530 mina
533 2469 599 2529 B.
629 2469 854 2540 Petrus,
899 2482 1036 2542 qua
1080 2466 1244 2540 epist.
1280 2467 1332 2539 5,
1362 2465 1465 2524 lib.
1498 2479 1576 2537 vr,
1608 2468 1684 2526 ad
1730 2468 2044 2528 monachos
2128 2478 2182 2532 et
2229 2470 2332 2530 alii
2376 2470 2678 2530 tradidisse
2730 2470 3100 2545 perhibuit...
3150 2470 3314 2531 Ultro
3355 2471 3532 2529 etiam
3585 2470 3855 2530 divinam

327 2561 739 2623 Cluniacenses
779 2555 1033 2632 appellat
1061 2577 1091 2613 ε(
1115 2556 1485 2630 conglobatas
1536 2556 1827 2618 Gadaloici
1876 2558 2039 2619 furo-
2124 2558 2375 2634 imploro
2405 2558 2794 2631 clementiam,
2820 2564 2889 2619 ut
2915 2558 3309 2634 episcopatum
3339 2574 3571 2635 quoque
3602 2566 3853 2637 quanto-

326 2655 409 2714 ris
453 2650 720 2711 insidias.
775 2674 803 2698 »
852 2647 1019 2719 Quod
1065 2646 1383 2708 Cadaloum
1438 2647 1685 2724 hospitio
1734 2649 2041 2724 accepisset
2122 2650 2252 2709 cius
2291 2648 2560 2709 ordinare
2605 2663 2724 2708 non
2761 2647 3018 2721 diﬁ‘eras,
3047 2652 3104 2706 et
3134 2647 3328 2708 sterile
3355 2649 3584 2708 arenosi
3640 2647 3854 2708 littoris

323 2739 700 2803 Gothilredus
737 2737 858 2799 dux
898 2746 955 2798 et
992 2753 1187 2799 comes
1226 2738 1479 2814 Tuscia,
1507 2736 1580 2799 ab
1604 2739 1806 2800 eodem
1831 2740 1896 2801 B.
1929 2738 2038 2801 Pe-
2121 2745 2380 2801 aratrum
2411 2739 2560 2799 mihi
2587 2739 2659 2800 de
2689 2739 2966 2799 manibus
2995 2738 3182 2797 tollas.
3214 2758 3243 2793 π
3272 2736 3438 2808 Quod
3467 2755 3586 2800 non
3615 2738 3854 2799 videtur

324 2836 413 2891 tro
436 2827 866 2906 epistola10,l.
898 2840 1008 2901 vn,
1032 2828 1293 2888 monitus
1323 2835 1428 2888 est.
2122 2830 2478 2906 impetrasse.
2534 2828 2682 2888 Nam
2747 2834 2957 2902 prater
3024 2826 3147 2898 illa,
3203 2842 3337 2901 qua
3390 2834 3588 2905 contra
3665 2828 3852 2888 Cada-

392 2920 483 2981 31.
512 2919 846 2982 Alexander
889 2918 946 2977 II
990 2932 1148 2991 cum,
1179 2925 1244 2978 ut
1282 2934 1455 2994 supra
1499 2918 1717 2980 dictum
1758 2924 1863 2993 est,
1887 2919 2038 2980 circa
2122 2920 2287 2980 loum
2323 2919 2655 2994 antipapam
2682 2917 2819 2994 egit,
2851 2917 3027 2978 variis
3055 2916 3355 2977 adhibitus
3407 2925 3491 2977 est
3535 2918 3854 2994 legationi-

320 3011 450 3071 Kal.
508 3009 628 3070 Oct.
678 3009 819 3068 anni
880 3007 1009 3068 1061
1071 3014 1220 3068 esset
1269 3008 1505 3084 electus,
1547 3010 2036 3071 consecrationem
2120 3010 2230 3070 bus
2260 3024 2513 3086 quarum
2553 3010 2749 3069 forsan
2774 3008 2935 3082 prior
2961 3007 3074 3068 fuit
3103 3006 3175 3065 ad
3199 3005 3580 3067 Cluniacense
3637 3023 3852 3068 mona-

319 3099 568 3171 dis'tulit,
602 3112 907 3174 quousque
934 3095 1206 3173 synodali
1235 3097 1461 3157 decreto
1489 3113 1595 3159 sua
1622 3097 1824 3157 electio
1861 3114 2034 3159 cano-
2122 3101 2385 3172 sterium,
2418 3114 2553 3160 cum
2582 3099 2766 3174 hujus
2791 3097 2968 3158 abbas
2998 3095 3057 3156 S.
3088 3096 3282 3171 Hugo,
3316 3102 3381 3156 ut
3409 3113 3585 3175 supra
3613 3113 3685 3157 ex
3717 3100 3854 3175 ejus

320 3190 452 3249 nice
498 3189 646 3247 facta
692 3193 1151 3261 cognosceretur,
1199 3193 1373 3263 atque
1425 3194 1549 3248 rata
1597 3189 1809 3264 pariter
1860 3190 2037 3250 habe-
2056 3232 2100 3264 η
2122 3189 2256 3250 Vita
2282 3189 2564 3261 diximus,
2592 3211 2620 3244 ‹‹
2643 3188 2922 3248 Romana
2943 3185 3093 3246 sedis
3114 3185 3499 3260 patrocinium
3516 3188 3847 3261 advocaret,

315 3285 496 3338 retur.
523 3281 651 3336 Imo
677 3292 812 3337 cum
838 3276 1089 3335 schisma
1122 3272 1354 3336 Cadaloi
1387 3278 1735 3351 accessisset,
1768 3280 1842 3338 ab
1880 3277 2033 3339 Urbe
2056 3272 2101 3295 ν
2123 3279 2357 3355 quando
2388 3294 2596 3353 magno
2621 3277 2816 3337 labore
2843 3284 2900 3336 et
2926 3272 3263 3334 difﬁcultate
3290 3289 3323 3332 a
3352 3273 3528 3334 latere
3551 3276 3850 3350 pontiﬁcis

316 3370 516 3444 fugam
541 3366 808 3443 arripuit,
844 3382 917 3426 ne
944 3382 981 3426 a
1011 3365 1316 3427 nonnullis
1344 3367 1625 3433 Romanis
1653 3368 1899 3429 Cadaloo
1949 3371 2037 3429 fa-
2122 3369 2394 3429 avulsum
2424 3366 2706 3426 domnum
2746 3366 3001 3436 Petrum,
3030 3362 3397 3422 Hostiensem
3426 3360 3693 3421 videlicet
3716 3362 3845 3437 epi-

314 3456 595 3520 ventibus
647 3457 1072 3533 opprimeretur
1129 3480 1142 3516 :
1193 3473 1229 3516 a
1276 3473 1392 3532 quo
1439 3458 1503 3517 B.
1554 3458 1758 3520 Petrus
1799 3466 1925 3520 tum
1976 3478 2037 3522 se
2121 3472 2380 3533 scopum,
2416 3459 2805 3530 cognomenth
2828 3451 3203 3523 Damianum,
3246 3449 3523 3512 obtinuit.
3565 3472 3591 3503 ι
3650 3449 3843 3509 Labo-

314 3563 489 3609 onere
512 3546 831 3625 episcOpali
861 3547 1172 3607 liberatum
1204 3547 1708 3624 scribit-opusculo
1733 3562 1845 3625 XX,
1876 3551 2033 3627 quod
2118 3564 2244 3608 rem
2267 3552 2392 3607 tum
2420 3561 2454 3603 a
2482 3560 2545 3602 se
2574 3542 2910 3617 impensum
2939 3544 3220 3600 memorat
3245 3537 3310 3597 B.
3349 3537 3551 3598 Petrus
3584 3538 3749 3611 epist.
3778 3536 3843 3610 2,

313 3637 505 3698 eidem
536 3662 565 3689 ‹‹
592 3635 949 3708 Alexandro,
997 3636 1327 3710 apostolica
1379 3636 1532 3697 sedis
1582 3638 1762 3698 electo
1809 3645 1864 3699 et
1898 3626 2037 3699 ’Hil-
2118 3638 2161 3698 l.
2190 3649 2275 3707 vr,
2301 3634 2374 3695 ad
2394 3633 2778 3708 S.Hugonem
2800 3630 3069 3690 abbatem
3100 3649 3115 3692 :
3143 3629 3330 3689 «Cum
3342 3628 3466 3706 jam
3483 3642 3597 3700 me,
3623 3626 3845 3704 inquit,

312 3729 607 3790 debrando
637 3752 664 3781 υ
698 3726 995 3803 inscripsit
1025 3745 1039 3786 :
1075 3734 1249 3803 atque
1287 3728 1368 3787 ita
1419 3735 1591 3806 caput
1621 3730 1642 3789 1
1681 3733 1983 3793 exorditur
2019 3754 2032 3793 :
2118 3730 2385 3787 senectus
2412 3724 2659 3782 incurva
2682 3721 3052 3797 deprimeret,
3085 3726 3144 3780 et
3164 3720 3333 3781 effeto
3356 3718 3580 3780 viribus
3605 3732 3848 3793 corpore

319 3839 344 3872 ι
373 3817 681 3878 Benedicta
708 3817 1120 3891 omnipotentis
1137 3816 1486 3893 dispensatio
1515 3819 1863 3895 Conditoris,
1895 3822 2038 3897 quia
2118 3816 2460 3877 nutabunda
2502 3812 2821 3890 gradientis
2860 3810 3107 3886 vestigia
3136 3810 3247 3871 sub
3275 3808 3510 3869 incertis
3543 3807 3845 3883 gressibus

311 3909 385 3967 ad
405 3923 509 3967 vos
529 3922 719 3982 nuper
735 3906 1074 3978 ascendens,
1099 3906 1350 3965 duorum
1374 3907 1831 3981 episcopatuum,
1854 3909 2035 3969 unius

312 3996 572 4073 regendi,
613 4012 821 4071 nempe
856 3994 1158 4068 Ostiensis,
1198 3995 1438 4065 alterius
1474 3996 1770 4075 visitandi,
1819 3998 2034 4058 scilicet

312 4084 632 4159 Eugubini,
689 4084 842 4145 mole
898 4084 1226 4161 depressus,
1275 4091 1568 4161 prarupta
1609 4086 1851 4162 Alpium
1892 4088 2034 4165 juga

314 4175 559 4235 transivi
596 4198 610 4232 :
643 4188 903 4249 moxque
944 4174 1173 4234 sarcina
1215 4175 1612 4237 tribulationis
1662 4178 1899 4254 abjecta,
1925 4194 2034 4240 ex-

316 4268 610 4336 oneratus,
634 4270 693 4321 et
741 4262 889 4322 liber
924 4263 996 4323 ad
1034 4265 1304 4324 dilectam
1338 4266 1715 4327 solitudinem
1754 4275 2031 4344 tanquam

316 4355 602 4430 fugitivus
672 4353 1034 4429 postiiminio
1105 4357 1468 4432 repedavi....
1522 4357 1688 4417 Unde
1737 4374 1843 4435 ego
1897 4374 2031 4420 cum

317 4443 769 4506 ecclesiasticum
826 4442 991 4504 vobis
1047 4448 1306 4519 regimen
1360 4447 1697 4507 renuntiare
1748 4449 2030 4525 disposui,

317 4550 436 4595 non
484 4532 693 4600 erravi,
723 4530 861 4607 quia
904 4532 1205 4608 Romana,
1235 4551 1369 4614 qua
1412 4553 1516 4597 vos
1555 4537 1713 4611 estis,
1738 4538 2029 4613 Ecclesia,

319 4625 475 4702 quod
522 4639 697 4685 suum
738 4626 880 4695 erat,
914 4623 1089 4697 digne
1134 4624 1376 4697 restitui,
1411 4633 1467 4685 et
1488 4635 1556 4687 ut
1581 4628 1747 4687 vobis
1777 4644 1870 4687 Ine
1896 4644 2033 4688 con-

323 4711 541 4775 fessum
590 4729 717 4773 esse
765 4711 1057 4787 proﬁtear,
1107 4728 1212 4788 pro
1264 4715 1371 4774 hac
1418 4716 1762 4778 refutatione
1800 4724 2034 4778 centum

324 4820 613 4864 annorum
642 4802 985 4877 panitentia
1014 4808 1099 4861 est
1125 4801 1272 4861 mihi
1300 4812 1719 4878 consequenter
1746 4807 2035 4883 injuncta,

327 4912 428 4969 per
455 4895 559 4954 illa
585 4893 868 4952 nimirum
910 4893 1187 4965 remedia,
1219 4908 1350 4969 qua
1381 4894 1717 4954 monasticis
1751 4905 1889 4956 sunt
1944 4916 2035 4958 re-

327 4985 486 5060 gulis
508 4984 794 5044 instituta.
826 5006 855 5034 κ
897 4981 1196 5053 Quomodo
1230 4988 1423 5043 autem
1473 4989 1709 5044 centum
1749 5002 2038 5049 annorum

330 5074 671 5150 poenitentia
716 5071 1042 5148 expleatur,
1077 5072 1315 5147 exponit
1343 5070 1409 5130 B.
1441 5071 1647 5133 Petrus
1670 5073 1732 5131 in
1768 5074 1897 5136 Vita
1925 5076 2038 5136 Do-

335 5161 534 5222 minici
584 5162 834 5221 Loricati
886 5162 981 5222 his
1032 5161 1272 5222 verbis:
1313 5183 1335 5214 ι
1384 5160 1560 5221 Porro
1592 5178 1731 5223 cum
1774 5164 1881 5223 tria
1925 5181 2042 5226 sco-

333 5268 542 5328 parum
571 5250 757 5309 millia
788 5266 1009 5312 annum
1030 5248 1033 5249 ⁷
1053 5250 1415 5327 paenitentia
1442 5252 1597 5328 apud
1622 5269 1732 5313 nos
1758 5254 2039 5329 regulari-

334 5353 420 5405 ter
464 5343 751 5418 expleant,
810 5342 1010 5403 decem
1064 5352 1256 5403 autem
1318 5344 1672 5420 psalmorum
1724 5346 2041 5406 modulatio

335 5436 499 5498 mille
545 5448 742 5509 scopas
790 5432 1074 5506 admittat,
1135 5435 1277 5494 dum
1332 5442 1566 5495 centum
1617 5436 2040 5511 quinquaginta

334 5520 581 5603 psalmis
603 5529 865 5585 constare
894 5524 1230 5598 psalterium
1262 5540 1377 5585 non
1407 5527 1745 5602 ambigitur,
1779 5529 2042 5604 quinque

334 5630 622 5678 annorum
680 5613 1022 5689 pauitantia
1070 5613 1135 5673 in
1195 5614 1375 5675 unius
1425 5616 1684 5689 psalterii
1733 5616 2042 5692 disciplina

335 5710 486 5767 recte
529 5703 981 5780 supputantlbus
1015 5700 1336 5768 invenitur.
1367 5699 1482 5764 Sed
1506 5705 1630 5767 sive
1656 5705 1922 5781 quinque
1947 5707 2038 5767 vi-

2118 3904 2492 3976 vacillarent;
2519 3917 2624 3976 ego
2660 3902 2731 3960 ad
2761 3906 2878 3961 tua
2902 3900 3185 3974 jussionis
3217 3900 3553 3976 imperium,
3579 3898 3841 3960 animam

2119 4013 2331 4068 meam,
2364 4002 2429 4056 ut
2452 3996 2531 4053 ita
2562 3994 2787 4070 loquar,
2818 3993 2882 4050 in
2914 3992 3191 4053 manibus
3218 3992 3365 4051 meis
3391 3992 3582 4066 posui,
3620 3990 3840 4051 aestivis

2114 4089 2386 4162 adoperta
2416 4081 2659 4142 nivibus
2686 4080 2928 4156 Alpium
2953 4086 3248 4157 prarupta
3289 4080 3613 4153 conscendi,
3648 4086 3705 4139 et
3730 4096 3838 4155 pro

2115 4175 2368 4238 utilitate
2416 4170 2768 4232 venerabilis
2814 4169 3157 4230 monasterii
3204 4169 3293 4229 tui
3333 4169 3657 4244 propinqua
3694 4169 3835 4229 satis

2115 4281 2329 4328 oceano
2380 4262 2712 4322 Halliarum
2741 4260 2950 4321 intima
2980 4260 3298 4337 penetravi.
3339 4282 3363 4315 ι
3391 4259 3505 4319 Diu
3534 4259 3834 4320 seibidem

2116 4362 2406 4417 moratum
2449 4352 2828 4429 consequitur
2870 4353 2938 4412 in
2983 4353 3151 4429 epist.
3202 4352 3236 4411 5
3274 4351 3535 4428 ejusdem
3584 4351 3626 4413 l.
3668 4363 3730 4411 VI
3759 4350 3832 4410 ad

2115 4447 2432 4509 monachos
2483 4443 2895 4504 Cluniacenses
2946 4442 3040 4502 his
3086 4443 3283 4503 verbis
3326 4466 3340 4502 :
3391 4464 3420 4498 ς(
3472 4441 3833 4503 Promissum

2114 4538 2267 4605 mihi
2294 4538 2502 4610 fuerat,
2533 4534 2687 4610 quod
2712 4534 2776 4592 in
2807 4532 3097 4593 Kalendas
3121 4533 3374 4607 Augusti
3400 4533 3585 4592 forem
3608 4548 3833 4607 regres-

2052 4599 2220 4688 Dsus
2246 4627 2317 4687 ad
2351 4599 2586 4701 propria
2617 4644 2631 4684 :
2662 4623 2764 4683 sed
2809 4623 3106 4698 proﬂigato
3149 4599 3519 4698 postmodum
3556 4599 3836 4681 trimestri

2117 4718 2429 4789 curriculo,
2463 4724 2519 4776 et
2553 4720 2769 4793 quanta
2798 4713 2959 4789 potui
2989 4712 3279 4773 celeritate
3303 4712 3524 4785 curavi,
3557 4717 3613 4771 et
3637 4717 3837 4770 tamen

2119 4806 2223 4868 vix
2251 4815 2386 4867 ante
2422 4806 2696 4881 quintum
2731 4803 2858 4862 Kal.
2891 4802 3175 4862 Novemb.
3211 4802 3390 4875 diem,
3422 4800 3624 4861 Fontis
3654 4799 3833 4859 Avel-

2126 4896 2263 4968 lani,
2293 4894 2449 4954 unde
2488 4906 2899 4967 processeram,
2939 4906 3217 4961 cacumen
3273 4891 3526 4953 escendi.
3565 4912 3588 4945 ι
3623 4889 3838 4949 Memi-

2123 4986 2210 5045 nit
2250 4984 2422 5042 etiam
2450 4981 2515 5042 B.
2547 4981 2749 5040 Petrus
2777 4979 2955 5057 hujus
2986 4984 3082 5042 sui
3109 4981 3338 5043 itineris
3386 4995 3584 5057 opusc.
3632 4991 3837 5039 xxxrv

2123 5093 2172 5135 c.
2201 5076 2255 5149 6,
2289 5080 2345 5134 et
2371 5088 2565 5148 opusc.
2607 5084 2831 5131 xxxrx.

2198 5166 2287 5226 33.
2336 5166 2592 5224 Alteram
2628 5164 2693 5224 B.
2725 5165 2877 5224 Petri
2918 5165 2979 5225 in
3025 5165 3243 5227 Gallias
3285 5167 3651 5242 legationem,
3700 5180 3840 5225 cum

2125 5256 2344 5317 eximia
2370 5255 2495 5329 ejus
2525 5254 3023 5316 commendatione
3073 5257 3328 5317 continet
3354 5273 3442 5331 ep.
3473 5256 3538 5314 2t
3575 5256 3844 5314 Alexan-

2125 5347 2213 5407 dri
2261 5361 2426 5422 papa
2464 5346 2535 5405 ad
2582 5346 2848 5424 quinque
2901 5347 3355 5422 arciiiepiscopos
3403 5345 3629 5417 Gallia,
3659 5360 3885 5419 quam.

2129 5437 2221 5495 hic
2249 5436 2540 5508 integram
2571 5436 2778 5496 damus
2809 5456 2822 5495 :
2860 5460 2886 5486 ‹‹
2918 5435 3251 5493 Alexander
3282 5433 3602 5509 episcopus,
3634 5446 3847 5492 servus

2127 5540 2429 5585 servorum
2474 5523 2601 5595 Dei,
2630 5526 2698 5586 G.
2730 5523 3025 5593 Bemensi,
3061 5523 3129 5580 Β.
3177 5523 3521 5597 Senonensi,
3551 5525 3614 5582 B.
3649 5522 3844 5580 Turo-

2128 5616 2320 5688 nensi,
2353 5613 2430 5675 M.
2462 5614 2829 5685 Bituricensi,
2858 5611 2932 5677 T.
2967 5611 3395 5689 Burdigalensi,
3446 5611 3842 5687 archiepisco-

2127 5709 2235 5782 pis,
2290 5706 2559 5782 salutem,
2614 5713 2670 5768 et
2720 5703 3091 5780 apostolicam
3165 5704 3646 5768 benedictionem.
3702 5701 3841 5764 Non
