4106 6204
199 334 300 393 109

690 325 1265 388 PROLEGOMENA.
1307 354 1376 369 -ι
1415 325 1511 386 DE
1553 323 1612 385 S.
1653 323 1894 390 PETBO
1935 320 2276 388 DAMIANU
2315 319 2778 380 HENSUHENH
2818 317 3200 379 UOMMENT.

3599 326 3696 386 110

192 460 422 531 ignorat
458 458 653 520 sancta
694 458 886 516 vestra
925 450 1271 523 fraternitas,
1318 448 1701 522 dilectissimi,
1747 447 1903 524 quod
1924 443 2249 518 Aconsiliis
2296 448 2622 517 superatus,
2677 458 2751 502 ne
2784 443 3072 531 principes
3124 447 3287 522 regni
3328 446 3699 516 frustraretur

193 561 269 605 ex
321 544 663 606 auctoritate
719 542 872 602 sedis
917 539 1262 614 apostolicae,
1320 538 1417 598 cui
1479 554 1584 598 nos
1636 537 1910 611 indignos

1990 551 2134 610 quos
2186 549 2419 598 summa
2482 532 2806 609 frequentia
2861 530 2975 592 sibi
3030 534 3346 606 Mnguntim
3396 553 3700 604 occurrere

193 635 504 695 clementia
537 632 739 696 divina
777 630 1048 705 praefecit,
1097 629 1271 688 totius
1320 628 1671 698 universalis
1711 627 1910 688 Εεοὶετ-
1984 625 2279 698 jussisset;
2328 623 2772 686 Francofurtum
2813 621 2974 694 abiit,
3013 622 3211 698 ibique
3265 640 3365 694 eos
3415 628 3514 702 qui
3572 627 3700 699 Mc:

194 729 300 787 sive
334 723 645 800 regendus,
678 737 746 782 ac
787 718 1184 793 disponendae
1233 717 1402 780 nobis
1447 725 1629 778 status
1676 718 1909 776 incum-
1989 716 2210 790 guntim
2263 718 2672 784 convenerant,
2724 712 2922 778 adesse
2967 713 3159 788 jussit.
3216 714 3342 786 Quo
3389 717 3533 787 dum
3593 719 3701 786 ῑιιε-

196 817 301 875 bit.
340 811 628 884 Quoniam
679 809 858 884 igitur
903 806 1173 882 pluribus
1225 806 1612 867 Ecclesiarum
1663 807 1910 881 negotiis

195 901 480 976 occupati,
512 899 585 964 ad
634 913 732 958 vos
769 897 895 972 ipsi
930 897 1130 956 venire
1176 911 1294 955 non
1345 912 1678 972 possumus,
1738 897 1907 956 talem

196 992 360 1058 vobis
386 991 583 1054 virum
612 986 898 1048 destinare
927 988 1288 1060 curavimus,
1319 1001 1436 1062 quo
1464 986 1748 1050 nimirum
1785 992 1914 1060 post

200 1099 303 1143 nos
332 1084 521 1156 major
551 1080 611 1139 in
635 1079 897 1140 Romana
932 1078 1186 1138 Ecclesia
1211 1093 1331 1140 non
1369 1078 1634 1152 habetur,
1678 1078 1912 1137 Petrum

198 1171 464 1231 videlicet
500 1169 848 1232 Damianum
886 1167 1207 1228 Ostiensem
1275 1167 1629 1242 episcopum,
1675 1169 1779 1242 qui
1819 1169 1910 1227 ni-

201 1262 419 1320 mirum
476 1265 533 1318 et
589 1264 781 1318 noster
838 1265 924 1316 est
978 1258 1207 1331 oculus,
1261 1265 1317 1316 et
1373 1259 1700 1332 apostolicm
1762 1258 1913 1318 sedis

196 1348 500 1410 immobile
532 1349 986 1408 ﬁrmamentum.
1020 1347 1173 1406 Huic
1203 1348 1396 1422 itaque
1439 1349 1626 1409 vicem
1655 1357 1912 1408 nostram

197 1440 368 1514 pleno
399 1439 534 1516 jure
583 1436 1003 1505 commisimus,
1047 1443 1112 1494 ut
1159 1436 1452 1511 quidquid
1505 1438 1568 1498 in
1623 1438 1742 1497 illis
1797 1437 1914 1497 Deo

200 1527 527 1589 auxiliante
575 1527 854 1596 statuerit,
906 1525 986 1584 ita
1030 1529 1220 1584 ratum
1269 1532 1530 1588 teneatur
1575 1533 1630 1585 et
1674 1527 1914 1586 ﬁrmum

201 1635 266 1678 ac
302 1620 353 1677 si
408 1618 643 1692 speciali
684 1617 867 1676 nostri
906 1617 1197 1678 examinis
1241 1619 1420 1682 fuerit
1449 1618 1732 1678 sententia
1782 1635 1915 1692 pro-

204 1709 553 1782 mulgatum.
636 1707 992 1781 Quapropter
1090 1707 1486 1768 venerabilem
1557 1710 1916 1769 sanctitatem

1992 810 2235 879 quentes
2269 801 2586 873 venissent,
2614 800 2819 862 Petrus
2856 802 3174 866 Damianus
3211 805 3281 867 (is
3327 805 3547 879 legatus
3578 819 3700 874 erat

1991 897 2142 956 sedis
2183 894 2533 970 apostolicae,
2585 895 2677 954 vir
2711 900 2877 954 zetate
2935 902 2990 956 et
3027 898 3163 956 vitae
3216 897 3549 966 innocentia
3593 902 3699 968 ad.

1994 987 2226 1051 modum
2256 986 2630 1055 reverendus)
2672 986 2940 1051 mandata
2977 988 3246 1061 exposuit
3277 988 3524 1056 Romani
3554 1007 3699 1064 pou-

1996 1077 2181 1150 tiiicis,
2237 1079 2548 1151 pessimam
2611 1091 2758 1149 rem,
2835 1081 2891 1136 et
2963 1092 2998 1135 a
3055 1078 3295 1143 nomine
3349 1080 3697 1154 Christiano,

1994 1167 2211 1231 nedum
2254 1167 2327 1224 ab
2374 1166 2551 1239 regio,
2599 1166 2856 1226 multum
2901 1165 3302 1231 abhorrentem
3356 1185 3479 1231 esse
3523 1186 3699 1244 quam

1994 1257 2285 1316 moliatur.
2337 1256 2397 1316 Si
2438 1255 2636 1316 minus
2680 1257 2956 1318 humanis
2996 1255 3242 1330 legibus,
3275 1257 3366 1321 vel
3405 1274 3698 1320 canonum

1993 1346 2392 1405 sanctionibus
2451 1350 2781 1416 terreretur,
2834 1350 3090 1418 parceret
3133 1346 3339 1406 saltem
3400 1348 3590 1422 famm,
3643 1357 3744 1420 et,

1995 1433 2407 1494 existimationi
2439 1433 2705 1508 proprias,
2740 1449 2815 1494 ne
2852 1433 3070 1500 scilicet
3112 1442 3227 1503 tam
3272 1437 3410 1495 foedi
3443 1440 3699 1513 exempli

1995 1539 2312 1597 venenum,
2330 1523 2402 1582 ab
2427 1538 2562 1596 rege
2589 1528 2820 1597 sumpto
2847 1522 3034 1595 initio,
3050 1529 3235 1590 totum
3258 1529 3706 1597 commacularet

1996 1615 2272 1689 populum
2326 1614 2734 1684 christianum,
2797 1618 2855 1674 et
2919 1613 3022 1686 qui
3077 1614 3233 1678 ultor
3286 1631 3412 1678 esse
3465 1618 3706 1680 debuis-

1997 1710 2082 1762 set
2145 1703 2483 1770 criminum.
2550 1704 2672 1778 ipse
2726 1709 2926 1763 auctor
2981 1711 3038 1764 et
3111 1705 3352 1778 signifer
3429 1707 3590 1770 fieret
3634 1709 3708 1776 ad

204 1805 457 1859 vestram
521 1798 770 1858 fraterna
830 1798 1106 1856 charitale
1178 1813 1503 1869 monemus,
1567 1806 1624 1858 et
1674 1793 2305 1876 insuperBﬂagitium.
2351 1794 2644 1863 Postremo
2693 1795 2745 1858 si
2783 1809 2902 1856 non
2958 1795 3282 1864 ﬂecteretur
3318 1798 3600 1871 consiliis,
3647 1813 3712 1860 se

202 1888 513 1964 apostolica
576 1886 744 1946 vobis
801 1886 1133 1948 auctoritate
1183 1887 1572 1962 praecipimus,
1624 1896 1688 1948 ut
1741 1889 1912 1950 talem

207 1985 549 2053 tantumque
587 1978 804 2047 virum,
845 1984 1122 2052 tanquam
1160 1981 1414 2036 nostram
1453 1992 1778 2050 personam,
1831 1978 1912 2037 di-

203 2085 317 2142 gna
364 2067 643 2128 studentis
675 2066 983 2128 devotione
1032 2066 1342 2139 suscipere,
1385 2067 1624 2141 ejusque
1677 2072 1912 2128 senten-

203 2158 296 2217 tiis
349 2163 531 2232 atque
583 2157 820 2230 judiciis
886 2161 1114 2230 propter
1177 2155 1242 2216 B.
1305 2156 1460 2216 Petri
1521 2158 1912 2231 apostolorum

201 2249 483 2324 principis
537 2248 918 2308 reverentiam
963 2246 1265 2309 humiliter
1329 2247 1582 2306 obedire.
1644 2247 1919 2321 Quisquis

203 2341 358 2401 enim
427 2339 578 2398 fastu
635 2335 924 2410 superbiae
988 2335 1164 2408 (quod
1217 2335 1384 2406 absit)
1448 2335 1704 2408 inflatus,
1759 2335 1920 2396 illius

200 2425 422 2500 judicio
455 2422 838 2486 contradictor
895 2419 990 2480 vel
1024 2420 1359 2480 adversatur
1402 2421 1705 2489 exstiterit,
1736 2437 1920 2496 usque

206 2516 275 2575 ad
329 2515 569 2588 dignam
643 2509 1112 2582 satisfactionem,
1164 2515 1422 2569 nostram
1493 2511 1582 2568 vel
1641 2510 1920 2570 Romamn

209 2603 484 2666 Ecclesiae
524 2603 771 2677 gratiam
820 2615 937 2662 non
972 2598 1226 2664 habebit.
1277 2599 1422 2670 Quia
1459 2614 1615 2669 vero,
1664 2614 1797 2658 cum
1850 2598 1922 2656 ad

208 2709 307 2753 vos
355 2692 687 2752 Girelmum
742 2689 1028 2758 misimus,
1085 2688 1276 2748 adhuc
1325 2687 1642 2748 adventum
1697 2687 1923 2761 praefati

1997 1887 2320 1946 necessario
2354 1885 2476 1946 vim
2515 1884 2958 1949 ecclesiasticam
2988 1884 3412 1958 adhibituram,
3447 1895 3504 1954 et
3530 1903 3709 1956 cano-

1999 1992 2144 2036 num
2187 1977 2312 2050 lege
2349 1975 2537 2038 scelus
2580 1976 3035 2050 prohibiturum.
3077 1977 3168 2036 Ad
3206 1978 3333 2038 haec
3359 1979 3484 2039 suis
3517 1980 3711 2040 mani-

1999 2066 2109 2126 bus
2150 2082 2460 2142 nunquam
2491 2067 2896 2138 imperatorem
2927 2067 3385 2128 consecrandum
3425 2069 3568 2140 fore,
3606 2070 3712 2144 qui

2001 2165 2118 2217 tam
2144 2159 2438 2232 pestilenti
2473 2157 2763 2230 exemplo,
2793 2164 3078 2231 quantum
3123 2160 3186 2218 in
3229 2175 3290 2218 se
3340 2165 3506 2228 esset,
3537 2160 3713 2220 fidem

2005 2247 2390 2306 Christianam
2442 2246 2803 2319 prodidisset.
2845 2269 2867 2302 ι
2934 2247 3074 2306 Haec
3129 2263 3361 2306 summa
3411 2246 3714 2320 legationis

2002 2339 2068 2397 Β.
2121 2338 2294 2410 Petri,
2330 2353 2508 2413 quam
2555 2337 2844 2412 principes
2881 2351 3111 2410 aequam
3157 2351 3457 2406 censuere,
3502 2352 3568 2394 ac
3609 2351 3719 2397 rex

2004 2429 2128 2502 ipse
2169 2427 2404 2486 tandem
2441 2428 2680 2501 fractus,
2725 2428 2786 2486 in
2835 2428 2997 2501 regni
3045 2442 3112 2484 ac
3163 2427 3313 2485 thori
3357 2428 3715 2488 consortium

2006 2516 2267 2589 reginam
2313 2514 2568 2589 admisit,
2616 2531 2693 2576 ex
2735 2531 2920 2590 eaque
2961 2515 3123 2590 regni
3165 2514 3458 2576 basi-edem
3497 2522 3557 2576 et
3593 2531 3720 2578 suc-

2005 2622 2292 2666 cessorem
2312 2607 2536 2681 genuit.

2078 2696 2167 2754 35.
2224 2697 2466 2756 Henrici
2504 2696 2682 2772 hujus
2735 2693 2887 2767 regis
2917 2700 3101 2754 mater
3141 2702 3263 2755 erat
3305 2698 3521 2771 Agnes,
3552 2697 3718 2758 Guil-

206 2785 432 2847 domini
475 2783 633 2844 Petri
663 2797 769 2842 nos
808 2783 1117 2856 impetrare
1142 2795 1308 2855 posse
1347 2779 1686 2840 nullatenus
1729 2795 1924 2852 spera—
2008 2785 2169 2846 lelmi
2195 2786 2296 2857 1v,
2320 2787 2491 2846 ducis
2513 2784 2865 2860 Aquitania,
2895 2784 3196 2856 tilia,cum
3235 2786 3442 2846 marito
3464 2788 3718 2848 Henrico

212 2891 426 2946 remus,
467 2873 741 2933 volumus
770 2877 853 2943 ut,
891 2871 941 2931 si
970 2869 1112 2945 quid
1143 2869 1298 2944 apud
1336 2885 1440 2928 vos
1471 2869 1770 2929 Girelmus
1807 2883 1928 2928 coe-
2008 2875 2256 2934 Com-adi
2314 2876 2492 2935 Satici
2529 2875 2674 2946 tilio,
2717 2891 2752 2932 a
2804 2873 3098 2934 Clemente
3135 2875 3162 2932 Ι
3212 2891 3378 2950 papa,
3430 2883 3496 2935 ut
3545 2894 3722 2952 supra,

212 2966 313 3040 Pii,
362 2963 434 3022 ad
489 2963 714 3022 domini
766 2960 920 3020 Ρθίτί
976 2959 1375 3033 Πιθὲίειθΐίυῐη
1432 2957 1648 3030 veniat.
1707 2963 1761 3016 ει
1826 2973 1929 3032 Der
2008 2966 2292 3038 diximus,
2325 2981 2424 3024 an.
2455 2965 2593 3024 10116
2629 2964 2969 3039 imperatrix
3003 2972 3312 3026 coronata:
3357 2981 3490 3040 quas
3518 2966 3722 3042 inique

211 3053 338 3126 ejus
361 3067 606 3112 manum
640 3049 930 3124 quidquid
951 3048 1242 3124 agendum
1282 3052 1386 3113 est,
1423 3046 1540 3106 ﬁat.
1576 3069 1597 3096 ο
1635 3045 1930 3105 Hactenus
2010 3055 2184 3115 etiam
2234 3053 2446 3114 tulerat
2489 3054 2708 3128 absque
2759 3053 2989 3113 licentia
3035 3069 3163 3126 sua,
3209 3058 3270 3112 .et
3310 3054 3419 3113 lilii
3464 3061 3722 3116 creatum

212 3157 302 3217 ep.
333 3141 656 3202 Alexandri
693 3141 768 3201 II.
799 3140 954 3200 Inter
991 3139 1108 3199 alia
1147 3148 1272 3200 tum
1309 3137 1585 3212 praeclare
1622 3138 1683 3196 in
1722 3137 1929 3198 Galliis
1952 3146 2193 3220 “fuisse
2233 3160 2440 3220 papam
2478 3144 2882 3205 Alexandrum
2917 3145 2996 3218 II,
3037 3152 3092 3205 et
3127 3149 3327 3204 contra
3363 3161 3499 3206 eum
3537 3148 3727 3209 adlisa.

213 3252 247 3293 a
286 3234 351 3293 B.
385 3235 561 3294 Petro
589 3238 826 3307 patrata,
863 3233 1145 3294 sententia
1191 3231 1582 3291 exsecutionis
1623 3245 1757 3289 cum
1796 3227 1928 3290 aliis
1952 3227 2163 3296 userat
2224 3237 2560 3310 faveratque
2630 3235 2875 3296 Gadaloo
2934 3237 3316 3311 pseudopapze
3374 3257 3387 3297 :
3449 3254 3553 3312 pro
3610 3255 3727 3315 quo

214 3323 496 3399 episcopis
527 3324 589 3384 in
624 3321 1015 3396 Reginaldum
1051 3321 1388 3382 monasterii
1429 3320 1487 3380 S.
1535 3318 1795 3380 Medardi
1833 3318 1929 3378 in-

2043 3327 2222 3388 telicto
2273 3325 2567 3402 expiando
2602 3324 2846 3384 Romam
2885 3325 3044 3383 venit
3081 3325 3154 3384 ad
3197 3325 3402 3385 limina
3436 3328 3726 3401 apostolo-

218 3433 484 3477 vasorem
533 3415 649 3474 lata
697 3419 802 3486 est,
843 3429 1022 3489 quam
1061 3414 1399 3473 Alexander
1435 3413 1511 3486 II,
1552 3412 1792 3487 epistola
1837 3409 1926 3482 22,
2016 3432 2169 3487 rum,
2199 3416 2303 3474 ubi
2347 3431 2453 3475 usa
2490 3418 2577 3474 est
2612 3413 2857 3472 concilio
2889 3411 2954 3471 B.
2997 3412 3151 3472 Petri
3181 3412 3346 3474 Dam.
3397 3415 3461 3473 in
3505 3423 3727 3489 patrem

217 3509 289 3566 ad
338 3507 690 3567 Gervasium
725 3504 1222 3580 archiepiscopum
1258 3506 1500 3580 ejusque
1537 3505 1934 3578 suti‘raganeos
2019 3507 2375 3582 spiritualem
2439 3504 2744 3579 assumpti,
2810 3503 2910 3562 cui
2971 3503 3170 3564 omnia
3230 3521 3339 3574 sua
3406 3515 3636 3578 peccata
3695 3526 3732 3569 a

221 3599 352 3657 data
404 3598 730 3667 confirmat,
770 3611 1015 3671 eamque
1049 3595 1411 3656 exsecutioni
1458 3595 1721 3654 mandari
1781 3609 1932 3668 prae-

217 3688 377 3763 cipit.
406 3687 730 3763 Epistulam
760 3685 1056 3746 brevitatis
1084 3699 1258 3744 causa
1282 3685 1505 3744 omitto.

291 3783 381 3841 34.
421 3780 646 3840 Iterum
689 3785 848 3838 trans
882 3778 1060 3853 Alpes
1099 3778 1322 3853 legatus
1372 3784 1459 3836 est
1499 3777 1566 3836 B.
1615 3777 1819 3842 Petrus
1863 3776 1936 3844 ad

225 3873 548 3935 Henricum
598 3887 815 3946 regem,
849 3885 983 3930 cum
1032 3869 1083 3928 is
1115 3869 1369 3945 juvenili
1409 3869 1605 3929 furore
1643 3870 1934 3944 abreptus,

224 3965 459 4023 Bertam
498 3961 824 4036 coniugem,
863 3975 1040 4036 quam
1079 3964 1215 4018 ante
1250 3958 1559 4019 biennium
1591 3959 1654 4016 in
1693 3973 1940 4017 uxorem

225 4055 498 4126 duxerat,
549 4053 838 4113 statuisset
889 4050 1215 4126 repudiare.
1265 4050 1606 4110 Lambertus
1658 4048 1942 4109 Schafna-

225 4143 557 4220 burgensis,
589 4142 696 4216 qui
723 4149 848 4202 tum
881 4141 1130 4213 vivebat,
1161 4155 1286 4200 rem
1317 4145 1538 4213 gestam
1563 4139 1626 4196 in
1654 4135 1944 4196 Chronico

228 4233 298 4293 ad
353 4245 583 4291 annum
636 4228 774 4288 1069
813 4242 930 4303 quo
981 4227 1243 4301 contigit,
1305 4227 1386 4285 ita
1435 4231 1630 4284 narrat
1686 4244 1702 4284 :
1757 4225 1947 4284 «Post

229 4323 608 4382 Pentecosten
655 4333 760 4378 rex
811 4317 1157 4378 Wormatiae
1202 4332 1338 4376 cum
1380 4316 1742 4391 principibus
1782 4314 1946 4390 regni

225 4410 594 4484 colloquium
631 4407 856 4466 habuit.
899 4407 986 4466 ibi
1026 4408 1283 4480 primum
1338 4421 1475 4465 cum
1511 4405 1778 4480 episcopo
1821 4403 1950 4463 Mo-

229 4503 480 4576 guntino
527 4516 652 4560 rem
699 4505 915 4559 secreto
962 4500 1098 4572 agit,
1139 4499 1382 4574 ejusque
1433 4514 1604 4572 opem
1651 4498 1722 4555 ad
1777 4499 1948 4571 perti-

227 4558 530 4662 cciendum,
553 4589 708 4664 quod
733 4595 924 4648 mente
944 4558 1337 4659 machin'etui',
1367 4558 1583 4646 obnixe
1611 4586 1692 4644 im
1701 4558 1947 4661 plorat...
1965 4558 2014 4617 D

233 4681 541 4758 Synodum
619 4679 977 4740 conﬁciendo
1050 4681 1280 4754 negotio
1345 4679 1565 4738 indixit
1635 4677 1951 4752 Moguntim

229 4775 506 4848 proxima
571 4779 700 4846 post
753 4773 963 4831 festum
1030 4773 1090 4832 S.
1147 4772 1448 4832 Michaelis
1497 4770 1947 4830 hebdomada....

231 4863 588 4923 Imminente
632 4865 750 4938 jam
801 4864 914 4930 die,
957 4863 1060 4936 qui
1117 4863 1435 4922 scindendo
1473 4863 1624 4935 regis
1679 4861 1952 4936 conjugis

230 4953 423 5013 dictus
475 4954 684 5024 fuerat,
738 4967 844 5010 rex
893 4949 1251 5025 Moguntiam
1289 4951 1552 5010 concitus
1589 4948 1949 5023 properabat.

233 5042 303 5100 Et
330 5059 463 5102 ecce
502 5041 654 5100 inter
701 5042 964 5100 eundum
1002 5041 1281 5114 comperit
1318 5039 1572 5112 legatum
1612 5037 1764 5096 sedis
1816 5052 1950 5109 apo-

229 5132 453 5191 stolicm
520 5147 694 5191 suum
741 5129 1058 5204 Moguntina
1097 5131 1410 5188 adventum
1464 5126 1797 5201 prmstolari,
1847 5125 1953 5200 qui

229 5221 552 5280 discidium
604 5221 732 5280 fieri
788 5221 1112 5296 prohibeat,
1169 5227 1225 5279 et
1293 5220 1558 5293 episcopo
1613 5216 1953 5292 Moguntino

229 5311 570 5386 apostolica:
633 5310 1156 5370 animadversionis
1219 5309 1561 5368 sententiam
1630 5309 1950 5378 minitetur,

233 5399 398 5475 quod
449 5407 567 5458 tam
603 5399 844 5458 nefariae
882 5398 1260 5473 separationis
1305 5412 1365 5454 se
1402 5403 1693 5455 auctorem
1734 5396 1952 5468 promi-

235 5491 396 5549 serit.
451 5490 868 5548 Consternatus
915 5488 1090 5558 illico,
1138 5486 1289 5560 quod
1328 5502 1450 5546 rem
1485 5487 1587 5544 diu
1627 5492 1955 5560 exoptatam

235 5582 587 5655 perdidisset
615 5599 651 5641 e
678 5581 970 5652 manibus,
1002 5581 1215 5654 pariter
1243 5594 1359 5654 quo
1398 5583 1632 5637 venerat
1671 5577 1734 5635 in
1769 5576 1954 5636 Saxo-

239 5674 407 5734 niam
453 5673 647 5734 redire
683 5672 930 5733 volebat.
971 5671 1088 5732 Vix
1123 5675 1181 5732 et
1219 5686 1370 5747 aegre
1403 5675 1596 5730 tamen
1634 5670 1952 5731 amicorum

2023 3597 2208 3670 prima
2246 3595 2491 3653 infantia
2546 3596 2762 3668 patrata
2808 3591 3070 3650 confessa
3126 3598 3230 3651 est.
3290 3593 3429 3664 Quae
3488 3595 3733 3669 ipsemet

2024 3687 2089 3746 Β.
2121 3688 2325 3746 Petrus
2363 3690 2606 3744 testatur
2628 3682 2904 3757 opusculo
2928 3696 3028 3755 LVI
3057 3683 3139 3752 De
3165 3683 3327 3744 ﬂuxa
3355 3687 3566 3746 mundi
3602 3688 3734 3763 glo-

2023 3776 2110 3835 ria
2144 3781 2204 3835 et
2239 3774 2442 3834 saeculi
2477 3772 2846 3848 despectinne
2879 3773 2969 3832 illi
3007 3774 3286 3850 inscripto
3325 3791 3455 3852 cap.
3507 3779 3562 3839 5.
3605 3780 3730 3840 Ex.

2027 3871 2180 3927 stant
2248 3872 2303 3926 et
2350 3872 2604 3941 quatuor
2653 3865 2916 3939 ejusdem
2964 3866 3036 3925 ad
3087 3866 3241 3925 hanc
3307 3867 3734 3943 imperatricem

2028 3958 2285 4033 epistolae
2322 3958 2364 4018 l.
2407 3969 2511 4030 VII,
2551 3958 2613 4016 in
2653 3972 2901 4032 quarum
2941 3956 3145 4017 ultima
3173 3959 3440 4020 eamdem
3486 3962 3545 4021 in
3587 3965 3736 4024 Ger-

2029 4049 2284 4108 maniam
2343 4050 2655 4122 profectam
2717 4049 2998 4123 hortatur,
3059 4056 3124 4111 ut
3190 4051 3435 4112 Romam
3495 4054 3733 4116 redeat:

2031 4138 2185 4214 quod
2218 4145 2274 4198 et
2318 4138 2471 4211 fecit,
2507 4155 2574 4198 ac
2613 4138 2814 4199 Romae
2855 4154 3225 4214 permanens,
3259 4145 3558 4206 sanctitate
3595 4162 3733 4206 con-

2033 4228 2232 4302 spicua
2259 4243 2293 4287 e
2321 4227 2436 4286 vita
2465 4228 2708 4289 decessit
2730 4243 2888 4288 anno
2918 4229 3073 4290 1077.

2790 4376 2818 4445 Ξ
2875 4372 2966 4436 VI.

2790 4406 2816 4445 ν,
2883 4406 2904 4434 v
2922 4406 2966 4436 ι.

2038 4474 2258 4543 Legatio
2319 4475 2474 4530 Beati
2529 4475 2676 4530 Pet-ri
2741 4406 2818 4528 ac;
2876 4474 3213 4533 Florentinos
3274 4483 3324 4536 et
3377 4482 3736 4558 Ravennates,

2465 4562 2663 4627 obitus,
2688 4564 2993 4634 sepultura,
3024 4567 3315 4623 veneratio.

2105 4678 2194 4737 36.
2227 4677 2293 4735 In
2341 4677 2505 4737 Italia
2539 4675 2760 4737 ultimis
2806 4674 2940 4734 vitae
2980 4693 3104 4736 suae
3149 4680 3320 4738 annis
3367 4680 3548 4741 multa
3592 4698 3739 4757 pras-

2035 4766 2183 4826 clara
2231 4767 2347 4841 egit
2381 4766 2445 4828 B.
2482 4767 2708 4840 Petrus,
2751 4781 3005 4841 quorum
3049 4767 3163 4826 alia
3192 4784 3314 4843 cap.
3353 4769 3389 4829 8
3425 4778 3481 4830 et
3526 4773 3561 4832 9
3592 4773 3742 4834 Vitae

2036 4862 2366 4927 narrantur,
2415 4855 2532 4915 alia
2579 4855 2703 4913 illic
2751 4855 2966 4914 omissa
3005 4857 3204 4930 paucis
3238 4860 3332 4918 hic
3376 4863 3734 4938 attingimus.

2036 4945 2310 5020 Magnum
2338 4943 2490 5003 circa
2525 4959 2751 5004 annum
2788 4942 2926 5003 1063
2961 4945 3280 5005 conﬂatum
3307 4955 3396 5006 est
3432 4951 3496 5008 in
3544 4951 3740 5012 Eccle-

2037 5034 2118 5091 sia
2170 5034 2504 5094 Florentina
2557 5035 2832 5109 schisma,
2885 5034 3306 5096 dissidentibus
3351 5038 3425 5097 ab
3473 5041 3741 5118 episeopo

2039 5121 2356 5193 monachis,
2421 5122 2574 5182 inter
2637 5140 2786 5200 quos
2863 5125 3121 5200 primum
3204 5123 3394 5184 locum
3480 5131 3741 5191 tenuisse

2043 5211 2100 5273 S.
2131 5213 2414 5273 Joannem
2425 5212 2828 5287 Gualbertum,
2842 5215 3064 5274 ordinis
3084 5213 3266 5274 Vallis
3287 5214 3586 5278 Umbrosa:
3605 5221 3740 5281 fun-

2037 5304 2313 5374 datorem,
2353 5303 2416 5363 in
2470 5303 2600 5364 Vita
2654 5305 2857 5378 ipsius,
2912 5305 2985 5364 ad
3055 5307 3120 5364 12
3171 5307 3318 5366 Julii
3371 5309 3738 5388 illustranda,

2039 5393 2313 5453 asseritur
2350 5395 2443 5453 his
2480 5394 2673 5455 verbis
2720 5415 2731 5454 :
2789 5417 2818 5449 «
2849 5395 2951 5454 Vir
3000 5395 3202 5457 beatus
3234 5401 3568 5476 episcopum
3603 5404 3739 5464 Flo-

2042 5485 2356 5556 rentinum,
2396 5486 2637 5546 nomine
2679 5487 2932 5559 Petrum,
2971 5489 3154 5562 patria
3191 5490 3582 5565 Ticinensem,
3620 5511 3741 5555 non

2042 5577 2231 5636 solum
2285 5576 2574 5650 simoniae,
2632 5577 2732 5638 sed
2783 5579 2959 5639 etiam
3007 5581 3268 5655 haeresis,
3316 5589 3546 5658 propter
3587 5584 3740 5644 illud

2041 5667 2256 5729 vitium
2306 5682 2463 5730 cum
2489 5667 2612 5732 suis
2649 5668 2928 5733 fratribus
2963 5686 3128 5735 reum
3161 5672 3472 5747 asserebat,
3512 5689 3620 5735 nec
3665 5676 3743 5737 ab
