4106 6204
369 364 468 426 111

1278 359 1337 419 S.
1378 359 1671 420 PETRUS
1709 359 2104 421 DAMIANUS
2145 360 2204 420 S.
2247 361 2318 420 Η.
2359 361 2426 421 Ε.
2469 361 2952 424 UARDINALIS.

3769 366 3873 426 112

362 506 431 550 eo
458 492 814 548 sacramenta
840 483 1207 558 percipienda
1235 482 1504 542 dictabat.
1537 482 1677 541 Inde
1717 499 1854 542 vero
1886 483 2130 546 vehe-A
2153 482 2478 544 lianensem
2502 485 2567 543 in
2596 484 2801 545 Galliis
2825 487 3001 559 episc.
3040 486 3211 560 cujus
3256 484 3511 547 Ecclesia
3549 487 3624 547 ab
3648 487 3869 564 impro-

363 593 532 638 mens
575 582 698 635 orta
730 580 816 632 est
860 570 1150 630 contentio
1192 568 1253 628 in
1287 569 1440 630 clero
1478 578 1535 630 et
1574 572 1787 645 populo
1838 572 2075 632 Floren-
2161 575 2248 633 bis
2296 580 2524 645 vexata,
2552 574 2756 634 multis
2796 575 3191 635 calamitatum
3223 576 3491 649 procellis
3527 583 3584 636 et
3613 578 3871 638 turbini-

363 668 508 737 tino,
539 664 669 724 aliis
701 662 1035 737 episcopum
1067 658 1530 731 defendentibus,
1572 661 1711 719 aliis
1760 662 2076 720 monachos

362 753 757 822 laudantibus,
801 750 954 824 quod
1008 754 1164 807 tanta
1203 746 1465 807 libertate
1516 748 1669 807 illud
1722 749 1932 808 vitium
1971 749 2074 807 de-

362 848 728 902 testarentur.
771 863 790 888 -
828 838 900 896 Et
949 837 1200 912 episcopi
1243 853 1477 910 parens,
1512 844 1711 910 utpote
1753 840 1906 895 homo
1935 842 2070 894 sim-

353 933 716 1004 plicissimus,
771 924 951 985 falsus
1012 925 1225 983 dicitur
1283 940 1344 982 se
1395 929 1513 995 regi
1564 932 1645 981 ter
1687 929 1841 982 mille
1898 928 2070 983 libras

360 1023 592 1077 dedisse.
638 1014 973 1075 Alexander
1014 1011 1089 1083 II,
1133 1013 1308 1071 misso
1336 1012 1401 1071 B.
1436 1013 1602 1072 Petro
1631 1015 1935 1081 Damiano,
1972 1030 2069 1073 co-

360 1116 530 1167 natus
557 1113 644 1166 est
668 1111 857 1180 partes
886 1103 1232 1161 dissidentes
1258 1102 1586 1175 conciliare,
1613 1103 1706 1161 sed
1751 1119 1812 1161 re
1857 1104 2069 1163 infecta

356 1205 588 1258 coactus
627 1203 714 1253 est
760 1193 966 1252 redire.
1023 1193 1324 1250 Adversus
1363 1192 1675 1251 monachos
1704 1194 1926 1266 agebat,
1963 1196 2067 1269 qui

355 1290 689 1363 episcopum
768 1299 968 1355 suum,
1028 1282 1278 1341 necdum
1345 1282 1418 1340 ab
1481 1282 1733 1341 Ecclesia
1785 1285 2065 1344 catholica

353 1374 821 1448 condemnatum,
880 1374 1195 1432 clamarent
1241 1388 1365 1431 esse
1436 1374 1764 1439 vitandum,
1822 1376 2063 1434 benedi-

355 1467 574 1527 ctiones
624 1464 786 1523 illius
849 1470 905 1521 et
950 1469 1305 1521 sacramenta
1342 1476 1467 1520 esse
1539 1462 1977 1522 maledictiones
2008 1471 2063 1524 et

354 1557 652 1629 sacrilegia
685 1579 698 1613 :
741 1570 807 1612 ac
854 1562 1148 1627 propterea
1179 1553 1553 1627 prohiberent
1590 1554 1871 1627 populum
1912 1556 2059 1615 acci-

354 1663 490 1720 pere
535 1651 893 1703 sacramenta
929 1642 1001 1700 ab
1048 1642 1335 1716 episcopo,
1383 1647 1484 1701 aut
1526 1642 1805 1701 ordinatis
1850 1644 1924 1702 ab
1970 1660 2058 1703 eo.

351 1736 507 1794 Hinc
539 1734 779 1808 plurimi
799 1733 1016 1809 absque
1046 1738 1404 1791 sacramento
1436 1733 1804 1792 eucharistim
1845 1734 2048 1793 morie-

2156 665 2265 724 bus
2323 663 2667 737 agitabatur,
2715 663 2903 723 eidem
2949 671 3216 725 accurate
3253 666 3619 726 commendat
3652 686 3665 725 :
3697 669 3868 728 modo

2154 753 2492 827 deprecatur
2524 768 2627 827 pro
2670 752 3008 812 Ravennate
3055 754 3230 828 episc.
3263 761 3329 814 ut
3364 756 3439 814 ab
3481 756 3866 816 anathematis

2154 843 2394 903 vinculo
2437 844 2711 903 solvatur.
2771 866 2793 897 α
2846 843 3166 917 Indignum
3222 846 3437 920 quippe
3489 853 3595 917 est,
3644 847 3746 916 ait,
3804 854 3867 908 ut

2150 943 2379 1010 propter
2402 935 2579 994 unius
2610 934 3018 993 homuncionis
3042 935 3342 1003 offensam,
3377 942 3491 994 tam
3521 935 3861 996 innumera-

2152 1023 2286 1083 bilis
2316 1023 2629 1083 multitudo
2662 1023 2974 1083 hominum
2999 1023 3285 1094 depereat,
3308 1030 3363 1082 et
3390 1030 3616 1084 tantum
3638 1024 3859 1084 Christi

2151 1114 2426 1185 laborem,
2462 1129 2563 1187 pro
2592 1129 2708 1188 quo
2737 1113 3054 1187 pretiosum
3086 1113 3436 1187 sanguinem
3464 1115 3633 1183 fudit,
3676 1130 3742 1174 ac
3779 1121 3861 1175 tot

2151 1202 2551 1262 innocentium
2605 1202 2830 1261 animas
2898 1202 3245 1261 miserandae
3327 1203 3507 1263 unius
3592 1219 3858 1277 personae

2149 1291 2319 1365 culpa
2357 1291 2673 1350 subvertat.
2711 1315 2731 1343 ι
2785 1291 2920 1350 Erat
2968 1292 3017 1349 is
3064 1292 3358 1353 Henricus
3398 1299 3624 1351 creatus
3667 1294 3859 1352 archi-

2148 1380 2320 1455 episc.
2367 1396 2505 1438 ann.
2566 1379 2720 1449 1051,
2779 1386 3042 1439 mortuus
3090 1381 3240 1438 circa
3289 1396 3386 1439 an.
3448 1381 3597 1441 l070.
3657 1382 3738 1440 De
3791 1396 3859 1440 eo

2147 1469 2478 1527 Alexander
2521 1468 2786 1542 pontifex
2814 1468 3074 1528 scribens
3111 1469 3182 1527 ad
3228 1468 3604 1529 Valerianum
3633 1472 3857 1544 episco-

2146 1573 2286 1632 pum
2316 1577 2329 1615 :
2364 1580 2385 1609 «
2416 1557 2779 1631 Stupuimus,
2805 1557 3022 1632 inquit,
3048 1558 3204 1633 quod
3228 1558 3515 1619 Henricus
3545 1560 3855 1619 Ravennae

2146 1647 2334 1706 dictus
2373 1648 2857 1721 archiepiscopus,
2888 1648 3072 1708 nixus
3116 1649 3190 1708 sit
3232 1656 3284 1708 te
3323 1651 3853 1711 excommunicare.

2145 1736 2364 1795 Verum
2419 1736 2558 1809 quia
2635 1737 3174 1796 excommunicatus
3228 1742 3281 1796 te
3353 1739 3857 1797 excommunicare

350 1828 586 1897 bantur,
626 1840 816 1899 neque
843 1823 1112 1896 baptizati
1148 1822 1460 1881 chrismate
1499 1823 1889 1897 angebantur.
1919 1823 2059 1883 Haec
2083 1835 2266 1896 Bnon
2318 1827 2521 1901 potuit,
2572 1827 2881 1900 apostolica
2954 1827 3290 1886 auctoritate
3347 1835 3418 1899 te,
3478 1836 3722 1903 tuosque
3746 1830 3852 1888 ab-

351 1914 417 1973 B.
449 1913 656 1972 Petrus
694 1908 974 1984 opusculo
1019 1922 1147 1969 xxx
1191 1908 1273 1966 De
1301 1910 1676 1968 sacramentis
1710 1926 1811 1984 per
1841 1911 2059 1984 impro-

352 2001 456 2059 bos
479 1997 901 2057 administratis
945 1997 1055 2055 late
1081 1996 1334 2068 deducit,
1366 1997 1521 2072 quod
1549 1997 1908 2057 Florentinis
1946 1999 2056 2057 mi-

352 2088 444 2147 sit.
494 2087 750 2161 Correpti
790 2087 1058 2145 monachi
1093 2089 1246 2159 justa
1283 2086 1346 2144 B.
1389 2087 1541 2145 Petri
1589 2088 2056 2160 reprehensione,

351 2177 505 2253 quod
532 2177 654 2235 zelo
688 2191 805 2233 non
833 2183 983 2234 recte
1021 2176 1287 2234 ordinato
1318 2179 1606 2249 prosecuti
1650 2193 1886 2236 causam
1935 2178 2060 2252 epi-

350 2266 507 2340 scopi
553 2270 763 2335 essent,
806 2264 1051 2323 Romam
1099 2260 1359 2337 profecti,
1394 2280 1585 2324 coram
1624 2266 1895 2339 pontiﬁce
1944 2268 2062 2340 epi-

348 2369 589 2428 scopum
643 2361 1006 2422 accusarunt,
1070 2361 1126 2411 et
1211 2352 1414 2411 Petrus
1490 2354 1811 2412 monachus
1879 2353 2061 2413 Vallis

352 2445 671 2513 Umbrosze,
729 2448 856 2514 post
900 2441 1251 2500 sacrificium
1299 2442 1515 2514 missae,
1567 2442 1808 2501 indutus
1867 2444 2061 2503 adhuc

348 2536 607 2595 vestibus
657 2532 854 2604 sacris,
912 2532 1103 2591 solum
1153 2533 1351 2591 casula
1389 2533 1668 2606 deposita,
1710 2550 1815 2608 per
1862 2535 2059 2608 ignem

347 2625 571 2685 illaesus
619 2623 847 2682 transiit
888 2622 1019 2680 :uti
1077 2621 1346 2695 pluribus
1398 2623 1671 2682 describit
1729 2624 2060 2684 Desiderius

347 2714 524 2773 abbas
553 2711 899 2782 Casinensis,
942 2711 1044 2784 qui
1085 2710 1356 2769 eumdem
1390 2711 1624 2770 Petrum
1662 2712 1836 2785 episc.
1879 2713 2059 2772 Alba-

2148 1915 2442 1987 solvendo,
2500 1915 2849 1974 mandamus
2899 1914 3114 1973 exinde
3154 1931 3268 1973 non
3316 1931 3535 1975 curare.
3582 1941 3609 1966 κ
3654 1916 3741 1974 Ita
3776 1934 3857 1975 ex

2144 2004 2345 2077 Ivone,
2401 2011 2459 2063 et
2511 2003 2783 2063 Gratiano
2848 2004 3125 2077 Rubaaus,
3185 2011 3241 2064 et
3306 2005 3509 2079 Ughel.
3578 2028 3601 2055 η
3664 2005 3861 2064 Profa~

2144 2100 2343 2150 natore
2395 2090 2643 2163 sublato,
2671 2117 2697 2141 ››
2740 2091 2827 2151 uti
2876 2093 3017 2150 Acta
3048 2093 3219 2151 infra
3254 2093 3486 2163 habent,
3540 2108 3705 2152 num.
3761 2095 3856 2165 49,

2148 2200 2179 2235 ι
2198 2181 2371 2254 jussu
2417 2180 2739 2241 Alexandri
2782 2181 2838 2240 II
2876 2181 3216 2241 Ravennam
3252 2181 3538 2255 proﬁcisci
3589 2183 3860 2257 praecipi-

2148 2276 2259 2331 tur.
2317 2271 2502 2342 Quam
2545 2272 2913 2344 legationem,
2971 2272 3105 2331 licet
3149 2272 3272 2347 jam
3320 2279 3487 2332 aetate
3534 2274 3859 2344 confectus,

2145 2364 2414 2436 suscepit.
2454 2385 2476 2414 ι

2214 2450 2304 2510 38.
2342 2474 2368 2498 ‹‹
2401 2450 2545 2526 Istis,
2578 2464 2737 2521 vero,
2766 2470 2797 2504 »
2843 2456 2907 2509 ut
2946 2465 3110 2510 num.
3142 2450 3214 2509 49
3247 2449 3502 2523 additur,
3550 2473 3573 2504 ι
3607 2449 3856 2525 aliisque

2144 2537 2445 2596 nonnullis
2500 2539 2745 2612 negotiis
2806 2538 3063 2613 patratis,
3120 2554 3255 2597 cum
3317 2539 3503 2613 prima
3547 2538 3856 2597 mansione

2144 2628 2476 2687 Faventiam
2535 2627 2832 2698 tenuisset,
2888 2628 3046 2687 febre
3101 2636 3396 2702 correptus
3445 2629 3742 2699 decubuit,
3796 2635 3855 2688 et

2143 2715 2238 2773 die
2285 2715 2683 2774 anniversaria
2737 2716 3024 2775 cathedrae
3080 2715 3138 2776 S.
3197 2715 3371 2788 Petri,
3425 2716 3691 2790 spiritum
3738 2716 3859 2776 Deo

348 2818 612 2875 nensem,
652 2803 795 2863 dum
837 2801 1130 2872 scriberet,
1163 2800 1354 2860 adhuc
1396 2801 1752 2876 superfuisse
1788 2802 2055 2863 aﬂirmat.
2143 2804 2408 2863 reddidit.
2444 2830 2470 2854 κ
2509 2807 2748 2863 Annum
2779 2804 2970 2863 obitus
3001 2805 3285 2879 expressit
3318 2804 3667 2865 Bertholdus
3696 2805 3854 2865 Cou-

348 2894 560 2953 Baron.
624 2893 696 2951 ad
755 2907 849 2950 an.
908 2890 1064 2963 1063,
1122 2906 1288 2950 num.
1343 2891 1431 2961 58,
1487 2892 1709 2963 asserit,
1769 2915 1790 2943 α
1827 2888 2083 2952 Petrum
2143 2895 2492 2965 stantiensis,
2545 2903 2763 2967 auctor,
2823 2902 2889 2954 ut
2933 2911 3108 2970 supra
3158 2895 3539 2968 ostendimus,
3595 2910 3851 2966 coaevus,

345 2983 748 3043 Florentinum
814 2981 1167 3056 episcopum,
1209 3002 1239 3036 »
1289 2998 1463 3057 quem
1516 2984 1660 3042 Acta
1706 2983 1764 3043 S.
1819 2984 2059 3043 Joannis
2142 2983 2342 3056 quiin
2387 2990 2601 3043 auctar.
2661 2983 2731 3041 ad
2791 2983 3112 3043 Hermann.
3168 2983 3534 3042 Contractum
3584 2984 3658 3042 ad
3710 2999 3853 3041 ann.

345 3072 647 3133 Gualberti
676 3073 913 3132 tradunt
940 3072 1013 3130 ab
1048 3095 1070 3123 ι
1107 3071 1441 3131 Alexandro
1488 3073 1760 3147 pontiﬁce
1800 3074 1872 3132 de
1896 3075 2057 3133 omni
2146 3073 2282 3132 1072
2320 3073 2430 3131 ista
2466 3073 2707 3132 scribit:
2762 3095 2789 3123 ιι
2824 3073 3027 3134 Petrus
3079 3074 3367 3144 Damiani,
3398 3074 3511 3147 pias
3556 3073 3859 3133 memoriae

342 3165 650 3239 episcopali
713 3164 902 3225 oﬂicio
960 3163 1287 3238 depositum
1344 3165 1543 3236 fuisse,
1599 3189 1624 3215 η
1689 3166 2110 3260 postmodumc
2141 3164 2451 3223 cardinalis
2496 3165 2815 3240 episc0pus,
2859 3166 3209 3240 jamdudum
3249 3166 3466 3225 mundo
3502 3166 3853 3238 crucifixus,

342 3275 371 3309 ‹‹
407 3252 841 3313 reconciliatum
878 3253 1076 3324 fuisse,
1110 3260 1165 3312 et
1207 3255 1270 3312 in
1310 3253 1780 3312 communionem
1829 3255 1902 3312 ab
1946 3252 2110 3314 iis-'
2140 3254 2407 3327 migravit
2428 3255 2500 3312 ad
2524 3253 2838 3313 Dominum
2861 3266 2944 3312 VII
2970 3254 3215 3313 Kalend.
3239 3253 3428 3323 Mart.,
3452 3254 3549 3312 cui
3570 3252 3854 3312 dominus

337 3342 471 3402 dem
513 3342 811 3401 monachis
859 3348 1181 3415 receptum;
1220 3367 1248 3391 ››
1292 3343 1447 3415 quod
1492 3340 1698 3415 Ughel.
1746 3342 1810 3400 in
1856 3343 2046 3416 Episc.
2136 3346 2441 3418 Geroldus,
2485 3361 2685 3405 revera
2738 3347 3079 3416 monachus,
3126 3343 3365 3404 scientia
3413 3343 3852 3417 Scripturarum

334 3432 687 3493 Florentinis
714 3440 854 3492 tom.
884 3432 968 3491 III
994 3432 1122 3491 Ital.
1151 3447 1328 3491 sacra;
1363 3437 1553 3506 negat,
1576 3431 1673 3491 sed
1703 3432 1886 3492 alium
1910 3448 2049 3492 mox
2133 3432 2405 3508 insignis,
2456 3441 2512 3492 et
2557 3434 2822 3494 moribus
2868 3449 2972 3494 suo
3012 3430 3421 3507 praedecessori
3465 3446 3585 3489 non
3629 3430 3850 3503 impar,

334 3523 713 3583 substitutum
770 3521 944 3597 episc.
1007 3522 1180 3581 etiam
1234 3526 1455 3579 Petrum
1504 3522 1764 3593 nomine,
1818 3527 2052 3581 conten-
2132 3520 2194 3578 in
2252 3522 2580 3595 episcopatu
2631 3522 2921 3581 successit.
2972 3544 2998 3572 υ
3066 3519 3207 3577 Haec
3261 3516 3626 3577 Bertholdus.
3700 3517 3852 3588 Quae

333 3613 437 3673 dit.

403 3704 490 3763 37.
527 3704 835 3764 Occasione
882 3702 1063 3778 hujus
1111 3702 1364 3778 episcopi
1416 3702 1737 3762 Florentini
1794 3701 2047 3762 celebra-

328 3799 457 3852 tum
485 3798 571 3851 est
603 3793 805 3851 Romae
833 3792 1147 3851 concilium
1173 3801 1426 3861 centum,
1456 3798 1509 3849 et
1538 3792 1790 3865 amplius
1830 3792 2049 3865 episco-

327 3897 536 3956 porum
570 3881 853 3941 adversus
888 3881 1232 3940 simoniacos
1265 3898 1279 3936 :
1328 3881 1430 3939 ubi
1463 3888 1517 3938 et
1545 3897 1764 3939 canone
1795 3881 1831 3940 4
1866 3888 2049 3939 statu-

330 3980 456 4031 tum
494 3978 598 4043 est,
641 3978 705 4031 ut
732 3971 924 4030 clerici
963 3970 1142 4029 simul
1174 3969 1588 4028 manducarent
1615 3977 1671 4028 et
1706 3970 2045 4044 dormirent,

325 4061 591 4135 bonaque
638 4061 701 4120 in
751 4060 1048 4120 communi
1120 4057 1478 4133 possiderent
1535 4077 1548 4115 :
1600 4061 1754 4133 quod
1832 4060 2043 4119 Baron.

323 4166 399 4207 an
431 4149 586 4221 1063,
616 4165 783 4209 num.
824 4151 913 4221 37,
937 4148 1140 4207 asserit
1180 4171 1207 4198 α
1241 4148 1454 4205 factum
1498 4150 1866 4222 suggestione
1894 4150 2046 4209 Petri

320 4236 612 4307 Damiani,
669 4236 893 4311 scriptis
946 4237 1069 4295 suis
1120 4235 1520 4295 Alexandrum
1579 4237 1911 4310 pontificem
1974 4238 2044 4296 ad

324 4329 451 4386 haec
512 4326 823 4385 sancienda
900 4328 1203 4399 rogantis;
1263 4351 1290 4379 υ
1338 4326 1553 4386 scilicet
1619 4342 1817 4402 opusc.
1890 4339 2046 4390 XXIV

324 4422 524 4475 contra
612 4416 851 4474 clericos
920 4416 1344 4490 proprietarios.
1450 4416 1653 4475 Eidem
1754 4416 2046 4489 inscripsit

325 4519 521 4578 opusc.
554 4516 709 4563 XXIII
740 4505 821 4564 De
858 4505 1137 4564 brevitate
1162 4506 1299 4563 vitae
1327 4505 1668 4578 pontificum
1699 4504 2039 4575 Romanor.,

325 4602 382 4653 et
404 4593 607 4652 divina
641 4594 997 4668 providentia
1027 4612 1041 4651 :
1084 4610 1150 4653 ac
1182 4610 1287 4668 pro
1324 4594 1524 4652 eodem
1556 4595 1625 4651 ad
1659 4594 2042 4668 quzestioncm

326 4683 633 4758 cujusdam
684 4682 1024 4756 patriarchae
1079 4683 1259 4741 edidit
1311 4699 1505 4757 opusc.
1557 4694 1804 4741 XXXVIII
1844 4689 2043 4741 contra

326 4788 582 4832 errorem
625 4770 958 4830 Graecorum
1005 4770 1075 4829 de
1131 4772 1491 4844 processione
1542 4770 1795 4845 Spiritus
1835 4770 2038 4846 sancti.

325 4861 606 4934 Ejusdem
649 4859 941 4935 pontiﬁcis
993 4859 1231 4919 nomine
1272 4867 1479 4932 exstat,
1510 4860 1676 4933 epist.
1717 4860 1750 4916 7
1791 4859 1929 4918 libri
1975 4872 2036 4932 v,

2068 4552 2118 4611 D

2132 3610 2407 3682 praeclare
2445 3627 2581 3670 cum
2620 3611 2751 3670 Vita
2774 3610 2847 3670 Β.
2895 3610 3045 3669 Petri
3084 3607 3474 3678 consentiunt,
3512 3614 3578 3665 ut
3623 3607 3851 3666 mirum

2132 3700 2225 3770 sit,
2266 3716 2301 3759 a
2339 3701 2636 3773 Fortunio,
2688 3701 2909 3771 Rubeo,
2956 3699 3280 3769 Ricordato,
3332 3695 3550 3756 Wione
3594 3696 3857 3770 aliisque

2131 3789 2597 3864 quampluribus,
2646 3788 2876 3848 obitum
2918 3790 3043 3862 ejus
3089 3786 3309 3847 differri
3364 3786 3428 3844 in
3478 3799 3634 3844 anno
3684 3785 3849 3854 1080,

2129 3879 2425 3952 asserique
2470 3896 2606 3939 eum
2660 3878 2997 3937 Ravennam
3059 3877 3237 3936 fuisse
3278 3875 3351 3934 ab
3392 3874 3665 3947 Gregorio
3717 3873 3852 3946 VII,

2128 3967 2452 4027 Alexandri
2488 3983 2837 4037 successore,
2889 3967 3135 4025 missum
3171 3973 3300 4039 post
3337 3965 3556 4024 obitum
3589 3963 3853 4025 Wiberti

2127 4059 2560 4133 archiepiscopi.
2591 4058 2732 4128 Quae
2764 4057 2850 4117 uti
2889 4057 3052 4117 nullo
3095 4057 3238 4116 nixa
3268 4063 3406 4116 sunt
3437 4056 3849 4127 fundamento,

2127 4147 2207 4205 ita
2265 4146 2534 4206 ulteriore
2584 4162 2701 4205 non
2741 4145 3002 4217 indigent
3049 4143 3412 4204 refutatione.
3473 4144 3655 4214 Quem
3708 4159 3851 4217 ergo

2127 4237 2332 4296 vivens
2350 4237 2476 4311 diu,
2506 4235 2879 4311 multumque
2901 4248 3292 4293 successorem
3320 4232 3483 4307 petiit
3507 4232 3572 4291 Β.
3606 4231 3845 4303 Petrus,

2127 4332 2183 4384 et
2213 4340 2519 4400 nunquam
2554 4323 2741 4398 potuit
2768 4323 3063 4398 consequi,
3105 4322 3333 4380 tandem
3380 4338 3417 4379 a
3460 4326 3644 4378 morte
3673 4336 3845 4380 acce-

2125 4413 2229 4487 pit.
2280 4413 2415 4472 Fuit
2457 4412 2510 4472 is
2567 4411 2881 4483 Gerardus,
2935 4409 3067 4470 aliis
3115 4411 3385 4469 Geraldus
3439 4415 3495 4466 et
3549 4410 3843 4476 Geroldus,

2137 4524 2158 4552 α
2210 4502 2445 4561 natione
2492 4501 2841 4570 Germanus,
2894 4500 3080 4574 patria
3129 4496 3585 4566 Ratisbonensis,
3637 4513 3845 4555 mona-

2129 4590 2277 4648 chus
2305 4605 2370 4647 ac
2400 4589 2557 4663 prior
2585 4589 2770 4664 major
2805 4583 3223 4652 Cluniacensis,
3260 4608 3288 4631 κ
3322 4583 3423 4656 qui
3455 4582 3529 4641 ab
3574 4583 3844 4641 Alexan-

2129 4679 2232 4737 dro
2262 4694 2407 4752 papa
2442 4678 2504 4735 in
2544 4677 2764 4737 Gallias
2793 4674 3113 4733 destinatus
3141 4678 3225 4730 est
3269 4671 3512 4746 legatus,
3552 4689 3586 4731 a
3622 4672 3846 4747 Grego-

2128 4767 2214 4824 rio
2262 4764 2368 4824 VlI
2408 4765 2472 4822 in
2516 4764 2825 4838 Hispanias
2867 4778 2935 4820 ac
2986 4759 3345 4829 Germanias,
3391 4767 3584 4836 atque,
3635 4759 3846 4820 eodem

2126 4855 2435 4915 Bertholdo
2475 4861 2629 4919 teste,
2681 4867 2746 4912 Ix
2785 4852 2928 4911 Idus
2975 4852 3306 4911 Decembris
3345 4852 3488 4910 anni
3540 4851 3674 4909 1077
3720 4853 3846 4911 vita

323 4952 395 5008 ad
452 4952 679 5011 clerum
730 4958 786 5010 et
854 4951 1136 5026 populum
1214 4950 1722 5019 Mediolanensem,
1777 4951 1839 5008 in
1922 4966 2039 5023 qua
2126 4947 2381 5004 functus.
2431 4942 2681 5001 Consule
2718 4940 2918 5016 Ughel.
2967 4941 3029 4999 in
3078 4940 3207 5001 Ital.
3256 4956 3436 5014 sacra,
3485 4945 3544 4999 et
3592 4939 3847 4999 additio-

323 5046 624 5116 postquam
680 5047 996 5115 paternam,
1054 5056 1232 5115 quam
1281 5040 1353 5097 de
1402 5054 1604 5097 eorum
1659 5039 1843 5098 salute
1892 5055 2038 5113 pon-
2126 5035 2301 5093 nibus
2334 5033 2407 5091 ad
2445 5030 2783 5091 Giaconium
2834 5032 2906 5090 de
2956 5029 3107 5090 Vitis
3164 5031 3507 5105 pontiﬁcum
3558 5036 3615 5090 et
3660 5030 3850 5090 cardi-

324 5127 494 5200 tifex,
577 5130 762 5201 patria
838 5128 1308 5198 Mediolanensis,
1384 5126 1618 5201 gerebat
1689 5126 2034 5188 sollicitudi-
2126 5123 2371 5183 nalium.

321 5233 480 5289 nem,
542 5217 990 5276 humanissimis
1042 5217 1235 5277 verbis
1302 5215 1570 5287 ostendit,
1630 5216 1891 5276 hortatur
1971 5223 2037 5276 ut
2195 5212 2282 5270 39.
2331 5211 2543 5269 Baron.
2600 5226 2695 5269 an.
2747 5210 2906 5282 1072,
2959 5226 3126 5271 num.
3159 5209 3250 5280 34,
3295 5207 3498 5267 asserit
3559 5233 3587 5259 κ
3620 5206 3687 5267 B.
3747 5207 3851 5267 Pe-

322 5303 475 5362 nihil
529 5304 774 5376 humile,
848 5306 999 5364 nihil
1072 5312 1369 5364 terrenum
1417 5306 1751 5377 cogitantes,
1800 5304 1873 5362 ad
1925 5319 2038 5363 cm-
2125 5308 2276 5361 trum
2332 5309 2628 5360 mortuum
2675 5316 2803 5359 esse
2844 5316 2999 5360 anno
3050 5300 3237 5358 aetatis
3290 5314 3415 5357 suae
3476 5298 3838 5374 sexagesimo

322 5393 489 5451 lestia
532 5398 646 5451 toto
686 5392 868 5452 animi
909 5393 1149 5467 impetu,
1193 5400 1307 5453 toto
1354 5393 1579 5453 fervore
1623 5409 1684 5452 se
1727 5392 2029 5452 extollant.
2122 5400 2307 5463 sexto,
2351 5399 2545 5466 utpote
2582 5391 2736 5466 quod
2777 5391 2901 5465 ipse
2943 5408 3003 5450 se
3053 5398 3257 5449 natum
3316 5397 3552 5451 testatur
3594 5391 3656 5450 in
3712 5391 3838 5464 epi-

320 5480 480 5539 Alias
529 5480 688 5539 misit
739 5482 849 5555 ipsi
893 5481 1149 5557 pontiﬁci
1190 5482 1357 5555 epist.
1399 5498 1532 5555 quae
1577 5482 1762 5542 librot
1800 5498 2033 5541 excusas
2122 5485 2263 5544 stola
2302 5484 2369 5543 ad
2404 5490 2689 5554 senatum,
2725 5490 2850 5557 post
2877 5497 3063 5540 annos
3092 5481 3353 5556 quinque
3381 5483 3456 5542 ab
3495 5482 3718 5543 Ottonis
3746 5483 3833 5541 III

316 5580 464 5631 sunt
498 5592 510 5631 :
542 5574 603 5631 in
633 5574 705 5631 iis
743 5573 912 5632 modo
940 5589 1147 5646 pravas
1174 5574 1625 5634 consuetudines
1660 5573 2032 5633 eradicandas
2120 5575 2480 5650 imperatoris
2533 5575 2716 5643 obitu,
2771 5587 2981 5646 nempe
3033 5588 3186 5631 anno
3237 5571 3469 5633 Domini
3520 5571 3837 5633 millesimo

319 5663 587 5737 ostendit,
645 5662 817 5726 modo
864 5662 1209 5726 simoniacos
1252 5671 1567 5740 oppugnat,
1618 5664 1788 5726 modo
1831 5665 2023 5727 Aure-
2122 5670 2306 5739 sexto,
2344 5679 2479 5724 nam
2516 5663 2786 5725 eumdem
2831 5661 3237 5735 imperatorem
3274 5660 3515 5722 exordio
3550 5660 3694 5721 anni
3740 5677 3834 5722 se-
