4106 6204
262 306 362 365 H3

1185 300 1760 363 PROLEGOMENA.
1803 333 1871 346 --
1912 302 2091 362 VITA
2131 303 2192 363 S.
2234 302 2454 363 PETRI
2495 303 2837 364 DAMIANI.

3664 303 3766 363 114

247 429 435 489 cundi
462 435 590 505 post
618 426 1003 486 millesimum
1040 425 1270 497 obiisse,
1302 428 1569 502 superius
1607 436 1690 487 est
1727 428 2300 503 demon-Ascriptio,
2341 430 2636 489 luminum
2668 446 2783 489 usu
2821 430 3057 499 abolita,
3096 429 3349 505 corporis
3375 432 3502 505 ejus
3528 430 3767 490 transla-

248 528 522 579 stratum.
575 542 598 571 ι
666 518 881 577 Verum
921 519 1071 576 hanc
1108 518 1272 593 epist.
1310 518 1373 577 B.
1412 519 1562 579 Petri
1597 520 1666 578 ad
1708 526 1971 579 senatum

253 626 548 685 nusquam
600 610 660 667 in
702 613 997 668 accurrata
1047 623 1286 682 operum
1330 615 1386 668 et
1431 610 1798 685 epistolarum
1856 611 1973 669 edi-

256 701 416 759 tione
470 699 726 773 reperire
778 697 1098 772 potuimus.
1160 699 1235 758 At
1281 706 1481 759 contra
1526 700 1590 760 B.
1647 701 1848 761 Petrus
1897 701 1970 760 ad

252 786 663 848 Alexandrum
712 787 769 846 II
805 785 1073 862 electum,
1101 804 1236 863 ergo
1274 790 1383 849 sub
1414 790 1593 849 tinem
1637 791 1778 849 anni
1833 791 1962 850 1061

254 882 359 937 aut
404 877 643 937 initium
699 879 1017 955 sequentis,
1066 878 1337 938 describit
1382 896 1546 939 suam
1595 886 1971 954 senectutem,

253 975 317 1026 et
359 989 383 1019 ι
436 975 626 1042 caput,
672 969 826 1044 quod
870 968 1030 1028 canis
1082 968 1363 1028 hactenus
1406 970 1778 1043 spargebatur
1798 1015 1811 1042 ,
1873 987 1972 1045 cy-

254 1071 430 1129 gnaao
472 1057 596 1130 jam
651 1056 848 1117 albore
894 1058 1190 1119 nivescere
1213 1076 1231 1130 ;
1260 1082 1283 1110 ι
1335 1063 1392 1117 et
1446 1065 1636 1118 tamen
1687 1075 1800 1117 non
1857 1061 1973 1119 nisi

253 1147 815 1228 quinquagesimum
848 1148 1120 1223 quintum
1147 1148 1333 1207 atatis
1356 1163 1580 1207 annum
1615 1148 1842 1222 egisset,
1870 1157 1974 1209 aut

251 1251 557 1296 summum
610 1235 969 1296 absolvisset.
1025 1236 1176 1308 Quid
1215 1237 1263 1296 si
1313 1245 1436 1312 post
1480 1238 1742 1313 quinque
1786 1254 1972 1298 annos

247 1323 329 1381 ab
366 1325 531 1383 obitu
578 1324 941 1400 imperatoris
985 1325 1207 1385 Ottonis
1244 1326 1482 1385 secundi
1515 1344 1579 1386 se
1612 1333 1812 1386 natum
1848 1344 1971 1387 esse

248 1412 583 1473 indicarit?
629 1414 687 1473 Is
734 1421 884 1473 esset
928 1430 1119 1474 annus
1169 1416 1646 1491 nongentesimus
1691 1417 1969 1490 octogesi-

248 1516 392 1561 mus
436 1507 694 1575 octavus,
741 1511 798 1562 et
834 1502 1070 1576 capillos
1114 1520 1383 1578 cygnaaos
1428 1520 1563 1565 cum
1610 1505 1832 1579 reliqua
1880 1522 1970 1564 se-

248 1596 486 1650 nectute
537 1606 712 1663 supra
762 1592 1021 1651 indicata
1081 1592 1378 1654 habuisset
1428 1608 1582 1652 anno
1637 1592 1823 1653 aetatis
1878 1596 1966 1667 73,

248 1687 638 1756 mortuusque
684 1687 834 1740 esset
878 1696 1037 1740 anno
1088 1681 1276 1741 aetatis
1320 1682 1411 1752 84,
1463 1688 1621 1739 aetate
1671 1686 1964 1753 confectus,

250 1767 338 1826 uti
364 1783 442 1826 ex
468 1769 629 1828 Actis
647 1770 772 1844 jam
801 1769 1088 1830 diximus.
1112 1770 1273 1829 Idem
1299 1769 1509 1830 Baron.
1532 1770 1611 1829 ita
1633 1771 1783 1831 dicto
1815 1790 1875 1831 n.
1900 1774 1965 1833 34
1982 1790 2030 1851 Β

250 1858 501 1917 illustria
528 1858 595 1919 B.
625 1859 780 1920 Petri
807 1876 979 1936 Opera
1010 1879 1044 1921 a
1068 1877 1130 1921 se
1157 1869 1601 1922 commemorata
1630 1864 1961 1924 concludit:

254 1973 284 1996 ιι
315 1947 411 2008 Sic
459 1950 614 2009 Deus
655 1951 718 2010 in
751 1952 861 2011 hoc
895 1951 1354 2028 deploratissimo
1401 1953 1637 2023 sinente,
1676 1970 1814 2013 cum
1859 1971 1966 2013 ex-

250 2038 532 2098 crevisset
564 2041 636 2099 ad
667 2042 991 2101 Ecclesiam
1023 2043 1382 2102 obruendam
1423 2042 1713 2103 diluvium
1753 2043 1963 2112 carnis,

249 2125 413 2184 dedit
452 2128 671 2187 mundo
715 2135 942 2189 tantum
992 2131 1333 2206 virum,qu
1375 2131 1785 2191 austerissimaa
1834 2132 1967 2191 vitea

246 2216 542 2289 exemplo,
573 2218 850 2292 verbique
890 2219 1316 2292 praedicatione,
1358 2228 1415 2278 et
1445 2221 1670 2294 scriptis
1711 2220 1966 2280 exsicca-

245 2309 335 2363 ret
364 2311 584 2364 tantam
611 2307 1006 2381 putredinem,
1033 2308 1358 2382 pariterque
1384 2316 1666 2384 pugnaret
1684 2310 1965 2369 adversus

244 2392 626 2453 simoniacam
667 2396 964 2467 haeresim,
1018 2411 1151 2471 quae
1186 2396 1404 2470 ubique
1440 2396 1701 2457 locorum
1739 2415 1964 2472 grassa-

249 2480 418 2539 batur
446 2482 709 2556 impune.
746 2506 773 2534 ι
808 2484 951 2544 Haec
970 2483 1180 2544 Baron.

319 2567 408 2628 40.
443 2569 525 2628 De
550 2572 697 2631 sacri
720 2571 976 2648 corporis
1003 2572 1380 2632 translatione
1410 2572 1517 2633 ista
1545 2574 1716 2634 tradit
1738 2575 1965 2649 Ughell.

242 2659 316 2716 ad
358 2659 706 2719 Ciaconium
740 2680 754 2719 :
790 2684 812 2712 ι
853 2661 1148 2720 Εᾶνρῃῑὶω
1183 2660 1251 2718 ad
1296 2661 1474 2734 hujus
1502 2664 1683 2721 sancti
1726 2665 1836 2722 viri
1876 2672 1965 2724 tu-

246 2746 485 2807 mulum
511 2749 716 2808 ardent
750 2751 934 2823 faces,
986 2748 1236 2824 populus
1272 2750 1511 2809 conﬂuit
1542 2771 1556 2810 :
1595 2767 1844 2826 sequens
1880 2754 1970 2812 in-

2056 519 2269 577 tionem
2302 519 2360 577 in
2391 520 2731 578 memoriam
2769 526 3013 578 revocat.
3054 542 3075 572 ι

2289 619 2358 677 Α.
2395 618 2458 675 D.
2502 616 2843 677 MCCCLIV.
2881 619 3003 697 DIE
3037 618 3194 678 XIII.
3234 617 3537 679 APRILIS

2383 696 2899 758 TRANSLATUM
2931 699 3104 758 FUIT
3138 697 3423 758 COBPUS

2310 776 2368 837 S.
2403 776 2624 836 PETRI
2662 779 2986 837 DAMIANI
3026 777 3515 839 BAVENNATIS

2440 856 2520 915 IN
2559 856 2981 917 SCRIPTURA
3011 857 3373 918 DOCTORIS

2503 937 2599 995 ET
2630 937 2922 996 OSTIEN.
2957 937 3309 1007 EPISCOPI,

2438 1016 2531 1075 AC
2560 1016 2818 1076 APOST.
2851 1017 3061 1077 SEDIS
3090 1017 3387 1087 LEGATI,

2232 1095 2401 1155 OBD.
2439 1095 2497 1156 S.
2530 1096 2796 1157 CRUCIS
2826 1096 3585 1169 FONTIS-AVELLANIE,

2223 1173 2301 1233 IN
2337 1176 2811 1236 PRIESENTEM
2839 1176 3098 1236 ABCAM
3140 1179 3191 1235 A
3228 1177 3402 1236 BEV.
3432 1176 3495 1235 P.
3525 1177 3594 1235 D.

2315 1256 2704 1316 ΜΑΤΤΗᾹΞΟ
2736 1257 2833 1315 DE
2863 1256 3135 1316 GALLIO
3167 1256 3293 1314 HIC
3326 1256 3491 1315 ΑΒΒ.

2056 1341 2375 1417 Sequentes
2399 1361 2599 1405 versus
2622 1346 2732 1404 sub
2755 1345 2957 1404 eadem
2978 1362 3108 1404 arca
3137 1350 3385 1403 exstant.

2118 1432 2371 1499 Quinque,
2392 1434 2550 1499 denis
2580 1434 2725 1486 mille
2749 1437 3007 1499 trecentis
3035 1440 3083 1499 et
3117 1438 3345 1499 quatuor
3372 1432 3544 1494 annis,

2117 1494 2321 1557 Tertius
2354 1498 2547 1557 Aprilis
2579 1509 2699 1548 cum
2730 1510 2761 1548 a
2792 1498 3002 1548 decimo
3031 1494 3261 1549 fluxerat
3289 1499 3466 1556 ortus,

2116 1555 2404 1621 Transtulit
2423 1563 2475 1610 te
2506 1559 2690 1611 clerus
2719 1561 2936 1610 doctum
2959 1562 3013 1610 in
3035 1562 3427 1621 paginasacra,

2116 1619 2372 1683 ostiensis
2405 1622 2625 1683 prtesul,
2653 1634 2815 1683 quem
2843 1621 2991 1673 dotat
3018 1619 3400 1672 cardinalatus.

2114 1680 2149 1743 0
2180 1681 2327 1743 Petre
2356 1680 2625 1743 Damiano,
2657 1680 2710 1734 t'e
2737 1683 2870 1733 Crux
2899 1684 2951 1733 in
2984 1683 3180 1734 Ordine
3213 1682 3392 1733 Fontis

2111 1742 2376 1808 avellanae
2407 1745 2544 1808 beat,
2582 1742 2639 1796 tu
2673 1747 2880 1808 legatus
2915 1743 3377 1808 quoque‘tandem

2110 1804 2261 1870 Sedis
2285 1807 2615 1870 apostolicis,
2650 1804 2802 1870 pet'ra,
2821 1804 2970 1860 nunc
2992 1804 3272 1870 claudens
3301 1808 3420 1857 ista.

2114 1866 2280 1919 Instat
2311 1866 2455 1920 nunc
2478 1866 2949 1920 abbas'lllattbaeus
2973 1868 3040 1921 de
3060 1868 3219 1919 Gallio
3243 1872 3416 1919 natus.

2119 1946 2209 2005 41.
2233 1945 2489 2005 Alteram
2518 1948 2575 2007 in
2603 1949 2850 2023 quadam
2882 1947 3152 2007 columna
3175 1945 3437 2022 primat-ii
3461 1944 3767 2005 Faventini

2048 2034 2245 2108 templi
2277 2050 2590 2109 appensam
2631 2035 2862 2108 subjicit
2898 2035 3051 2094 idem
3091 2033 3348 2108 Ugellus,
3390 2050 3505 2108 qua
3543 2034 3608 2092 Β.
3660 2034 3766 2092 Pe-

2053 2130 2203 2181 trum
2237 2125 2389 2183 inter
2421 2126 2583 2184 urbis
2607 2143 2729 2185 suae
2755 2133 3025 2200 patronos
3050 2125 3297 2184 relatum
3324 2140 3444 2181 esse
3475 2129 3765 2181 testantur

2049 2210 2361 2270 Faventini
2387 2236 2400 2282 ;
2437 2220 2638 2288 estque
2664 2214 2997 2286 liujusmodi
3032 2238 3046 2272 :

2117 2305 2435 2360 Imminente
2490 2308 2707 2360 civitati
2749 2322 2816 2359 ea:
2865 2306 3041 2360 Gallis
3071 2305 3317 2375 periculo
3357 2303 3539 2365 caedis,
3580 2304 3759 2364 exitii,

2046 2400 2097 2451 et
2130 2398 2379 2465 ﬂamma,
2428 2400 2577 2451 vovit
2616 2400 2900 2451 universus
2945 2398 3185 2468 populus
3226 2398 3556 2451 Faventinus
3604 2410 3762 2461 agere

2049 2503 2155 2541 non
2231 2490 2413 2542 minus
2458 2489 2766 2543 solemniter
2823 2490 2881 2541 in
2938 2486 3127 2541 diebus
3171 2487 3329 2554 festis
3385 2486 3487 2540 SS.
3540 2484 3758 2545 :.~'avini,

2048 2582 2357 2645 Emiliani,
2426 2582 2663 2636 Terentii
2706 2583 2757 2633 et
2808 2582 2959 2635 Petri
3016 2580 3296 2642 Damiani,
3346 2593 3511 2647 quam
3573 2576 3763 2631 diebus

2048 2670 2349 2724 Dominicis
2386 2672 2482 2737 agi
2506 2670 2727 2724 solitum
2760 2667 3108 2738 debitumque
3136 2671 3228 2731 sit,
3259 2669 3311 2724 si
3339 2666 3495 2721 modo
3527 2668 3766 2737 omnipo-

2051 2762 2165 2813 tens
2196 2760 2337 2813 Deus
2363 2760 2583 2813 ruinam
2614 2763 2899 2815 averteret.
2937 2756 3091 2814 1512.

1228 3165 1513 3281 VlTA
1564 3167 1704 3282 ‘B.
1792 3165 2157 3284 PETRI
2240 3169 2777 3286 DAMIANI

1628 3418 1684 3466 s.
1729 3419 1796 3465 Β.
1840 3420 1907 3466 E.
1952 3406 2376 3483 GARDINALIS,

640 3592 868 3705 Per
947 3591 1518 3706 Joannem
1594 3593 2279 3710 monachum
2357 3593 2596 3742 eius
2676 3592 3385 3742 discipulum,

1293 3846 1377 3911 Ex
1407 3845 1656 3912 duobus
1691 3861 1842 3913 mss.
1876 3847 2237 3913 Ravennate
2266 3851 2331 3912 et
2359 3845 2717 3912 Faventino.

312 4180 543 4240 Domno
600 4181 905 4241 LIPBANDO
956 4182 1156 4257 priori,
1208 4189 1265 4244 et
1335 4185 1558 4244 ceteris
1629 4186 1956 4247 senioribus
1975 4184 2298 4250 Cnotitiam
2364 4184 2694 4243 futurorum
2755 4185 2989 4258 possent
3042 4183 3346 4256 profutura
3410 4182 3758 4257 pertingere,

242 4270 427 4328 eremi
456 4268 659 4330 Fontis
684 4270 1011 4344 Avellanae,
1040 4270 1325 4332 JOANNES.

313 4357 473 4432 Opus
553 4359 843 4432 mirabile,
897 4360 1111 4434 Patres,
1168 4363 1326 4437 quod
1397 4363 1682 4422 sanctitati
1758 4368 1962 4423 vestrae

240 4448 463 4523 placuit
545 4464 693 4508 meae
764 4449 1072 4523 injungere
1168 4450 1469 4524 parvitati,
1549 4466 1725 4525 quam
1820 4454 1965 4511 meis

239 4542 316 4598 sit
370 4536 727 4612 perarduum
797 4538 1020 4598 viribus
1076 4546 1133 4598 et
1182 4538 1368 4613 impar
1422 4540 1675 4613 ingenio,
1727 4539 1968 4614 ipsemet

243 4628 473 4704 liquido
525 4627 836 4703 perpendo.
899 4630 992 4699 At,
1050 4630 1190 4704 quia
1243 4644 1359 4689 non
1413 4644 1703 4704 praesumo
1778 4635 1968 4688 vestro

241 4723 574 4795 quidquam
611 4722 898 4795 abnegare
933 4721 1194 4796 imperio,
1236 4722 1368 4781 licet
1416 4737 1621 4781 sensus
1674 4721 1967 4781 hebetudo

242 4814 508 4872 illustres
559 4812 700 4871 tanti
749 4812 861 4870 viri
918 4818 1081 4871 actus
1126 4812 1295 4871 inerti
1343 4813 1554 4871 devitet
1613 4813 1969 4871 committere

242 4900 417 4973 style,
472 4914 550 4957 ne
601 4899 742 4957 dum
788 4900 1085 4974 superiora
1130 4899 1241 4958 sibi
1292 4900 1643 4974 aggreditur,
1694 4900 1966 4958 lectorem

247 4986 437 5061 magis
464 4986 538 5045 ad
565 5001 844 5046 nauseam
873 5003 1052 5062 quam
1071 4987 1143 5047 ad
1168 4988 1476 5061 legendum
1500 4990 1753 5048 excitare
1778 4990 1970 5048 videa-

247 5083 363 5146 tur,
394 5074 701 5134 conﬁdens
729 5082 922 5133 tamen
968 5076 1041 5135 de
1088 5077 1294 5135 vestris
1328 5079 1541 5135 sanctis
1587 5073 1964 5149 orationibus,

243 5165 539 5239 nimisque
578 5165 764 5240 ipsius
806 5165 888 5240 pii
917 5166 1095 5240 patris
1131 5167 1311 5225 nostri
1355 5167 1506 5226 Petri
1546 5166 1811 5225 Damiani
1842 5182 1964 5224 me-

242 5255 390 5322 ritis,
418 5252 493 5311 ad
530 5254 699 5328 cujus
738 5269 838 5313 vos
868 5260 993 5313 acta
1028 5256 1323 5314 exaranda
1358 5270 1544 5314 meam
1579 5253 1968 5313 obedientiam

244 5343 591 5416 provocatis,
652 5343 900 5404 devotus
952 5344 1251 5419 aggrediar
1313 5346 1521 5405 vestris
1577 5344 1970 5419 obtemperare

246 5431 563 5491 mandatis.
597 5431 848 5507 Ipsemet
895 5434 1056 5493 enim
1100 5434 1420 5495 consultius
1466 5436 1588 5495 fore
1630 5450 1968 5495 censueram

243 5538 312 5582 ea
339 5539 433 5582 me
465 5525 682 5599 quovis
706 5524 840 5584 rudi
878 5524 1030 5599 stylo
1055 5524 1290 5585 interim
1324 5526 1617 5599 adnotare,
1652 5540 1769 5602 quo
1797 5525 1971 5600 digne

248 5612 627 5687 postmodum
667 5628 702 5673 a
736 5613 1110 5689 peritioribus
1150 5612 1432 5675 elucidata
1477 5611 1853 5688 scriptoribus
1896 5611 1970 5671 ad

2044 4294 2218 4353 quam
2262 4275 2569 4350 imperitiae
2620 4279 2816 4332 notam
2860 4273 3111 4332 nimium
3162 4272 3505 4332 declinando
3551 4273 3763 4332 intacta

2044 4382 2280 4440 prorsus
2318 4364 2667 4437 relinquere,
2712 4377 2783 4420 ne
2823 4363 2988 4433 forte,
3026 4367 3149 4437 post
3190 4363 3482 4421 modicum
3514 4363 3762 4437 caligine

2046 4454 2359 4514 oblivionis
2411 4452 2675 4518 obducta,
2728 4464 2841 4508 non
2903 4464 3078 4523 parvo
3132 4450 3248 4508 mei
3309 4450 3646 4509 discrimine
3694 4450 3764 4508 de

2048 4552 2386 4605 cunctorum
2426 4540 2665 4601 omnino
2717 4539 3047 4597 laberentur
3092 4540 3389 4598 memoria.
3442 4540 3587 4598 Nam
3623 4555 3761 4599 cum

2047 4632 2319 4694 omnibus
2352 4636 2539 4705 pateat
2576 4629 2891 4696 neminem,
2929 4634 3223 4697 gestorum
3256 4627 3576 4686 illustrium
3616 4628 3765 4686 viro-

2048 4738 2181 4781 rum
2210 4720 2529 4792 conscium,
2556 4718 2775 4792 absque
2802 4717 2988 4791 culpas
3018 4716 3245 4774 macula
3282 4716 3494 4789 ignavo
3533 4716 3764 4774 silentio

2053 4819 2276 4886 tegere;
2311 4814 2526 4883 quanto
2554 4808 2736 4880 magis
2769 4805 3051 4864 constabit
3078 4821 3195 4864 non
3230 4820 3409 4879 parvo
3448 4819 3543 4862 me
3579 4804 3762 4863 obno-

2049 4901 2217 4960 xium
2260 4899 2383 4956 fore
2418 4896 2643 4967 delicto,
2675 4896 2775 4969 qui
2817 4902 2973 4952 tanto
3010 4894 3178 4967 patri,
3211 4892 3345 4951 licet
3388 4892 3447 4949 in
3490 4892 3767 4950 extremis

2048 5003 2196 5064 pene
2244 4982 2623 5058 temporibus,
2672 4982 3019 5041 individuus
3066 4976 3257 5040 comes
3302 4978 3661 5048 inhaeserim,
3716 4980 3767 5038 si

2049 5079 2177 5152 ejus
2230 5071 2525 5133 mirabilia
2560 5078 2719 5145 gesta
2756 5070 2987 5130 silentio
3027 5068 3321 5142 praeterire
3358 5083 3535 5141 quam
3572 5066 3766 5126 divul-

2050 5180 2190 5241 gare
2210 5162 2492 5221 maluero.
2526 5160 2743 5218 Eorum
2764 5159 2962 5232 igitur,
2988 5172 3120 5231 quae
3147 5156 3436 5214 relaturus
3454 5170 3608 5227 sum,
3636 5171 3768 5229 par-

2054 5260 2170 5313 tem
2195 5267 2289 5311 me
2320 5266 2395 5310 ex
2423 5248 2609 5322 ipsius
2637 5263 2737 5306 ore
2771 5246 3087 5320 suscepisse
3118 5244 3356 5302 memini
3388 5263 3403 5314 ;
3436 5253 3654 5319 partem
3691 5259 3766 5301 ex

2053 5339 2299 5417 quodam
2340 5334 2871 5407 condiscipulorum
2924 5349 3208 5404 meorum,
3259 5334 3361 5409 qui
3405 5335 3530 5406 ejus
3570 5342 3771 5393 contu~

2052 5429 2256 5491 bernio
2279 5433 2413 5486 ante
2437 5440 2532 5483 me
2555 5422 2907 5482 familiarius
2936 5423 3224 5483 inhaesere
3237 5443 3256 5496 ς
3278 5423 3547 5499 quadam
3573 5430 3768 5482 autem

2051 5520 2240 5582 relatu
2274 5514 2581 5592 cujusdam
2614 5514 2800 5588 ipsius
2835 5514 3167 5589 prepinqui,
3210 5514 3323 5573 viri
3350 5514 3544 5587 gravis
3573 5519 3627 5571 et
3662 5515 3763 5570 ho-

2052 5608 2226 5681 nesti,
2265 5620 2399 5683 quae
2451 5603 2726 5666 videlicet
2761 5602 2924 5664 illius
2979 5602 3419 5665 conversionem
3456 5615 3768 5680 praecesse-
