4106 6204
297 248 395 308 117

1222 240 1801 304 PROLEGOMENA.
1837 273 1904 287 —
1948 241 2125 304 VITA
2168 243 2226 304 S.
2270 241 2492 304 PETRI
2531 243 2875 304 DAMIANI.

3705 243 3808 304 118

285 376 499 447 posset,
531 369 632 429 diu
679 374 876 428 mente
925 368 1220 429 revolvere
1275 369 1467 443 coepit,
1513 370 1799 429 nimirum
1852 367 2339 431 dumAcillcium
2399 368 2628 442 induit,
2675 371 2955 445 jejuniis,
3013 368 3233 442 vigiliis
3264 414 3282 440 ,
3336 372 3392 427 et
3440 367 3804 428 orationibus

283 462 572 523 suavibus
619 460 844 520 cunctis
883 466 1094 534 egeret,
1120 459 1309 518 dulcis
1349 460 1638 534 appetitus
1665 477 1767 534 per
1795 460 1996 518 mollia

282 568 544 628 quaeque
583 551 873 626 puerilem
905 557 1161 609 mentem
1183 549 1464 609 trahebat.
1493 549 1655 620 Quod
1687 551 1833 610 dum
1860 568 1992 626 pro-

284 646 472 706 lixius
502 648 681 716 ﬁeret,
714 660 1039 719 ancepsque
1077 643 1237 718 quod
1273 649 1423 702 esset
1447 643 1779 717 eligendum
1808 643 1997 702 ambi-

286 742 464 810 geret,
501 735 791 796 divinitus
841 735 1075 793 tandem
1125 733 1464 808 inspiratus,
1523 733 1603 792 ait
1651 758 1664 792 :
1721 733 1868 804 Quid
1914 738 1998 793 est

283 824 444 900 quod
481 824 763 884 revolvo?
789 823 1079 899 quidquid
1116 822 1326 882 horum
1358 827 1510 881 certe
1539 837 1852 896 assumam,
1880 837 2000 883 non

287 916 396 973 erit
421 915 552 989 ejus
580 914 859 974 diuturna
887 911 1197 986 voluptas;
1229 910 1439 970 melius
1476 926 1611 985 ergo
1655 917 1740 971 est
1781 918 1846 971 ut
1883 919 1996 971 tra-

284 1006 423 1064 dam
451 1004 814 1078 presbytero,
849 1002 952 1077 qui
989 1001 1108 1060 Deo
1141 999 1501 1061 Sacriﬁcium
1538 1000 1739 1061 oﬁ'erat
1767 1016 1872 1076 pro
1898 1017 2001 1077 pa-

287 1100 374 1154 tre
401 1109 553 1154 meo.
588 1093 740 1164 Quid
780 1092 959 1166 hujus
992 1090 1161 1165 pueri
1195 1091 1564 1166 simplicitate
1600 1091 1949 1166 prudentius
1977 1093 2003 1150 ?

281 1183 427 1258 quid
479 1184 592 1242 hoc
633 1184 836 1256 egente
885 1180 1108 1255 pupillo
1153 1179 1491 1255 frugalius?
1519 1180 1590 1240 Et
1619 1181 1824 1256 spretis
1852 1195 2000 1242 cun-

280 1273 408 1342 ctis,
439 1287 577 1347 quae
613 1270 869 1346 peritura
897 1271 1184 1344 cognovit,
1213 1269 1362 1330 illud
1397 1271 1587 1330 solum
1622 1272 1814 1346 elegit,
1848 1272 2001 1346 quod

281 1376 640 1421 mansurum
695 1361 760 1420 in
815 1366 1104 1420 aeternum
1157 1359 1426 1433 speravit.
1469 1359 1643 1420 Porro
1701 1363 1843 1437 quid
1894 1363 2004 1421 hoc

281 1451 464 1510 fuisse
490 1456 785 1526 putemus,
806 1450 923 1509 nisi
953 1450 1246 1523 quoddam
1266 1450 1597 1510 futurorum
1626 1453 1999 1525 prmsagium,

279 1540 442 1614 quod
465 1540 729 1615 appetitu
758 1540 1027 1600 videlicet
1053 1546 1407 1602 aiternorum
1431 1548 1826 1602 contemneret
1863 1551 2001 1603 tem-

277 1632 562 1706 poraliter
597 1629 1002 1691 blandientia?
1033 1631 1107 1690 Ut
1139 1637 1334 1691 autem
1383 1632 1454 1690 ad
1494 1632 1758 1692 ordinem
1797 1633 1999 1694 redea-

2077 461 2315 519 solerter
2369 459 2606 518 insistit.
2660 460 2730 519 Et
2785 463 2922 535 quia
2969 461 3188 519 calente
3243 461 3504 534 juventa,
3547 460 3804 520 stimulis

2077 549 2284 607 acriter
2311 551 2624 623 urgebatur
2646 551 2999 622 carnalibus,
3027 549 3237 608 mediis
3266 549 3532 608 noctibus
3560 566 3592 607 e
3619 554 3796 607 strato

2080 655 2438 714 consurgens
2475 642 2644 716 aquis
2683 657 2743 700 se
2774 641 3114 701 ﬂuvialibus
3142 639 3545 714 immergebat,
3576 639 3635 698 in
3665 640 3797 712 qui-

2081 727 2193 789 bus
2239 729 2439 789 tandiu
2489 730 2649 790 nudo
2702 730 2969 790 manebat
3012 743 3268 804 corpore,
3317 729 3502 788 donec
3547 726 3799 801 algentia

2081 818 2343 877 membra
2392 819 2667 893 rigerent,
2729 819 2908 879 noxio
2957 819 3260 879 recedente
3311 819 3519 879 calore.
3571 817 3798 876 Exinde

2083 925 2217 969 vero
2256 910 2609 986 regrediens,
2641 926 2888 988 quaeque
2938 912 3296 972 venerabilia
3330 911 3456 971 loca
3496 910 3796 985 psallendo

2082 999 2389 1073 circuiens,
2444 1005 2630 1062 totum
2684 1007 2816 1062 ante
2873 1001 3149 1077 synaxim
3202 1001 3521 1078 complebat
3574 1001 3794 1060 Psalte-

2087 1091 2260 1149 rium.
2300 1091 2703 1168 Eleemosynis
2739 1109 2972 1170 quoque
2999 1109 3320 1168 pauperum
3358 1091 3608 1152 assiduis
3646 1091 3792 1150 insi-

2085 1183 2262 1252 stens,
2304 1199 2368 1241 ac
2427 1181 2829 1258 frequentibus
2877 1199 2975 1243 eos
3029 1184 3318 1244 conviviis
3369 1195 3628 1256 pascens,
3671 1182 3795 1242 suis

2087 1269 2386 1332 laetabatur
2435 1273 2711 1333 manibus
2768 1273 2852 1332 eis
2906 1279 3181 1348 tanquam
3214 1272 3439 1332 Christo
3467 1272 3796 1332 ministrare

2085 1363 2346 1424 devotus.
3357 1372 3363 1376 ’

2775 1455 3019 1514 CAPUT
3057 1453 3161 1514 III.

2152 1548 2256 1601 Per
2283 1548 2374 1602 sui
2409 1548 2694 1603 victoriam
2727 1547 2991 1603 liberatur
3035 1563 3071 1601 a
3108 1549 3268 1616 gravi
3295 1549 3422 1604 vitae
3451 1547 3716 1619 periculo.

2153 1633 2308 1693 Inter
2357 1633 2484 1693 hmc
2530 1651 2668 1693 sane
2722 1650 2841 1692 non
2896 1635 3367 1709 praetereundum
3421 1639 3580 1709 puto,
3637 1635 3793 1710 quod

278 1734 435 1790 mus,
475 1724 784 1792 postquam
837 1717 1104 1790 Domino,
1161 1719 1268 1794 qui
1325 1731 1565 1778 suorum
1622 1737 1823 1782 curam
1880 1722 2451 1803 nonBaediﬁcationi
2480 1723 2800 1784 multorum
2827 1724 3202 1798 profuturum
3221 1740 3341 1783 non
3365 1723 3617 1798 ambigo.
3649 1723 3794 1794 Qua-

279 1809 529 1880 deserit,
574 1823 650 1866 ex
701 1808 956 1882 praefatis
1017 1809 1192 1868 etiam
1275 1808 1702 1870 calamitatibus
1751 1818 1994 1883 emeret,

279 1898 517 1974 placuit,
539 1898 737 1972 ipsum
760 1913 907 1970 pene
933 1902 1344 1972 consumptum
1374 1913 1450 1957 ex
1473 1899 1788 1975 impiorum
1821 1901 1998 1960 lania-

281 1988 441 2047 tibus
463 1987 918 2046 misericorditer
945 1987 1246 2060 abstraxit,
1277 1993 1333 2047 et
1370 1988 1431 2047 in
1461 1989 1723 2062 germani
1760 1990 1997 2051 alterius

275 2077 438 2146 sinu,
482 2077 750 2136 Damiani
787 2077 1026 2136 nomine
1058 2078 1159 2150 (4),
1195 2077 1318 2151 jam
1347 2077 1721 2138 mulcendum
1764 2081 1994 2140 tandem

269 2167 715 2243 fovendumque
767 2167 999 2230 locavit.
1051 2167 1162 2226 Hic
1211 2183 1348 2227 eum
1397 2168 1593 2242 itaque
1637 2171 1809 2228 chara
1858 2171 1996 2230 satis

273 2255 590 2315 dilectione
656 2257 1076 2332 complectens,
1133 2261 1350 2316 tantam
1413 2258 1597 2332 ipsius
1653 2274 1810 2318 curae
1858 2259 1995 2318 dili-

272 2348 535 2419 gentiam
565 2346 933 2420 impendebat
962 2352 1029 2405 ut
1055 2353 1358 2420 paternum
1389 2348 1668 2415 excedere
1699 2347 1996 2408 videretur

271 2437 566 2495 allectum.
597 2436 783 2507 Quem
811 2451 977 2509 porro
999 2436 1120 2510 jam
1152 2436 1285 2496 licet
1327 2435 1812 2511 grandiusculum
1840 2437 1990 2496 litte-

274 2540 476 2584 rarum
506 2525 770 2598 apicibus
804 2525 1037 2583 tradidit
1083 2527 1158 2596 (5)
1208 2525 1613 2599 imbuendum,
1648 2542 1756 2585 nec
1793 2541 1912 2586 non
1938 2533 1993 2585 et

271 2614 486 2673 studiis
529 2614 777 2673 subinde
827 2613 1198 2679 liberalibus;
1244 2615 1306 2673 in
1355 2615 1570 2689 quibus
1624 2616 1839 2675 scilicet
1874 2624 1989 2675 tam

270 2705 481 2764 docilis
534 2712 764 2778 tamque
808 2705 1137 2765 industrius
1185 2714 1272 2765 est
1311 2709 1562 2781 agnitus,
1599 2716 1659 2768 ut
1686 2710 1827 2784 ipsis
1867 2710 1990 2769 suis

271 2798 609 2857 doctoribus
671 2798 954 2857 mirabilis
1028 2799 1359 2859 haberetur.
1419 2801 1682 2877 Cumque
1735 2802 1992 2862 discendi

271 2888 454 2946 finem
484 2905 558 2947 ex
585 2889 745 2948 omni
781 2889 1007 2949 liberali
1053 2891 1292 2950 scientia
1320 2889 1542 2966 peritus
1579 2891 1821 2958 fecisset,
1855 2909 1994 2952 mox

270 2977 425 3036 alios
474 2979 731 3052 erudire,
784 2980 1084 3039 clientium
1131 2982 1299 3040 turba
1360 2981 1432 3040 ad
1478 2982 1754 3043 doctrina:
1808 2984 1994 3059 ipsius

2078 1811 2213 1870 dam
2253 1811 2346 1870 die
2395 1813 2656 1886 privatus
2707 1812 3041 1889 prandebat,
3085 1829 3191 1872 nec
3239 1813 3550 1889 quisquam
3595 1828 3791 1872 secum

2079 1905 2288 1974 praeter
2318 1899 2508 1960 solum
2539 1916 2760 1960 caecum
2805 1901 3118 1976 quemdam
3163 1901 3632 1976 przebendarium
3669 1902 3789 1960 dis-

2079 1990 2402 2063 cumbebat,
2446 1993 2548 2066 qui
2601 1991 2980 2067 quotidianus
3034 1991 3281 2051 conviva
3337 2009 3414 2052 ex
3469 2007 3629 2051 more
3680 1991 3793 2050 sibi

2079 2082 2333 2141 assidere
2358 2081 2564 2142 solitus
2591 2087 2729 2142 erat.
2764 2082 2989 2142 Accidit
3017 2087 3216 2142 autem
3247 2085 3314 2144 ut
3353 2086 3492 2142 tunc
3518 2097 3638 2142 non
3666 2097 3790 2140 am-

2076 2171 2233 2246 plius
2277 2188 2457 2246 quam
2505 2188 2661 2232 unus
2707 2171 2945 2230 triticea:
2971 2171 3318 2248 similaginis
3351 2172 3519 2246 panis
3547 2171 3787 2232 adesset.

2078 2261 2186 2320 Hic
2213 2260 2412 2334 itaque
2439 2260 2529 2318 illi
2557 2260 2716 2319 solus
2741 2261 3072 2334 apponitur,
3127 2261 3268 2336 quid
3299 2277 3435 2320 vero
3459 2262 3582 2320 dari
3613 2263 3793 2337 possit

2076 2366 2276 2409 mense
2321 2349 2522 2420 sodali,
2555 2350 2658 2424 qui
2702 2364 2821 2408 non
2869 2349 3116 2408 diversis
3173 2367 3206 2408 a
3255 2366 3316 2409 se
3355 2351 3500 2410 cibis
3536 2351 3614 2410 ali
3651 2367 3789 2411 cou-

2074 2445 2358 2509 sueverat,
2388 2456 2509 2500 non
2542 2439 2808 2498 habetur.
2851 2439 3166 2514 Appositus
3212 2445 3298 2498 est
3342 2456 3478 2516 ergo
3521 2441 3610 2501 illi
3642 2442 3792 2501 ciba-

2075 2529 2198 2589 rius
2225 2528 2413 2604 panis,
2451 2543 2666 2603 suppar
2703 2527 2991 2601 videlicet,
3026 2533 3081 2587 et
3124 2527 3397 2588 secundae
3427 2531 3791 2606 conspersio-

2074 2617 2168 2676 nis
2221 2615 2377 2693 quod
2425 2615 2521 2675 hic
2575 2632 2784 2692 nempe
2829 2633 2948 2676 non
2991 2616 3178 2691 aequis
3225 2620 3450 2691 aspexit
3488 2619 3694 2693 oculis,
3737 2629 3792 2680 et

2073 2708 2326 2784 graviter
2374 2709 2548 2782 tulit;
2599 2707 2884 2783 paulatim
2935 2724 3074 2768 vero
3123 2710 3178 2769 ei
3229 2724 3408 2783 pavor
3451 2709 3676 2784 incidit,
3734 2718 3792 2771 et

2076 2800 2228 2859 intra
2246 2799 2624 2874 semetipsum
2649 2798 2899 2872 cogitare
2925 2798 3133 2874 ccepit:
3159 2798 3442 2873 Christus,
3475 2799 3689 2875 inquit,
3715 2801 3789 2860 ad

2077 2907 2338 2952 mensam
2370 2905 2560 2950 meam
2592 2889 2837 2950 inferior
2874 2889 3022 2948 mihi
3054 2894 3139 2949 est
3165 2888 3194 2950 ?
3230 2889 3351 2964 Ego
3381 2907 3456 2950 ne
3487 2891 3786 2950 comedam

2075 2981 2236 3042 velut
2280 2981 2526 3041 herilem
2573 2996 2802 3056 panem,
2835 2985 2891 3038 et
2917 2979 3257 3040 deliciosum
3277 2998 3296 3052 ;
3345 2987 3401 3040 et
3439 2980 3542 3040 ille
3573 2996 3787 3056 puero-

272 3065 489 3125 famam
555 3068 817 3142 undique
895 3071 1240 3142 conﬂuente,
1298 3071 1722 3131 studiosissime
1797 3074 2209 3170 coepit.crum
2267 3085 2532 3130 meorum
2585 3085 2734 3143 pane
2779 3075 3086 3128 vescetur?
3123 3067 3296 3166 Haec,
3327 3073 3394 3166 et.
3430 3068 3523 3168 his
3568 3068 3788 3167 similia

272 3156 430 3215 Inter
479 3157 589 3215 ista
639 3157 921 3218 nimirum
957 3160 1098 3218 dum
1136 3159 1334 3219 favore
1367 3159 1631 3234 populari
1667 3155 2049 3234 eil‘erretur,"
2073 3175 2208 3218 cum
2255 3160 2320 3217 in
2362 3163 2586 3233 pectore
2614 3173 2720 3217 suo
2750 3157 2936 3217 multa
2975 3161 3247 3228 versaret,
3281 3155 3486 3216 incidit
3515 3156 3786 3231 cogitatio

266 3245 409 3304 dum
444 3245 788 3306 divitiarum
827 3248 987 3322 copia
1019 3248 1435 3321 cumularetur,
1465 3250 1588 3324 jam
1617 3267 1764 3324 pene
1803 3252 1992 3326 potuit

264 3336 475 3395 horum
526 3335 818 3395 lenocinio
875 3337 1138 3396 saeculari
1180 3353 1406 3413 pompa:
1458 3339 1831 3410 subtrahere,
1889 3347 1989 3399 aut

259 3427 552 3487 illecebris
603 3429 870 3488 venereis
919 3428 1149 3489 illectus
1196 3429 1504 3505 implicari.
1548 3432 1659 3491 Sed
1709 3431 1986 3506 quoniam

257 3530 335 3575 ex
365 3515 686 3576 electorum
723 3530 970 3576 numero
1012 3518 1219 3594 nequit
1270 3519 1432 3578 ullus
1479 3536 1715 3594 prorsus
1767 3520 1977 3593 minui,

258 3610 524 3678 respectu
570 3603 729 3663 illico
787 3603 989 3664 divino
1031 3612 1386 3680 prieventus,
1438 3608 1516 3667 ita
1566 3624 1764 3667 secum
1812 3624 1981 3682 agere

257 3693 472 3766 coepit:
504 3692 575 3750 Et
603 3707 708 3752 cur
733 3692 978 3752 delecter
1006 3695 1413 3770 praesentibus,
1445 3702 1510 3754 ut
1541 3713 1672 3756 caro
1702 3697 1975 3771 suggerit,

261 3789 403 3839 aetas
428 3782 736 3854 exposcit?
765 3783 863 3841 sed
890 3784 1158 3858 nunquid
1184 3784 1276 3842 his
1300 3785 1577 3860 perituris
1599 3785 1778 3844 debeo
1798 3785 1979 3844 inhie-

261 3889 392 3932 rere
416 3920 433 3944 ,
485 3880 543 3933 et
580 3891 697 3934 non
745 3875 932 3948 magis
971 3875 1097 3934 istis
1139 3876 1485 3936 renuntians
1522 3878 1744 3950 potiora
1787 3877 1977 3951 provi-

261 3963 399 4021 dere
431 3961 460 4020 ?
509 3965 586 4022 At
657 3963 707 4022 si
775 3966 921 4024 forte
971 3965 1335 4039 postmodum
1388 3966 1494 4026 hoc
1541 3982 1634 4024 me
1694 3967 1978 4026 facturum

259 4051 564 4127 promitto,
624 4053 762 4127 quia
808 4069 930 4112 non
977 4054 1159 4113 multo
1219 4053 1450 4114 charius
1509 4055 1810 4130 multoque
1864 4055 1980 4115 Deo

258 4143 553 4216 acceptius
589 4144 760 4202 modo
813 4157 981 4218 agere
1029 4149 1244 4218 satago,
1270 4143 1415 4204 dum
1459 4151 1597 4204 aetas
1636 4149 1810 4223 viget,
1839 4148 1982 4208 dum

256 4247 532 4306 prospera
607 4230 927 4292 mulcent?
970 4231 1098 4291 Jam
1149 4248 1288 4292 vero
1341 4239 1467 4309 post
1521 4236 1647 4294 hazc
1700 4235 1981 4310 paulatim

253 4321 528 4381 inchoata
559 4321 874 4381 mundanis
902 4321 1108 4381 studiis
1139 4323 1445 4394 removeri,
1478 4341 1543 4383 ac
1573 4325 1789 4384 divinis
1821 4327 1977 4386 obse-

2071 3253 2137 3308 ut
2183 3264 2393 3323 panem
2438 3247 2604 3307 illius
2644 3263 2770 3320 suo,
2802 3263 3099 3323 suumque
3133 3245 3292 3306 illius
3329 3262 3480 3321 pane
3511 3252 3781 3308 mutaret.

2071 3337 2219 3408 Quid
2272 3336 2453 3413 igitur
2495 3339 2731 3410 ageret?
2760 3352 2875 3411 quo
2923 3352 2986 3396 se
3030 3335 3325 3396 verteret?
3351 3335 3577 3395 tolleret
3621 3335 3784 3396 illius

2068 3425 2327 3500 panem?
2353 3428 2453 3486 sed
2504 3426 2688 3500 pudor
2741 3425 3001 3486 obstabat
3058 3441 3233 3484 suum
3281 3427 3628 3499 comederet,
3682 3427 3783 3486 sed

2063 3515 2412 3575 conscientia
2448 3513 2826 3573 remordebat.
2866 3513 3018 3583 Quid
3070 3512 3284 3588 plura?
3313 3513 3572 3573 Tandem
3600 3515 3783 3575 vincit

2063 3620 2213 3674 caro,
2250 3611 2306 3662 et
2354 3619 2519 3662 mens
2557 3603 2846 3662 enerviter
2891 3603 3180 3663 obluctata
3225 3605 3574 3664 succumbit.
3622 3605 3779 3663 Inci-

2061 3696 2234 3769 piunt
2283 3693 2462 3766 igitur
2512 3699 2755 3766 uterque
2809 3691 3150 3751 comedere:
3188 3694 3284 3751 hic
3335 3694 3568 3764 scilicet,
3610 3695 3778 3767 quasi

2061 3782 2336 3842 dominus
2388 3789 2442 3840 et
2498 3783 2762 3856 princeps
2818 3797 3056 3854 mensae,
3121 3782 3411 3854 nitidum;
3465 3782 3564 3841 ille
3619 3798 3775 3854 vero,

2061 3875 2385 3945 clientium,
2444 3874 2536 3931 vel
2592 3872 3015 3946 mancipiorum
3070 3889 3248 3942 more,
3306 3873 3612 3934 cibarium.
3666 3873 3776 3934 Sed

2063 3982 2200 4025 cum
2248 3963 2590 4036 comederet,
2633 3965 2850 4024 sensim
2891 3980 3068 4039 pavor
3104 3965 3328 4032 accidit,
3359 3971 3414 4024 et
3448 3966 3655 4025 horror
3682 3966 3778 4024 ni-

2064 4057 2218 4116 mius
2248 4053 2516 4114 omnium
2555 4054 2847 4113 viscerum
2893 4070 3134 4113 suorum
3172 4053 3401 4113 interna
3444 4055 3771 4126 concussit;

2065 4146 2370 4206 verebatur
2402 4145 2560 4203 enim
2590 4143 2778 4203 divini
2810 4160 2982 4217 super
3014 4161 3074 4203 se
3115 4149 3304 4203 motus
3333 4143 3612 4217 evigilare
3636 4159 3774 4203 sen-

2068 4237 2335 4307 tentiam,
2387 4234 2787 4310 suspicabatur
2849 4239 2998 4292 certe
3052 4233 3414 4308 repentinam
3461 4232 3636 4307 juslm
3684 4250 3774 4294 se-

2063 4325 2322 4385 veritatis
2374 4322 2683 4382 imminere
2726 4321 3062 4392 vindictam,
3105 4321 3258 4397 quod
3308 4330 3363 4381 et
3409 4323 3630 4382 factum
3669 4330 3774 4384 est.

252 4409 410 4484 quiis
451 4411 676 4485 accingi
713 4417 768 4470 et
805 4411 938 4471 licet
974 4413 1280 4472 exterioris
1319 4412 1512 4473 ciiltus
1550 4415 1738 4488 specie
1789 4417 2036 4488 adhuc“
2062 4415 2137 4476 Os
2166 4413 2326 4474 enim
2363 4411 2536 4488 piscis
2561 4413 2783 4487 gutturi
2820 4411 2947 4484 ejus
2976 4409 3306 4485 pestilenter
3334 4413 3591 4485 iDIlEBSlt,
3623 4413 3779 4488 quod

249 4501 522 4561 videatur
564 4475 787 4562 merere
836 4501 1088 4577 caducis,
1121 4511 1237 4564 toto
1279 4511 1472 4563 tamen
1526 4475 1736 4565 mentis
1769 4475 2039 4566 aii'ectuD
2062 4507 2200 4566 ullis
2228 4475 2469 4564 omnino
2496 4501 2797 4560 conatibus
2827 4499 2978 4559 trahi
3018 4500 3080 4559 in
3111 4499 3387 4560 interiora
3425 4517 3542 4560 non
3574 4501 3777 4575 potuit.

246 4591 424 4651 bonis
464 4591 678 4666 aspirat
723 4593 975 4653 :eternis.
1012 4591 1137 4653 Sub
1175 4594 1452 4654 mollibus
1490 4595 1684 4668 itaque
1723 4597 1978 4657 vestibus
2060 4596 2351 4658 Glutiebat
2405 4610 2480 4651 ex
2535 4593 2818 4650 industria
2881 4591 3077 4650 cibum
3106 4637 3121 4665 ,
3182 4608 3301 4652 non
3353 4594 3776 4667 descendebat;

1426 4719 1831 4781 GODEFRIDI
1871 4721 2334 4784 HENSCHENII
2373 4718 2616 4780 NOTZE.

315 4815 390 4880 (4)
432 4814 697 4868 Damiani
751 4815 985 4869 nomine.
1024 4816 1263 4870 Damiani
1315 4819 1404 4872 hic
1453 4821 1573 4883 ejus
1620 4819 1807 4883 frater,
1841 4822 1968 4875 dein
2068 4822 2169 4875 cho
2230 4819 2372 4872 tacto
2433 4817 2620 4870 scribit
2670 4817 2825 4881 epist.
2884 4816 2941 4867 21
2994 4819 3050 4868 et
3090 4816 3156 4867 22
3209 4815 3452 4881 ejusdem
3511 4813 3635 4866 libri
3700 4829 3772 4870 vr.

251 4887 357 4960 fuit
420 4886 863 4960 archipresbyter
901 4889 1236 4960 itavennas,
1296 4890 1384 4942 cui
1442 4891 1658 4954 scripsit
1728 4893 1883 4954 epist.
1937 4894 1968 4943 2
2129 4891 2203 4960 (5)
2277 4890 2605 4943 Litterarum
2675 4887 2912 4952 apicibus
2986 4886 3239 4941 tradidit.
3292 4905 3320 4934 ι(
3371 4887 3780 4960 Adolescentem

254 4958 351 5010 lib.
404 4971 442 5008 v
499 4958 598 5008 sub
650 4957 752 5010 hoc
801 4957 1002 5010 titulo:
1047 4961 1252 5012 Domno
1311 4960 1578 5014 Damiano
1628 4962 1802 5025 fratri
1841 4963 1965 5015 cha-
2069 4957 2230 5018 sein
2283 4962 2574 5015 Faventina
2619 4963 2752 5012 urbe
2805 4963 3025 5025 propter
3076 4961 3372 5012 litterarum
3423 4959 3598 5010 studia
3643 4972 3779 5013 con-

252 5029 480 5081 rissimo
538 5029 731 5080 Petrus
793 5033 1037 5094 peccator
1091 5031 1401 5093 monachus,
1465 5031 1734 5098 quidquid
1786 5047 1970 5086 servus
2069 5038 2309 5088 stitutum
2367 5052 2391 5079 ››
2449 5033 2616 5084 fuisse
2663 5029 2753 5090 ait,
2814 5033 2970 5097 epist.
3021 5032 3080 5082 30
3135 5031 3229 5082 lib.
3290 5044 3344 5080 γι
3395 5051 3405 5079 :
3459 5035 3513 5084 at
3564 5051 3589 5077 (ι
3651 5033 3779 5084 dum

254 5100 511 5164 etﬁtius;
573 5112 639 5153 ac
697 5100 840 5159 dein.
905 5101 1273 5156 dulcissimum
1335 5110 1385 5156 et
1439 5105 1851 5157 dilectissimum
1909 5107 1972 5157 in
2072 5107 2127 5158 in
2170 5108 2287 5172 ipso
2336 5105 2718 5158 adolescentiae
2770 5104 2921 5165 ﬂore,
2963 5106 3015 5155 et
3054 5115 3191 5154 nova
3232 5102 3490 5166 pubertas
3532 5103 3782 5157 indueret

258 5172 473 5223 Christo
521 5173 748 5224 Patrem
801 5176 852 5225 at
902 5173 1186 5227 dominum
1226 5175 1480 5240 appellat,
1537 5189 1692 5228 suam
1742 5177 1822 5228 illi
1871 5189 1967 5230 ne-
2071 5177 2302 5240 faciem,
2362 5180 2416 5230 et
2471 5179 2634 5230 aestus
2701 5176 2942 5227 libidinis
3007 5176 3332 5229 accenderet
3395 5187 3653 5238 carnem,
3718 5189 3778 5228 se

253 5242 577 5316 giigentlam
639 5244 944 5309 confitetur,
997 5247 1228 5310 ejusque
1291 5259 1484 5310 preces
1536 5249 1753 5312 expetit.
1817 5249 1968 5300 Eum-
2069 5251 2214 5316 apud
2267 5251 2552 5302 Parmense
2605 5248 2898 5312 oppidum,
2965 5246 3274 5298 liberalium
3341 5249 3535 5299 artium
3586 5249 3779 5300 studiis

254 5317 382 5366 dem
435 5314 750 5367 Damianum
821 5327 892 5367 ex
962 5318 1434 5382 archipresbytero
1497 5319 1817 5372 monachum
1882 5320 1968 5371 fa-
2070 5314 2326 5372 institisse
2378 5337 2406 5366 υ
2453 5320 2542 5378 ait,
2594 5319 2686 5370 lib.
2743 5331 2796 5376 v,
2843 5319 2999 5380 epist.
3046 5318 3139 5382 16;
3194 5331 3423 5383 quorum
3477 5321 3530 5370 ei
3577 5318 3668 5369 llb-
3715 5332 3776 5379 ιι,

253 5392 402 5437 clum
479 5385 640 5440 tradit
711 5386 807 5440 lib.
875 5402 957 5451 ιι,
1033 5390 1189 5454 epist.
1277 5390 1350 5443 14.
1425 5390 1655 5443 Alterius
1733 5392 1966 5444 Damiani
2069 5393 2223 5456 epist.
2290 5393 2366 5451 i7,
2418 5391 2678 5442 meminit.
2736 5390 2955 5442 lvonem
3005 5391 3330 5453 magistrum
3379 5403 3540 5442 suum
3591 5390 3774 5455 appel-

251 5456 476 5522 nepotis
528 5459 613 5509 sui
672 5459 916 5512 meminit
957 5461 1111 5526 epist.
1167 5461 1218 5513 11
1264 5461 1354 5513 lib.
1409 5475 1445 5525 ι,
1485 5463 1553 5515 ad
1605 5461 1967 5516 Alexandrum
2070 5462 2144 5514 lat
2176 5459 2268 5514 lib.
2304 5476 2376 5526 v1,
2409 5462 2569 5526 epist.
2610 5461 2687 5512 17.
2727 5462 2910 5515 Studia
2947 5463 3106 5516 dictis
3140 5462 3195 5515 in
3223 5462 3363 5516 locis
3404 5467 3622 5526 peracta
3655 5474 3778 5516 esse

255 5527 299 5578 ll
357 5527 574 5591 pontit.,
618 5531 671 5581 et
722 5530 880 5593 epist.
940 5531 1002 5586 29
1059 5531 1152 5586 lib.
1215 5545 1291 5596 vr,
1343 5532 1413 5586 ad
1462 5532 1788 5595 Stephanum
1848 5547 1967 5586 mo-

252 5599 512 5660 nachum,
557 5600 652 5652 ubi
717 5600 916 5654 sororis
978 5601 1154 5667 ﬁlium
1214 5602 1463 5670 appellat.
1536 5603 1720 5660 Eidem
1778 5616 1966 5659 mona-

2072 5533 2231 5587 tradit
2261 5534 2422 5586 etiam
2453 5531 2683 5584 Rubeus.
