4106 6204
264 240 356 299 121

1188 243 1762 305 PROLEGOMENA.
1808 278 1867 291 -
1913 246 2092 306 VITA
2133 247 2192 307 S.
2236 247 2459 308 PETRI
2498 249 2844 310 DAMIANI.

3665 255 3779 318 122

258 363 551 438 extemplo
623 365 687 422 in
764 366 1140 441 semetipsum
1220 383 1509 443 reversus,
1564 372 1861 446 increpare
1919 377 2040 436 seA
2061 372 2392 448 quempiam
2441 383 2629 448 posset
2665 375 2817 433 acies
2849 375 3150 435 oculorum
3193 377 3464 453 dirigere.
3505 382 3631 442 Illis
3660 399 3769 442 au-

259 456 434 529 cmpit
471 456 865 530 vehementer,
904 465 959 516 et
1003 460 1240 521 dicere:
1284 462 1586 536 Nunquid,
1639 464 1684 522 si
1742 481 1832 523 res
1881 481 1988 539 po-

262 552 446 603 sceret
475 550 540 604 ut
582 545 753 618 plecti
800 547 983 621 capite
1016 565 1117 623 pro
1147 548 1373 610 Christo
1415 551 1672 623 deberes,
1716 554 1794 611 ita
1839 554 1986 612 etfu-

259 649 442 706 geres,
504 632 901 694 obstinatusve
954 637 1314 699 resisteres?
1370 638 1532 709 Quod
1606 642 1819 701 factum
1878 650 1982 714 est,

261 737 457 779 nonne
510 722 681 796 paulo
737 732 872 784 ante
932 733 1260 787 constanter
1318 728 1425 787 tibi
1496 729 1693 787 omnia
1762 730 1982 803 perpeti

258 811 689 885 promittebas?
739 814 857 873 Cur
926 820 1043 874 tam
1097 819 1212 876 cito
1268 819 1556 878 enerviter
1605 821 1982 880 succumbere

256 916 379 959 non
426 901 705 960 formidas
741 905 767 960 ?
799 905 877 962 At
919 906 967 962 si
1003 906 1149 964 forte
1186 906 1331 967 illud
1385 908 1657 981 judicans
1707 910 1979 983 noxium,

253 991 416 1050 istud
471 992 739 1051 admittas
795 993 1120 1069 libentius;
1178 1003 1245 1056 ut
1312 1015 1431 1073 quo
1487 999 1693 1059 durius
1752 1000 1977 1072 toleras,

253 1095 326 1140 eo
348 1080 639 1155 placidius
662 1081 725 1140 in
757 1084 1138 1145 retributione
1178 1087 1481 1162 suscipias.

937 1221 1182 1282 CAPUT
1234 1221 1302 1281 V.

252 1317 585 1384 Progressus
635 1320 697 1371 in
749 1321 1066 1385 virtutibus,
1099 1323 1405 1391 presertim
1455 1322 1789 1387 humilitate,
1845 1339 1975 1378 ora-

572 1408 736 1470 tione,
771 1411 1203 1478 mortiﬁcatione,
1238 1416 1289 1465 et
1328 1411 1657 1468 obedientia.

2070 468 2182 519 tem
2210 463 2685 535 regredientibus,
2709 465 2922 523 cumad
2947 465 3280 525 ccenobium
3301 466 3357 527 S.
3374 468 3664 530 Vincentii
3686 473 3773 546 (8),

2067 549 2160 606 cui
2206 548 2399 608 vicina
2447 551 2606 625 rupis
2652 550 2816 609 Petra
2871 559 3100 626 pertusa
3140 554 3492 615 vocabulum
3537 559 3770 632 indidit,

2067 645 2409 711 perventum
2456 639 2675 707 fuisset,
2710 640 2829 712 jam
2872 641 3108 699 Domini
3138 658 3345 702 servus
3377 646 3624 706 ulterius
3656 648 3774 706 fere

2064 727 2269 800 nequit
2296 726 2752 800 ignominiosum
2781 728 3047 787 nitidulze
3076 731 3254 789 vestis
3303 741 3576 793 ornatum
3610 754 3625 792 :
3674 735 3775 795 Oc-

2062 819 2292 875 casione
2337 819 2532 892 itaque
2569 817 2785 877 ibidem
2821 819 3116 892 paulisper
3159 824 3491 884 remorandi
3531 833 3773 900 reperta,

2062 908 2337 979 magister
2361 915 2547 982 cmpto
2578 909 2783 967 itinere
2829 908 3012 966 tendit
3040 909 3110 967 ad
3150 926 3455 984 eremum;
3489 912 3591 973 ille
3638 928 3777 974 vero

2063 995 2246 1053 alium
2294 995 2407 1054 sibi
2450 996 2806 1069 scapularem
2860 996 3236 1057 humiliorem
3275 1000 3523 1059 stamine
3578 1006 3635 1060 et
3684 1017 3783 1061 co-

2063 1082 2183 1142 lore
2239 1082 2309 1156 (9)
2361 1084 2714 1159 acquisitum
2768 1084 2999 1156 induit;
3058 1087 3257 1161 sicque
3314 1088 3481 1147 velut
3532 1088 3779 1150 immani

2056 1172 2301 1243 sarcina,
2353 1189 2472 1247 qua
2526 1173 2833 1248 depressus
2889 1174 3169 1233 hactenus
3232 1176 3442 1246 fuerat,
3506 1176 3774 1250 leviatus,

2056 1266 2400 1338 quantocius
2447 1272 2574 1339 post
2612 1267 2956 1339 magistrum
2999 1267 3071 1325 ad
3111 1268 3413 1341 proprium
3455 1276 3540 1327 est
3573 1286 3780 1330 mona-

2059 1354 2301 1413 sterium
2332 1370 2617 1414 reversus.
2671 1354 3050 1430 Nequaquam
3081 1356 3242 1414 enim
3290 1372 3388 1416 eos
3418 1372 3589 1433 asque
3618 1364 3782 1434 pote-

396 1515 409 1524 _
476 1513 509 1525 η
573 1442 736 1470 ⁹“¹’⁶⁶’
772 1442 1203 1525 "‘”’_f"‘f’“"""°_’
1238 1442 1657 1525 ‘f_""°""°_"""‘
1842 1519 1854 1525 _
1934 1520 1943 1525 _
2062 1449 2169 1516 rat,
2221 1444 2269 1502 si
2322 1444 2600 1518 squalidis
2655 1444 2971 1503 utebantur
3016 1442 3296 1515 vestibus,
3347 1448 3609 1506 venustis
3660 1448 3784 1523 ipse

331 1513 1403 1609 Hi3“3‘19?DPOPI'iiS_inYeCliPDibUS
1428 1518 1701 1591 reﬂexus.
1734 1519 1981 1578 senioris
2062 1513 2307 1591 indutus
2354 1513 2629 1601 revisere,
2681 1532 2824 1591 dum
2867 1529 3129 1590 moribus
3174 1513 3367 1590 ornari
3414 1534 3608 1606 potius
3664 1513 3789 1609 ges-

255 1610 549 1679 przecepto
586 1604 745 1664 illico
786 1606 1098 1679 acquievit,
1140 1607 1515 1682 placidusque
1549 1615 1839 1682 gratanter
1877 1610 1982 1668 ob—
2065 1620 2149 1678 tiri

2104 1622 2244 1678 irent
2291 1636 2470 1694 quam
2513 1619 2795 1679 vestibus.
2854 1618 2929 1677 Ut
2976 1626 3171 1678 autem
3221 1620 3293 1678 ad
3343 1604 3785 1694 superiora-re-

262 1696 626 1799 temperavit.
674 1698 986 1799 Ass‘umpto
1035 1714 1173 1757 vero
1218 1700 1439 1770 habitu,
1505 1705 1666 1757 tanto
1720 1700 2040 1799 protinusB
2067 1712 2149 1771 de:

2107 1727 2324 1784 eamus,
2385 1713 2551 1771 bonae
2602 1710 2814 1799 indolis
2868 1710 3081 1769 Christi
3148 1710 3319 1770 miles
3389 1713 3563 1771 tantis
3624 1710 3782 1772 illico

260 1782 498 1875 Ϊθῗνοΐθ
549 1785 920 1842 succenditur
973 1791 1058 1856 ιη»
1122 1802 1393 1860 corporea
1445 1801 1585 1844 Cum
1632 1782 2449 1875 contemPt‘diujejuniorum,
2502 1798 2835 1872 vigiliarum
2896 1805 3358 1873 czeterarumque
3396 1800 3780 1860 amictionum

263 1873 389 1931 3013
443 1888 578 1948 ίιιιεθ
629 1879 768 1932 sum
817 1876 1053 1948 Spiritus
1102 1882 1412 1952 θρρθεθιηει,
1465 1891 1699 1935 carnem
1751 1876 1986 1950 Spiritui
2068 1873 2365 1949 laboribus
2393 1905 2454 1947 se
2499 1889 2672 1963 coepit
2698 1895 2960 1959 atterere,
2991 1895 3054 1946 ut
3096 1888 3162 1959 ii,
3202 1904 3304 1963 qui
3331 1888 3628 1948 diuturnis
3654 1890 3777 1964 jam

260 1964 403 2022 ῐοίίε
484 1964 711 2026 Viribus
784 1968 1000 2025 εθΐνίτθ
1078 1968 1485 2042 compelleret;
1555 1967 1833 2039 delicata,
1894 1966 1987 2024 νει
2069 1978 2280 2038 studiis
2319 1978 2618 2036 exercitati
2660 1977 2911 2047 fuerant,
2941 1977 3105 2035 illius
3142 1992 3349 2048 mores,
3390 1983 3447 2037 et
3476 1978 3657 2038 vitam
3689 1980 3783 2037 in-

257 2056 604 2123 sumptuosa
644 2058 850 2111 εἱληθῖᾶ
894 2070 1191 2129 respuens.
1224 2071 1426 2130 aspera
1457 2071 1710 2130 qumque
1757 2060 1813 2112 et
1847 2068 1987 2112 οοῐι·
2071 2072 2321 2138 tuentes,
2352 2082 2457 2125 sua
2494 2071 2837 2139 cogerentur
2872 2070 2997 2123 acta
3041 2072 3431 2125 contemnere.
3462 2066 3611 2124 Nam
3641 2066 3786 2124 dum

262 2143 617 2216 temptibilia
672 2145 1008 2218 requireret.
1044 2147 1239 2218 Porro,
1271 2148 1427 2221 quod
1455 2147 1606 2219 dico,
1641 2146 1747 2204 hoc
1767 2145 1990 2203 intueri

256 2232 422 2290 vales
469 2235 739 2309 exemplo
778 2255 792 2294 :
848 2235 990 2295 dum
1043 2237 1141 2295 hic
1180 2244 1328 2295 esset
1360 2235 1673 2310 aliquando
1701 2249 1837 2292 cum
1884 2248 1988 2291 suo

256 2324 631 2397 profecturus
658 2324 954 2399 magistro,
988 2327 1319 2385 molliorem
1358 2324 1718 2399 scapularem
1745 2323 1989 2381 induere

258 2421 439 2483 atque
475 2414 873 2486 pulchriorem
900 2430 1080 2489 quam
1107 2414 1396 2473 ati‘ectaret
1427 2428 1649 2487 equum
1675 2410 1986 2469 ascendere

252 2501 462 2575 jussus
512 2508 617 2559 est.
659 2502 882 2576 Rogare
918 2506 1113 2578 itaque
1163 2504 1502 2579 magistrum
1532 2502 1780 2562 summis
1813 2504 1987 2576 coepit

258 2590 557 2663 precibus,
619 2607 694 2649 ne
751 2592 860 2650 sibi
918 2593 1026 2652 hoc
1077 2593 1413 2667 dignaretur
1464 2592 1777 2666 praecipere
1829 2591 1986 2664 quod

258 2677 388 2751 ipse
428 2679 737 2752 nimirum,
789 2680 952 2740 velut
997 2680 1293 2752 indecens,
1325 2679 1676 2739 abhorreret.
1718 2678 1990 2753 Magister

260 2781 405 2824 vero
442 2767 571 2838 ejus
614 2768 882 2841 precibus
927 2770 1291 2843 acquiescere
1336 2767 1587 2838 nolebat,
1618 2783 1692 2826 ne
1739 2767 1990 2842 vilipeu-

259 2855 400 2911 dere
444 2855 741 2915 videretur
772 2856 1148 2932 discipulum,
1179 2872 1356 2932 quem
1403 2855 1680 2930 diligebat
1713 2862 1992 2930 tanquam

260 2944 533 3008 unicum,
567 2945 616 3002 si
648 2945 729 3001 sic
767 2961 927 3017 eum,
965 2946 1136 3019 juxta
1164 2961 1336 3005 suum
1381 2944 1758 3017 desiderium,
1794 2960 1992 3003 secum

2071 2154 2347 2214 inolitum
2377 2154 2654 2214 vitiorum
2683 2153 2949 2212 funditus
2975 2157 3217 2211 certaret
3257 2154 3550 2225 exsulare,
3580 2161 3787 2213 cuncta

2070 2244 2387 2304 moralium
2447 2244 2634 2317 ipsius
2696 2242 2806 2300 loci
2893 2242 3304 2301 exercitiorum
3371 2259 3583 2315 genera
3657 2243 3788 2302 totis

2070 2334 2347 2407 gestiebat
2386 2333 2610 2391 viribus
2647 2332 2937 2390 indefesso
2989 2332 3177 2404 operis
3232 2332 3426 2391 labore
3473 2332 3783 2407 complere.

2068 2421 2244 2480 Porro
2275 2421 2385 2480 loci
2411 2420 2703 2478 institutio
2729 2422 2843 2488 (10)
2872 2420 3213 2492 hujusmodi
3253 2421 3372 2479 fore
3399 2420 3783 2493 dignoscitur,

2069 2510 2222 2583 quod
2257 2510 2378 2568 bini
2405 2508 2609 2567 divisis
2645 2507 2870 2566 cellulis
2897 2512 3321 2565 commorantes
3357 2507 3451 2565 die
3498 2516 3790 2583 noctuque
3830 2520 3831 2523 ‘

2070 2614 2104 2657 a
2150 2597 2395 2672 spiritali
2426 2596 2760 2667 luctamine,
2789 2595 2952 2655 velut
2990 2596 3054 2653 in
3086 2595 3211 2654 acie
3244 2596 3642 2668 consistentes,
3668 2599 3792 2655 bra-

2070 2689 2202 2748 chia
2262 2704 2382 2748 non
2455 2687 2844 2746 remittebant.
2901 2685 3476 2760 Inexpugnabilibus
3535 2703 3791 2762 namque

2073 2776 2432 2852 psalmodiis,
2461 2776 2755 2846 orationis,
2790 2775 3075 2846 lectionis,
3109 2775 3479 2835 abstinentim
3515 2776 3789 2835 obedien-

2078 2867 2289 2940 tiasque
2347 2865 2525 2924 armis
2591 2864 2849 2934 accincti,
2905 2863 3187 2923 adversus
3236 2880 3434 2922 aereas
3482 2869 3789 2937 potestates

2072 2953 2554 3014 infmderabiliter
2589 2952 2960 3012 dimicabant.
2988 2952 3377 3011 Abstinentiaa
3413 2967 3546 3009 vero
3576 2952 3785 3012 modus

260 3034 624 3104 permitteret
678 3033 967 3092 incultum
1025 3034 1350 3107 procedere.
1412 3032 1745 3108 Discipulus
1796 3042 1989 3093 autem
2014 3043 2169 3116 "hic
2203 3047 2342 3114 erat,
2375 3048 2443 3101 ut
2494 3049 2743 3116 quatuor
2785 3044 2846 3098 in
2878 3039 3240 3099 hebdomada
3270 3038 3494 3108 diebus,
3534 3055 3680 3112 pane
3731 3048 3788 3099 et

260 3096 436 3194 longe
466 3121 633 3179 aliter
668 3123 924 3180 sentiens
962 3096 1263 3196 totumque
1299 3096 1591 3181 aliorsum
1622 3128 1986 3192 convertens,
2012 3096 2527 3205 ξόξιιξέιιίῖ
2542 3096 2733 3187 “rei-ii;
2761 3096 3051 3203 eiqﬁima
3078 3096 3221 3185 feria,
3253 3096 3588 3200 pauxillluin
3620 3096 3784 3200 ιεςιίζ

262 3209 521 3267 nimium
583 3209 974 3278 erubescebat,
1007 3210 1385 3268 saicularibus
1406 3211 1528 3284 jam
1551 3226 1828 3285 apparere
1854 3209 1992 3268 niti-

260 3297 463 3369 dulus,
496 3314 573 3357 ne
602 3299 748 3372 ipse,
783 3300 882 3373 qui
923 3298 1065 3359 olim
1094 3299 1310 3359 saeculo
1339 3300 1708 3359 renuntiasse
1746 3298 1989 3357 videba-

261 3397 379 3459 tur,
432 3391 771 3448 saacularem
809 3406 1083 3465 pompam
1133 3391 1327 3450 adhuc
1376 3389 1686 3449 carnaliter
1726 3405 1989 3464 quaerere

257 3484 588 3550 putaretur.
643 3478 809 3549 Quod
872 3485 1061 3537 tamen
1126 3478 1502 3552 opprobrium
1559 3478 1745 3537 multo
1804 3476 1989 3549 magis

258 3571 362 3629 ille
399 3570 602 3630 subire
648 3587 825 3646 quam
873 3571 1284 3630 inobedientiae
1312 3578 1510 3631 notam
1546 3571 1774 3640 maluit,
1807 3584 1988 3645 quam

256 3662 538 3721 videlicet
586 3664 887 3721 incurrere
932 3664 1338 3722 vehementius
1379 3664 1635 3735 expavit.
1668 3661 1990 3721 Videbatur

254 3752 421 3809 enim
469 3752 604 3821 sibi,
632 3758 802 3824 prout
849 3753 971 3826 ipse
1000 3753 1302 3823 referebat,
1333 3758 1398 3811 ut
1438 3752 1775 3828 quicunque
1814 3751 1986 3810 illum

253 3846 558 3914 comptum
608 3843 866 3916 equitare
910 3846 1233 3911 cernerent,
1268 3840 1450 3913 digito
1502 3841 1985 3910 demonstrarent,

252 3938 311 3988 et
341 3930 509 3989 velut
545 3931 839 3990 carnalem
891 3932 1336 4001 subsannarent,
1378 3930 1612 4005 sibique
1638 3945 1759 3988 non
1787 3945 1988 3988 mona-

251 4021 375 4092 chi,
408 4022 511 4080 sed
553 4023 753 4095 sponsi
795 4036 1004 4079 nomen
1049 4026 1329 4093 aptarent.
1365 4018 1531 4078 Unde
1573 4025 1768 4079 tantus
1803 4019 1986 4078 rubor

253 4110 386 4184 ejus
424 4110 748 4170 suffuderat
785 4110 1013 4181 faciem,
1043 4118 1108 4167 ut
1160 4108 1262 4167 vix
1294 4115 1466 4183 caput
1508 4108 1746 4182 erigere,
1782 4108 1883 4166 vix
1916 4108 1979 4166 in

2072 3221 2250 3280 minis
2287 3225 2604 3286 sumerent,
2634 3217 2791 3293 quod
2821 3215 3093 3275 videlicet
3128 3214 3379 3289 singulis
3411 3216 3473 3274 in
3510 3216 3634 3275 suis
3668 3216 3785 3275 cel-

2070 3310 2208 3371 lulis
2237 3309 2649 3382 decoquebant.
2679 3306 3044 3380 Jejuniorum
3085 3304 3299 3379 quippe
3328 3303 3534 3363 diebus
3564 3322 3786 3381 nequa-

2073 3414 2248 3472 quam
2276 3414 2379 3473 pro
2407 3412 2514 3456 suo
2533 3396 2700 3455 libito
2726 3395 2999 3468 cuiquam
3019 3392 3090 3451 de
3113 3408 3263 3466 pane
3293 3409 3525 3452 sumere
3553 3395 3785 3465 licebat,

2073 3488 2171 3547 sed
2228 3488 2288 3546 id
2336 3486 2492 3561 quod
2535 3484 2778 3558 praeﬁxa
2821 3497 3096 3540 mensura
3145 3481 3454 3553 praebebat.
3497 3482 3673 3542 Porro
3720 3482 3793 3542 de

2073 3575 2198 3632 vini
2226 3591 2337 3634 usu
2367 3573 2509 3648 quid
2536 3585 2874 3641 memorem,
2914 3584 3051 3627 cum
3077 3569 3191 3627 nisi
3222 3586 3322 3642 pro
3345 3570 3647 3641 sacriﬁcio,
3682 3587 3788 3630 seu

2075 3662 2313 3721 forsitan
2342 3678 2448 3737 pro
2487 3676 2642 3733 aegro
2675 3658 2884 3716 vinum
2910 3657 3129 3715 ibidem
3158 3665 3298 3716 tunc
3325 3672 3562 3731 prorsus
3587 3658 3789 3719 deesse

2073 3753 2292 3812 feratur
2329 3751 2356 3808 ?
2402 3748 2785 3824 Nudipedalia
2831 3747 3047 3822 passim
3089 3761 3191 3821 per
3248 3763 3512 3807 eremum
3564 3749 3791 3808 cunctis

2075 3839 2434 3915 temporibus
2481 3837 2868 3908 exercebant;
2917 3835 2981 3894 in
3027 3834 3187 3894 cellis
3224 3852 3360 3895 vero
3409 3852 3517 3896 nec
3573 3837 3785 3912 caligas

2071 3930 2390 3989 induebant
2426 3929 2551 4001 (ll).
2594 3925 2831 3986 Casteris
2880 3928 3078 3983 autem
3117 3924 3521 4000 spiritualihus
3563 3928 3789 3987 exerci-

2069 4019 2185 4090 tiis,
2217 4018 2541 4094 disciplina
2571 4015 3164 4075 videlicetmetanmis
3191 4014 3321 4086 (12),
3348 4015 3618 4088 palmatis
3644 4016 3786 4087 (i3),

2064 4108 2310 4182 prolixis
2358 4108 2632 4167 ulnarum
2679 4103 3297 4199 extensionibuslli),
3344 4104 3567 4177 sedulo,
3615 4111 3788 4179 prout

1429 4241 1836 4303 GODEFRIDI
1874 4239 2343 4301 HENSCHENII
2384 4224 2626 4299 NOTIE.

321 4351 394 4415 (8)
438 4350 523 4402 Ad
568 4350 865 4403 mobium
903 4350 962 4403 S.
1018 4347 1304 4401 Vincentii.
1371 4348 1444 4399 De
1494 4348 1598 4400 hoc
1649 4348 1979 4399 monasterio
2004 4350 2054 4409 D
2081 4347 2248 4399 fratre
2312 4349 2523 4399 mortuo
2582 4355 3023 4411 unumquemque
3094 4343 3432 4415 septingenta
3493 4349 3790 4400 mctanmas

257 4425 371 4486 agit
445 4422 502 4473 Β.
582 4421 765 4474 Petrus
829 4435 917 4485 ep.
999 4420 1059 4471 32
1125 4421 1214 4472 lib.
1283 4433 1359 4482 vr,
1417 4420 1575 4482 eique
1641 4430 1700 4469 sc
1767 4430 1981 4470 summa

256 4496 580 4545 auctoritate
625 4493 907 4556 praefuisse
959 4492 1152 4552 innuit,
1205 4488 1674 4555 quadragesimale
1710 4489 1978 4554 jejunium

256 4563 479 4629 aliaque
516 4563 945 4627 pnescribendo.

318 4635 396 4698 (9)
443 4634 804 4697 Scapularem
859 4633 1208 4687 humiliorem
1259 4632 1495 4685 stamine
1550 4635 1597 4684 sl
1650 4633 1848 4685 colore.
1906 4633 1980 4686 De

259 4707 359 4757 vili
394 4708 597 4760 vestitu
640 4705 1031 4758 monachorum
1062 4704 1279 4757 disserit
1306 4717 1494 4769 opusc.
1534 4704 1609 4767 1‘2,
1640 4708 1695 4757 et
1718 4703 1980 4759 ecclesia-

254 4778 522 4829 sticornm
549 4776 824 4840 opusc.29.

322 4849 422 4907 (t0)
488 4847 656 4898 Porro
706 4846 809 4899 loci
860 4845 1150 4899 institutio.
1216 4843 1287 4895 De
1340 4843 1532 4896 ordine
1595 4847 1972 4905 crcmilarum.

254 4923 308 4970 et
367 4918 723 4980 facultatibus
788 4918 958 4969 eremi
1017 4916 1492 4978 Fontis-Avellani,
1545 4918 1671 4969 item
1742 4916 1815 4969 Ile
1873 4932 1978 4970 sua:

256 4989 693 5054 congregationis
736 4990 1009 5043 institutis
1058 4993 1276 5041 exstant
1310 4992 1570 5042 tractatus
1603 4989 1711 5041 duo
1744 4989 1801 5043 B.
1839 4990 1975 5042 Petri

257 5063 385 5112 tom.
408 5058 474 5112 lll
499 5072 688 5125 opusc.
714 5060 772 5111 ili
794 5062 846 5111 et
873 5061 944 5119 15,
971 5073 1041 5112 ex
1067 5059 1263 5124 quibus
1281 5058 1396 5111 haec
1418 5059 1672 5111 videntur
1696 5063 1971 5125 excerpta.

321 5133 427 5191 (tt)
455 5129 565 5182 Nec
591 5131 794 5194 caligas
827 5129 1143 5183 induebant.
1174 5130 1337 5182 Nudis
1366 5129 1619 5182 cruribus
1650 5143 1975 5193 permanere

254 5200 450 5253 solitos
481 5202 641 5252 tradit
669 5214 859 5263 opusc.
900 5203 973 5252 14.

316 5274 429 5345 (12)
489 5269 787 5324 Metanan‘s.
845 5274 1117 5334 Metaurus,
1168 5272 1433 5345 μετάνοια,
1488 5272 1824 5335 pauitantia,
1886 5273 1974 5326 hic

256 5344 531 5407 signiﬁcat
620 5347 1054 5408 prostrationem,
1147 5344 1265 5394 sive
1353 5345 1761 5396 inclinationem
1852 5357 1969 5397 cor-

256 5417 407 5480 poris
476 5416 531 5467 iu
606 5420 826 5467 terram.
882 5414 959 5466 lta
1018 5416 1068 5466 B.
1145 5415 1328 5467 Petrus
1397 5416 1582 5466 scribit
1643 5417 1699 5466 in
1760 5415 1866 5467 Vita
1923 5417 1970 5467 S.

254 5487 518 5540 Dominici
575 5487 818 5545 Loricatl,
870 5487 935 5536 ab
987 5498 1052 5537 eo
1107 5486 1169 5537 in
1218 5498 1328 5536 uno
1380 5485 1633 5548 psalterio
1694 5486 1976 5540 recitando

257 5560 399 5613 mille
448 5560 745 5611 nictaan
786 5555 927 5621 fieri,
981 5562 1036 5610 et
1076 5557 1132 5609 in
1184 5559 1344 5610 citato
1393 5568 1580 5622 opusc.
1635 5560 1689 5610 tt
1739 5560 1831 5619 ait,
1878 5570 1978 5622 pro

2079 4419 2279 4484 facere.
2336 4419 2385 4469 S.
2457 4418 2671 4469 Simeon
2739 4417 2926 4479 Stylita
2994 4414 3138 4479 apud
3192 4413 3512 4468 Theodoret.
3569 4430 3618 4470 c.
3684 4419 3798 4469 26:

2087 4510 2106 4535 ι
2148 4489 2363 4541 Philotei
2446 4489 2688 4553 quotidie
2767 4485 3192 4549 quamplurimas
3264 4486 3640 4540 inclinationes
3713 4490 3791 4540 fa-

2080 4560 2271 4624 ciebat,
2337 4558 2533 4624 quibus
2586 4559 2656 4611 ad
2711 4556 2859 4609 mille
2910 4557 3173 4609 ducentas
3237 4557 3595 4621 quadraginta
3656 4572 3786 4623 qua-

2077 4637 2202 4685 tuor
2252 4630 2597 4690 enumeratis,
2646 4628 2909 4687 defessus,
2962 4628 3054 4694 qui
3105 4626 3445 4691 observabat,
3503 4642 3796 4684 numerare

2079 4703 2254 4756 desiit.
2306 4722 2333 4748 π
2386 4702 2619 4755 Consule
2673 4700 3065 4753 Onomasticum
3130 4700 3301 4752 Rosw.
3371 4698 3438 4749 ad
3496 4699 3635 4751 Vitas
3700 4702 3790 4753 Pa-

2077 4778 2238 4826 trum.
2266 4773 2425 4838 [Lege
2448 4771 2685 4836 Cajetani
2708 4770 2884 4822 Schol.
2908 4783 2961 4836 p.
2987 4770 3097 4831 210,
3123 4773 3162 4822 t.
3194 4770 3233 4820 il
3261 4771 3374 4822 hor.
3401 4769 3575 4835 οδω.)

2138 4846 2242 4912 (13)
2316 4843 2603 4897 Palmatis.
2684 4842 2928 4894 Palmataa
3008 4855 3039 4891 a
3107 4840 3289 4905 palma
3372 4852 3564 4912 manus
3634 4842 3790 4893 dictae

2076 4911 2239 4979 sunt,
2305 4929 2400 4968 eas
2474 4914 2737 4980 quispiam
2805 4913 2907 4965 sibi
2978 4912 3205 4975 inﬂigit,
3290 4911 3505 4977 quando
3586 4912 3794 4977 palmas

2076 4987 2235 5045 illidit
2281 4990 2457 5038 terra).
2518 4986 2594 5037 ita
2642 4985 2697 5037 B.
2772 4984 2957 5036 Petrus
3018 4983 3104 5033 lib.
3178 4995 3272 5041 vr,
3338 4981 3495 5046 epist.
3564 4982 3665 5046 27,
3725 4987 3792 5038 ad

2080 5059 2289 5111 Petrum
2360 5057 2715 5110 Cerebrosum
2794 5053 3112 5107 monachum
3195 5071 3221 5099 α
3291 5052 3504 5114 Lorica,
3580 5057 3793 5120 inquit,

2076 5134 2161 5183 est
2210 5130 2373 5181 homo
2425 5129 2645 5180 indutus
2698 5127 2766 5180 ad
2828 5138 3079 5183 carnem,
3140 5123 3334 5176 ferreis
3395 5125 3640 5178 membra
3704 5129 3789 5179 di-

2073 5202 2233 5252 vulsa
2288 5199 2510 5252 circulis
2557 5197 2757 5256 ambit,
2816 5198 2975 5249 mittit
3031 5207 3155 5248 cum
3210 5194 3397 5247 labore
3459 5201 3791 5259 metanteas,

2075 5271 2247 5323 allidit
2322 5271 2379 5321 in
2455 5272 2822 5334 pavimentum
2880 5268 3080 5330 sepius
3168 5265 3391 5331 palmas.
3450 5284 3478 5313 γ)
3542 5267 3794 5322 Burcard.

2075 5343 2165 5394 lib.
2222 5353 2348 5402 xix,
2399 5352 2515 5404 cap.
2588 5339 2643 5391 t7
2707 5344 2761 5392 et
2813 5340 2893 5400 25,
2953 5338 3026 5390 ait
3070 5352 3084 5391 :
3138 5358 3161 5384 α
3204 5340 3346 5391 diem
3397 5350 3567 5392 unum
3623 5342 3796 5404 poeni-

2075 5415 2254 5466 tentiae
2309 5412 2497 5476 viginti
2550 5410 2803 5475 palmatis
2863 5410 3055 5462 redimi
3111 5422 3297 5476 posse,
3343 5428 3371 5457 ιο
3416 5410 3510 5463 ubi
3568 5424 3792 5475 percus-

2078 5485 2265 5537 siones
2290 5483 2589 5548 palmarum
2625 5482 2801 5535 ferula
2830 5479 3059 5534 inﬂictas
3086 5482 3252 5545 aliqui
3276 5481 3607 5546 intelligunt.

2143 5554 2248 5620 (14)
2316 5552 2550 5607 Ρνοιίωἱδ
2609 5552 2876 5606 ulnarum
2925 5551 3340 5607 cslmsionibus.
3394 5553 3446 5605 B.
3507 5554 3691 5606 Petrus
3741 5552 3796 5603 in
