  <div class='ocr_page' id='page_1' title='image "/cluster/home/n/w/nwhite01/storage/ocr_20150623/144/hvd.32044054760046/067.png"; bbox 0 0 4106 6204; ppageno 0'>
   <div class='ocr_carea' id='block_1_1' title="bbox 296 237 396 299">
    <p class='ocr_par' dir='ltr' id='par_1_1' title="bbox 296 237 396 299">
     <span class='ocr_line' id='line_1_1' title="bbox 296 237 396 299; baseline -0.01 0"><span class='ocrx_word' id='word_1_1' title='bbox 296 237 396 299; x_wconf 69' lang='grc'>123</span> 
     </span>
    </p>
   </div>
   <div class='ocr_carea' id='block_1_2' title="bbox 1218 232 2874 298">
    <p class='ocr_par' dir='ltr' id='par_1_2' title="bbox 1218 232 2874 298">
     <span class='ocr_line' id='line_1_2' title="bbox 1218 232 2874 298; baseline -0.001 -1"><span class='ocrx_word' id='word_1_2' title='bbox 1218 237 1280 298; x_wconf 92' lang='lat' dir='ltr'>S.</span> <span class='ocrx_word' id='word_1_3' title='bbox 1311 234 1605 297; x_wconf 81' lang='lat' dir='ltr'>PETRUS</span> <span class='ocrx_word' id='word_1_4' title='bbox 1642 234 2036 297; x_wconf 78' lang='lat' dir='ltr'>DAMIANUS</span> <span class='ocrx_word' id='word_1_5' title='bbox 2077 236 2134 297; x_wconf 87' lang='lat' dir='ltr'>S.</span> <span class='ocrx_word' id='word_1_6' title='bbox 2179 237 2246 298; x_wconf 80' lang='lat' dir='ltr'>R.</span> <span class='ocrx_word' id='word_1_7' title='bbox 2289 236 2355 295; x_wconf 86' lang='lat' dir='ltr'>E.</span> <span class='ocrx_word' id='word_1_8' title='bbox 2399 232 2874 297; x_wconf 79' lang='lat' dir='ltr'>CARDINALIS.</span> 
     </span>
    </p>
   </div>
   <div class='ocr_carea' id='block_1_3' title="bbox 3704 235 3799 301">
    <p class='ocr_par' dir='ltr' id='par_1_3' title="bbox 3704 235 3799 301">
     <span class='ocr_line' id='line_1_3' title="bbox 3704 235 3799 301; baseline -0.011 0"><span class='ocrx_word' id='word_1_9' title='bbox 3704 235 3799 301; x_wconf 77' lang='grc'>124</span> 
     </span>
    </p>
   </div>
   <div class='ocr_carea' id='block_1_4' title="bbox 290 360 3802 442">
    <p class='ocr_par' dir='ltr' id='par_1_4' title="bbox 290 360 3802 442">
     <span class='ocr_line' id='line_1_4' title="bbox 290 360 3802 442; baseline 0.001 -19"><span class='ocrx_word' id='word_1_10' title='bbox 290 364 506 438; x_wconf 87' lang='lat' dir='ltr'>cuique</span> <span class='ocrx_word' id='word_1_11' title='bbox 546 361 739 421; x_wconf 81' lang='lat' dir='ltr'>fervor</span> <span class='ocrx_word' id='word_1_12' title='bbox 781 360 1086 436; x_wconf 88' lang='lat' dir='ltr'>virtusque</span> <span class='ocrx_word' id='word_1_13' title='bbox 1130 362 1358 421; x_wconf 87' lang='lat' dir='ltr'>inerant</span> <span class='ocrx_word' id='word_1_14' title='bbox 1401 362 1532 436; x_wconf 83' lang='grc'>(15),</span> <span class='ocrx_word' id='word_1_15' title='bbox 1560 360 2062 427; x_wconf 84' lang='lat' dir='ltr'>incumbebant.A</span> <span class='ocrx_word' id='word_1_16' title='bbox 2086 367 2246 435; x_wconf 88' lang='lat' dir='ltr'>teret,</span> <span class='ocrx_word' id='word_1_17' title='bbox 2276 375 2411 436; x_wconf 89' lang='lat' dir='ltr'>quo,</span> <span class='ocrx_word' id='word_1_18' title='bbox 2450 360 2820 434; x_wconf 90' lang='lat' dir='ltr'>poscentibus</span> <span class='ocrx_word' id='word_1_19' title='bbox 2847 360 3139 436; x_wconf 83' lang='lat' dir='ltr'>fratribus,</span> <span class='ocrx_word' id='word_1_20' title='bbox 3169 362 3330 422; x_wconf 82' lang='lat' dir='ltr'>verbi</span> <span class='ocrx_word' id='word_1_21' title='bbox 3378 363 3529 424; x_wconf 80' lang='lat' dir='ltr'>sacri</span> <span class='ocrx_word' id='word_1_22' title='bbox 3568 378 3802 442; x_wconf 78' lang='lat' dir='ltr'>emgare</span> 
     </span>
    </p>
   </div>
   <div class='ocr_carea' id='block_1_5' title="bbox 293 452 2005 527">
    <p class='ocr_par' dir='ltr' id='par_1_5' title="bbox 293 452 2005 527">
     <span class='ocr_line' id='line_1_5' title="bbox 293 452 2005 527; baseline -0.001 -14"><span class='ocrx_word' id='word_1_23' title='bbox 293 452 471 514; x_wconf 87' lang='lat' dir='ltr'>Porro</span> <span class='ocrx_word' id='word_1_24' title='bbox 518 452 851 527; x_wconf 84' lang='lat' dir='ltr'>vigiliarum</span> <span class='ocrx_word' id='word_1_25' title='bbox 890 453 1052 513; x_wconf 90' lang='lat' dir='ltr'>hunc</span> <span class='ocrx_word' id='word_1_26' title='bbox 1089 468 1310 512; x_wconf 90' lang='lat' dir='ltr'>morem</span> <span class='ocrx_word' id='word_1_27' title='bbox 1358 452 1686 523; x_wconf 80' lang='lat' dir='ltr'>servabant,</span> <span class='ocrx_word' id='word_1_28' title='bbox 1718 458 1807 524; x_wconf 89' lang='lat' dir='ltr'>ut,</span> <span class='ocrx_word' id='word_1_29' title='bbox 1839 452 2005 524; x_wconf 86' lang='lat' dir='ltr'>signo</span> 
     </span>
    </p>
   </div>
   <div class='ocr_carea' id='block_1_6' title="bbox 300 541 2003 622">
    <p class='ocr_par' dir='ltr' id='par_1_6' title="bbox 300 541 2003 622">
     <span class='ocr_line' id='line_1_6' title="bbox 300 541 2003 622; baseline -0.001 -16"><span class='ocrx_word' id='word_1_30' title='bbox 300 546 575 622; x_wconf 88' lang='lat' dir='ltr'>temporis</span> <span class='ocrx_word' id='word_1_31' title='bbox 634 554 1001 622; x_wconf 83' lang='lat' dir='ltr'>personante,</span> <span class='ocrx_word' id='word_1_32' title='bbox 1058 553 1241 606; x_wconf 90' lang='lat' dir='ltr'>totum</span> <span class='ocrx_word' id='word_1_33' title='bbox 1288 551 1415 621; x_wconf 88' lang='lat' dir='ltr'>post</span> <span class='ocrx_word' id='word_1_34' title='bbox 1464 546 1738 621; x_wconf 82' lang='lat' dir='ltr'>synaxim</span> <span class='ocrx_word' id='word_1_35' title='bbox 1786 541 2003 605; x_wconf 89' lang='lat' dir='ltr'>Psalte-</span> 
     </span>
    </p>
   </div>
   <div class='ocr_carea' id='block_1_7' title="bbox 196 624 2005 710">
    <p class='ocr_par' dir='ltr' id='par_1_7' title="bbox 196 624 2005 710">
     <span class='ocr_line' id='line_1_7' title="bbox 196 624 2005 710; baseline 0 -16"><span class='ocrx_word' id='word_1_36' title='bbox 196 624 203 631; x_wconf 71' lang='grc'><em>’</em></span> <span class='ocrx_word' id='word_1_37' title='bbox 294 636 449 695; x_wconf 87' lang='lat' dir='ltr'>rium</span> <span class='ocrx_word' id='word_1_38' title='bbox 472 641 604 694; x_wconf 86' lang='lat' dir='ltr'>ante</span> <span class='ocrx_word' id='word_1_39' title='bbox 629 633 820 695; x_wconf 88' lang='lat' dir='ltr'>lucem</span> <span class='ocrx_word' id='word_1_40' title='bbox 857 637 1232 710; x_wconf 85' lang='lat' dir='ltr'>complerent.</span> <span class='ocrx_word' id='word_1_41' title='bbox 1266 635 1470 695; x_wconf 85' lang='lat' dir='ltr'>Petrus</span> <span class='ocrx_word' id='word_1_42' title='bbox 1516 650 1655 695; x_wconf 91' lang='lat' dir='ltr'>vero</span> <span class='ocrx_word' id='word_1_43' title='bbox 1696 635 1808 694; x_wconf 89' lang='lat' dir='ltr'>hoc</span> <span class='ocrx_word' id='word_1_44' title='bbox 1846 651 2005 694; x_wconf 91' lang='lat' dir='ltr'>com-</span> 
     </span>
    </p>
   </div>
   <div class='ocr_carea' id='block_1_8' title="bbox 291 724 2005 802">
    <p class='ocr_par' dir='ltr' id='par_1_8' title="bbox 291 724 2005 802">
     <span class='ocr_line' id='line_1_8' title="bbox 291 724 2005 802; baseline 0 -18"><span class='ocrx_word' id='word_1_45' title='bbox 291 741 471 785; x_wconf 88' lang='lat' dir='ltr'>mune</span> <span class='ocrx_word' id='word_1_46' title='bbox 500 724 734 799; x_wconf 91' lang='lat' dir='ltr'>signum</span> <span class='ocrx_word' id='word_1_47' title='bbox 770 724 941 800; x_wconf 88' lang='lat' dir='ltr'>longe</span> <span class='ocrx_word' id='word_1_48' title='bbox 968 726 1266 799; x_wconf 85' lang='lat' dir='ltr'>vigilando</span> <span class='ocrx_word' id='word_1_49' title='bbox 1302 726 1693 802; x_wconf 62' lang='lat' dir='ltr'>pratveniens,</span> <span class='ocrx_word' id='word_1_50' title='bbox 1721 724 2005 801; x_wconf 81' lang='lat' dir='ltr'>quidquid</span> 
     </span>
    </p>
   </div>
   <div class='ocr_carea' id='block_1_9' title="bbox 293 814 2006 890">
    <p class='ocr_par' dir='ltr' id='par_1_9' title="bbox 293 814 2006 890">
     <span class='ocr_line' id='line_1_9' title="bbox 293 814 2006 890; baseline -0.001 -15"><span class='ocrx_word' id='word_1_51' title='bbox 293 822 487 875; x_wconf 87' lang='lat' dir='ltr'>tamen</span> <span class='ocrx_word' id='word_1_52' title='bbox 515 816 700 875; x_wconf 89' lang='lat' dir='ltr'>noctis</span> <span class='ocrx_word' id='word_1_53' title='bbox 727 819 854 890; x_wconf 89' lang='lat' dir='ltr'>post</span> <span class='ocrx_word' id='word_1_54' title='bbox 898 816 1175 888; x_wconf 79' lang='lat' dir='ltr'>synaxim</span> <span class='ocrx_word' id='word_1_55' title='bbox 1213 817 1463 875; x_wconf 86' lang='lat' dir='ltr'>restabat</span> <span class='ocrx_word' id='word_1_56' title='bbox 1490 816 1618 889; x_wconf 88' lang='lat'>(16),</span> <span class='ocrx_word' id='word_1_57' title='bbox 1652 814 2006 875; x_wconf 87' lang='lat' dir='ltr'>continuatis</span> 
     </span>
    </p>
   </div>
   <div class='ocr_carea' id='block_1_10' title="bbox 289 902 2005 977">
    <p class='ocr_par' dir='ltr' id='par_1_10' title="bbox 289 902 2005 977">
     <span class='ocr_line' id='line_1_10' title="bbox 289 902 2005 977; baseline -0.001 -13"><span class='ocrx_word' id='word_1_58' title='bbox 289 902 552 964; x_wconf 79' lang='lat' dir='ltr'>excubiis</span> <span class='ocrx_word' id='word_1_59' title='bbox 582 902 898 977; x_wconf 83' lang='lat' dir='ltr'>transigere</span> <span class='ocrx_word' id='word_1_60' title='bbox 925 904 1231 977; x_wconf 84' lang='lat' dir='ltr'>satagebat,</span> <span class='ocrx_word' id='word_1_61' title='bbox 1268 919 1342 963; x_wconf 88' lang='lat' dir='ltr'>ne</span> <span class='ocrx_word' id='word_1_62' title='bbox 1389 919 1761 963; x_wconf 76' lang='lat' dir='ltr'>communem</span> <span class='ocrx_word' id='word_1_63' title='bbox 1790 903 2005 963; x_wconf 84' lang='lat' dir='ltr'>scilicet</span> 
     </span>
    </p>
   </div>
   <div class='ocr_carea' id='block_1_11' title="bbox 290 992 2003 1068">
    <p class='ocr_par' dir='ltr' id='par_1_11' title="bbox 290 992 2003 1068">
     <span class='ocr_line' id='line_1_11' title="bbox 290 992 2003 1068; baseline -0.001 -13"><span class='ocrx_word' id='word_1_64' title='bbox 290 994 585 1055; x_wconf 81' lang='lat' dir='ltr'>videretur</span> <span class='ocrx_word' id='word_1_65' title='bbox 642 1009 927 1053; x_wconf 89' lang='lat' dir='ltr'>canonem</span> <span class='ocrx_word' id='word_1_66' title='bbox 972 995 1218 1067; x_wconf 90' lang='lat' dir='ltr'>solvere,</span> <span class='ocrx_word' id='word_1_67' title='bbox 1276 994 1379 1068; x_wconf 87' lang='lat' dir='ltr'>qui</span> <span class='ocrx_word' id='word_1_68' title='bbox 1446 993 1519 1052; x_wconf 90' lang='lat' dir='ltr'>ad</span> <span class='ocrx_word' id='word_1_69' title='bbox 1582 992 1804 1068; x_wconf 87' lang='lat' dir='ltr'>injussa</span> <span class='ocrx_word' id='word_1_70' title='bbox 1856 1010 2003 1067; x_wconf 88' lang='lat' dir='ltr'>quo-</span> 
     </span>
    </p>
   </div>
   <div class='ocr_carea' id='block_1_12' title="bbox 291 1083 2002 1161">
    <p class='ocr_par' dir='ltr' id='par_1_12' title="bbox 291 1083 2002 1161">
     <span class='ocr_line' id='line_1_12' title="bbox 291 1083 2002 1161; baseline -0.001 -17"><span class='ocrx_word' id='word_1_71' title='bbox 291 1101 404 1161; x_wconf 90' lang='lat' dir='ltr'>que</span> <span class='ocrx_word' id='word_1_72' title='bbox 431 1101 491 1144; x_wconf 91' lang='lat' dir='ltr'>se</span> <span class='ocrx_word' id='word_1_73' title='bbox 533 1083 853 1144; x_wconf 85' lang='lat' dir='ltr'>conabatur</span> <span class='ocrx_word' id='word_1_74' title='bbox 880 1084 1212 1143; x_wconf 84' lang='lat' dir='ltr'>extendere.</span> <span class='ocrx_word' id='word_1_75' title='bbox 1249 1084 1500 1143; x_wconf 84' lang='lat' dir='ltr'>Noverat</span> <span class='ocrx_word' id='word_1_76' title='bbox 1526 1084 1686 1142; x_wconf 91' lang='lat' dir='ltr'>enim</span> <span class='ocrx_word' id='word_1_77' title='bbox 1726 1083 2002 1143; x_wconf 86' lang='lat' dir='ltr'>sacratius</span> 
     </span>
    </p>
   </div>
   <div class='ocr_carea' id='block_1_13' title="bbox 291 1173 2005 1250">
    <p class='ocr_par' dir='ltr' id='par_1_13' title="bbox 291 1173 2005 1250">
     <span class='ocr_line' id='line_1_13' title="bbox 291 1173 2005 1250; baseline 0 -18"><span class='ocrx_word' id='word_1_78' title='bbox 291 1175 412 1235; x_wconf 87' lang='lat' dir='ltr'>fore</span> <span class='ocrx_word' id='word_1_79' title='bbox 449 1175 604 1250; x_wconf 91' lang='lat' dir='ltr'>quod</span> <span class='ocrx_word' id='word_1_80' title='bbox 650 1173 883 1248; x_wconf 89' lang='lat' dir='ltr'>publica</span> <span class='ocrx_word' id='word_1_81' title='bbox 933 1174 1061 1247; x_wconf 88' lang='lat' dir='ltr'>lege</span> <span class='ocrx_word' id='word_1_82' title='bbox 1100 1179 1335 1234; x_wconf 82' lang='lat' dir='ltr'>taxatur</span> <span class='ocrx_word' id='word_1_83' title='bbox 1360 1189 1539 1249; x_wconf 88' lang='lat' dir='ltr'>quam</span> <span class='ocrx_word' id='word_1_84' title='bbox 1586 1174 1740 1249; x_wconf 91' lang='lat' dir='ltr'>quod</span> <span class='ocrx_word' id='word_1_85' title='bbox 1774 1173 2005 1233; x_wconf 87' lang='lat' dir='ltr'>institu-</span> 
     </span>
    </p>
   </div>
   <div class='ocr_carea' id='block_1_14' title="bbox 292 1263 2001 1339">
    <p class='ocr_par' dir='ltr' id='par_1_14' title="bbox 292 1263 2001 1339">
     <span class='ocr_line' id='line_1_14' title="bbox 292 1263 2001 1339; baseline 0.001 -20"><span class='ocrx_word' id='word_1_86' title='bbox 292 1263 446 1322; x_wconf 90' lang='lat' dir='ltr'>tione</span> <span class='ocrx_word' id='word_1_87' title='bbox 488 1263 714 1337; x_wconf 88' lang='lat' dir='ltr'>privata</span> <span class='ocrx_word' id='word_1_88' title='bbox 761 1263 1126 1337; x_wconf 89' lang='lat' dir='ltr'>dependitur,</span> <span class='ocrx_word' id='word_1_89' title='bbox 1157 1269 1212 1323; x_wconf 92' lang='lat' dir='ltr'>et</span> <span class='ocrx_word' id='word_1_90' title='bbox 1244 1263 1399 1339; x_wconf 89' lang='lat' dir='ltr'>quod</span> <span class='ocrx_word' id='word_1_91' title='bbox 1442 1263 1693 1335; x_wconf 87' lang='lat' dir='ltr'>gratuita</span> <span class='ocrx_word' id='word_1_92' title='bbox 1737 1278 2001 1333; x_wconf 87' lang='lat' dir='ltr'>munera,</span> 
     </span>
    </p>
   </div>
   <div class='ocr_carea' id='block_1_15' title="bbox 292 1352 2004 1427">
    <p class='ocr_par' dir='ltr' id='par_1_15' title="bbox 292 1352 2004 1427">
     <span class='ocr_line' id='line_1_15' title="bbox 292 1352 2004 1427; baseline 0.001 -16"><span class='ocrx_word' id='word_1_93' title='bbox 292 1352 724 1427; x_wconf 84' lang='lat' dir='ltr'>quantumlibet</span> <span class='ocrx_word' id='word_1_94' title='bbox 757 1353 1021 1426; x_wconf 83' lang='lat' dir='ltr'>grandia,</span> <span class='ocrx_word' id='word_1_95' title='bbox 1062 1354 1309 1413; x_wconf 88' lang='lat' dir='ltr'>minime</span> <span class='ocrx_word' id='word_1_96' title='bbox 1360 1354 1591 1413; x_wconf 89' lang='lat' dir='ltr'>valeant</span> <span class='ocrx_word' id='word_1_97' title='bbox 1643 1369 1679 1411; x_wconf 90' lang='lat' dir='ltr'>a</span> <span class='ocrx_word' id='word_1_98' title='bbox 1732 1353 2004 1412; x_wconf 90' lang='lat' dir='ltr'>mandato</span> 
     </span>
    </p>
   </div>
   <div class='ocr_carea' id='block_1_16' title="bbox 294 1442 2003 1520">
    <p class='ocr_par' dir='ltr' id='par_1_16' title="bbox 294 1442 2003 1520">
     <span class='ocr_line' id='line_1_16' title="bbox 294 1442 2003 1520; baseline 0.001 -19"><span class='ocrx_word' id='word_1_99' title='bbox 294 1442 438 1516; x_wconf 80' lang='lat' dir='ltr'>legis</span> <span class='ocrx_word' id='word_1_100' title='bbox 487 1442 826 1503; x_wconf 81' lang='lat' dir='ltr'>oﬂ‘erentem</span> <span class='ocrx_word' id='word_1_101' title='bbox 857 1444 1181 1517; x_wconf 87' lang='lat' dir='ltr'>absolvere,</span> <span class='ocrx_word' id='word_1_102' title='bbox 1202 1447 1520 1520; x_wconf 86' lang='lat' dir='ltr'>quominus</span> <span class='ocrx_word' id='word_1_103' title='bbox 1545 1459 1677 1519; x_wconf 69' lang='lat' dir='ltr'>quas</span> <span class='ocrx_word' id='word_1_104' title='bbox 1698 1444 1824 1517; x_wconf 84' lang='lat' dir='ltr'>lege</span> <span class='ocrx_word' id='word_1_105' title='bbox 1850 1459 2003 1517; x_wconf 76' lang='lat' dir='ltr'>prte-</span> 
     </span>
    </p>
   </div>
   <div class='ocr_carea' id='block_1_17' title="bbox 289 1530 2001 1610">
    <p class='ocr_par' dir='ltr' id='par_1_17' title="bbox 289 1530 2001 1610">
     <span class='ocr_line' id='line_1_17' title="bbox 289 1530 2001 1610; baseline -0.001 -17"><span class='ocrx_word' id='word_1_106' title='bbox 289 1533 409 1593; x_wconf 78' lang='lat' dir='ltr'>tixa</span> <span class='ocrx_word' id='word_1_107' title='bbox 461 1540 599 1593; x_wconf 89' lang='lat' dir='ltr'>sunt</span> <span class='ocrx_word' id='word_1_108' title='bbox 646 1534 872 1594; x_wconf 84' lang='lat' dir='ltr'>studeat</span> <span class='ocrx_word' id='word_1_109' title='bbox 900 1534 1206 1610; x_wconf 87' lang='lat' dir='ltr'>diligenter</span> <span class='ocrx_word' id='word_1_110' title='bbox 1252 1534 1518 1608; x_wconf 91' lang='lat' dir='ltr'>implere,</span> <span class='ocrx_word' id='word_1_111' title='bbox 1574 1533 1675 1593; x_wconf 91' lang='lat' dir='ltr'>cui</span> <span class='ocrx_word' id='word_1_112' title='bbox 1721 1530 2001 1592; x_wconf 89' lang='lat' dir='ltr'>nimirum</span> 
     </span>
    </p>
   </div>
   <div class='ocr_carea' id='block_1_18' title="bbox 292 1620 2004 1698">
    <p class='ocr_par' dir='ltr' id='par_1_18' title="bbox 292 1620 2004 1698">
     <span class='ocr_line' id='line_1_18' title="bbox 292 1620 2004 1698; baseline -0.001 -18"><span class='ocrx_word' id='word_1_113' title='bbox 292 1621 421 1681; x_wconf 91' lang='lat' dir='ltr'>licet</span> <span class='ocrx_word' id='word_1_114' title='bbox 473 1620 752 1698; x_wconf 64' lang='lat' dir='ltr'>quaelibet</span> <span class='ocrx_word' id='word_1_115' title='bbox 790 1638 891 1696; x_wconf 92' lang='lat' dir='ltr'>pro</span> <span class='ocrx_word' id='word_1_116' title='bbox 947 1622 1254 1682; x_wconf 84' lang='lat' dir='ltr'>devotione</span> <span class='ocrx_word' id='word_1_117' title='bbox 1309 1622 1577 1698; x_wconf 87' lang='lat' dir='ltr'>adjicere,</span> <span class='ocrx_word' id='word_1_118' title='bbox 1639 1637 1758 1681; x_wconf 92' lang='lat' dir='ltr'>non</span> <span class='ocrx_word' id='word_1_119' title='bbox 1814 1627 2004 1681; x_wconf 87' lang='lat' dir='ltr'>tamen</span> 
     </span>
    </p>
   </div>
   <div class='ocr_carea' id='block_1_19' title="bbox 2088 451 3799 534">
    <p class='ocr_par' dir='ltr' id='par_1_19' title="bbox 2088 451 3799 534">
     <span class='ocr_line' id='line_1_19' title="bbox 2088 451 3799 534; baseline 0.004 -23"><span class='ocrx_word' id='word_1_120' title='bbox 2088 451 2370 528; x_wconf 89' lang='lat' dir='ltr'>pabulum</span> <span class='ocrx_word' id='word_1_121' title='bbox 2430 451 2746 523; x_wconf 85' lang='lat' dir='ltr'>debuisset,</span> <span class='ocrx_word' id='word_1_122' title='bbox 2812 453 3055 527; x_wconf 83' lang='lat' dir='ltr'>ejusque</span> <span class='ocrx_word' id='word_1_123' title='bbox 3108 453 3204 526; x_wconf 89' lang='lat' dir='ltr'>pia</span> <span class='ocrx_word' id='word_1_124' title='bbox 3249 453 3450 527; x_wconf 87' lang='lat' dir='ltr'>petitio</span> <span class='ocrx_word' id='word_1_125' title='bbox 3502 453 3799 534; x_wconf 85' lang='lat' dir='ltr'>charitate,</span> 
     </span>
    </p>
   </div>
   <div class='ocr_carea' id='block_1_20' title="bbox 2087 541 3797 617">
    <p class='ocr_par' dir='ltr' id='par_1_20' title="bbox 2087 541 3797 617">
     <span class='ocr_line' id='line_1_20' title="bbox 2087 541 3797 617; baseline 0.004 -16"><span class='ocrx_word' id='word_1_126' title='bbox 2087 558 2265 617; x_wconf 90' lang='lat' dir='ltr'>quam</span> <span class='ocrx_word' id='word_1_127' title='bbox 2310 541 2582 617; x_wconf 88' lang='lat' dir='ltr'>postulat,</span> <span class='ocrx_word' id='word_1_128' title='bbox 2614 541 2732 600; x_wconf 92' lang='lat' dir='ltr'>Deo</span> <span class='ocrx_word' id='word_1_129' title='bbox 2768 541 3130 615; x_wconf 87' lang='lat' dir='ltr'>disponente,</span> <span class='ocrx_word' id='word_1_130' title='bbox 3170 542 3414 602; x_wconf 89' lang='lat' dir='ltr'>minime</span> <span class='ocrx_word' id='word_1_131' title='bbox 3464 544 3797 608; x_wconf 83' lang='lat' dir='ltr'>frustratur.</span> 
     </span>
    </p>
   </div>
   <div class='ocr_carea' id='block_1_21' title="bbox 2088 630 3801 704">
    <p class='ocr_par' dir='ltr' id='par_1_21' title="bbox 2088 630 3801 704">
     <span class='ocr_line' id='line_1_21' title="bbox 2088 630 3801 704; baseline 0.005 -14"><span class='ocrx_word' id='word_1_132' title='bbox 2088 630 2238 690; x_wconf 90' lang='lat' dir='ltr'>Illuc</span> <span class='ocrx_word' id='word_1_133' title='bbox 2275 632 2436 691; x_wconf 91' lang='lat' dir='ltr'>enim</span> <span class='ocrx_word' id='word_1_134' title='bbox 2474 631 2764 704; x_wconf 83' lang='lat' dir='ltr'>dirigitur,</span> <span class='ocrx_word' id='word_1_135' title='bbox 2805 631 2908 691; x_wconf 91' lang='lat' dir='ltr'>ubi</span> <span class='ocrx_word' id='word_1_136' title='bbox 2958 635 3187 691; x_wconf 87' lang='lat' dir='ltr'>caterva</span> <span class='ocrx_word' id='word_1_137' title='bbox 3231 632 3477 693; x_wconf 87' lang='lat' dir='ltr'>fratrum</span> <span class='ocrx_word' id='word_1_138' title='bbox 3527 642 3801 698; x_wconf 87' lang='lat' dir='ltr'>centena-</span> 
     </span>
    </p>
   </div>
   <div class='ocr_carea' id='block_1_22' title="bbox 2089 723 3803 798">
    <p class='ocr_par' dir='ltr' id='par_1_22' title="bbox 2089 723 3803 798">
     <span class='ocr_line' id='line_1_22' title="bbox 2089 723 3803 798; baseline 0.004 -16"><span class='ocrx_word' id='word_1_139' title='bbox 2089 724 2244 782; x_wconf 89' lang='lat' dir='ltr'>rium</span> <span class='ocrx_word' id='word_1_140' title='bbox 2275 739 2590 783; x_wconf 89' lang='lat' dir='ltr'>numerum</span> <span class='ocrx_word' id='word_1_141' title='bbox 2618 723 2915 784; x_wconf 88' lang='lat' dir='ltr'>ferebatur</span> <span class='ocrx_word' id='word_1_142' title='bbox 2944 724 3207 798; x_wconf 91' lang='lat' dir='ltr'>implere.</span> <span class='ocrx_word' id='word_1_143' title='bbox 3240 725 3389 787; x_wconf 75' lang='lat' dir='ltr'>Cum</span> <span class='ocrx_word' id='word_1_144' title='bbox 3428 726 3647 788; x_wconf 88' lang='lat' dir='ltr'>ibidem</span> <span class='ocrx_word' id='word_1_145' title='bbox 3680 730 3803 790; x_wconf 90' lang='lat' dir='ltr'>fere</span> 
     </span>
    </p>
   </div>
   <div class='ocr_carea' id='block_1_23' title="bbox 2085 812 3801 893">
    <p class='ocr_par' dir='ltr' id='par_1_23' title="bbox 2085 812 3801 893">
     <span class='ocr_line' id='line_1_23' title="bbox 2085 812 3801 893; baseline 0.003 -21"><span class='ocrx_word' id='word_1_146' title='bbox 2085 812 2326 873; x_wconf 86' lang='lat' dir='ltr'>biennio</span> <span class='ocrx_word' id='word_1_147' title='bbox 2378 820 2658 887; x_wconf 87' lang='lat' dir='ltr'>retentus,</span> <span class='ocrx_word' id='word_1_148' title='bbox 2714 829 2834 874; x_wconf 86' lang='lat' dir='ltr'>non</span> <span class='ocrx_word' id='word_1_149' title='bbox 2875 828 3126 888; x_wconf 89' lang='lat' dir='ltr'>parvum</span> <span class='ocrx_word' id='word_1_150' title='bbox 3196 814 3454 876; x_wconf 88' lang='lat' dir='ltr'>fructum</span> <span class='ocrx_word' id='word_1_151' title='bbox 3509 832 3585 877; x_wconf 78' lang='lat' dir='ltr'>ex</span> <span class='ocrx_word' id='word_1_152' title='bbox 3646 818 3801 893; x_wconf 80' lang='lat' dir='ltr'>jacio</span> 
     </span>
    </p>
   </div>
   <div class='ocr_carea' id='block_1_24' title="bbox 2086 901 3800 983">
    <p class='ocr_par' dir='ltr' id='par_1_24' title="bbox 2086 901 3800 983">
     <span class='ocr_line' id='line_1_24' title="bbox 2086 901 3800 983; baseline 0.003 -21"><span class='ocrx_word' id='word_1_153' title='bbox 2086 901 2247 962; x_wconf 81' lang='lat' dir='ltr'>verbi</span> <span class='ocrx_word' id='word_1_154' title='bbox 2270 902 2493 961; x_wconf 88' lang='lat' dir='ltr'>semine</span> <span class='ocrx_word' id='word_1_155' title='bbox 2522 901 2711 962; x_wconf 85' lang='lat' dir='ltr'>ﬁdelis</span> <span class='ocrx_word' id='word_1_156' title='bbox 2734 908 2998 978; x_wconf 82' lang='lat' dir='ltr'>Operator</span> <span class='ocrx_word' id='word_1_157' title='bbox 3030 902 3278 963; x_wconf 87' lang='lat' dir='ltr'>Domino</span> <span class='ocrx_word' id='word_1_158' title='bbox 3303 904 3548 979; x_wconf 85' lang='lat' dir='ltr'>tulisset,</span> <span class='ocrx_word' id='word_1_159' title='bbox 3570 913 3800 983; x_wconf 80' lang='lat' dir='ltr'>accepto</span> 
     </span>
    </p>
   </div>
   <div class='ocr_carea' id='block_1_25' title="bbox 2084 993 3800 1068">
    <p class='ocr_par' dir='ltr' id='par_1_25' title="bbox 2084 993 3800 1068">
     <span class='ocr_line' id='line_1_25' title="bbox 2084 993 3800 1068; baseline 0.003 -15"><span class='ocrx_word' id='word_1_160' title='bbox 2084 993 2309 1053; x_wconf 86' lang='lat' dir='ltr'>abbatis</span> <span class='ocrx_word' id='word_1_161' title='bbox 2342 995 2434 1055; x_wconf 92' lang='lat' dir='ltr'>sui</span> <span class='ocrx_word' id='word_1_162' title='bbox 2459 995 2751 1068; x_wconf 88' lang='lat' dir='ltr'>mandato,</span> <span class='ocrx_word' id='word_1_163' title='bbox 2787 995 3059 1056; x_wconf 84' lang='lat' dir='ltr'>subnexo</span> <span class='ocrx_word' id='word_1_164' title='bbox 3086 997 3263 1055; x_wconf 89' lang='lat' dir='ltr'>etiam</span> <span class='ocrx_word' id='word_1_165' title='bbox 3293 996 3640 1058; x_wconf 70' lang='lat' dir='ltr'>obedientite</span> <span class='ocrx_word' id='word_1_166' title='bbox 3664 1012 3800 1059; x_wconf 86' lang='lat' dir='ltr'>ver-</span> 
     </span>
    </p>
   </div>
   <div class='ocr_carea' id='block_1_26' title="bbox 2084 1081 3801 1162">
    <p class='ocr_par' dir='ltr' id='par_1_26' title="bbox 2084 1081 3801 1162">
     <span class='ocr_line' id='line_1_26' title="bbox 2084 1081 3801 1162; baseline 0.004 -20"><span class='ocrx_word' id='word_1_167' title='bbox 2084 1081 2179 1153; x_wconf 89' lang='lat' dir='ltr'>bo,</span> <span class='ocrx_word' id='word_1_168' title='bbox 2220 1087 2509 1157; x_wconf 84' lang='lat' dir='ltr'>quatenus</span> <span class='ocrx_word' id='word_1_169' title='bbox 2560 1085 2631 1143; x_wconf 91' lang='lat' dir='ltr'>ad</span> <span class='ocrx_word' id='word_1_170' title='bbox 2670 1100 2731 1143; x_wconf 91' lang='lat' dir='ltr'>se</span> <span class='ocrx_word' id='word_1_171' title='bbox 2768 1084 2958 1145; x_wconf 89' lang='lat' dir='ltr'>redire</span> <span class='ocrx_word' id='word_1_172' title='bbox 3004 1084 3319 1157; x_wconf 87' lang='lat' dir='ltr'>debuisset,</span> <span class='ocrx_word' id='word_1_173' title='bbox 3350 1085 3485 1146; x_wconf 86' lang='lat' dir='ltr'>licet</span> <span class='ocrx_word' id='word_1_174' title='bbox 3529 1088 3801 1162; x_wconf 80' lang='lat' dir='ltr'>pluribus</span> 
     </span>
    </p>
   </div>
   <div class='ocr_carea' id='block_1_27' title="bbox 2083 1171 3797 1252">
    <p class='ocr_par' dir='ltr' id='par_1_27' title="bbox 2083 1171 3797 1252">
     <span class='ocr_line' id='line_1_27' title="bbox 2083 1171 3797 1252; baseline 0.004 -22"><span class='ocrx_word' id='word_1_175' title='bbox 2083 1171 2391 1232; x_wconf 88' lang='lat' dir='ltr'>obstrictus</span> <span class='ocrx_word' id='word_1_176' title='bbox 2416 1173 2709 1248; x_wconf 88' lang='lat' dir='ltr'>precibus,</span> <span class='ocrx_word' id='word_1_177' title='bbox 2747 1174 2927 1237; x_wconf 89' lang='lat' dir='ltr'>teneri</span> <span class='ocrx_word' id='word_1_178' title='bbox 2975 1174 3129 1235; x_wconf 89' lang='lat' dir='ltr'>ultra</span> <span class='ocrx_word' id='word_1_179' title='bbox 3166 1191 3540 1252; x_wconf 88' lang='lat' dir='ltr'>nequaquam</span> <span class='ocrx_word' id='word_1_180' title='bbox 3575 1177 3797 1250; x_wconf 88' lang='lat' dir='ltr'>valuit;</span> 
     </span>
    </p>
   </div>
   <div class='ocr_carea' id='block_1_28' title="bbox 2084 1262 3801 1342">
    <p class='ocr_par' dir='ltr' id='par_1_28' title="bbox 2084 1262 3801 1342">
     <span class='ocr_line' id='line_1_28' title="bbox 2084 1262 3801 1342; baseline 0.003 -21"><span class='ocrx_word' id='word_1_181' title='bbox 2084 1262 2182 1321; x_wconf 90' lang='lat' dir='ltr'>sed</span> <span class='ocrx_word' id='word_1_182' title='bbox 2223 1269 2500 1339; x_wconf 89' lang='lat' dir='ltr'>tanquam</span> <span class='ocrx_word' id='word_1_183' title='bbox 2529 1265 2619 1323; x_wconf 88' lang='lat' dir='ltr'>vir</span> <span class='ocrx_word' id='word_1_184' title='bbox 2663 1265 2781 1325; x_wconf 92' lang='lat' dir='ltr'>Deo</span> <span class='ocrx_word' id='word_1_185' title='bbox 2823 1266 3054 1341; x_wconf 91' lang='lat' dir='ltr'>plenus,</span> <span class='ocrx_word' id='word_1_186' title='bbox 3099 1266 3445 1326; x_wconf 75' lang='lat' dir='ltr'>obedientiaa</span> <span class='ocrx_word' id='word_1_187' title='bbox 3472 1283 3574 1342; x_wconf 92' lang='lat' dir='ltr'>per</span> <span class='ocrx_word' id='word_1_188' title='bbox 3601 1267 3801 1327; x_wconf 87' lang='lat' dir='ltr'>omnia</span> 
     </span>
    </p>
   </div>
   <div class='ocr_carea' id='block_1_29' title="bbox 2087 1352 3798 1430">
    <p class='ocr_par' dir='ltr' id='par_1_29' title="bbox 2087 1352 3798 1430">
     <span class='ocr_line' id='line_1_29' title="bbox 2087 1352 3798 1430; baseline 0.002 -18"><span class='ocrx_word' id='word_1_189' title='bbox 2087 1352 2375 1428; x_wconf 90' lang='lat' dir='ltr'>subditus,</span> <span class='ocrx_word' id='word_1_190' title='bbox 2409 1353 2753 1430; x_wconf 86' lang='lat' dir='ltr'>magistrum</span> <span class='ocrx_word' id='word_1_191' title='bbox 2800 1370 2921 1415; x_wconf 89' lang='lat' dir='ltr'>non</span> <span class='ocrx_word' id='word_1_192' title='bbox 2966 1353 3246 1415; x_wconf 91' lang='lat' dir='ltr'>obaudire</span> <span class='ocrx_word' id='word_1_193' title='bbox 3280 1356 3601 1417; x_wconf 90' lang='lat' dir='ltr'>formidans</span> <span class='ocrx_word' id='word_1_194' title='bbox 3638 1355 3798 1417; x_wconf 86' lang='lat' dir='ltr'>festi-</span> 
     </span>
    </p>
   </div>
   <div class='ocr_carea' id='block_1_30' title="bbox 2086 1443 3800 1523">
    <p class='ocr_par' dir='ltr' id='par_1_30' title="bbox 2086 1443 3800 1523">
     <span class='ocr_line' id='line_1_30' title="bbox 2086 1443 3800 1523; baseline 0.002 -19"><span class='ocrx_word' id='word_1_195' title='bbox 2086 1462 2199 1505; x_wconf 91' lang='lat' dir='ltr'>nus</span> <span class='ocrx_word' id='word_1_196' title='bbox 2249 1448 2321 1505; x_wconf 86' lang='lat' dir='ltr'>ad</span> <span class='ocrx_word' id='word_1_197' title='bbox 2371 1456 2508 1506; x_wconf 88' lang='lat' dir='ltr'>eum</span> <span class='ocrx_word' id='word_1_198' title='bbox 2558 1443 2788 1507; x_wconf 88' lang='lat' dir='ltr'>redivit.</span> <span class='ocrx_word' id='word_1_199' title='bbox 2850 1447 3018 1522; x_wconf 76' lang='lat' dir='ltr'>Saepe</span> <span class='ocrx_word' id='word_1_200' title='bbox 3064 1460 3317 1523; x_wconf 88' lang='lat' dir='ltr'>namque</span> <span class='ocrx_word' id='word_1_201' title='bbox 3370 1448 3538 1508; x_wconf 90' lang='lat' dir='ltr'>nobis</span> <span class='ocrx_word' id='word_1_202' title='bbox 3589 1448 3800 1508; x_wconf 86' lang='lat' dir='ltr'>referre</span> 
     </span>
    </p>
   </div>
   <div class='ocr_carea' id='block_1_31' title="bbox 2087 1532 3800 1605">
    <p class='ocr_par' dir='ltr' id='par_1_31' title="bbox 2087 1532 3800 1605">
     <span class='ocr_line' id='line_1_31' title="bbox 2087 1532 3800 1605; baseline 0.001 -10"><span class='ocrx_word' id='word_1_203' title='bbox 2087 1532 2325 1605; x_wconf 87' lang='lat' dir='ltr'>solebat,</span> <span class='ocrx_word' id='word_1_204' title='bbox 2357 1552 2493 1597; x_wconf 90' lang='lat' dir='ltr'>cum</span> <span class='ocrx_word' id='word_1_205' title='bbox 2531 1535 2977 1596; x_wconf 90' lang='lat' dir='ltr'>sermocinantis</span> <span class='ocrx_word' id='word_1_206' title='bbox 3001 1536 3223 1597; x_wconf 87' lang='lat' dir='ltr'>occasio</span> <span class='ocrx_word' id='word_1_207' title='bbox 3266 1536 3327 1597; x_wconf 90' lang='lat' dir='ltr'>id</span> <span class='ocrx_word' id='word_1_208' title='bbox 3362 1537 3656 1598; x_wconf 86' lang='lat' dir='ltr'>videretur</span> <span class='ocrx_word' id='word_1_209' title='bbox 3692 1552 3800 1597; x_wconf 79' lang='lat' dir='ltr'>ex-</span> 
     </span>
    </p>
   </div>
   <div class='ocr_carea' id='block_1_32' title="bbox 2087 1625 3797 1702">
    <p class='ocr_par' dir='ltr' id='par_1_32' title="bbox 2087 1625 3797 1702">
     <span class='ocr_line' id='line_1_32' title="bbox 2087 1625 3797 1702; baseline 0 -16"><span class='ocrx_word' id='word_1_210' title='bbox 2087 1642 2339 1701; x_wconf 88' lang='lat' dir='ltr'>poscere,</span> <span class='ocrx_word' id='word_1_211' title='bbox 2375 1642 2492 1702; x_wconf 92' lang='lat' dir='ltr'>quo</span> <span class='ocrx_word' id='word_1_212' title='bbox 2535 1626 2631 1687; x_wconf 90' lang='lat' dir='ltr'>sui</span> <span class='ocrx_word' id='word_1_213' title='bbox 2659 1641 2766 1686; x_wconf 88' lang='lat' dir='ltr'>nos</span> <span class='ocrx_word' id='word_1_214' title='bbox 2815 1625 3106 1701; x_wconf 82' lang='lat' dir='ltr'>exemplo,</span> <span class='ocrx_word' id='word_1_215' title='bbox 3136 1625 3300 1686; x_wconf 88' lang='lat' dir='ltr'>velut</span> <span class='ocrx_word' id='word_1_216' title='bbox 3334 1640 3410 1685; x_wconf 79' lang='lat' dir='ltr'>ex</span> <span class='ocrx_word' id='word_1_217' title='bbox 3451 1625 3797 1701; x_wconf 87' lang='lat' dir='ltr'>propinquo,</span> 
     </span>
    </p>
   </div>
   <div class='ocr_carea' id='block_1_33' title="bbox 288 1710 3799 1802">
    <p class='ocr_par' dir='ltr' id='par_1_33' title="bbox 288 1710 3799 1802">
     <span class='ocr_line' id='line_1_33' title="bbox 288 1710 3799 1802; baseline 0 -30"><span class='ocrx_word' id='word_1_218' title='bbox 288 1713 555 1774; x_wconf 90' lang='lat' dir='ltr'>instituta</span> <span class='ocrx_word' id='word_1_219' title='bbox 635 1713 927 1788; x_wconf 86' lang='lat' dir='ltr'>majorum</span> <span class='ocrx_word' id='word_1_220' title='bbox 992 1712 1242 1788; x_wconf 89' lang='lat' dir='ltr'>propriis</span> <span class='ocrx_word' id='word_1_221' title='bbox 1314 1728 1603 1773; x_wconf 90' lang='lat' dir='ltr'>amovere.</span> <span class='ocrx_word' id='word_1_222' title='bbox 1664 1710 2005 1770; x_wconf 83' lang='lat' dir='ltr'>Voluntaria</span> <span class='ocrx_word' id='word_1_223' title='bbox 2029 1718 2159 1802; x_wconf 77' lang='lat' dir='ltr'>Bad</span> <span class='ocrx_word' id='word_1_224' title='bbox 2200 1718 2592 1779; x_wconf 78' lang='lat' dir='ltr'>obedientiam</span> <span class='ocrx_word' id='word_1_225' title='bbox 2636 1717 2933 1779; x_wconf 64' lang='lat' dir='ltr'>efﬁcacius</span> <span class='ocrx_word' id='word_1_226' title='bbox 2978 1723 3331 1793; x_wconf 77' lang='lat' dir='ltr'>provocaret,</span> <span class='ocrx_word' id='word_1_227' title='bbox 3368 1716 3529 1790; x_wconf 87' lang='lat' dir='ltr'>Quod</span> <span class='ocrx_word' id='word_1_228' title='bbox 3566 1716 3615 1777; x_wconf 88' lang='lat' dir='ltr'>si</span> <span class='ocrx_word' id='word_1_229' title='bbox 3657 1714 3799 1794; x_wconf 84' lang='lat' dir='ltr'>quid</span> 
     </span>
    </p>
   </div>
   <div class='ocr_carea' id='block_1_34' title="bbox 288 1802 2009 1880">
    <p class='ocr_par' dir='ltr' id='par_1_34' title="bbox 288 1802 2009 1880">
     <span class='ocr_line' id='line_1_34' title="bbox 288 1802 2009 1880; baseline -0.001 -16"><span class='ocrx_word' id='word_1_230' title='bbox 288 1804 505 1880; x_wconf 90' lang='lat' dir='ltr'>quippe</span> <span class='ocrx_word' id='word_1_231' title='bbox 556 1820 771 1878; x_wconf 88' lang='lat' dir='ltr'>augere</span> <span class='ocrx_word' id='word_1_232' title='bbox 827 1803 1031 1862; x_wconf 89' lang='lat' dir='ltr'>merito</span> <span class='ocrx_word' id='word_1_233' title='bbox 1109 1808 1370 1877; x_wconf 91' lang='lat' dir='ltr'>possunt,</span> <span class='ocrx_word' id='word_1_234' title='bbox 1434 1817 1714 1862; x_wconf 82' lang='lat' dir='ltr'>excusare</span> <span class='ocrx_word' id='word_1_235' title='bbox 1768 1802 2009 1862; x_wconf 89' lang='lat' dir='ltr'>omnino</span> 
     </span>
    </p>
   </div>
   <div class='ocr_carea' id='block_1_35' title="bbox 286 1893 2006 1970">
    <p class='ocr_par' dir='ltr' id='par_1_35' title="bbox 286 1893 2006 1970">
     <span class='ocr_line' id='line_1_35' title="bbox 286 1893 2006 1970; baseline -0.002 -16"><span class='ocrx_word' id='word_1_236' title='bbox 286 1911 419 1970; x_wconf 84' lang='lat' dir='ltr'>quae</span> <span class='ocrx_word' id='word_1_237' title='bbox 464 1894 610 1967; x_wconf 84' lang='lat' dir='ltr'>legis</span> <span class='ocrx_word' id='word_1_238' title='bbox 646 1900 805 1968; x_wconf 88' lang='lat' dir='ltr'>sunt,</span> <span class='ocrx_word' id='word_1_239' title='bbox 863 1900 1179 1969; x_wconf 89' lang='lat' dir='ltr'>nequeunt.</span> <span class='ocrx_word' id='word_1_240' title='bbox 1228 1893 1490 1968; x_wconf 91' lang='lat' dir='ltr'>Denique</span> <span class='ocrx_word' id='word_1_241' title='bbox 1544 1894 1688 1953; x_wconf 90' lang='lat' dir='ltr'>dum</span> <span class='ocrx_word' id='word_1_242' title='bbox 1731 1893 2006 1967; x_wconf 86' lang='lat' dir='ltr'>hujusce-</span> 
     </span>
    </p>
   </div>
   <div class='ocr_carea' id='block_1_36' title="bbox 288 1981 2006 2058">
    <p class='ocr_par' dir='ltr' id='par_1_36' title="bbox 288 1981 2006 2058">
     <span class='ocr_line' id='line_1_36' title="bbox 288 1981 2006 2058; baseline -0.001 -16"><span class='ocrx_word' id='word_1_243' title='bbox 288 1982 448 2043; x_wconf 89' lang='lat' dir='ltr'>modi</span> <span class='ocrx_word' id='word_1_244' title='bbox 485 1988 841 2058; x_wconf 88' lang='lat' dir='ltr'>pernoctaret</span> <span class='ocrx_word' id='word_1_245' title='bbox 881 1982 1166 2053; x_wconf 86' lang='lat' dir='ltr'>excubiis,</span> <span class='ocrx_word' id='word_1_246' title='bbox 1200 1989 1415 2042; x_wconf 88' lang='lat' dir='ltr'>tantam</span> <span class='ocrx_word' id='word_1_247' title='bbox 1453 1983 1582 2043; x_wconf 65' lang='lat' dir='ltr'>laesi</span> <span class='ocrx_word' id='word_1_248' title='bbox 1626 1981 1846 2042; x_wconf 86' lang='lat' dir='ltr'>cerebri</span> <span class='ocrx_word' id='word_1_249' title='bbox 1875 1998 2006 2057; x_wconf 91' lang='lat' dir='ltr'>pas-</span> 
     </span>
    </p>
   </div>
   <div class='ocr_carea' id='block_1_37' title="bbox 288 2073 2005 2150">
    <p class='ocr_par' dir='ltr' id='par_1_37' title="bbox 288 2073 2005 2150">
     <span class='ocr_line' id='line_1_37' title="bbox 288 2073 2005 2150; baseline -0.002 -15"><span class='ocrx_word' id='word_1_250' title='bbox 288 2077 514 2136; x_wconf 90' lang='lat' dir='ltr'>sionem</span> <span class='ocrx_word' id='word_1_251' title='bbox 555 2077 860 2146; x_wconf 81' lang='lat' dir='ltr'>contraxit,</span> <span class='ocrx_word' id='word_1_252' title='bbox 908 2091 1027 2150; x_wconf 89' lang='lat' dir='ltr'>quo</span> <span class='ocrx_word' id='word_1_253' title='bbox 1075 2077 1181 2134; x_wconf 78' lang='lat' dir='ltr'>vix</span> <span class='ocrx_word' id='word_1_254' title='bbox 1222 2076 1313 2133; x_wconf 86' lang='lat' dir='ltr'>vel</span> <span class='ocrx_word' id='word_1_255' title='bbox 1360 2075 1586 2134; x_wconf 91' lang='lat' dir='ltr'>modico</span> <span class='ocrx_word' id='word_1_256' title='bbox 1633 2090 1837 2134; x_wconf 89' lang='lat' dir='ltr'>somno</span> <span class='ocrx_word' id='word_1_257' title='bbox 1885 2073 2005 2147; x_wconf 90' lang='lat' dir='ltr'>jam</span> 
     </span>
    </p>
   </div>
   <div class='ocr_carea' id='block_1_38' title="bbox 293 2164 2003 2241">
    <p class='ocr_par' dir='ltr' id='par_1_38' title="bbox 293 2164 2003 2241">
     <span class='ocr_line' id='line_1_38' title="bbox 293 2164 2003 2241; baseline -0.002 -15"><span class='ocrx_word' id='word_1_258' title='bbox 293 2167 455 2226; x_wconf 85' lang='lat' dir='ltr'>reﬁci</span> <span class='ocrx_word' id='word_1_259' title='bbox 482 2172 692 2241; x_wconf 90' lang='lat' dir='ltr'>posset,</span> <span class='ocrx_word' id='word_1_260' title='bbox 725 2173 901 2240; x_wconf 88' lang='lat' dir='ltr'>atque</span> <span class='ocrx_word' id='word_1_261' title='bbox 935 2172 1259 2241; x_wconf 87' lang='lat' dir='ltr'>postquam,</span> <span class='ocrx_word' id='word_1_262' title='bbox 1299 2166 1560 2225; x_wconf 87' lang='lat' dir='ltr'>adhibito</span> <span class='ocrx_word' id='word_1_263' title='bbox 1600 2164 2003 2237; x_wconf 86' lang='lat' dir='ltr'>medicamine,</span> 
     </span>
    </p>
   </div>
   <div class='ocr_carea' id='block_1_39' title="bbox 293 2253 2002 2330">
    <p class='ocr_par' dir='ltr' id='par_1_39' title="bbox 293 2253 2002 2330">
     <span class='ocr_line' id='line_1_39' title="bbox 293 2253 2002 2330; baseline -0.004 -13"><span class='ocrx_word' id='word_1_264' title='bbox 293 2258 366 2316; x_wconf 89' lang='lat' dir='ltr'>de</span> <span class='ocrx_word' id='word_1_265' title='bbox 405 2263 675 2330; x_wconf 87' lang='lat' dir='ltr'>concepta</span> <span class='ocrx_word' id='word_1_266' title='bbox 719 2257 987 2327; x_wconf 86' lang='lat' dir='ltr'>passione</span> <span class='ocrx_word' id='word_1_267' title='bbox 1027 2256 1228 2313; x_wconf 89' lang='lat' dir='ltr'>divina</span> <span class='ocrx_word' id='word_1_268' title='bbox 1268 2253 1644 2329; x_wconf 87' lang='lat' dir='ltr'>epitulatione</span> <span class='ocrx_word' id='word_1_269' title='bbox 1687 2256 2002 2326; x_wconf 88' lang='lat' dir='ltr'>convaluit,</span> 
     </span>
    </p>
   </div>
   <div class='ocr_carea' id='block_1_40' title="bbox 292 2343 2006 2422">
    <p class='ocr_par' dir='ltr' id='par_1_40' title="bbox 292 2343 2006 2422">
     <span class='ocr_line' id='line_1_40' title="bbox 292 2343 2006 2422; baseline -0.004 -15"><span class='ocrx_word' id='word_1_270' title='bbox 292 2349 376 2407; x_wconf 90' lang='lat' dir='ltr'>sic</span> <span class='ocrx_word' id='word_1_271' title='bbox 409 2349 531 2421; x_wconf 89' lang='lat' dir='ltr'>jam</span> <span class='ocrx_word' id='word_1_272' title='bbox 558 2347 804 2406; x_wconf 88' lang='lat' dir='ltr'>discrete</span> <span class='ocrx_word' id='word_1_273' title='bbox 831 2362 1000 2422; x_wconf 89' lang='lat' dir='ltr'>agere</span> <span class='ocrx_word' id='word_1_274' title='bbox 1026 2345 1247 2416; x_wconf 87' lang='lat' dir='ltr'>didicit,</span> <span class='ocrx_word' id='word_1_275' title='bbox 1290 2351 1576 2418; x_wconf 87' lang='lat' dir='ltr'>quatenus</span> <span class='ocrx_word' id='word_1_276' title='bbox 1604 2350 1660 2404; x_wconf 88' lang='lat' dir='ltr'>et</span> <span class='ocrx_word' id='word_1_277' title='bbox 1712 2343 2006 2401; x_wconf 82' lang='lat' dir='ltr'>remissio-</span> 
     </span>
    </p>
   </div>
   <div class='ocr_carea' id='block_1_41' title="bbox 295 2433 2002 2509">
    <p class='ocr_par' dir='ltr' id='par_1_41' title="bbox 295 2433 2002 2509">
     <span class='ocr_line' id='line_1_41' title="bbox 295 2433 2002 2509; baseline -0.003 -14"><span class='ocrx_word' id='word_1_278' title='bbox 295 2438 391 2496; x_wconf 87' lang='lat' dir='ltr'>nis</span> <span class='ocrx_word' id='word_1_279' title='bbox 426 2442 709 2509; x_wconf 87' lang='lat' dir='ltr'>torporem</span> <span class='ocrx_word' id='word_1_280' title='bbox 744 2437 949 2506; x_wconf 88' lang='lat' dir='ltr'>vitare,</span> <span class='ocrx_word' id='word_1_281' title='bbox 988 2440 1045 2492; x_wconf 87' lang='lat' dir='ltr'>et</span> <span class='ocrx_word' id='word_1_282' title='bbox 1072 2433 1544 2508; x_wconf 69' lang='lat' dir='ltr'>przecipitationis</span> <span class='ocrx_word' id='word_1_283' title='bbox 1586 2447 1826 2493; x_wconf 88' lang='lat' dir='ltr'>cursum</span> <span class='ocrx_word' id='word_1_284' title='bbox 1864 2446 2002 2507; x_wconf 87' lang='lat' dir='ltr'>pru-</span> 
     </span>
    </p>
   </div>
   <div class='ocr_carea' id='block_1_42' title="bbox 295 2521 2005 2597">
    <p class='ocr_par' dir='ltr' id='par_1_42' title="bbox 295 2521 2005 2597">
     <span class='ocr_line' id='line_1_42' title="bbox 295 2521 2005 2597; baseline -0.002 -13"><span class='ocrx_word' id='word_1_285' title='bbox 295 2526 455 2584; x_wconf 89' lang='lat' dir='ltr'>denti</span> <span class='ocrx_word' id='word_1_286' title='bbox 500 2524 893 2583; x_wconf 85' lang='lat' dir='ltr'>moderatione</span> <span class='ocrx_word' id='word_1_287' title='bbox 919 2524 1189 2582; x_wconf 87' lang='lat' dir='ltr'>cobibere</span> <span class='ocrx_word' id='word_1_288' title='bbox 1230 2530 1527 2597; x_wconf 83' lang='lat' dir='ltr'>satageret.</span> <span class='ocrx_word' id='word_1_289' title='bbox 1576 2522 1687 2593; x_wconf 88' lang='lat' dir='ltr'>Qui</span> <span class='ocrx_word' id='word_1_290' title='bbox 1721 2521 2005 2581; x_wconf 89' lang='lat' dir='ltr'>nimirum</span> 
     </span>
    </p>
   </div>
   <div class='ocr_carea' id='block_1_43' title="bbox 297 2611 2007 2686">
    <p class='ocr_par' dir='ltr' id='par_1_43' title="bbox 297 2611 2007 2686">
     <span class='ocr_line' id='line_1_43' title="bbox 297 2611 2007 2686; baseline -0.003 -12"><span class='ocrx_word' id='word_1_291' title='bbox 297 2616 438 2674; x_wconf 89' lang='lat' dir='ltr'>dum</span> <span class='ocrx_word' id='word_1_292' title='bbox 490 2613 715 2673; x_wconf 70' lang='lat' dir='ltr'>cellulae</span> <span class='ocrx_word' id='word_1_293' title='bbox 763 2612 1068 2671; x_wconf 89' lang='lat' dir='ltr'>stationem</span> <span class='ocrx_word' id='word_1_294' title='bbox 1115 2611 1302 2686; x_wconf 87' lang='lat' dir='ltr'>rigida</span> <span class='ocrx_word' id='word_1_295' title='bbox 1344 2627 1588 2673; x_wconf 89' lang='lat' dir='ltr'>censura</span> <span class='ocrx_word' id='word_1_296' title='bbox 1637 2618 1911 2683; x_wconf 84' lang='lat' dir='ltr'>servaret,</span> <span class='ocrx_word' id='word_1_297' title='bbox 1950 2617 2007 2671; x_wconf 85' lang='lat' dir='ltr'>et</span> 
     </span>
    </p>
   </div>
   <div class='ocr_carea' id='block_1_44' title="bbox 297 2702 2000 2779">
    <p class='ocr_par' dir='ltr' id='par_1_44' title="bbox 297 2702 2000 2779">
     <span class='ocr_line' id='line_1_44' title="bbox 297 2702 2000 2779; baseline -0.001 -17"><span class='ocrx_word' id='word_1_298' title='bbox 297 2712 422 2779; x_wconf 88' lang='lat' dir='ltr'>post</span> <span class='ocrx_word' id='word_1_299' title='bbox 451 2706 745 2763; x_wconf 87' lang='lat' dir='ltr'>assuetum</span> <span class='ocrx_word' id='word_1_300' title='bbox 781 2702 1140 2776; x_wconf 69' lang='lat' dir='ltr'>psalmodiis,</span> <span class='ocrx_word' id='word_1_301' title='bbox 1181 2717 1420 2778; x_wconf 85' lang='lat' dir='ltr'>precum</span> <span class='ocrx_word' id='word_1_302' title='bbox 1455 2707 1629 2779; x_wconf 90' lang='lat' dir='ltr'>atque</span> <span class='ocrx_word' id='word_1_303' title='bbox 1676 2704 2000 2762; x_wconf 89' lang='lat' dir='ltr'>orationum</span> 
     </span>
    </p>
   </div>
   <div class='ocr_carea' id='block_1_45' title="bbox 300 2795 2006 2875">
    <p class='ocr_par' dir='ltr' id='par_1_45' title="bbox 300 2795 2006 2875">
     <span class='ocr_line' id='line_1_45' title="bbox 300 2795 2006 2875; baseline -0.003 -17"><span class='ocrx_word' id='word_1_304' title='bbox 300 2799 662 2875; x_wconf 89' lang='lat' dir='ltr'>persolutum</span> <span class='ocrx_word' id='word_1_305' title='bbox 692 2797 894 2857; x_wconf 89' lang='lat' dir='ltr'>sedula</span> <span class='ocrx_word' id='word_1_306' title='bbox 921 2795 1296 2857; x_wconf 89' lang='lat' dir='ltr'>meditatione</span> <span class='ocrx_word' id='word_1_307' title='bbox 1318 2795 1551 2855; x_wconf 88' lang='lat' dir='ltr'>lectioni</span> <span class='ocrx_word' id='word_1_308' title='bbox 1573 2800 1819 2867; x_wconf 87' lang='lat' dir='ltr'>vacaret,</span> <span class='ocrx_word' id='word_1_309' title='bbox 1850 2801 2006 2854; x_wconf 87' lang='lat' dir='ltr'>tanta</span> 
     </span>
    </p>
   </div>
   <div class='ocr_carea' id='block_1_46' title="bbox 300 2885 2006 2962">
    <p class='ocr_par' dir='ltr' id='par_1_46' title="bbox 300 2885 2006 2962">
     <span class='ocr_line' id='line_1_46' title="bbox 300 2885 2006 2962; baseline -0.002 -15"><span class='ocrx_word' id='word_1_310' title='bbox 300 2890 637 2949; x_wconf 89' lang='lat' dir='ltr'>divinarum</span> <span class='ocrx_word' id='word_1_311' title='bbox 698 2887 1130 2962; x_wconf 89' lang='lat' dir='ltr'>Scripturarum</span> <span class='ocrx_word' id='word_1_312' title='bbox 1212 2886 1453 2946; x_wconf 89' lang='lat' dir='ltr'>scientia</span> <span class='ocrx_word' id='word_1_313' title='bbox 1525 2885 1733 2946; x_wconf 88' lang='lat' dir='ltr'>claruit</span> <span class='ocrx_word' id='word_1_314' title='bbox 1788 2890 2006 2959; x_wconf 81' lang='lat' dir='ltr'>quanta</span> 
     </span>
    </p>
   </div>
   <div class='ocr_carea' id='block_1_47' title="bbox 299 2980 1342 3044">
    <p class='ocr_par' dir='ltr' id='par_1_47' title="bbox 299 2980 1342 3044">
     <span class='ocr_line' id='line_1_47' title="bbox 299 2980 1342 3044; baseline -0.004 -3"><span class='ocrx_word' id='word_1_315' title='bbox 299 2981 671 3044; x_wconf 68' lang='lat' dir='ltr'>saecularium</span> <span class='ocrx_word' id='word_1_316' title='bbox 689 2988 858 3042; x_wconf 86' lang='lat' dir='ltr'>antea</span> <span class='ocrx_word' id='word_1_317' title='bbox 881 2996 1001 3041; x_wconf 91' lang='lat' dir='ltr'>non</span> <span class='ocrx_word' id='word_1_318' title='bbox 1030 2980 1342 3039; x_wconf 76' lang='lat' dir='ltr'>claruerat.~</span> 
     </span>
    </p>
   </div>
   <div class='ocr_carea' id='block_1_48' title="bbox 970 3082 1340 3143">
    <p class='ocr_par' dir='ltr' id='par_1_48' title="bbox 970 3082 1340 3143">
     <span class='ocr_line' id='line_1_48' title="bbox 970 3082 1340 3143; baseline 0 0"><span class='ocrx_word' id='word_1_319' title='bbox 970 3082 1211 3143; x_wconf 73' lang='lat' dir='ltr'>CAPUT</span> <span class='ocrx_word' id='word_1_320' title='bbox 1243 3084 1340 3143; x_wconf 89' lang='lat' dir='ltr'>VI.</span> 
     </span>
    </p>
   </div>
   <div class='ocr_carea' id='block_1_49' title="bbox 467 3172 1833 3245">
    <p class='ocr_par' dir='ltr' id='par_1_49' title="bbox 467 3172 1833 3245">
     <span class='ocr_line' id='line_1_49' title="bbox 467 3172 1833 3245; baseline -0.004 -11"><span class='ocrx_word' id='word_1_321' title='bbox 467 3178 635 3235; x_wconf 82' lang='lat' dir='ltr'>Fama</span> <span class='ocrx_word' id='word_1_322' title='bbox 662 3179 816 3232; x_wconf 83' lang='lat' dir='ltr'>illius</span> <span class='ocrx_word' id='word_1_323' title='bbox 842 3177 1154 3232; x_wconf 74' lang='lat' dir='ltr'>sanctitatis</span> <span class='ocrx_word' id='word_1_324' title='bbox 1184 3177 1337 3244; x_wconf 84' lang='lat' dir='ltr'>longe</span> <span class='ocrx_word' id='word_1_325' title='bbox 1363 3174 1589 3245; x_wconf 74' lang='lat' dir='ltr'>diffusa,</span> <span class='ocrx_word' id='word_1_326' title='bbox 1623 3172 1833 3244; x_wconf 77' lang='lat' dir='ltr'>cogitur</span> 
     </span>
    </p>
   </div>
   <div class='ocr_carea' id='block_1_50' title="bbox 758 3248 1537 3316">
    <p class='ocr_par' dir='ltr' id='par_1_50' title="bbox 758 3248 1537 3316">
     <span class='ocr_line' id='line_1_50' title="bbox 758 3248 1537 3316; baseline -0.003 -11"><span class='ocrx_word' id='word_1_327' title='bbox 758 3250 993 3305; x_wconf 82' lang='lat' dir='ltr'>aliorum</span> <span class='ocrx_word' id='word_1_328' title='bbox 1022 3250 1195 3304; x_wconf 83' lang='lat' dir='ltr'>saluti</span> <span class='ocrx_word' id='word_1_329' title='bbox 1225 3248 1537 3316; x_wconf 82' lang='lat' dir='ltr'>invigilare.</span> 
     </span>
    </p>
   </div>
   <div class='ocr_carea' id='block_1_51' title="bbox 372 3330 2007 3411">
    <p class='ocr_par' dir='ltr' id='par_1_51' title="bbox 372 3330 2007 3411">
     <span class='ocr_line' id='line_1_51' title="bbox 372 3330 2007 3411; baseline -0.002 -14"><span class='ocrx_word' id='word_1_330' title='bbox 372 3338 519 3397; x_wconf 85' lang='lat' dir='ltr'>Cum</span> <span class='ocrx_word' id='word_1_331' title='bbox 562 3343 791 3411; x_wconf 89' lang='lat' dir='ltr'>tempus</span> <span class='ocrx_word' id='word_1_332' title='bbox 837 3337 1018 3409; x_wconf 86' lang='lat' dir='ltr'>igitur</span> <span class='ocrx_word' id='word_1_333' title='bbox 1059 3336 1389 3395; x_wconf 85' lang='lat' dir='ltr'>advenisset</span> <span class='ocrx_word' id='word_1_334' title='bbox 1425 3341 1490 3394; x_wconf 91' lang='lat' dir='ltr'>ut</span> <span class='ocrx_word' id='word_1_335' title='bbox 1519 3334 1755 3393; x_wconf 91' lang='lat' dir='ltr'>lucerna</span> <span class='ocrx_word' id='word_1_336' title='bbox 1797 3330 2007 3394; x_wconf 90' lang='lat' dir='ltr'>domus</span> 
     </span>
    </p>
   </div>
   <div class='ocr_carea' id='block_1_52' title="bbox 303 3422 2004 3501">
    <p class='ocr_par' dir='ltr' id='par_1_52' title="bbox 303 3422 2004 3501">
     <span class='ocr_line' id='line_1_52' title="bbox 303 3422 2004 3501; baseline -0.004 -14"><span class='ocrx_word' id='word_1_337' title='bbox 303 3427 539 3487; x_wconf 91' lang='lat' dir='ltr'>Domini</span> <span class='ocrx_word' id='word_1_338' title='bbox 578 3432 765 3487; x_wconf 89' lang='lat' dir='ltr'>erecta</span> <span class='ocrx_word' id='word_1_339' title='bbox 797 3442 974 3501; x_wconf 89' lang='lat' dir='ltr'>super</span> <span class='ocrx_word' id='word_1_340' title='bbox 1000 3425 1413 3485; x_wconf 88' lang='lat' dir='ltr'>candelabrum</span> <span class='ocrx_word' id='word_1_341' title='bbox 1444 3424 1720 3483; x_wconf 89' lang='lat' dir='ltr'>omnibus</span> <span class='ocrx_word' id='word_1_342' title='bbox 1767 3422 2004 3497; x_wconf 90' lang='lat' dir='ltr'>luceret,</span> 
     </span>
    </p>
   </div>
   <div class='ocr_carea' id='block_1_53' title="bbox 296 3513 2009 3594">
    <p class='ocr_par' dir='ltr' id='par_1_53' title="bbox 296 3513 2009 3594">
     <span class='ocr_line' id='line_1_53' title="bbox 296 3513 2009 3594; baseline -0.004 -16"><span class='ocrx_word' id='word_1_343' title='bbox 296 3519 538 3594; x_wconf 88' lang='lat' dir='ltr'>jubente</span> <span class='ocrx_word' id='word_1_344' title='bbox 568 3517 858 3592; x_wconf 88' lang='lat' dir='ltr'>magistro,</span> <span class='ocrx_word' id='word_1_345' title='bbox 890 3516 1089 3590; x_wconf 89' lang='lat' dir='ltr'>paucis</span> <span class='ocrx_word' id='word_1_346' title='bbox 1119 3514 1241 3573; x_wconf 90' lang='lat' dir='ltr'>illis</span> <span class='ocrx_word' id='word_1_347' title='bbox 1268 3513 1545 3573; x_wconf 88' lang='lat' dir='ltr'>fratribus</span> <span class='ocrx_word' id='word_1_348' title='bbox 1584 3514 1698 3584; x_wconf 90' lang='lat' dir='ltr'>(i7)</span> <span class='ocrx_word' id='word_1_349' title='bbox 1736 3514 2009 3572; x_wconf 85' lang='lat' dir='ltr'>exhorta-</span> 
     </span>
    </p>
   </div>
   <div class='ocr_carea' id='block_1_54' title="bbox 301 3602 2011 3680">
    <p class='ocr_par' dir='ltr' id='par_1_54' title="bbox 301 3602 2011 3680">
     <span class='ocr_line' id='line_1_54' title="bbox 301 3602 2011 3680; baseline -0.002 -15"><span class='ocrx_word' id='word_1_350' title='bbox 301 3606 477 3667; x_wconf 90' lang='lat' dir='ltr'>tionis</span> <span class='ocrx_word' id='word_1_351' title='bbox 513 3606 690 3665; x_wconf 86' lang='lat' dir='ltr'>verba</span> <span class='ocrx_word' id='word_1_352' title='bbox 733 3605 1068 3680; x_wconf 90' lang='lat' dir='ltr'>impendere</span> <span class='ocrx_word' id='word_1_353' title='bbox 1114 3603 1303 3677; x_wconf 59' lang='lat' dir='ltr'>erepit.</span> <span class='ocrx_word' id='word_1_354' title='bbox 1341 3604 1605 3677; x_wconf 77' lang='lat' dir='ltr'>Cumque</span> <span class='ocrx_word' id='word_1_355' title='bbox 1650 3602 1776 3677; x_wconf 89' lang='lat' dir='ltr'>ejus</span> <span class='ocrx_word' id='word_1_356' title='bbox 1815 3602 2011 3676; x_wconf 91' lang='lat' dir='ltr'>opinio</span> 
     </span>
    </p>
   </div>
   <div class='ocr_carea' id='block_1_55' title="bbox 297 3692 2011 3770">
    <p class='ocr_par' dir='ltr' id='par_1_55' title="bbox 297 3692 2011 3770">
     <span class='ocr_line' id='line_1_55' title="bbox 297 3692 2011 3770; baseline -0.002 -15"><span class='ocrx_word' id='word_1_357' title='bbox 297 3697 420 3770; x_wconf 87' lang='lat' dir='ltr'>jam</span> <span class='ocrx_word' id='word_1_358' title='bbox 450 3695 621 3756; x_wconf 88' lang='lat' dir='ltr'>latius</span> <span class='ocrx_word' id='word_1_359' title='bbox 657 3697 843 3755; x_wconf 84' lang='lat' dir='ltr'>eﬂ‘usa</span> <span class='ocrx_word' id='word_1_360' title='bbox 868 3696 1264 3765; x_wconf 87' lang='lat' dir='ltr'>crebresceret,</span> <span class='ocrx_word' id='word_1_361' title='bbox 1299 3692 1490 3753; x_wconf 87' lang='lat' dir='ltr'>Vuido</span> <span class='ocrx_word' id='word_1_362' title='bbox 1518 3692 1867 3752; x_wconf 77' lang='lat' dir='ltr'>venerabilis</span> <span class='ocrx_word' id='word_1_363' title='bbox 1899 3697 1919 3763; x_wconf 98' lang='lat'>(</span> <span class='ocrx_word' id='word_1_364' title='bbox 1929 3693 2011 3762; x_wconf 87' lang='lat'>18)</span> 
     </span>
    </p>
   </div>
   <div class='ocr_carea' id='block_1_56' title="bbox 308 3782 2012 3859">
    <p class='ocr_par' dir='ltr' id='par_1_56' title="bbox 308 3782 2012 3859">
     <span class='ocr_line' id='line_1_56' title="bbox 308 3782 2012 3859; baseline -0.002 -14"><span class='ocrx_word' id='word_1_365' title='bbox 308 3787 486 3845; x_wconf 85' lang='lat' dir='ltr'>abbas</span> <span class='ocrx_word' id='word_1_366' title='bbox 549 3787 971 3859; x_wconf 88' lang='lat' dir='ltr'>Pomposianus</span> <span class='ocrx_word' id='word_1_367' title='bbox 1048 3785 1172 3858; x_wconf 87' lang='lat' dir='ltr'>(i9),</span> <span class='ocrx_word' id='word_1_368' title='bbox 1223 3786 1316 3843; x_wconf 90' lang='lat' dir='ltr'>vir</span> <span class='ocrx_word' id='word_1_369' title='bbox 1389 3782 1810 3856; x_wconf 87' lang='lat' dir='ltr'>sanctissimus,</span> <span class='ocrx_word' id='word_1_370' title='bbox 1874 3797 2012 3843; x_wconf 92' lang='lat' dir='ltr'>suos</span> 
     </span>
    </p>
   </div>
   <div class='ocr_carea' id='block_1_57' title="bbox 300 3874 2015 3952">
    <p class='ocr_par' dir='ltr' id='par_1_57' title="bbox 300 3874 2015 3952">
     <span class='ocr_line' id='line_1_57' title="bbox 300 3874 2015 3952; baseline -0.001 -17"><span class='ocrx_word' id='word_1_371' title='bbox 300 3878 521 3951; x_wconf 85' lang='lat' dir='ltr'>legatos</span> <span class='ocrx_word' id='word_1_372' title='bbox 552 3878 624 3936; x_wconf 91' lang='lat' dir='ltr'>ad</span> <span class='ocrx_word' id='word_1_373' title='bbox 650 3878 827 3952; x_wconf 89' lang='lat' dir='ltr'>hujus</span> <span class='ocrx_word' id='word_1_374' title='bbox 850 3878 1118 3936; x_wconf 88' lang='lat' dir='ltr'>abbatem</span> <span class='ocrx_word' id='word_1_375' title='bbox 1147 3874 1428 3948; x_wconf 89' lang='lat' dir='ltr'>dirigens,</span> <span class='ocrx_word' id='word_1_376' title='bbox 1473 3874 1784 3949; x_wconf 88' lang='lat' dir='ltr'>postulavit</span> <span class='ocrx_word' id='word_1_377' title='bbox 1815 3879 2015 3950; x_wconf 83' lang='lat' dir='ltr'>quate-</span> 
     </span>
    </p>
   </div>
   <div class='ocr_carea' id='block_1_58' title="bbox 2090 1807 3802 1890">
    <p class='ocr_par' dir='ltr' id='par_1_58' title="bbox 2090 1807 3802 1890">
     <span class='ocr_line' id='line_1_58' title="bbox 2090 1807 3802 1890; baseline -0.001 -23"><span class='ocrx_word' id='word_1_378' title='bbox 2090 1807 2232 1867; x_wconf 91' lang='lat' dir='ltr'>olim</span> <span class='ocrx_word' id='word_1_379' title='bbox 2264 1808 2375 1867; x_wconf 89' lang='lat' dir='ltr'>sibi</span> <span class='ocrx_word' id='word_1_380' title='bbox 2422 1825 2561 1868; x_wconf 90' lang='lat' dir='ltr'>cum</span> <span class='ocrx_word' id='word_1_381' title='bbox 2592 1807 3360 1890; x_wconf 51' lang='lat' dir='ltr'>obedientiaiadditamento</span> <span class='ocrx_word' id='word_1_382' title='bbox 3393 1807 3629 1883; x_wconf 65' lang='lat' dir='ltr'>praecipi</span> <span class='ocrx_word' id='word_1_383' title='bbox 3658 1823 3802 1868; x_wconf 91' lang='lat' dir='ltr'>con-</span> 
     </span>
    </p>
   </div>
   <div class='ocr_carea' id='block_1_59' title="bbox 2091 1895 3800 1975">
    <p class='ocr_par' dir='ltr' id='par_1_59' title="bbox 2091 1895 3800 1975">
     <span class='ocr_line' id='line_1_59' title="bbox 2091 1895 3800 1975; baseline 0.002 -20"><span class='ocrx_word' id='word_1_384' title='bbox 2091 1898 2326 1972; x_wconf 88' lang='lat' dir='ltr'>tigisset,</span> <span class='ocrx_word' id='word_1_385' title='bbox 2364 1903 2520 1958; x_wconf 91' lang='lat' dir='ltr'>tanto</span> <span class='ocrx_word' id='word_1_386' title='bbox 2559 1914 2665 1959; x_wconf 92' lang='lat' dir='ltr'>sua</span> <span class='ocrx_word' id='word_1_387' title='bbox 2699 1899 2925 1958; x_wconf 90' lang='lat' dir='ltr'>viscera</span> <span class='ocrx_word' id='word_1_388' title='bbox 2952 1898 3198 1975; x_wconf 86' lang='lat' dir='ltr'>verbum</span> <span class='ocrx_word' id='word_1_389' title='bbox 3241 1898 3349 1957; x_wconf 90' lang='lat' dir='ltr'>hoc</span> <span class='ocrx_word' id='word_1_390' title='bbox 3395 1895 3551 1957; x_wconf 87' lang='lat' dir='ltr'>illico</span> <span class='ocrx_word' id='word_1_391' title='bbox 3582 1900 3800 1958; x_wconf 89' lang='lat' dir='ltr'>terrore</span> 
     </span>
    </p>
   </div>
   <div class='ocr_carea' id='block_1_60' title="bbox 2090 1982 3801 2063">
    <p class='ocr_par' dir='ltr' id='par_1_60' title="bbox 2090 1982 3801 2063">
     <span class='ocr_line' id='line_1_60' title="bbox 2090 1982 3801 2063; baseline 0.002 -19"><span class='ocrx_word' id='word_1_392' title='bbox 2090 1994 2419 2047; x_wconf 87' lang='lat' dir='ltr'>concuteret</span> <span class='ocrx_word' id='word_1_393' title='bbox 2471 1995 2535 2048; x_wconf 89' lang='lat' dir='ltr'>ut</span> <span class='ocrx_word' id='word_1_394' title='bbox 2583 1988 2748 2048; x_wconf 92' lang='lat' dir='ltr'>nulla</span> <span class='ocrx_word' id='word_1_395' title='bbox 2805 1987 3054 2063; x_wconf 84' lang='lat' dir='ltr'>injuncti</span> <span class='ocrx_word' id='word_1_396' title='bbox 3107 1987 3293 2062; x_wconf 90' lang='lat' dir='ltr'>operis</span> <span class='ocrx_word' id='word_1_397' title='bbox 3343 1982 3678 2047; x_wconf 80' lang='lat' dir='ltr'>difﬁcultate</span> <span class='ocrx_word' id='word_1_398' title='bbox 3724 1986 3801 2047; x_wconf 83' lang='lat' dir='ltr'>ab</span> 
     </span>
    </p>
   </div>
   <div class='ocr_carea' id='block_1_61' title="bbox 2088 2075 3801 2154">
    <p class='ocr_par' dir='ltr' id='par_1_61' title="bbox 2088 2075 3801 2154">
     <span class='ocr_line' id='line_1_61' title="bbox 2088 2075 3801 2154; baseline 0.001 -17"><span class='ocrx_word' id='word_1_399' title='bbox 2088 2079 2274 2153; x_wconf 89' lang='lat' dir='ltr'>ipsius</span> <span class='ocrx_word' id='word_1_400' title='bbox 2319 2080 2693 2140; x_wconf 81' lang='lat' dir='ltr'>exsecutione</span> <span class='ocrx_word' id='word_1_401' title='bbox 2754 2079 3031 2140; x_wconf 86' lang='lat' dir='ltr'>retardari</span> <span class='ocrx_word' id='word_1_402' title='bbox 3077 2075 3311 2139; x_wconf 89' lang='lat' dir='ltr'>valeret.</span> <span class='ocrx_word' id='word_1_403' title='bbox 3348 2078 3580 2138; x_wconf 89' lang='lat' dir='ltr'>Peracto</span> <span class='ocrx_word' id='word_1_404' title='bbox 3620 2077 3801 2154; x_wconf 88' lang='lat' dir='ltr'>igitur</span> 
     </span>
    </p>
   </div>
   <div class='ocr_carea' id='block_1_62' title="bbox 2088 2165 3799 2244">
    <p class='ocr_par' dir='ltr' id='par_1_62' title="bbox 2088 2165 3799 2244">
     <span class='ocr_line' id='line_1_62' title="bbox 2088 2165 3799 2244; baseline 0.001 -18"><span class='ocrx_word' id='word_1_405' title='bbox 2088 2182 2223 2227; x_wconf 87' lang='lat' dir='ltr'>cum</span> <span class='ocrx_word' id='word_1_406' title='bbox 2279 2169 2405 2229; x_wconf 86' lang='lat' dir='ltr'>suis</span> <span class='ocrx_word' id='word_1_407' title='bbox 2459 2168 2847 2229; x_wconf 87' lang='lat' dir='ltr'>confratribus</span> <span class='ocrx_word' id='word_1_408' title='bbox 2910 2167 3180 2244; x_wconf 88' lang='lat' dir='ltr'>permissi</span> <span class='ocrx_word' id='word_1_409' title='bbox 3244 2165 3521 2243; x_wconf 88' lang='lat' dir='ltr'>temporis</span> <span class='ocrx_word' id='word_1_410' title='bbox 3594 2168 3799 2243; x_wconf 89' lang='lat' dir='ltr'>spatio,</span> 
     </span>
    </p>
   </div>
   <div class='ocr_carea' id='block_1_63' title="bbox 2088 2257 3799 2334">
    <p class='ocr_par' dir='ltr' id='par_1_63' title="bbox 2088 2257 3799 2334">
     <span class='ocr_line' id='line_1_63' title="bbox 2088 2257 3799 2334; baseline 0 -17"><span class='ocrx_word' id='word_1_411' title='bbox 2088 2258 2304 2319; x_wconf 88' lang='lat' dir='ltr'>iterum</span> <span class='ocrx_word' id='word_1_412' title='bbox 2331 2260 2593 2334; x_wconf 89' lang='lat' dir='ltr'>ejusdem</span> <span class='ocrx_word' id='word_1_413' title='bbox 2625 2260 2707 2319; x_wconf 90' lang='lat' dir='ltr'>rei</span> <span class='ocrx_word' id='word_1_414' title='bbox 2746 2260 2947 2334; x_wconf 87' lang='lat' dir='ltr'>gratia,</span> <span class='ocrx_word' id='word_1_415' title='bbox 2980 2273 3096 2333; x_wconf 89' lang='lat' dir='ltr'>qua</span> <span class='ocrx_word' id='word_1_416' title='bbox 3126 2257 3493 2334; x_wconf 88' lang='lat' dir='ltr'>Pomposiam</span> <span class='ocrx_word' id='word_1_417' title='bbox 3523 2257 3687 2332; x_wconf 85' lang='lat' dir='ltr'>ierat,</span> <span class='ocrx_word' id='word_1_418' title='bbox 3725 2257 3799 2318; x_wconf 91' lang='lat' dir='ltr'>ad</span> 
     </span>
    </p>
   </div>
   <div class='ocr_carea' id='block_1_64' title="bbox 2090 2338 3799 2423">
    <p class='ocr_par' dir='ltr' id='par_1_64' title="bbox 2090 2338 3799 2423">
     <span class='ocr_line' id='line_1_64' title="bbox 2090 2338 3799 2423; baseline -0.001 -15"><span class='ocrx_word' id='word_1_419' title='bbox 2090 2347 2150 2408; x_wconf 88' lang='lat' dir='ltr'>S.</span> <span class='ocrx_word' id='word_1_420' title='bbox 2185 2338 2495 2421; x_wconf 88' lang='lat' dir='ltr'>Vincentii,</span> <span class='ocrx_word' id='word_1_421' title='bbox 2535 2348 2704 2423; x_wconf 89' lang='lat' dir='ltr'>cujus</span> <span class='ocrx_word' id='word_1_422' title='bbox 2736 2363 2908 2423; x_wconf 90' lang='lat' dir='ltr'>supra</span> <span class='ocrx_word' id='word_1_423' title='bbox 2945 2346 3346 2421; x_wconf 88' lang='lat' dir='ltr'>meminimus,</span> <span class='ocrx_word' id='word_1_424' title='bbox 3380 2346 3799 2408; x_wconf 84' lang='lat' dir='ltr'>menaster&#39;ium</span> 
     </span>
    </p>
   </div>
   <div class='ocr_carea' id='block_1_65' title="bbox 2088 2436 3797 2515">
    <p class='ocr_par' dir='ltr' id='par_1_65' title="bbox 2088 2436 3797 2515">
     <span class='ocr_line' id='line_1_65' title="bbox 2088 2436 3797 2515; baseline 0.001 -18"><span class='ocrx_word' id='word_1_425' title='bbox 2088 2448 2324 2513; x_wconf 87' lang='lat' dir='ltr'>pergere</span> <span class='ocrx_word' id='word_1_426' title='bbox 2362 2436 2617 2511; x_wconf 91' lang='lat' dir='ltr'>jubetur.</span> <span class='ocrx_word' id='word_1_427' title='bbox 2648 2438 2814 2508; x_wconf 80' lang='lat' dir='ltr'>Quod</span> <span class='ocrx_word' id='word_1_428' title='bbox 2843 2452 3050 2513; x_wconf 89' lang='lat' dir='ltr'>nempe</span> <span class='ocrx_word' id='word_1_429' title='bbox 3080 2440 3297 2515; x_wconf 87' lang='lat' dir='ltr'>quanto</span> <span class='ocrx_word' id='word_1_430' title='bbox 3341 2438 3437 2499; x_wconf 89' lang='lat' dir='ltr'>vel</span> <span class='ocrx_word' id='word_1_431' title='bbox 3476 2439 3643 2499; x_wconf 90' lang='lat' dir='ltr'>turba</span> <span class='ocrx_word' id='word_1_432' title='bbox 3672 2452 3797 2499; x_wconf 89' lang='lat' dir='ltr'>mo-</span> 
     </span>
    </p>
   </div>
   <div class='ocr_carea' id='block_1_66' title="bbox 2090 2526 3803 2602">
    <p class='ocr_par' dir='ltr' id='par_1_66' title="bbox 2090 2526 3803 2602">
     <span class='ocr_line' id='line_1_66' title="bbox 2090 2526 3803 2602; baseline 0.003 -16"><span class='ocrx_word' id='word_1_433' title='bbox 2090 2528 2432 2602; x_wconf 88' lang='lat' dir='ltr'>nachorum,</span> <span class='ocrx_word' id='word_1_434' title='bbox 2461 2527 2552 2588; x_wconf 87' lang='lat' dir='ltr'>vel</span> <span class='ocrx_word' id='word_1_435' title='bbox 2584 2526 2894 2589; x_wconf 88' lang='lat' dir='ltr'>latitudine</span> <span class='ocrx_word' id='word_1_436' title='bbox 2919 2529 3261 2591; x_wconf 87' lang='lat' dir='ltr'>facultatum</span> <span class='ocrx_word' id='word_1_437' title='bbox 3297 2531 3644 2592; x_wconf 81' lang='lat' dir='ltr'>cernebatur</span> <span class='ocrx_word' id='word_1_438' title='bbox 3665 2528 3803 2592; x_wconf 83' lang='lat' dir='ltr'>ube-</span> 
     </span>
    </p>
   </div>
   <div class='ocr_carea' id='block_1_67' title="bbox 2090 2619 3803 2699">
    <p class='ocr_par' dir='ltr' id='par_1_67' title="bbox 2090 2619 3803 2699">
     <span class='ocr_line' id='line_1_67' title="bbox 2090 2619 3803 2699; baseline 0.003 -22"><span class='ocrx_word' id='word_1_439' title='bbox 2090 2619 2232 2693; x_wconf 86' lang='lat' dir='ltr'>rius,</span> <span class='ocrx_word' id='word_1_440' title='bbox 2290 2622 2447 2680; x_wconf 89' lang='lat' dir='ltr'>tanto</span> <span class='ocrx_word' id='word_1_441' title='bbox 2501 2634 2563 2679; x_wconf 91' lang='lat' dir='ltr'>se</span> <span class='ocrx_word' id='word_1_442' title='bbox 2616 2620 2952 2681; x_wconf 69' lang='lat' dir='ltr'>monasticis</span> <span class='ocrx_word' id='word_1_443' title='bbox 2999 2636 3207 2683; x_wconf 89' lang='lat' dir='ltr'>norma</span> <span class='ocrx_word' id='word_1_444' title='bbox 3276 2621 3606 2699; x_wconf 63' lang='lat' dir='ltr'>disciplinae</span> <span class='ocrx_word' id='word_1_445' title='bbox 3678 2623 3803 2683; x_wconf 87' lang='lat' dir='ltr'>fore</span> 
     </span>
    </p>
   </div>
   <div class='ocr_carea' id='block_1_68' title="bbox 2089 2704 3802 2791">
    <p class='ocr_par' dir='ltr' id='par_1_68' title="bbox 2089 2704 3802 2791">
     <span class='ocr_line' id='line_1_68' title="bbox 2089 2704 3802 2791; baseline 0.002 -24"><span class='ocrx_word' id='word_1_446' title='bbox 2089 2708 2413 2769; x_wconf 88' lang='lat' dir='ltr'>declarabat</span> <span class='ocrx_word' id='word_1_447' title='bbox 2469 2704 2795 2785; x_wconf 85' lang='lat' dir='ltr'>angustius.</span> <span class='ocrx_word' id='word_1_448' title='bbox 2836 2704 2926 2771; x_wconf 90' lang='lat' dir='ltr'>Ibi</span> <span class='ocrx_word' id='word_1_449' title='bbox 2959 2724 3192 2788; x_wconf 86' lang='lat' dir='ltr'>quoque</span> <span class='ocrx_word' id='word_1_450' title='bbox 3244 2710 3594 2791; x_wconf 89' lang='lat' dir='ltr'>aliquandiu</span> <span class='ocrx_word' id='word_1_451' title='bbox 3648 2727 3802 2773; x_wconf 90' lang='lat' dir='ltr'>com-</span> 
     </span>
    </p>
   </div>
   <div class='ocr_carea' id='block_1_69' title="bbox 2088 2797 3801 2875">
    <p class='ocr_par' dir='ltr' id='par_1_69' title="bbox 2088 2797 3801 2875">
     <span class='ocr_line' id='line_1_69' title="bbox 2088 2797 3801 2875; baseline 0.001 -16"><span class='ocrx_word' id='word_1_452' title='bbox 2088 2804 2346 2859; x_wconf 88' lang='lat' dir='ltr'>moratus</span> <span class='ocrx_word' id='word_1_453' title='bbox 2380 2797 2516 2872; x_wconf 78' lang='lat'>(20),</span> <span class='ocrx_word' id='word_1_454' title='bbox 2557 2814 2928 2875; x_wconf 86' lang='lat' dir='ltr'>nequaquam</span> <span class='ocrx_word' id='word_1_455' title='bbox 2957 2799 3151 2875; x_wconf 83' lang='lat' dir='ltr'>segnis</span> <span class='ocrx_word' id='word_1_456' title='bbox 3189 2816 3223 2860; x_wconf 90' lang='lat' dir='ltr'>a</span> <span class='ocrx_word' id='word_1_457' title='bbox 3258 2800 3578 2862; x_wconf 69' lang='lat' dir='ltr'>Dominicaa</span> <span class='ocrx_word' id='word_1_458' title='bbox 3611 2800 3801 2861; x_wconf 75' lang='lat' dir='ltr'>vineae</span> 
     </span>
    </p>
   </div>
   <div class='ocr_carea' id='block_1_70' title="bbox 2086 2886 3795 2966">
    <p class='ocr_par' dir='ltr' id='par_1_70' title="bbox 2086 2886 3795 2966">
     <span class='ocr_line' id='line_1_70' title="bbox 2086 2886 3795 2966; baseline 0.004 -20"><span class='ocrx_word' id='word_1_459' title='bbox 2086 2888 2314 2947; x_wconf 89' lang='lat' dir='ltr'>cultura</span> <span class='ocrx_word' id='word_1_460' title='bbox 2372 2886 2613 2963; x_wconf 90' lang='lat' dir='ltr'>quievit,</span> <span class='ocrx_word' id='word_1_461' title='bbox 2682 2889 2886 2962; x_wconf 92' lang='lat' dir='ltr'>donec,</span> <span class='ocrx_word' id='word_1_462' title='bbox 2943 2896 3281 2966; x_wconf 90' lang='lat' dir='ltr'>cooperante</span> <span class='ocrx_word' id='word_1_463' title='bbox 3357 2890 3469 2950; x_wconf 90' lang='lat' dir='ltr'>sibi</span> <span class='ocrx_word' id='word_1_464' title='bbox 3530 2889 3795 2963; x_wconf 91' lang='lat' dir='ltr'>Domino,</span> 
     </span>
    </p>
   </div>
   <div class='ocr_carea' id='block_1_71' title="bbox 2087 2978 3461 3058">
    <p class='ocr_par' dir='ltr' id='par_1_71' title="bbox 2087 2978 3461 3058">
     <span class='ocr_line' id='line_1_71' title="bbox 2087 2978 3461 3058; baseline -0.001 -17"><span class='ocrx_word' id='word_1_465' title='bbox 2087 2980 2327 3042; x_wconf 88' lang='lat' dir='ltr'>uberem</span> <span class='ocrx_word' id='word_1_466' title='bbox 2348 2980 2440 3040; x_wconf 91' lang='lat' dir='ltr'>sui</span> <span class='ocrx_word' id='word_1_467' title='bbox 2467 2980 2722 3042; x_wconf 89' lang='lat' dir='ltr'>fructum</span> <span class='ocrx_word' id='word_1_468' title='bbox 2745 2981 3063 3041; x_wconf 86' lang='lat' dir='ltr'>famulatus</span> <span class='ocrx_word' id='word_1_469' title='bbox 3086 2978 3461 3058; x_wconf 87' lang='lat' dir='ltr'>impenderet.</span> 
     </span>
    </p>
   </div>
   <div class='ocr_carea' id='block_1_72' title="bbox 2727 3084 3152 3149">
    <p class='ocr_par' dir='ltr' id='par_1_72' title="bbox 2727 3084 3152 3149">
     <span class='ocr_line' id='line_1_72' title="bbox 2727 3084 3152 3149; baseline -0.005 0"><span class='ocrx_word' id='word_1_470' title='bbox 2727 3084 2973 3149; x_wconf 87' lang='lat' dir='ltr'>CAPUT</span> <span class='ocrx_word' id='word_1_471' title='bbox 3022 3088 3152 3148; x_wconf 87' lang='lat' dir='ltr'>VII.</span> 
     </span>
    </p>
   </div>
   <div class='ocr_carea' id='block_1_73' title="bbox 2233 3178 3654 3251">
    <p class='ocr_par' dir='ltr' id='par_1_73' title="bbox 2233 3178 3654 3251">
     <span class='ocr_line' id='line_1_73' title="bbox 2233 3178 3654 3251; baseline -0.001 -16"><span class='ocrx_word' id='word_1_472' title='bbox 2233 3178 2455 3236; x_wconf 78' lang='lat' dir='ltr'>Creatus</span> <span class='ocrx_word' id='word_1_473' title='bbox 2478 3182 2654 3251; x_wconf 69' lang='lat' dir='ltr'>prior,</span> <span class='ocrx_word' id='word_1_474' title='bbox 2685 3181 2875 3251; x_wconf 70' lang='lat' dir='ltr'>multis</span> <span class='ocrx_word' id='word_1_475' title='bbox 2899 3182 3245 3237; x_wconf 69' lang='lat' dir='ltr'>monasteriis</span> <span class='ocrx_word' id='word_1_476' title='bbox 3278 3179 3654 3250; x_wconf 65' lang='lat' dir='ltr'>exaediﬁcatis,</span> 
     </span>
    </p>
   </div>
   <div class='ocr_carea' id='block_1_74' title="bbox 2410 3244 3481 3325">
    <p class='ocr_par' dir='ltr' id='par_1_74' title="bbox 2410 3244 3481 3325">
     <span class='ocr_line' id='line_1_74' title="bbox 2410 3244 3481 3325; baseline 0.001 -19"><span class='ocrx_word' id='word_1_477' title='bbox 2410 3244 2745 3307; x_wconf 72' lang='lat' dir='ltr'>crémiticam</span> <span class='ocrx_word' id='word_1_478' title='bbox 2773 3244 3129 3325; x_wconf 83' lang='lat' dir='ltr'>disciplinam</span> <span class='ocrx_word' id='word_1_479' title='bbox 3157 3244 3481 3324; x_wconf 65' lang='lat' dir='ltr'>ampliﬁcat.</span> 
     </span>
    </p>
   </div>
   <div class='ocr_carea' id='block_1_75' title="bbox 2162 3333 3797 3415">
    <p class='ocr_par' dir='ltr' id='par_1_75' title="bbox 2162 3333 3797 3415">
     <span class='ocr_line' id='line_1_75' title="bbox 2162 3333 3797 3415; baseline -0.001 -19"><span class='ocrx_word' id='word_1_480' title='bbox 2162 3337 2430 3413; x_wconf 88' lang='lat' dir='ltr'>Magister</span> <span class='ocrx_word' id='word_1_481' title='bbox 2466 3354 2604 3398; x_wconf 88' lang='lat' dir='ltr'>vero</span> <span class='ocrx_word' id='word_1_482' title='bbox 2652 3336 2778 3415; x_wconf 79' lang='lat' dir='ltr'>ejtts</span> <span class='ocrx_word' id='word_1_483' title='bbox 2820 3345 3039 3399; x_wconf 88' lang='lat' dir='ltr'>tantam</span> <span class='ocrx_word' id='word_1_484' title='bbox 3090 3338 3276 3413; x_wconf 87' lang='lat' dir='ltr'>ipsius</span> <span class='ocrx_word' id='word_1_485' title='bbox 3312 3333 3683 3411; x_wconf 89' lang='lat' dir='ltr'>prudentiam</span> <span class='ocrx_word' id='word_1_486' title='bbox 3729 3350 3797 3395; x_wconf 90' lang='lat' dir='ltr'>ac</span> 
     </span>
    </p>
   </div>
   <div class='ocr_carea' id='block_1_76' title="bbox 2091 3425 3803 3500">
    <p class='ocr_par' dir='ltr' id='par_1_76' title="bbox 2091 3425 3803 3500">
     <span class='ocr_line' id='line_1_76' title="bbox 2091 3425 3803 3500; baseline -0.002 -13"><span class='ocrx_word' id='word_1_487' title='bbox 2091 3428 2280 3487; x_wconf 85' lang='lat' dir='ltr'>zelum</span> <span class='ocrx_word' id='word_1_488' title='bbox 2318 3426 2687 3488; x_wconf 90' lang='lat' dir='ltr'>considerans</span> <span class='ocrx_word' id='word_1_489' title='bbox 2737 3428 3040 3488; x_wconf 76' lang='lat' dir='ltr'>lzetabatur</span> <span class='ocrx_word' id='word_1_490' title='bbox 3083 3433 3386 3485; x_wconf 89' lang='lat' dir='ltr'>strenuum</span> <span class='ocrx_word' id='word_1_491' title='bbox 3428 3441 3488 3484; x_wconf 90' lang='lat' dir='ltr'>se</span> <span class='ocrx_word' id='word_1_492' title='bbox 3519 3425 3803 3500; x_wconf 86' lang='lat' dir='ltr'>recepisse</span> 
     </span>
    </p>
   </div>
   <div class='ocr_carea' id='block_1_77' title="bbox 2091 3512 3800 3591">
    <p class='ocr_par' dir='ltr' id='par_1_77' title="bbox 2091 3512 3800 3591">
     <span class='ocr_line' id='line_1_77' title="bbox 2091 3512 3800 3591; baseline -0.002 -17"><span class='ocrx_word' id='word_1_493' title='bbox 2091 3515 2469 3591; x_wconf 89' lang='lat' dir='ltr'>discipulum,</span> <span class='ocrx_word' id='word_1_494' title='bbox 2522 3517 2617 3577; x_wconf 91' lang='lat' dir='ltr'>cui</span> <span class='ocrx_word' id='word_1_495' title='bbox 2660 3521 2778 3577; x_wconf 92' lang='lat' dir='ltr'>tuto</span> <span class='ocrx_word' id='word_1_496' title='bbox 2814 3516 3194 3576; x_wconf 88' lang='lat' dir='ltr'>committeret</span> <span class='ocrx_word' id='word_1_497' title='bbox 3232 3514 3417 3589; x_wconf 91' lang='lat' dir='ltr'>ipsius</span> <span class='ocrx_word' id='word_1_498' title='bbox 3466 3512 3645 3572; x_wconf 90' lang='lat' dir='ltr'>eremi</span> <span class='ocrx_word' id='word_1_499' title='bbox 3686 3528 3800 3585; x_wconf 87' lang='lat' dir='ltr'>gu-</span> 
     </span>
    </p>
   </div>
   <div class='ocr_carea' id='block_1_78' title="bbox 2092 3599 3798 3680">
    <p class='ocr_par' dir='ltr' id='par_1_78' title="bbox 2092 3599 3798 3680">
     <span class='ocr_line' id='line_1_78' title="bbox 2092 3599 3798 3680; baseline -0.004 -17"><span class='ocrx_word' id='word_1_500' title='bbox 2092 3605 2426 3665; x_wconf 88' lang='lat' dir='ltr'>bernacula.</span> <span class='ocrx_word' id='word_1_501' title='bbox 2469 3606 2784 3680; x_wconf 87' lang='lat' dir='ltr'>Assumpto</span> <span class='ocrx_word' id='word_1_502' title='bbox 2820 3602 3017 3680; x_wconf 90' lang='lat' dir='ltr'>itaque</span> <span class='ocrx_word' id='word_1_503' title='bbox 3053 3599 3473 3677; x_wconf 90' lang='lat' dir='ltr'>discipulorum</span> <span class='ocrx_word' id='word_1_504' title='bbox 3503 3600 3798 3670; x_wconf 84' lang='lat' dir='ltr'>consultu,</span> 
     </span>
    </p>
   </div>
   <div class='ocr_carea' id='block_1_79' title="bbox 2093 3685 3799 3771">
    <p class='ocr_par' dir='ltr' id='par_1_79' title="bbox 2093 3685 3799 3771">
     <span class='ocr_line' id='line_1_79' title="bbox 2093 3685 3799 3771; baseline -0.005 -17"><span class='ocrx_word' id='word_1_505' title='bbox 2093 3696 2275 3755; x_wconf 90' lang='lat' dir='ltr'>eremi</span> <span class='ocrx_word' id='word_1_506' title='bbox 2301 3697 2773 3771; x_wconf 86' lang='lat' dir='ltr'>procurationem</span> <span class='ocrx_word' id='word_1_507' title='bbox 2801 3695 2875 3766; x_wconf 90' lang='lat' dir='ltr'>ei,</span> <span class='ocrx_word' id='word_1_508' title='bbox 2906 3690 3039 3753; x_wconf 90' lang='lat' dir='ltr'>licet</span> <span class='ocrx_word' id='word_1_509' title='bbox 3077 3691 3388 3767; x_wconf 89' lang='lat' dir='ltr'>abneganti</span> <span class='ocrx_word' id='word_1_510' title='bbox 3419 3706 3485 3750; x_wconf 89' lang='lat' dir='ltr'>ac</span> <span class='ocrx_word' id='word_1_511' title='bbox 3509 3685 3799 3761; x_wconf 89' lang='lat' dir='ltr'>renuenti,</span> 
     </span>
    </p>
   </div>
   <div class='ocr_carea' id='block_1_80' title="bbox 2093 3779 3803 3861">
    <p class='ocr_par' dir='ltr' id='par_1_80' title="bbox 2093 3779 3803 3861">
     <span class='ocr_line' id='line_1_80' title="bbox 2093 3779 3803 3861; baseline -0.007 -15"><span class='ocrx_word' id='word_1_512' title='bbox 2093 3793 2221 3860; x_wconf 87' lang='lat' dir='ltr'>post</span> <span class='ocrx_word' id='word_1_513' title='bbox 2264 3803 2325 3844; x_wconf 92' lang='lat' dir='ltr'>se</span> <span class='ocrx_word' id='word_1_514' title='bbox 2364 3785 2794 3861; x_wconf 88' lang='lat' dir='ltr'>suscipiendam</span> <span class='ocrx_word' id='word_1_515' title='bbox 2832 3781 3148 3843; x_wconf 90' lang='lat' dir='ltr'>mandavit.</span> <span class='ocrx_word' id='word_1_516' title='bbox 3206 3782 3342 3842; x_wconf 87' lang='lat' dir='ltr'>Post</span> <span class='ocrx_word' id='word_1_517' title='bbox 3397 3779 3803 3855; x_wconf 86' lang='lat' dir='ltr'>migrationem</span> 
     </span>
    </p>
   </div>
   <div class='ocr_carea' id='block_1_81' title="bbox 2096 3866 3802 3949">
    <p class='ocr_par' dir='ltr' id='par_1_81' title="bbox 2096 3866 3802 3949">
     <span class='ocr_line' id='line_1_81' title="bbox 2096 3866 3802 3949; baseline -0.006 -14"><span class='ocrx_word' id='word_1_518' title='bbox 2096 3891 2232 3935; x_wconf 88' lang='lat' dir='ltr'>vero</span> <span class='ocrx_word' id='word_1_519' title='bbox 2295 3875 2577 3948; x_wconf 84' lang='lat' dir='ltr'>magistri,</span> <span class='ocrx_word' id='word_1_520' title='bbox 2636 3876 2895 3949; x_wconf 88' lang='lat' dir='ltr'>regimen</span> <span class='ocrx_word' id='word_1_521' title='bbox 2957 3872 3066 3933; x_wconf 90' lang='lat' dir='ltr'>loci</span> <span class='ocrx_word' id='word_1_522' title='bbox 3135 3868 3455 3947; x_wconf 81' lang='lat' dir='ltr'>suscipiens</span> <span class='ocrx_word' id='word_1_523' title='bbox 3502 3866 3626 3944; x_wconf 79' lang='lat' dir='ltr'>(2i),</span> <span class='ocrx_word' id='word_1_524' title='bbox 3687 3874 3802 3927; x_wconf 89' lang='lat' dir='ltr'>tam</span> 
     </span>
    </p>
   </div>
   <div class='ocr_carea' id='block_1_82' title="bbox 303 3954 3803 4041">
    <p class='ocr_par' dir='ltr' id='par_1_82' title="bbox 303 3954 3803 4041">
     <span class='ocr_line' id='line_1_82' title="bbox 303 3954 3803 4041; baseline -0.004 -13"><span class='ocrx_word' id='word_1_525' title='bbox 303 3984 416 4028; x_wconf 90' lang='lat' dir='ltr'>nus</span> <span class='ocrx_word' id='word_1_526' title='bbox 457 3969 732 4029; x_wconf 88' lang='lat' dir='ltr'>cbaritate</span> <span class='ocrx_word' id='word_1_527' title='bbox 788 3969 1031 4029; x_wconf 87' lang='lat' dir='ltr'>fratrum</span> <span class='ocrx_word' id='word_1_528' title='bbox 1084 3982 1217 4027; x_wconf 90' lang='lat' dir='ltr'>eum</span> <span class='ocrx_word' id='word_1_529' title='bbox 1257 3965 1330 4024; x_wconf 91' lang='lat' dir='ltr'>ad</span> <span class='ocrx_word' id='word_1_530' title='bbox 1372 3980 1545 4025; x_wconf 90' lang='lat' dir='ltr'>suum</span> <span class='ocrx_word' id='word_1_531' title='bbox 1595 3965 2016 4026; x_wconf 90' lang='lat' dir='ltr'>monasterium</span> <span class='ocrx_word' id='word_1_532' title='bbox 2097 3965 2384 4041; x_wconf 91' lang='lat' dir='ltr'>spirituali</span> <span class='ocrx_word' id='word_1_533' title='bbox 2413 3979 2589 4041; x_wconf 90' lang='lat' dir='ltr'>quam</span> <span class='ocrx_word' id='word_1_534' title='bbox 2626 3961 2925 4036; x_wconf 88' lang='lat' dir='ltr'>temporali</span> <span class='ocrx_word' id='word_1_535' title='bbox 2964 3962 3128 4021; x_wconf 91' lang='lat' dir='ltr'>cultu</span> <span class='ocrx_word' id='word_1_536' title='bbox 3163 3961 3317 4020; x_wconf 91' lang='lat' dir='ltr'>haud</span> <span class='ocrx_word' id='word_1_537' title='bbox 3350 3956 3571 4018; x_wconf 89' lang='lat' dir='ltr'>modice</span> <span class='ocrx_word' id='word_1_538' title='bbox 3595 3954 3803 4016; x_wconf 88' lang='lat' dir='ltr'>dilata-</span> 
     </span>
    </p>
   </div>
   <div class='ocr_carea' id='block_1_83' title="bbox 304 4051 2018 4131">
    <p class='ocr_par' dir='ltr' id='par_1_83' title="bbox 304 4051 2018 4131">
     <span class='ocr_line' id='line_1_83' title="bbox 304 4051 2018 4131; baseline -0.001 -14"><span class='ocrx_word' id='word_1_539' title='bbox 304 4058 635 4131; x_wconf 87' lang='lat' dir='ltr'>destinaret,</span> <span class='ocrx_word' id='word_1_540' title='bbox 684 4072 1003 4131; x_wconf 87' lang='lat' dir='ltr'>secumque</span> <span class='ocrx_word' id='word_1_541' title='bbox 1064 4052 1408 4130; x_wconf 89' lang='lat' dir='ltr'>aliquandiu</span> <span class='ocrx_word' id='word_1_542' title='bbox 1469 4051 1748 4113; x_wconf 88' lang='lat' dir='ltr'>remorari</span> <span class='ocrx_word' id='word_1_543' title='bbox 1792 4056 2018 4128; x_wconf 85' lang='lat' dir='ltr'>permit-</span> 
     </span>
    </p>
   </div>
   <div class='ocr_carea' id='block_1_84' title="bbox 2097 4044 3801 4130">
    <p class='ocr_par' dir='ltr' id='par_1_84' title="bbox 2097 4044 3801 4130">
     <span class='ocr_line' id='line_1_84' title="bbox 2097 4044 3801 4130; baseline -0.006 -15"><span class='ocrx_word' id='word_1_544' title='bbox 2097 4055 2183 4115; x_wconf 85' lang='lat' dir='ltr'>vit</span> <span class='ocrx_word' id='word_1_545' title='bbox 2213 4051 2336 4130; x_wconf 75' lang='lat'>(22).</span> <span class='ocrx_word' id='word_1_546' title='bbox 2368 4054 2440 4113; x_wconf 90' lang='lat' dir='ltr'>Et</span> <span class='ocrx_word' id='word_1_547' title='bbox 2468 4053 2608 4128; x_wconf 91' lang='lat' dir='ltr'>quia</span> <span class='ocrx_word' id='word_1_548' title='bbox 2646 4050 2848 4112; x_wconf 75' lang='lat' dir='ltr'>diVina</span> <span class='ocrx_word' id='word_1_549' title='bbox 2894 4050 3077 4127; x_wconf 85' lang='lat' dir='ltr'>gratia</span> <span class='ocrx_word' id='word_1_550' title='bbox 3115 4050 3187 4109; x_wconf 88' lang='lat' dir='ltr'>ad</span> <span class='ocrx_word' id='word_1_551' title='bbox 3215 4046 3548 4111; x_wconf 84' lang='lat' dir='ltr'>uberiorem</span> <span class='ocrx_word' id='word_1_552' title='bbox 3575 4044 3801 4107; x_wconf 88' lang='lat' dir='ltr'>anima-</span> 
     </span>
    </p>
   </div>
   <div class='ocr_carea' id='block_1_85' title="bbox 1463 4178 2650 4242">
    <p class='ocr_par' dir='ltr' id='par_1_85' title="bbox 1463 4178 2650 4242">
     <span class='ocr_line' id='line_1_85' title="bbox 1463 4178 2650 4242; baseline -0.003 -1"><span class='ocrx_word' id='word_1_553' title='bbox 1463 4179 1866 4241; x_wconf 82' lang='lat' dir='ltr'>GODEFRIDI</span> <span class='ocrx_word' id='word_1_554' title='bbox 1904 4178 2369 4242; x_wconf 85' lang='lat' dir='ltr'>HENSCHENII</span> <span class='ocrx_word' id='word_1_555' title='bbox 2407 4178 2650 4238; x_wconf 60' lang='lat' dir='ltr'>NOTfE:</span> 
     </span>
    </p>
   </div>
   <div class='ocr_carea' id='block_1_86' title="bbox 305 4278 1354 4333">
    <p class='ocr_par' dir='ltr' id='par_1_86' title="bbox 305 4278 1354 4333">
     <span class='ocr_line' id='line_1_86' title="bbox 305 4278 1354 4333; baseline -0.007 0"><span class='ocrx_word' id='word_1_556' title='bbox 305 4283 414 4333; x_wconf 82' lang='lat' dir='ltr'>Vita</span> <span class='ocrx_word' id='word_1_557' title='bbox 471 4282 519 4332; x_wconf 84' lang='lat'>8.</span> <span class='ocrx_word' id='word_1_558' title='bbox 596 4280 855 4333; x_wconf 88' lang='lat' dir='ltr'>Dominicl</span> <span class='ocrx_word' id='word_1_559' title='bbox 917 4279 1139 4332; x_wconf 80' lang='lat' dir='ltr'>Loricaii</span> <span class='ocrx_word' id='word_1_560' title='bbox 1218 4278 1291 4331; x_wconf 88' lang='lat' dir='ltr'>ait</span> <span class='ocrx_word' id='word_1_561' title='bbox 1343 4298 1354 4326; x_wconf 85' lang='lat'><strong>:</strong></span> 
     </span>
    </p>
   </div>
   <div class='ocr_carea' id='block_1_87' title="bbox 302 4339 2006 4413">
    <p class='ocr_par' dir='ltr' id='par_1_87' title="bbox 302 4339 2006 4413">
     <span class='ocr_line' id='line_1_87' title="bbox 302 4339 2006 4413; baseline -0.004 -16"><span class='ocrx_word' id='word_1_562' title='bbox 302 4344 781 4413; x_wconf 50' lang='lat' dir='ltr'>psalmosjiginu</span> <span class='ocrx_word' id='word_1_563' title='bbox 828 4356 932 4413; x_wconf 84' lang='lat' dir='ltr'>sex_</span> <span class='ocrx_word' id='word_1_564' title='bbox 986 4342 1222 4413; x_wconf 68' lang='lat' dir='ltr'>vicibus</span> <span class='ocrx_word' id='word_1_565' title='bbox 1256 4339 1357 4411; x_wconf 79' lang='lat' dir='ltr'>sub</span> <span class='ocrx_word' id='word_1_566' title='bbox 1428 4340 1579 4413; x_wconf 78' lang='lat' dir='ltr'>nullo</span> <span class='ocrx_word' id='word_1_567' title='bbox 1643 4352 1874 4413; x_wconf 80' lang='lat' dir='ltr'>prorsus</span> <span class='ocrx_word' id='word_1_568' title='bbox 1925 4342 2006 4413; x_wconf 82' lang='lat' dir='ltr'>in-</span> 
     </span>
    </p>
   </div>
   <div class='ocr_carea' id='block_1_88' title="bbox 305 4404 2004 4466">
    <p class='ocr_par' dir='ltr' id='par_1_88' title="bbox 305 4404 2004 4466">
     <span class='ocr_line' id='line_1_88' title="bbox 305 4404 2004 4466; baseline -0.002 -6"><span class='ocrx_word' id='word_1_569' title='bbox 305 4404 551 4466; x_wconf 74' lang='lat' dir='ltr'>tervallo,</span> <span class='ocrx_word' id='word_1_570' title='bbox 607 4404 705 4458; x_wconf 76' lang='lat' dir='ltr'>séd</span> <span class='ocrx_word' id='word_1_571' title='bbox 746 4418 851 4457; x_wconf 87' lang='lat' dir='ltr'>uno</span> <span class='ocrx_word' id='word_1_572' title='bbox 903 4404 1085 4462; x_wconf 85' lang='lat' dir='ltr'>ductu,</span> <span class='ocrx_word' id='word_1_573' title='bbox 1136 4404 1379 4456; x_wconf 74' lang='lat' dir='ltr'>extensis</span> <span class='ocrx_word' id='word_1_574' title='bbox 1429 4404 1487 4466; x_wconf 76' lang='lat' dir='ltr'>iu</span> <span class='ocrx_word' id='word_1_575' title='bbox 1549 4406 1767 4455; x_wconf 85' lang='lat' dir='ltr'>modum</span> <span class='ocrx_word' id='word_1_576' title='bbox 1823 4406 2004 4456; x_wconf 85' lang='lat' dir='ltr'>crucis</span> 
     </span>
    </p>
   </div>
   <div class='ocr_carea' id='block_1_89' title="bbox 302 4462 2002 4532">
    <p class='ocr_par' dir='ltr' id='par_1_89' title="bbox 302 4462 2002 4532">
     <span class='ocr_line' id='line_1_89' title="bbox 302 4462 2002 4532; baseline -0.002 -11"><span class='ocrx_word' id='word_1_577' title='bbox 302 4462 572 4532; x_wconf 81' lang='lat' dir='ltr'>brachiis,</span> <span class='ocrx_word' id='word_1_578' title='bbox 634 4469 873 4532; x_wconf 82' lang='lat' dir='ltr'>quotidie</span> <span class='ocrx_word' id='word_1_579' title='bbox 944 4466 1353 4532; x_wconf 32' lang='lat' dir='ltr'>dercantasse‘:</span> <span class='ocrx_word' id='word_1_580' title='bbox 1422 4462 2002 4532; x_wconf 26' lang='lat' dir='ltr'>aliumhjuvenculum</span> 
     </span>
    </p>
   </div>
   <div class='ocr_carea' id='block_1_90' title="bbox 303 4524 2002 4595">
    <p class='ocr_par' dir='ltr' id='par_1_90' title="bbox 303 4524 2002 4595">
     <span class='ocr_line' id='line_1_90' title="bbox 303 4524 2002 4595; baseline -0.001 -12"><span class='ocrx_word' id='word_1_581' title='bbox 303 4531 527 4595; x_wconf 87' lang='lat' dir='ltr'>fratrem</span> <span class='ocrx_word' id='word_1_582' title='bbox 558 4524 614 4582; x_wconf 76' lang='lat' dir='ltr'>&#39;a</span> <span class='ocrx_word' id='word_1_583' title='bbox 650 4524 841 4595; x_wconf 75' lang='lat' dir='ltr'>&#39;capite</span> <span class='ocrx_word' id='word_1_584' title='bbox 898 4541 1072 4595; x_wconf 81' lang='lat' dir='ltr'>usque</span> <span class='ocrx_word' id='word_1_585' title='bbox 1137 4529 1204 4581; x_wconf 88' lang='lat' dir='ltr'>ad</span> <span class='ocrx_word' id='word_1_586' title='bbox 1269 4524 1432 4595; x_wconf 76' lang='lat' dir='ltr'>tinem</span> <span class='ocrx_word' id='word_1_587' title='bbox 1479 4524 1741 4595; x_wconf 74' lang='lat' dir='ltr'>psalterii</span> <span class='ocrx_word' id='word_1_588' title='bbox 1774 4528 2002 4595; x_wconf 87' lang='lat' dir='ltr'>_elevata</span> 
     </span>
    </p>
   </div>
   <div class='ocr_carea' id='block_1_91' title="bbox 306 4588 1997 4657">
    <p class='ocr_par' dir='ltr' id='par_1_91' title="bbox 306 4588 1997 4657">
     <span class='ocr_line' id='line_1_91' title="bbox 306 4588 1997 4657; baseline -0.002 -11"><span class='ocrx_word' id='word_1_589' title='bbox 306 4594 524 4646; x_wconf 82' lang='lat' dir='ltr'>brachia</span> <span class='ocrx_word' id='word_1_590' title='bbox 568 4588 776 4655; x_wconf 81' lang='lat' dir='ltr'>tenere,</span> <span class='ocrx_word' id='word_1_591' title='bbox 811 4594 888 4657; x_wconf 82' lang='lat' dir='ltr'>ita</span> <span class='ocrx_word' id='word_1_592' title='bbox 927 4588 995 4641; x_wconf 81' lang='lat' dir='ltr'>ut</span> <span class='ocrx_word' id='word_1_593' title='bbox 1030 4591 1251 4657; x_wconf 82' lang='lat' dir='ltr'>Iaquear</span> <span class='ocrx_word' id='word_1_594' title='bbox 1291 4588 1586 4642; x_wconf 81' lang='lat' dir='ltr'>tabulatum</span> <span class='ocrx_word' id='word_1_595' title='bbox 1629 4588 1841 4642; x_wconf 80' lang='lat' dir='ltr'>cellulae</span> <span class='ocrx_word' id='word_1_596' title='bbox 1884 4600 1997 4642; x_wconf 88' lang='lat' dir='ltr'>ma-</span> 
     </span>
    </p>
   </div>
   <div class='ocr_carea' id='block_1_92' title="bbox 307 4656 972 4719">
    <p class='ocr_par' dir='ltr' id='par_1_92' title="bbox 307 4656 972 4719">
     <span class='ocr_line' id='line_1_92' title="bbox 307 4656 972 4719; baseline -0.008 -11"><span class='ocrx_word' id='word_1_597' title='bbox 307 4656 466 4708; x_wconf 88' lang='lat' dir='ltr'>nibus</span> <span class='ocrx_word' id='word_1_598' title='bbox 498 4667 645 4719; x_wconf 75' lang='lat' dir='ltr'>saepe</span> <span class='ocrx_word' id='word_1_599' title='bbox 680 4656 972 4719; x_wconf 81' lang='lat' dir='ltr'>contingat.</span> 
     </span>
    </p>
   </div>
   <div class='ocr_carea' id='block_1_93' title="bbox 370 4715 1995 4782">
    <p class='ocr_par' dir='ltr' id='par_1_93' title="bbox 370 4715 1995 4782">
     <span class='ocr_line' id='line_1_93' title="bbox 370 4715 1995 4782; baseline -0.001 -12"><span class='ocrx_word' id='word_1_600' title='bbox 370 4721 473 4782; x_wconf 83' lang='lat'>(15)</span> <span class='ocrx_word' id='word_1_601' title='bbox 529 4715 699 4770; x_wconf 66' lang='lat' dir='ltr'>Prout</span> <span class='ocrx_word' id='word_1_602' title='bbox 741 4715 930 4782; x_wconf 67' lang='lat' dir='ltr'>cuique</span> <span class='ocrx_word' id='word_1_603' title='bbox 983 4717 1170 4782; x_wconf 71' lang='lat' dir='ltr'>[ei-uer</span> <span class='ocrx_word' id='word_1_604' title='bbox 1212 4715 1490 4782; x_wconf 67' lang='lat' dir='ltr'>uirtusque</span> <span class='ocrx_word' id='word_1_605' title='bbox 1530 4717 1775 4782; x_wconf 68' lang='lat' dir='ltr'>inerant.</span> <span class='ocrx_word' id='word_1_606' title='bbox 1814 4718 1865 4769; x_wconf 90' lang='lat' dir='ltr'>B.</span> <span class='ocrx_word' id='word_1_607' title='bbox 1904 4718 1995 4769; x_wconf 87' lang='lat' dir='ltr'>Pe-</span> 
     </span>
    </p>
   </div>
   <div class='ocr_carea' id='block_1_94' title="bbox 306 4779 1998 4853">
    <p class='ocr_par' dir='ltr' id='par_1_94' title="bbox 306 4779 1998 4853">
     <span class='ocr_line' id='line_1_94' title="bbox 306 4779 1998 4853; baseline 0 -21"><span class='ocrx_word' id='word_1_608' title='bbox 306 4779 436 4853; x_wconf 41' lang='lat' dir='ltr'>trus.</span> <span class='ocrx_word' id='word_1_609' title='bbox 460 4779 653 4853; x_wconf 77' lang='lat' dir='ltr'>opusc.</span> <span class='ocrx_word' id='word_1_610' title='bbox 702 4781 769 4853; x_wconf 69' lang='grc' dir='ltr'>Δ15</span> <span class='ocrx_word' id='word_1_611' title='bbox 810 4779 925 4832; x_wconf 70' lang='lat' dir='ltr'>li&#39;tec</span> <span class='ocrx_word' id='word_1_612' title='bbox 952 4780 1132 4853; x_wconf 43' lang='lat' dir='ltr'>audit</span> <span class='ocrx_word' id='word_1_613' title='bbox 1173 4792 1188 4830; x_wconf 87' lang='lat'><strong>:</strong></span> <span class='ocrx_word' id='word_1_614' title='bbox 1224 4797 1277 4853; x_wconf 14' lang='grc' dir='ltr'>ῖς(</span> <span class='ocrx_word' id='word_1_615' title='bbox 1320 4779 1490 4853; x_wconf 72' lang='lat' dir='ltr'>Super</span> <span class='ocrx_word' id='word_1_616' title='bbox 1529 4779 1819 4853; x_wconf 52' lang='grc' dir='ltr'>ιῑιθςιιιὶαξιίξ⁵</span> <span class='ocrx_word' id='word_1_617' title='bbox 1848 4793 1998 4839; x_wconf 85' lang='lat' dir='ltr'>vero,</span> 
     </span>
    </p>
   </div>
   <div class='ocr_carea' id='block_1_95' title="bbox 307 4841 2000 4909">
    <p class='ocr_par' dir='ltr' id='par_1_95' title="bbox 307 4841 2000 4909">
     <span class='ocr_line' id='line_1_95' title="bbox 307 4841 2000 4909; baseline 0 -14"><span class='ocrx_word' id='word_1_618' title='bbox 307 4841 1145 4909; x_wconf 19' lang='lat' dir='ltr'>disqlplipis,_atqueApalipatis,</span> <span class='ocrx_word' id='word_1_619' title='bbox 1198 4842 1334 4909; x_wconf 77' lang='lat' dir='ltr'>sive</span> <span class='ocrx_word' id='word_1_620' title='bbox 1394 4841 1563 4893; x_wconf 73' lang='lat' dir='ltr'>etiam</span> <span class='ocrx_word' id='word_1_621' title='bbox 1617 4841 1852 4909; x_wconf 71' lang='lat' dir='ltr'>bracbils</span> <span class='ocrx_word' id='word_1_622' title='bbox 1910 4856 2000 4909; x_wconf 64' lang='lat' dir='ltr'>ex-</span> 
     </span>
    </p>
   </div>
   <div class='ocr_carea' id='block_1_96' title="bbox 305 4902 2000 4969">
    <p class='ocr_par' dir='ltr' id='par_1_96' title="bbox 305 4902 2000 4969">
     <span class='ocr_line' id='line_1_96' title="bbox 305 4902 2000 4969; baseline -0.001 -12"><span class='ocrx_word' id='word_1_623' title='bbox 305 4902 590 4959; x_wconf 75' lang='lat' dir='ltr'>tendendis</span> <span class='ocrx_word' id='word_1_624' title='bbox 622 4904 693 4969; x_wconf 84' lang='lat' dir='ltr'>in</span> <span class='ocrx_word' id='word_1_625' title='bbox 740 4902 1084 4969; x_wconf 45' lang='lat' dir='ltr'>forati&#39;onibus</span> <span class='ocrx_word' id='word_1_626' title='bbox 1132 4902 1469 4969; x_wconf 54' lang='lat' dir='ltr'>&#39;cteterisque</span> <span class='ocrx_word' id='word_1_627' title='bbox 1512 4904 1701 4969; x_wconf 74' lang='lat' dir='ltr'>sancti</span> <span class='ocrx_word' id='word_1_628' title='bbox 1764 4902 2000 4969; x_wconf 67' lang='lat' dir='ltr'>fervoris</span> 
     </span>
    </p>
   </div>
   <div class='ocr_carea' id='block_1_97' title="bbox 307 4965 1998 5035">
    <p class='ocr_par' dir='ltr' id='par_1_97' title="bbox 307 4965 1998 5035">
     <span class='ocr_line' id='line_1_97' title="bbox 307 4965 1998 5035; baseline -0.002 -14"><span class='ocrx_word' id='word_1_629' title='bbox 307 4966 627 5035; x_wconf 52' lang='lat' dir='ltr'>exercitiis,</span> <span class='ocrx_word' id='word_1_630' title='bbox 660 4967 806 5035; x_wconf 70' lang='lat' dir='ltr'>nulla</span> <span class='ocrx_word' id='word_1_631' title='bbox 865 4966 1085 5035; x_wconf 55' lang='lat' dir='ltr'>fratrem</span> <span class='ocrx_word' id='word_1_632' title='bbox 1113 4967 1269 5035; x_wconf 87' lang='lat' dir='ltr'>_lege</span> <span class='ocrx_word' id='word_1_633' title='bbox 1322 4965 1761 5035; x_wconf 69' lang='lat' dir='ltr'>constringimus.</span> <span class='ocrx_word' id='word_1_634' title='bbox 1815 4984 1849 5035; x_wconf 71' lang='lat'>)_)_</span> <span class='ocrx_word' id='word_1_635' title='bbox 1892 4965 1998 5018; x_wconf 84' lang='lat' dir='ltr'>Fla-</span> 
     </span>
    </p>
   </div>
   <div class='ocr_carea' id='block_1_98' title="bbox 306 5026 1999 5099">
    <p class='ocr_par' dir='ltr' id='par_1_98' title="bbox 306 5026 1999 5099">
     <span class='ocr_line' id='line_1_98' title="bbox 306 5026 1999 5099; baseline 0 -21"><span class='ocrx_word' id='word_1_636' title='bbox 306 5031 504 5099; x_wconf 74' lang='lat' dir='ltr'>1‘..ii_i_ius</span> <span class='ocrx_word' id='word_1_637' title='bbox 555 5032 629 5099; x_wconf 38' lang='lat' dir='ltr'>.in</span> <span class='ocrx_word' id='word_1_638' title='bbox 703 5029 813 5081; x_wconf 77' lang='lat' dir='ltr'>Vita</span> <span class='ocrx_word' id='word_1_639' title='bbox 875 5027 926 5099; x_wconf 56' lang='grc' dir='ltr'>Βτ</span> <span class='ocrx_word' id='word_1_640' title='bbox 963 5030 1126 5099; x_wconf 43' lang='lat' dir='ltr'>“Petri</span> <span class='ocrx_word' id='word_1_641' title='bbox 1202 5026 1338 5092; x_wconf 61' lang='lat' dir='ltr'>pag.</span> <span class='ocrx_word' id='word_1_642' title='bbox 1565 5026 1646 5079; x_wconf 69' lang='lat' dir='ltr'>Sic</span> <span class='ocrx_word' id='word_1_643' title='bbox 1707 5029 1999 5099; x_wconf 49' lang='lat' dir='ltr'>egpllgat:</span> 
     </span>
    </p>
   </div>
   <div class='ocr_carea' id='block_1_99' title="bbox 308 5088 2000 5153">
    <p class='ocr_par' dir='ltr' id='par_1_99' title="bbox 308 5088 2000 5153">
     <span class='ocr_line' id='line_1_99' title="bbox 308 5088 2000 5153; baseline 0.001 -16"><span class='ocrx_word' id='word_1_644' title='bbox 308 5110 335 5137; x_wconf 72' lang='grc' dir='ltr'>ι(</span> <span class='ocrx_word' id='word_1_645' title='bbox 386 5092 599 5153; x_wconf 65' lang='lat' dir='ltr'>(laeteris</span> <span class='ocrx_word' id='word_1_646' title='bbox 656 5103 788 5143; x_wconf 85' lang='lat' dir='ltr'>vero</span> <span class='ocrx_word' id='word_1_647' title='bbox 844 5088 1229 5153; x_wconf 75' lang='lat' dir='ltr'>spiritualibus&#39;</span> <span class='ocrx_word' id='word_1_648' title='bbox 1273 5088 1584 5153; x_wconf 69' lang='lat' dir='ltr'>exercitiis,</span> <span class='ocrx_word' id='word_1_649' title='bbox 1646 5088 2000 5153; x_wconf 77' lang='lat' dir='ltr'>verberibus,</span> 
     </span>
    </p>
   </div>
   <div class='ocr_carea' id='block_1_100' title="bbox 305 5152 2000 5217">
    <p class='ocr_par' dir='ltr' id='par_1_100' title="bbox 305 5152 2000 5217">
     <span class='ocr_line' id='line_1_100' title="bbox 305 5152 2000 5217; baseline -0.002 -12"><span class='ocrx_word' id='word_1_650' title='bbox 305 5152 815 5217; x_wconf 76' lang='lat' dir='ltr'>genuflexionibus,</span> <span class='ocrx_word' id='word_1_651' title='bbox 875 5152 928 5203; x_wconf 83' lang='lat' dir='ltr'>et</span> <span class='ocrx_word' id='word_1_652' title='bbox 981 5153 1207 5216; x_wconf 80' lang='lat' dir='ltr'>prolixis</span> <span class='ocrx_word' id='word_1_653' title='bbox 1260 5152 1507 5217; x_wconf 85' lang='lat' dir='ltr'>ulnarum</span> <span class='ocrx_word' id='word_1_654' title='bbox 1554 5154 1615 5217; x_wconf 63' lang='lat' dir='ltr'>iii</span> <span class='ocrx_word' id='word_1_655' title='bbox 1659 5152 1839 5202; x_wconf 88' lang='lat' dir='ltr'>crucis</span> <span class='ocrx_word' id='word_1_656' title='bbox 1887 5163 2000 5202; x_wconf 87' lang='lat' dir='ltr'>mo-</span> 
     </span>
    </p>
   </div>
   <div class='ocr_carea' id='block_1_101' title="bbox 305 5210 2007 5278">
    <p class='ocr_par' dir='ltr' id='par_1_101' title="bbox 305 5210 2007 5278">
     <span class='ocr_line' id='line_1_101' title="bbox 305 5210 2007 5278; baseline -0.002 -10"><span class='ocrx_word' id='word_1_657' title='bbox 305 5210 434 5268; x_wconf 78' lang='lat' dir='ltr'>dum</span> <span class='ocrx_word' id='word_1_658' title='bbox 487 5210 932 5278; x_wconf 72' lang='lat' dir='ltr'>extensionibus,</span> <span class='ocrx_word' id='word_1_659' title='bbox 982 5210 995 5216; x_wconf 82' lang='grc'><strong>’</strong></span> <span class='ocrx_word' id='word_1_660' title='bbox 1024 5220 1182 5278; x_wconf 83' lang='lat' dir='ltr'>prout</span> <span class='ocrx_word' id='word_1_661' title='bbox 1252 5215 1516 5277; x_wconf 86' lang='lat' dir='ltr'>cujusque</span> <span class='ocrx_word' id='word_1_662' title='bbox 1591 5210 1775 5263; x_wconf 82' lang='lat' dir='ltr'>fervor</span> <span class='ocrx_word' id='word_1_663' title='bbox 1849 5218 2007 5275; x_wconf 81' lang='lat' dir='ltr'>erat,</span> 
     </span>
    </p>
   </div>
   <div class='ocr_carea' id='block_1_102' title="bbox 313 5275 1453 5344">
    <p class='ocr_par' dir='ltr' id='par_1_102' title="bbox 313 5275 1453 5344">
     <span class='ocr_line' id='line_1_102' title="bbox 313 5275 1453 5344; baseline 0.008 -17"><span class='ocrx_word' id='word_1_664' title='bbox 313 5275 930 5344; x_wconf 66' lang='lat' dir='ltr'>virtusqpe,_vacabant.</span> <span class='ocrx_word' id='word_1_665' title='bbox 962 5296 989 5323; x_wconf 71' lang='grc' dir='ltr'><strong>η</strong></span> <span class='ocrx_word' id='word_1_666' title='bbox 1024 5275 1039 5278; x_wconf 79' lang='grc'><strong><em>“</em></strong></span> <span class='ocrx_word' id='word_1_667' title='bbox 1151 5339 1164 5344; x_wconf 94' lang='lat'><strong>_</strong></span> <span class='ocrx_word' id='word_1_668' title='bbox 1226 5342 1234 5344; x_wconf 98' lang='lat'><em>_</em></span> <span class='ocrx_word' id='word_1_669' title='bbox 1430 5275 1453 5344; x_wconf 27' lang='grc' dir='ltr'>ί,</span> 
     </span>
    </p>
   </div>
   <div class='ocr_carea' id='block_1_103' title="bbox 372 5333 2004 5409">
    <p class='ocr_par' dir='ltr' id='par_1_103' title="bbox 372 5333 2004 5409">
     <span class='ocr_line' id='line_1_103' title="bbox 372 5333 2004 5409; baseline 0 -18"><span class='ocrx_word' id='word_1_670' title='bbox 372 5333 638 5409; x_wconf 71' lang='lat' dir='ltr'>(1_6)&#39;Post</span> <span class='ocrx_word' id='word_1_671' title='bbox 693 5339 947 5409; x_wconf 67' lang='lat' dir='ltr'>synaxim</span> <span class='ocrx_word' id='word_1_672' title='bbox 1001 5339 1257 5409; x_wconf 59' lang='lat' dir='ltr'>restgbat.</span> <span class='ocrx_word' id='word_1_673' title='bbox 1286 5335 1379 5409; x_wconf 37' lang='lat' dir='ltr'>.lta</span> <span class='ocrx_word' id='word_1_674' title='bbox 1440 5333 1580 5387; x_wconf 79' lang='lat' dir='ltr'>intra</span> <span class='ocrx_word' id='word_1_675' title='bbox 1610 5337 1851 5409; x_wconf 46' lang='lat' dir='ltr'>sumis</span> <span class='ocrx_word' id='word_1_676' title='bbox 1906 5350 2004 5401; x_wconf 84' lang='lat' dir='ltr'>pro</span> 
     </span>
    </p>
   </div>
   <div class='ocr_carea' id='block_1_104' title="bbox 305 5401 1782 5462">
    <p class='ocr_par' dir='ltr' id='par_1_104' title="bbox 305 5401 1782 5462">
     <span class='ocr_line' id='line_1_104' title="bbox 305 5401 1782 5462; baseline -0.002 -8"><span class='ocrx_word' id='word_1_677' title='bbox 305 5401 587 5459; x_wconf 83' lang='lat' dir='ltr'>nocturno,</span> <span class='ocrx_word' id='word_1_678' title='bbox 614 5401 1036 5454; x_wconf 72' lang='lat' dir='ltr'>seu&#39;matutinali</span> <span class='ocrx_word' id='word_1_679' title='bbox 1067 5401 1261 5462; x_wconf 79' lang='lat' dir='ltr'>cilicio,</span> <span class='ocrx_word' id='word_1_680' title='bbox 1286 5401 1478 5462; x_wconf 77' lang='lat' dir='ltr'>iterum</span> <span class='ocrx_word' id='word_1_681' title='bbox 1506 5404 1782 5462; x_wconf 78' lang='lat' dir='ltr'>accipitur.</span> 
     </span>
    </p>
   </div>
   <div class='ocr_carea' id='block_1_105' title="bbox 368 5460 2005 5529">
    <p class='ocr_par' dir='ltr' id='par_1_105' title="bbox 368 5460 2005 5529">
     <span class='ocr_line' id='line_1_105' title="bbox 368 5460 2005 5529; baseline -0.001 -14"><span class='ocrx_word' id='word_1_682' title='bbox 368 5464 494 5529; x_wconf 18' lang='lat'>(17),</span> <span class='ocrx_word' id='word_1_683' title='bbox 525 5463 718 5515; x_wconf 79' lang='lat' dir='ltr'>Paucis</span> <span class='ocrx_word' id='word_1_684' title='bbox 781 5463 888 5515; x_wconf 71' lang='lat' dir='ltr'>illi:</span> <span class='ocrx_word' id='word_1_685' title='bbox 958 5460 1270 5529; x_wconf 2' lang='lat' dir='ltr'>fratribus.)</span> <span class='ocrx_word' id='word_1_686' title='bbox 1324 5460 1637 5513; x_wconf 63' lang='lat' dir='ltr'>Monacbos&#39;</span> <span class='ocrx_word' id='word_1_687' title='bbox 1684 5460 2005 5529; x_wconf 77' lang='lat' dir='ltr'>plerumque</span> 
     </span>
    </p>
   </div>
   <div class='ocr_carea' id='block_1_106' title="bbox 304 5524 2002 5654">
    <p class='ocr_par' dir='ltr' id='par_1_106' title="bbox 304 5524 2002 5654">
     <span class='ocr_line' id='line_1_106' title="bbox 304 5524 2002 5654; baseline -0.001 -76"><span class='ocrx_word' id='word_1_688' title='bbox 304 5524 1180 5654; x_wconf 45' lang='lat' dir='ltr'>spslggmrﬁlig‘ihsmdegissc,</span> <span class='ocrx_word' id='word_1_689' title='bbox 1223 5526 1278 5577; x_wconf 82' lang='lat' dir='ltr'>at</span> <span class='ocrx_word' id='word_1_690' title='bbox 1330 5534 1453 5575; x_wconf 88' lang='lat' dir='ltr'>cum</span> <span class='ocrx_word' id='word_1_691' title='bbox 1493 5524 1773 5577; x_wconf 75' lang='lat' dir='ltr'>conversis</span> <span class='ocrx_word' id='word_1_692' title='bbox 1820 5529 1874 5578; x_wconf 90' lang='lat' dir='ltr'>et</span> <span class='ocrx_word' id='word_1_693' title='bbox 1914 5524 2002 5579; x_wconf 69' lang='grc' dir='ltr'>ἰιι-</span> 
     </span>
    </p>
   </div>
   <div class='ocr_carea' id='block_1_107' title="bbox 1416 4272 3807 4349">
    <p class='ocr_par' dir='ltr' id='par_1_107' title="bbox 1416 4272 3807 4349">
     <span class='ocr_line' id='line_1_107' title="bbox 1416 4272 3807 4349; baseline 0 -25"><span class='ocrx_word' id='word_1_694' title='bbox 1416 4297 1443 4324; x_wconf 78' lang='grc' dir='ltr'>α</span> <span class='ocrx_word' id='word_1_695' title='bbox 1493 4276 1645 4349; x_wconf 80' lang='lat' dir='ltr'>I_I_unc</span> <span class='ocrx_word' id='word_1_696' title='bbox 1715 4278 1999 4349; x_wconf 75' lang='lat' dir='ltr'>duodecim</span> <span class='ocrx_word' id='word_1_697' title='bbox 2024 4276 2074 4342; x_wconf 82' lang='lat' dir='ltr'>D</span> <span class='ocrx_word' id='word_1_698' title='bbox 2163 4279 2279 4349; x_wconf 62' lang='lat'>(18)</span> <span class='ocrx_word' id='word_1_699' title='bbox 2325 4275 2477 4349; x_wconf 56' lang='lat' dir='ltr'>W549</span> <span class='ocrx_word' id='word_1_700' title='bbox 2536 4275 2875 4349; x_wconf 62' lang='lat' dir='ltr'>venerabilis.</span> <span class='ocrx_word' id='word_1_701' title='bbox 2932 4276 2990 4349; x_wconf 69' lang='grc' dir='ltr'>β.</span> <span class='ocrx_word' id='word_1_702' title='bbox 3045 4275 3220 4349; x_wconf 81' lang='lat' dir='ltr'>Wido,</span> <span class='ocrx_word' id='word_1_703' title='bbox 3280 4272 3685 4349; x_wconf 31' lang='lat' dir='ltr'>sivelnquidph</span> <span class='ocrx_word' id='word_1_704' title='bbox 3701 4283 3807 4349; x_wconf 66' lang='lat' dir='ltr'>cg-</span> 
     </span>
    </p>
   </div>
   <div class='ocr_carea' id='block_1_108' title="bbox 2101 4335 3806 4403">
    <p class='ocr_par' dir='ltr' id='par_1_108' title="bbox 2101 4335 3806 4403">
     <span class='ocr_line' id='line_1_108' title="bbox 2101 4335 3806 4403; baseline -0.006 -8"><span class='ocrx_word' id='word_1_705' title='bbox 2101 4335 2359 4403; x_wconf 76' lang='lat' dir='ltr'>gnomine</span> <span class='ocrx_word' id='word_1_706' title='bbox 2409 4338 2764 4399; x_wconf 73' lang='lat' dir='ltr'>Stambiatus,</span> <span class='ocrx_word' id='word_1_707' title='bbox 2808 4341 3055 4403; x_wconf 78' lang='lat' dir='ltr'>mortuus</span> <span class='ocrx_word' id='word_1_708' title='bbox 3093 4340 3186 4403; x_wconf 73' lang='lat' dir='ltr'>est</span> <span class='ocrx_word' id='word_1_709' title='bbox 3206 4335 3375 4403; x_wconf 79' lang='lat' dir='ltr'>anno</span> <span class='ocrx_word' id='word_1_710' title='bbox 3402 4335 3538 4395; x_wconf 64' lang='lat'>1046,</span> <span class='ocrx_word' id='word_1_711' title='bbox 3584 4335 3617 4385; x_wconf 73' lang='lat'><strong>2</strong></span> <span class='ocrx_word' id='word_1_712' title='bbox 3663 4335 3806 4403; x_wconf 61' lang='lat' dir='ltr'>Apr;</span> 
     </span>
    </p>
   </div>
   <div class='ocr_carea' id='block_1_109' title="bbox 2100 4398 3810 4518">
    <p class='ocr_par' dir='ltr' id='par_1_109' title="bbox 2100 4398 3810 4518">
     <span class='ocr_line' id='line_1_109' title="bbox 2100 4398 3810 4518; baseline -0.002 -3"><span class='ocrx_word' id='word_1_713' title='bbox 2100 4398 2384 4518; x_wconf 50' lang='lat' dir='ltr'>ira</span> <span class='ocrx_word' id='word_1_714' title='bbox 2413 4403 2760 4518; x_wconf 60' lang='lat' dir='ltr'>risere</span> <span class='ocrx_word' id='word_1_715' title='bbox 2799 4398 3455 4518; x_wconf 53' lang='lat' dir='ltr'>emersissent</span> <span class='ocrx_word' id='word_1_716' title='bbox 3486 4398 3810 4513; x_wconf 59' lang='lat' dir='ltr'>etiam</span> 
     </span>
    </p>
   </div>
   <div class='ocr_carea' id='block_1_110' title="bbox 2101 4459 3683 4532">
    <p class='ocr_par' dir='ltr' id='par_1_110' title="bbox 2101 4459 3683 4532">
     <span class='ocr_line' id='line_1_110' title="bbox 2101 4459 3683 4532; baseline -0.003 -17"><span class='ocrx_word' id='word_1_717' title='bbox 2101 4459 2267 4532; x_wconf 67' lang='lat' dir='ltr'>spirae</span> <span class='ocrx_word' id='word_1_718' title='bbox 2309 4459 2657 4532; x_wconf 54' lang='lat' dir='ltr'>adﬁhenpm</span> <span class='ocrx_word' id='word_1_719' title='bbox 2692 4467 2748 4516; x_wconf 90' lang='lat' dir='ltr'>in</span> <span class='ocrx_word' id='word_1_720' title='bbox 2787 4464 3000 4532; x_wconf 85' lang='lat' dir='ltr'>_templo</span> <span class='ocrx_word' id='word_1_721' title='bbox 3034 4459 3331 4532; x_wconf 61' lang='lat' dir='ltr'>cathedra“</span> <span class='ocrx_word' id='word_1_722' title='bbox 3359 4459 3465 4532; x_wconf 41' lang='lat' dir='ltr'>&#39;illi‘</span> <span class='ocrx_word' id='word_1_723' title='bbox 3486 4459 3683 4532; x_wconf 71' lang='lat' dir='ltr'>dicato.</span> 
     </span>
    </p>
   </div>
   <div class='ocr_carea' id='block_1_111' title="bbox 2160 4518 3807 4593">
    <p class='ocr_par' dir='ltr' id='par_1_111' title="bbox 2160 4518 3807 4593">
     <span class='ocr_line' id='line_1_111' title="bbox 2160 4518 3807 4593; baseline -0.003 -15"><span class='ocrx_word' id='word_1_724' title='bbox 2160 4528 2264 4593; x_wconf 86' lang='lat'>(19)</span> <span class='ocrx_word' id='word_1_725' title='bbox 2306 4524 2518 4593; x_wconf 69' lang='lat' dir='ltr'>_Al_:bas__</span> <span class='ocrx_word' id='word_1_726' title='bbox 2548 4518 2956 4593; x_wconf 59' lang='lat' dir='ltr'>Pomposianus.</span> <span class='ocrx_word' id='word_1_727' title='bbox 3005 4544 3033 4573; x_wconf 76' lang='grc' dir='ltr'>α</span> <span class='ocrx_word' id='word_1_728' title='bbox 3097 4525 3418 4593; x_wconf 85' lang='lat' dir='ltr'>Pomposa,_</span> <span class='ocrx_word' id='word_1_729' title='bbox 3445 4522 3624 4593; x_wconf 79' lang='lat' dir='ltr'>inquit</span> <span class='ocrx_word' id='word_1_730' title='bbox 3672 4518 3807 4593; x_wconf 52' lang='lat' dir='ltr'>ﬁer-</span> 
     </span>
    </p>
   </div>
   <div class='ocr_carea' id='block_1_112' title="bbox 2100 4580 3808 4703">
    <p class='ocr_par' dir='ltr' id='par_1_112' title="bbox 2100 4580 3808 4703">
     <span class='ocr_line' id='line_1_112' title="bbox 2100 4580 3808 4703; baseline -0.005 -61"><span class='ocrx_word' id='word_1_731' title='bbox 2100 4580 2322 4664; x_wconf 25' lang='lat' dir='ltr'>rara&#39;ad</span> <span class='ocrx_word' id='word_1_732' title='bbox 2362 4591 2419 4643; x_wconf 90' lang='lat' dir='ltr'>3i</span> <span class='ocrx_word' id='word_1_733' title='bbox 2476 4591 2644 4663; x_wconf 66' lang='lat' dir='ltr'>Mart,</span> <span class='ocrx_word' id='word_1_734' title='bbox 2684 4580 2783 4642; x_wconf 71' lang='lat' dir='ltr'>&#39;est</span> <span class='ocrx_word' id='word_1_735' title='bbox 2840 4600 3016 4703; x_wconf 54' lang='lat' dir='ltr'>pagus</span> <span class='ocrx_word' id='word_1_736' title='bbox 3070 4596 3195 4640; x_wconf 90' lang='lat' dir='ltr'>cum</span> <span class='ocrx_word' id='word_1_737' title='bbox 3223 4580 3492 4639; x_wconf 74' lang='lat' dir='ltr'>&#39;cmnbbio</span> <span class='ocrx_word' id='word_1_738' title='bbox 3528 4580 3583 4638; x_wconf 77' lang='lat' dir='ltr'>et</span> <span class='ocrx_word' id='word_1_739' title='bbox 3636 4580 3808 4635; x_wconf 68' lang='lat' dir='ltr'>abba-</span> 
     </span>
     <span class='ocr_line' id='line_1_113' title="bbox 2100 4646 3806 4703; baseline -0.003 0"><span class='ocrx_word' id='word_1_740' title='bbox 2100 4656 2172 4703; x_wconf 79' lang='lat' dir='ltr'>tia</span> <span class='ocrx_word' id='word_1_741' title='bbox 2221 4654 2423 4703; x_wconf 67' lang='lat' dir='ltr'>insigni</span> <span class='ocrx_word' id='word_1_742' title='bbox 2474 4664 2530 4703; x_wconf 82' lang='lat' dir='ltr'>in</span> <span class='ocrx_word' id='word_1_743' title='bbox 2584 4652 2857 4703; x_wconf 85' lang='lat' dir='ltr'>territorio</span> <span class='ocrx_word' id='word_1_744' title='bbox 2950 4652 3241 4703; x_wconf 80' lang='lat' dir='ltr'>avennate.</span> <span class='ocrx_word' id='word_1_745' title='bbox 3304 4651 3447 4700; x_wconf 87' lang='lat' dir='ltr'>inter</span> <span class='ocrx_word' id='word_1_746' title='bbox 3499 4646 3806 4700; x_wconf 70' lang='lat' dir='ltr'>Ravennam</span> 
     </span>
    </p>
   </div>
   <div class='ocr_carea' id='block_1_113' title="bbox 2097 4646 3806 4724">
    <p class='ocr_par' dir='ltr' id='par_1_113' title="bbox 2097 4646 3806 4724">
     <span class='ocr_line' id='line_1_114' title="bbox 2097 4646 3806 4724; baseline -0.005 -20"><span class='ocrx_word' id='word_1_747' title='bbox 2097 4656 2172 4724; x_wconf 77' lang='lat' dir='ltr'>ita</span> <span class='ocrx_word' id='word_1_748' title='bbox 2221 4654 2423 4724; x_wconf 73' lang='lat' dir='ltr'>insigni</span> <span class='ocrx_word' id='word_1_749' title='bbox 2474 4655 2530 4704; x_wconf 89' lang='lat' dir='ltr'>in</span> <span class='ocrx_word' id='word_1_750' title='bbox 2566 4646 2859 4724; x_wconf 74' lang='lat' dir='ltr'>_tér_rltorid</span> <span class='ocrx_word' id='word_1_751' title='bbox 2909 4646 3259 4724; x_wconf 52' lang='lat' dir='ltr'>itavepnate,</span> <span class='ocrx_word' id='word_1_752' title='bbox 3304 4651 3447 4724; x_wconf 76' lang='lat' dir='ltr'>inter</span> <span class='ocrx_word' id='word_1_753' title='bbox 3481 4646 3806 4724; x_wconf 34' lang='lat' dir='ltr'>litavenn&#39;a‘m</span> 
     </span>
    </p>
   </div>
   <div class='ocr_carea' id='block_1_114' title="bbox 2099 4708 3762 4785">
    <p class='ocr_par' dir='ltr' id='par_1_114' title="bbox 2099 4708 3762 4785">
     <span class='ocr_line' id='line_1_115' title="bbox 2099 4708 3762 4785; baseline -0.005 -18"><span class='ocrx_word' id='word_1_754' title='bbox 2099 4721 2152 4767; x_wconf 89' lang='lat' dir='ltr'>et</span> <span class='ocrx_word' id='word_1_755' title='bbox 2215 4708 2462 4785; x_wconf 58' lang='lat' dir='ltr'>stiriam,</span> <span class='ocrx_word' id='word_1_756' title='bbox 2526 4714 2597 4785; x_wconf 63' lang='lat' dir='ltr'>ab</span> <span class='ocrx_word' id='word_1_757' title='bbox 2668 4717 2786 4785; x_wconf 74' lang='lat' dir='ltr'>ipsa</span> <span class='ocrx_word' id='word_1_758' title='bbox 2834 4712 2993 4785; x_wconf 37' lang='lat' dir='ltr'>‘urbe</span> <span class='ocrx_word' id='word_1_759' title='bbox 3052 4708 3416 4785; x_wconf 50' lang='lat' dir='ltr'>Ravepnanad</span> <span class='ocrx_word' id='word_1_760' title='bbox 3456 4710 3536 4785; x_wconf 16' lang='lat'>715</span> <span class='ocrx_word' id='word_1_761' title='bbox 3566 4708 3762 4785; x_wconf 90' lang='lat' dir='ltr'>P.</span> 
     </span>
    </p>
   </div>
   <div class='ocr_carea' id='block_1_115' title="bbox 2098 4747 3806 4899">
    <p class='ocr_par' dir='ltr' id='par_1_115' title="bbox 2098 4747 3806 4899">
     <span class='ocr_line' id='line_1_116' title="bbox 2098 4747 3806 4849; baseline -0.005 -20"><span class='ocrx_word' id='word_1_762' title='bbox 2098 4747 2423 4848; x_wconf 59' lang='grc' dir='ltr'>ἷιῖιοῖἼὲἶῖ</span> <span class='ocrx_word' id='word_1_763' title='bbox 2446 4753 2481 4830; x_wconf 68' lang='grc' dir='ltr'>ξι</span> <span class='ocrx_word' id='word_1_764' title='bbox 2522 4747 2786 4849; x_wconf 52' lang='lat' dir='ltr'>sanitas&quot;</span> <span class='ocrx_word' id='word_1_765' title='bbox 2820 4747 3806 4843; x_wconf 52' lang='lat' dir='ltr'>satias.“2:”§.““r‘éimi&#39;egistis</span> 
     </span>
     <span class='ocr_line' id='line_1_117' title="bbox 2098 4831 3803 4899; baseline -0.004 -8"><span class='ocrx_word' id='word_1_766' title='bbox 2098 4839 2191 4891; x_wconf 84' lang='lat' dir='ltr'>lib.</span> <span class='ocrx_word' id='word_1_767' title='bbox 2240 4852 2295 4892; x_wconf 79' lang='lat' dir='ltr'>vr</span> <span class='ocrx_word' id='word_1_768' title='bbox 2318 4878 2331 4899; x_wconf 89' lang='lat'>,</span> <span class='ocrx_word' id='word_1_769' title='bbox 2387 4857 2415 4886; x_wconf 79' lang='grc' dir='ltr'><strong>α</strong></span> <span class='ocrx_word' id='word_1_770' title='bbox 2469 4839 2629 4893; x_wconf 84' lang='lat' dir='ltr'>mittit</span> <span class='ocrx_word' id='word_1_771' title='bbox 2687 4838 2890 4890; x_wconf 90' lang='lat' dir='ltr'>donum</span> <span class='ocrx_word' id='word_1_772' title='bbox 2947 4836 3340 4899; x_wconf 20' lang='lat' dir='ltr'>Pomposianis,</span> <span class='ocrx_word' id='word_1_773' title='bbox 3373 4831 3690 4899; x_wconf 76' lang='lat' dir='ltr'>monachis,</span> <span class='ocrx_word' id='word_1_774' title='bbox 3747 4835 3803 4885; x_wconf 91' lang='lat' dir='ltr'>et</span> 
     </span>
    </p>
   </div>
   <div class='ocr_carea' id='block_1_116' title="bbox 2100 4878 3803 5014">
    <p class='ocr_par' dir='ltr' id='par_1_116' title="bbox 2100 4878 3803 5014">
     <span class='ocr_line' id='line_1_118' title="bbox 2100 4878 3803 4973; baseline -0.004 -19"><span class='ocrx_word' id='word_1_775' title='bbox 2100 4878 2228 4973; x_wconf 57' lang='lat' dir='ltr'>sagi.</span> <span class='ocrx_word' id='word_1_776' title='bbox 2251 4878 2352 4973; x_wconf 61' lang='lat' dir='ltr'>at</span> <span class='ocrx_word' id='word_1_777' title='bbox 2387 4878 2629 4966; x_wconf 57' lang='lat' dir='ltr'>arma</span> <span class='ocrx_word' id='word_1_778' title='bbox 2660 4878 2922 4954; x_wconf 60' lang='lat' dir='ltr'>rasa.</span> <span class='ocrx_word' id='word_1_779' title='bbox 2947 4878 3654 4967; x_wconf 47' lang='lat' dir='ltr'>praegressae—sa:</span> <span class='ocrx_word' id='word_1_780' title='bbox 3674 4878 3803 4959; x_wconf 70' lang='grc' dir='ltr'>ἰ)ἷό</span> 
     </span>
     <span class='ocr_line' id='line_1_119' title="bbox 2100 4957 3803 5014; baseline -0.002 0"><span class='ocrx_word' id='word_1_781' title='bbox 2100 4975 2216 5014; x_wconf 83' lang='lat' dir='ltr'>suis</span> <span class='ocrx_word' id='word_1_782' title='bbox 2253 4964 2471 5014; x_wconf 83' lang='lat' dir='ltr'>iaciunt.</span> <span class='ocrx_word' id='word_1_783' title='bbox 2505 4980 2532 5007; x_wconf 83' lang='lat'><strong>»</strong></span> <span class='ocrx_word' id='word_1_784' title='bbox 2588 4960 2770 5014; x_wconf 88' lang='lat' dir='ltr'>Idem.</span> <span class='ocrx_word' id='word_1_785' title='bbox 2818 4972 3005 5014; x_wconf 86' lang='lat' dir='ltr'>onusc.</span> <span class='ocrx_word' id='word_1_786' title='bbox 3051 4960 3106 5011; x_wconf 87' lang='lat'>13</span> <span class='ocrx_word' id='word_1_787' title='bbox 3132 5000 3145 5014; x_wconf 93' lang='lat'>.</span> <span class='ocrx_word' id='word_1_788' title='bbox 3196 4961 3268 5013; x_wconf 88' lang='lat' dir='ltr'>De</span> <span class='ocrx_word' id='word_1_789' title='bbox 3312 4957 3646 5014; x_wconf 81' lang='lat' dir='ltr'>perfectione</span> <span class='ocrx_word' id='word_1_790' title='bbox 3693 4968 3803 5010; x_wconf 89' lang='lat' dir='ltr'>mo-</span> 
     </span>
    </p>
   </div>
   <div class='ocr_carea' id='block_1_117' title="bbox 2100 4970 3802 5094">
    <p class='ocr_par' dir='ltr' id='par_1_117' title="bbox 2100 4970 3802 5094">
     <span class='ocr_line' id='line_1_120' title="bbox 2100 4970 3802 5025; baseline -0.003 -10"><span class='ocrx_word' id='word_1_791' title='bbox 2100 4970 2216 5015; x_wconf 87' lang='lat' dir='ltr'>suis</span> <span class='ocrx_word' id='word_1_792' title='bbox 2253 4970 2471 5017; x_wconf 81' lang='lat' dir='ltr'>iaciunt.</span> <span class='ocrx_word' id='word_1_793' title='bbox 2505 4980 2532 5007; x_wconf 84' lang='lat'><strong>»</strong></span> <span class='ocrx_word' id='word_1_794' title='bbox 2588 4970 2770 5023; x_wconf 83' lang='lat' dir='ltr'>idem,</span> <span class='ocrx_word' id='word_1_795' title='bbox 2818 4972 3005 5025; x_wconf 88' lang='lat' dir='ltr'>opusc.</span> <span class='ocrx_word' id='word_1_796' title='bbox 3051 4970 3106 5011; x_wconf 77' lang='lat'>13</span> <span class='ocrx_word' id='word_1_797' title='bbox 3132 5000 3145 5021; x_wconf 85' lang='lat'>,</span> <span class='ocrx_word' id='word_1_798' title='bbox 3196 4970 3268 5013; x_wconf 86' lang='lat' dir='ltr'>ue</span> <span class='ocrx_word' id='word_1_799' title='bbox 3312 4970 3646 5024; x_wconf 84' lang='lat' dir='ltr'>pertecnone</span> <span class='ocrx_word' id='word_1_800' title='bbox 3693 4970 3802 5010; x_wconf 91' lang='lat' dir='ltr'>mo-</span> 
     </span>
     <span class='ocr_line' id='line_1_121' title="bbox 2102 5020 3802 5094; baseline -0.002 -18"><span class='ocrx_word' id='word_1_801' title='bbox 2102 5024 2417 5094; x_wconf 83' lang='lat' dir='ltr'>nachorum,</span> <span class='ocrx_word' id='word_1_802' title='bbox 2454 5024 2764 5094; x_wconf 70' lang='lat' dir='ltr'>inscripsit:</span> <span class='ocrx_word' id='word_1_803' title='bbox 2803 5022 2924 5077; x_wconf 91' lang='lat'>0....</span> <span class='ocrx_word' id='word_1_804' title='bbox 2959 5020 3143 5076; x_wconf 83' lang='lat' dir='ltr'>abbati</span> <span class='ocrx_word' id='word_1_805' title='bbox 3180 5021 3547 5087; x_wconf 67' lang='lat' dir='ltr'>Pomponiano,</span> <span class='ocrx_word' id='word_1_806' title='bbox 3582 5021 3802 5085; x_wconf 74' lang='lat' dir='ltr'>ejusque</span> 
     </span>
    </p>
   </div>
   <div class='ocr_carea' id='block_1_118' title="bbox 2101 5089 2638 5139">
    <p class='ocr_par' dir='ltr' id='par_1_118' title="bbox 2101 5089 2638 5139">
     <span class='ocr_line' id='line_1_122' title="bbox 2101 5089 2638 5139; baseline -0.006 -1"><span class='ocrx_word' id='word_1_807' title='bbox 2101 5093 2286 5139; x_wconf 76' lang='lat' dir='ltr'>sancto</span> <span class='ocrx_word' id='word_1_808' title='bbox 2331 5089 2638 5139; x_wconf 66' lang='lat' dir='ltr'>concentui.</span> 
     </span>
    </p>
   </div>
   <div class='ocr_carea' id='block_1_119' title="bbox 2156 5146 3803 5220">
    <p class='ocr_par' dir='ltr' id='par_1_119' title="bbox 2156 5146 3803 5220">
     <span class='ocr_line' id='line_1_123' title="bbox 2156 5146 3803 5220; baseline 0 0"><span class='ocrx_word' id='word_1_809' title='bbox 2156 5149 2260 5220; x_wconf 66' lang='lat'>(20)</span> <span class='ocrx_word' id='word_1_810' title='bbox 2296 5150 2382 5220; x_wconf 63' lang='lat' dir='ltr'>Ibi</span> <span class='ocrx_word' id='word_1_811' title='bbox 2416 5160 2621 5220; x_wconf 60' lang='grc' dir='ltr'>συρρυεε</span> <span class='ocrx_word' id='word_1_812' title='bbox 2666 5146 2994 5220; x_wconf 64' lang='lat' dir='ltr'>aliquandiu</span> <span class='ocrx_word' id='word_1_813' title='bbox 3031 5147 3803 5220; x_wconf 61' lang='grc' dir='ltr'>σοηιηιοταιιιειηῃεςιαξαιιξηι</span> 
     </span>
    </p>
   </div>
   <div class='ocr_carea' id='block_1_120' title="bbox 2100 5204 3802 5283">
    <p class='ocr_par' dir='ltr' id='par_1_120' title="bbox 2100 5204 3802 5283">
     <span class='ocr_line' id='line_1_124' title="bbox 2100 5204 3802 5283; baseline -0.002 -22"><span class='ocrx_word' id='word_1_814' title='bbox 2100 5204 2299 5283; x_wconf 63' lang='lat' dir='ltr'>segnis,</span> <span class='ocrx_word' id='word_1_815' title='bbox 2336 5204 2857 5283; x_wconf 12' lang='lat' dir='ltr'>eiclrltiidemutjmc</span> <span class='ocrx_word' id='word_1_816' title='bbox 2898 5222 3041 5283; x_wconf 38' lang='lat' dir='ltr'>eum.</span> <span class='ocrx_word' id='word_1_817' title='bbox 3067 5210 3353 5283; x_wconf 76' lang='lat' dir='ltr'>scripsisse</span> <span class='ocrx_word' id='word_1_818' title='bbox 3396 5204 3556 5257; x_wconf 79' lang='lat' dir='ltr'>Vitam</span> <span class='ocrx_word' id='word_1_819' title='bbox 3603 5204 3662 5255; x_wconf 70' lang='grc' dir='ltr'><em>δῖ</em></span> <span class='ocrx_word' id='word_1_820' title='bbox 3710 5204 3802 5258; x_wconf 73' lang='lat' dir='ltr'>Ro~</span> 
     </span>
    </p>
   </div>
   <div class='ocr_carea' id='block_1_121' title="bbox 2101 5273 3805 5401">
    <p class='ocr_par' dir='ltr' id='par_1_121' title="bbox 2101 5273 3805 5401">
     <span class='ocr_line' id='line_1_125' title="bbox 2101 5273 3245 5337; baseline -0.002 -14"><span class='ocrx_word' id='word_1_821' title='bbox 2101 5273 2304 5325; x_wconf 77' lang='lat' dir='ltr'>mualdi</span> <span class='ocrx_word' id='word_1_822' title='bbox 2334 5275 2481 5325; x_wconf 76' lang='lat' dir='ltr'>circa</span> <span class='ocrx_word' id='word_1_823' title='bbox 2512 5284 2603 5327; x_wconf 71' lang='lat' dir='ltr'>an.</span> <span class='ocrx_word' id='word_1_824' title='bbox 2642 5273 2762 5324; x_wconf 67' lang='lat' dir='ltr'>10t0</span> <span class='ocrx_word' id='word_1_825' title='bbox 2791 5282 2959 5337; x_wconf 78' lang='lat' dir='ltr'>supra</span> <span class='ocrx_word' id='word_1_826' title='bbox 2990 5273 3245 5325; x_wconf 79' lang='lat' dir='ltr'>diximus.</span> 
     </span>
     <span class='ocr_line' id='line_1_126' title="bbox 2163 5331 3805 5401; baseline -0.004 -13"><span class='ocrx_word' id='word_1_827' title='bbox 2163 5334 2266 5401; x_wconf 78' lang='lat'>(‘21)</span> <span class='ocrx_word' id='word_1_828' title='bbox 2302 5334 2548 5399; x_wconf 77' lang='lat' dir='ltr'>Regimen</span> <span class='ocrx_word' id='word_1_829' title='bbox 2578 5333 2684 5387; x_wconf 76' lang='lat' dir='ltr'>ioci</span> <span class='ocrx_word' id='word_1_830' title='bbox 2710 5335 3022 5400; x_wconf 74' lang='lat' dir='ltr'>suscipiam.</span> <span class='ocrx_word' id='word_1_831' title='bbox 3075 5337 3207 5386; x_wconf 74' lang='lat' dir='ltr'>Ante</span> <span class='ocrx_word' id='word_1_832' title='bbox 3240 5342 3443 5384; x_wconf 79' lang='lat' dir='ltr'>annum</span> <span class='ocrx_word' id='word_1_833' title='bbox 3478 5331 3601 5383; x_wconf 68' lang='grc'>1044</span> <span class='ocrx_word' id='word_1_834' title='bbox 3635 5340 3805 5394; x_wconf 70' lang='lat' dir='ltr'>supra</span> 
     </span>
    </p>
   </div>
   <div class='ocr_carea' id='block_1_122' title="bbox 2102 5399 3805 5534">
    <p class='ocr_par' dir='ltr' id='par_1_122' title="bbox 2102 5399 3805 5534">
     <span class='ocr_line' id='line_1_127' title="bbox 2102 5399 3805 5534; baseline -0.001 1"><span class='ocrx_word' id='word_1_835' title='bbox 2102 5399 2490 5534; x_wconf 53' lang='grc' dir='ltr'>ωὸἓῖωῗῖᾁμα</span> <span class='ocrx_word' id='word_1_836' title='bbox 2832 5456 3126 5534; x_wconf 57' lang='grc' dir='ltr'>αέιᾳέανίξκ</span> <span class='ocrx_word' id='word_1_837' title='bbox 3141 5455 3341 5534; x_wconf 48' lang='grc' dir='ltr'>ἕρπει.</span> <span class='ocrx_word' id='word_1_838' title='bbox 3376 5455 3727 5534; x_wconf 50' lang='lat' dir='ltr'>germano.</span> <span class='ocrx_word' id='word_1_839' title='bbox 3743 5466 3805 5534; x_wconf 64' lang='grc' dir='ltr'>,ιε</span> 
     </span>
    </p>
   </div>
   <div class='ocr_carea' id='block_1_123' title="bbox 2104 5518 3804 5641">
    <p class='ocr_par' dir='ltr' id='par_1_123' title="bbox 2104 5518 3804 5641">
     <span class='ocr_line' id='line_1_128' title="bbox 2104 5518 3804 5641; baseline -0.006 -63"><span class='ocrx_word' id='word_1_840' title='bbox 2104 5518 2467 5641; x_wconf 43' lang='grc' dir='ltr'>ξὲὲῗὲἓᾶἓᾶἒ</span> <span class='ocrx_word' id='word_1_841' title='bbox 2487 5522 2725 5590; x_wconf 77' lang='lat' dir='ltr'>explicat</span> <span class='ocrx_word' id='word_1_842' title='bbox 2758 5522 2810 5574; x_wconf 88' lang='lat' dir='ltr'>B.</span> <span class='ocrx_word' id='word_1_843' title='bbox 2855 5521 3038 5575; x_wconf 86' lang='lat' dir='ltr'>Petrus</span> <span class='ocrx_word' id='word_1_844' title='bbox 3065 5530 3252 5584; x_wconf 87' lang='lat' dir='ltr'>opusc.</span> <span class='ocrx_word' id='word_1_845' title='bbox 3295 5519 3372 5582; x_wconf 71' lang='lat' dir='ltr'>it,</span> <span class='ocrx_word' id='word_1_846' title='bbox 3403 5518 3480 5572; x_wconf 89' lang='lat' dir='ltr'>uti</span> <span class='ocrx_word' id='word_1_847' title='bbox 3508 5529 3671 5585; x_wconf 82' lang='lat' dir='ltr'>supra</span> <span class='ocrx_word' id='word_1_848' title='bbox 3698 5528 3804 5569; x_wconf 87' lang='lat' dir='ltr'>nos</span> 
     </span>
    </p>
   </div>
  </div>
