4106 6204
308 287 408 348 125

1230 285 1803 347 PROLEGOMENA.
1846 315 1912 329 -—
1953 282 2134 344 VITA
2175 284 2235 343 ὃ.
2278 282 2499 344 PETRI
2538 282 2885 343 DAMIANI.

3713 286 3813 344 126

303 427 439 473 rum
485 410 740 470 fructum
785 408 914 483 ejus
956 414 1216 468 mentem
1262 384 1653 482 succenderet,
1693 409 1867 484 coepit
1903 407 2017 468 alia
2041 406 2204 481 Aqui
2255 421 2316 465 se
2355 406 2449 466 vel
2482 407 2625 482 ipsis
2656 406 3014 479 interfuisse,
3063 406 3159 466 vel
3204 405 3277 464 ab
3333 407 3424 465 his
3471 410 3571 481 qui
3627 409 3808 467 inter-

300 504 425 563 loca
463 498 822 576 perquirere,
865 499 967 557 ubi
1007 498 1079 557 ad
1120 499 1493 559 serviendum
1524 499 1640 557 Deo
1678 513 2023 572 congregare
2105 493 2356 567 fuerant,
2381 496 2685 570 accepisse,
2719 494 2821 555 seu
2853 496 3027 555 etiam
3050 494 3154 569 qui
3177 510 3311 568 erga
3342 498 3493 569 se:ea
3525 513 3656 571 quae
3686 512 3809 557 me-

302 593 725 654 monachorum
768 590 992 665 copiam
1031 597 1241 664 posset.
1283 588 1351 647 In
1396 588 1790 647 tiamarinensi
1830 589 2023 662 itaque

301 678 542 743 dicacesi
570 680 671 753 (23)
698 685 905 754 aptum
936 681 1251 754 quemdam
1276 678 1347 737 ad
1381 679 1761 738 eremitarum
1796 677 2019 737 habita-

302 773 437 833 cula
466 771 686 841 locum,
703 769 878 843 juxta
905 782 1073 830 suam
1095 769 1351 829 vicinam
1378 784 1600 841 rupem,
1630 769 1894 828 curiosus
1924 769 2017 826 in-

302 861 543 934 dagator
564 858 834 929 invenit;
874 857 1075 932 ibique
1102 856 1465 932 congregatis
1492 857 1788 929 fratribus,
1828 863 2016 916 orato-

304 950 392 1010 rio
413 948 660 1009 fundato
687 948 1068 1023 ordinataque
1090 948 1302 1024 priore,
1332 948 1443 1007 sub
1467 963 1583 1023 quo
1606 948 1878 1008 famulari
1901 950 2018 1008 Deo

302 1039 600 1107 deberent,
648 1050 883 1096 rursum
936 1036 1010 1096 ad
1065 1037 1261 1097 locum
1307 1036 1491 1095 alium
1542 1036 2016 1110 investigandum

304 1128 601 1203 processit.
636 1126 907 1186 Pervenit
932 1126 1111 1201 igitur
1131 1127 1207 1185 ad
1231 1132 1487 1186 montem
1509 1127 1782 1202 Pregium
1812 1128 1914 1201 (24)
1955 1128 2018 1186 in

305 1217 596 1278 territorio
624 1217 927 1290 Perusino,
958 1215 1158 1290 ibique
1195 1215 1309 1275 alia
1340 1216 1714 1276 eremitarum
1752 1217 2018 1277 fundavit

306 1306 657 1378 habitacula,
688 1305 791 1366 ubi
828 1304 1095 1366 videlicet
1123 1304 1398 1365 cellulam
1428 1306 1739 1381 quamdam
1770 1306 2016 1380 invenit,

303 1399 365 1457 in
401 1413 521 1474 qua
543 1396 607 1455 B.
650 1394 1048 1456 Romuaidum
1085 1394 1382 1469 quondam
1415 1396 1697 1455 mansisse
1735 1396 2012 1455 ferebant.

303 1487 431 1559 Quo
459 1486 638 1561 igitur
673 1485 737 1545 in
776 1485 925 1559 loco,
962 1482 1094 1543 aliis
1130 1483 1332 1544 locatis
1371 1484 1674 1558 fratribus,
1712 1485 1784 1545 ad
1830 1485 2016 1545 alium

303 1595 514 1640 rursus
551 1575 904 1651 demigrans,
932 1575 997 1635 in
1024 1574 1300 1635 comitatu
1338 1575 1659 1635 Faventino
1696 1591 2019 1649 congruum

300 1670 519 1743 reperit
557 1668 769 1738 locum,
810 1666 913 1740 qui
946 1669 1320 1740 nuncupatur
1360 1664 1714 1725 Gamonium
1752 1664 1875 1739 (25),
1916 1666 2018 1725 ubi

2104 586 2408 646 morabant
2433 594 2590 661 gesta
2612 588 2793 647 fuisse
2820 587 3110 647 dicebant.

2743 695 2986 755 CAPUT
3012 696 3164 755 VIII.

2242 781 2398 835 Beati
2429 781 2539 833 υἱνί
2567 780 2777 834 meritis
2806 794 2953 847 aqua
2983 779 3063 832 bis
3094 780 3147 832 in
3178 780 3366 833 vinum
3394 781 3663 834 mutatur.

2170 875 2425 946 Quadam
2460 874 2638 948 igitur
2665 876 2759 933 die
2793 878 2945 949 apud
2980 877 3291 949 prtel‘atum
3324 876 3676 933 Gamonium
3708 873 3808 948 (28)

2100 976 2234 1024 cum
2263 964 2326 1023 in
2358 964 2500 1024 cella
2536 965 2890 1035 consisteret,
2942 966 3124 1037 fratri,
3175 965 3278 1040 qui
3320 963 3372 1022 ei
3418 963 3803 1034 ministrabat,

2100 1071 2176 1114 ex
2220 1056 2377 1114 fonte
2402 1055 2513 1113 sibi
2538 1060 2743 1129 potum
2775 1056 2981 1113 aii‘erre
3028 1053 3235 1130 jussit;
3288 1053 3389 1130 qui
3438 1052 3628 1114 statim
3675 1071 3809 1128 per-

2100 1162 2261 1221 gens,
2332 1148 2577 1207 festiuus
2644 1147 2879 1221 jussum
2932 1147 3255 1221 complevit.
3318 1146 3479 1216 Quod
3537 1145 3809 1219 magistro

2099 1240 2370 1310 gustante
2408 1236 2615 1296 vinum
2654 1251 2779 1294 esse
2822 1235 3291 1308 deprehenditur.
3351 1235 3654 1308 Increpare
3698 1235 3808 1292 ita-

2101 1342 2214 1401 que
2243 1324 2599 1401 discipulum
2632 1326 2800 1399 empit
2830 1325 2981 1399 quod
3013 1341 3115 1399 pro
3147 1340 3296 1399 aqua
3328 1324 3440 1383 sibi
3472 1323 3681 1383 vinum
3714 1328 3807 1383 tu-

2104 1414 2279 1474 lisset.
2328 1414 2422 1474 Illi
2464 1431 2601 1474 vero
2644 1415 2922 1474 asserenti
2963 1414 3226 1473 hausisse
3266 1430 3324 1471 se
3358 1430 3431 1473 ex
3462 1414 3619 1472 fonte
3651 1413 3807 1487 quod

2101 1503 2411 1575 obtulerat,
2443 1504 2715 1563 eumdem
2745 1512 2947 1577 potum
2976 1504 3249 1577 magister
3276 1503 3553 1575 porrexit,
3591 1502 3805 1577 jubens

2101 1593 2383 1667 gustando
2423 1593 2609 1668 ipsam
2652 1594 2903 1668 experiri
2934 1609 3047 1668 quo
3084 1593 3315 1663 valeret,
3348 1609 3408 1651 se
3442 1598 3600 1671 teste,
3635 1592 3811 1650 fallax

2101 1682 2390 1743 convinci.
2432 1682 2538 1743 Cui
2583 1681 2855 1757 gustanti,
2897 1682 3029 1742 licet
3063 1683 3267 1741 vinum
3314 1682 3614 1757 sapuisset,
3657 1684 3809 1757 quod

300 1758 644 1847 Ρτωρῖξτδίίδ
679 1753 1349 1847 habitaculidaliospeo
1388 1755 1766 1847 mmmam?”
1805 1756 2077 1847 θοηειίῗΒ
2103 1780 2242 1847 erat,
2285 1753 2672 1833 nihilominus
2704 1753 2915 1845 tamen,
2954 1776 3021 1832 ut
3061 1773 3209 1832 bene
3249 1773 3358 1832 sibi
3378 1753 3807 1846 conscius,vpo‘

305 1848 438 1908 tuit.
473 1845 585 1907 Sed
632 1851 688 1905 et
720 1843 989 1904 vicinum
1021 1843 1163 1903 huic
1210 1841 1339 1902 loco
1378 1843 1817 1914 monasterium,
1866 1846 2019 1919 quod

302 1939 545 1995 Acereta
576 1933 791 1994 dicitur
828 1934 963 2009 (26),
1006 1933 1367 2004 construxit;
1409 1934 1658 1992 alterum
1695 1949 1927 2009 quoque
1956 1933 2018 1992 in

303 2024 671 2086 Ariminensi
718 2023 1001 2083 territorio
1040 2021 1103 2082 iu
1144 2022 1272 2083 loco
1301 2024 1408 2099 qui
1433 2022 1805 2084 Murciauum
1832 2026 2019 2084 nomi-

305 2120 483 2176 natur
529 2114 659 2187 (27).
708 2111 1131 2188 Hujuscemodi
1158 2117 1357 2172 autem
1392 2112 1602 2172 studiis
1635 2115 1886 2176 assiduis
1917 2130 2018 2173 va-

304 2220 438 2263 care
479 2203 786 2278 gaudebat,
836 2218 955 2262 non
1003 2217 1138 2276 qum
1192 2217 1298 2260 sua
1332 2208 1545 2274 essent,
1590 2203 1690 2262 sed
1724 2219 1858 2279 quae
1882 2204 2021 2264 Jesu

304 2292 524 2351 Christi
564 2291 870 2368 requirens
911 2291 1134 2365 (Philip.
1179 2292 1262 2362 η).
1311 2289 1488 2349 Porro
1539 2305 1879 2366 quanquam
1930 2290 2023 2351 his

304 2381 580 2457 gerendis
626 2381 888 2455 prudens
928 2379 1034 2439 Dei
1087 2393 1290 2439 servus
1337 2378 1595 2453 instaret,
1648 2386 1837 2440 tamen
1881 2381 2022 2440 dile-

305 2479 467 2531 ctum
492 2478 707 2532 sanctae
735 2471 925 2530 crucis
954 2469 1154 2529 Fontis
1182 2467 1455 2528 Avellani
1497 2469 1712 2542 locum,
1755 2477 1811 2529 et
1845 2471 2021 2530 colle-

306 2563 497 2636 gium,
527 2564 684 2639 quod
715 2563 839 2637 ipse
873 2576 998 2636 prae
1024 2561 1301 2621 omnibus
1332 2566 1608 2635 tanquam
1645 2562 1886 2621 unicum
1928 2561 2017 2619 di-

306 2653 552 2727 ligebat,
636 2651 860 2724 crebro,
941 2660 1293 2726 quocunque
1379 2649 1707 2723 diverteret,
1787 2650 2020 2709 visitare

305 2742 569 2803 curabat.
603 2741 985 2818 Nequaquam
1032 2754 1171 2799 sane
1214 2740 1452 2799 illorum
1482 2739 1747 2799 oblivisci
1778 2744 2015 2813 poterat,

302 2846 443 2892 cum
466 2831 684 2908 quibus
721 2846 754 2887 a
796 2842 923 2890 sum
951 2828 1353 2889 conversionis
1381 2828 1621 2888 exordio
1645 2835 2018 2889 conversatus

305 2922 513 2993 fuerat,
544 2932 849 2997 quousque
870 2919 1135 2994 jussioue
1161 2919 1425 2993 magistri
1449 2918 1562 2978 sibi
1590 2919 2018 2979 commendatos

302 3026 429 3071 esse
458 3011 764 3071 recolebat.
794 3010 1144 3085 Quanquam
1172 3026 1280 3070 nec
1315 3014 1574 3083 caeteros,
1604 3022 1751 3085 quos
1783 3022 1887 3085 per
1925 3010 2014 3069 di-

306 3114 469 3161 versa
508 3102 630 3161 loca
660 3101 981 3176 discipulos
1008 3105 1445 3175 aggregaverat,
1474 3116 1579 3161 sua
1605 3100 1784 3161 ditius
1814 3099 2016 3161 visita-

306 3194 459 3253 tione
475 3206 671 3252 carere
688 3192 937 3267 patiens,
963 3192 1133 3251 modo
1149 3192 1247 3252 sui
1269 3192 1599 3266 prmsentia,
1621 3191 1792 3251 modo
1817 3191 2021 3266 episto-

303 3281 396 3355 lis,
432 3281 604 3342 modo
626 3280 931 3357 dirigenda
953 3280 1157 3356 aliquo
1180 3276 1577 3355 spiritualium
1601 3281 2020 3355 discipulorum

302 3372 413 3431 sibi
437 3372 814 3443 merentium,
836 3386 1041 3432 omnes
1067 3378 1306 3445 paterna
1331 3366 1729 3432 sollicitudine
1746 3371 2021 3445 congruis

303 3464 537 3526 vicibus
582 3465 881 3523 inviseret.
932 3463 1100 3523 Hanc
1143 3463 1362 3538 quippe
1406 3462 1859 3524 sollicitudinem
1904 3479 2020 3523 non

303 3553 501 3614 solum
529 3553 799 3628 propriis,
826 3564 973 3627 quos
999 3551 1123 3625 ipse
1156 3551 1518 3624 fundaverat,
1547 3554 1646 3612 sed
1674 3559 1731 3612 et
1755 3551 2022 3627 pluribus

307 3642 451 3703 locis
476 3642 608 3702 aliis
638 3646 752 3702 tam
784 3642 1183 3702 coenobiorum
1215 3659 1396 3718 quam
1420 3643 1853 3717 canonicarum,
1892 3650 2021 3702 tan-

304 3748 487 3808 quam
532 3734 865 3792 communis
923 3748 1130 3808 parens
1171 3734 1517 3793 cunctorum
1558 3748 1676 3792 non
1725 3733 2023 3793 desinebat

303 3822 632 3897 impertire,
682 3829 855 3896 prout
904 3823 1156 3899 quisque
1207 3822 1514 3881 videbatur
1565 3829 1855 3898 expetere.
1910 3823 2021 3883 Sed

302 3910 399 3969 his
424 3910 735 3984 paululum
762 3912 1131 3983 intermissis,
1174 3910 1296 3985 jam
1333 3911 1405 3971 de
1442 3910 1564 3971 illis
1592 3912 1790 3988 aliqua
1816 3911 2020 3987 loqua—

301 4012 464 4071 mur,
493 4012 630 4075 quas
658 3998 944 4061 Dominus
974 4017 1078 4075 per
1101 4010 1240 4060 eum
1278 4001 1485 4061 fecisse
1510 4001 1741 4061 dicitur.
1772 4002 1840 4060 In
1870 4014 2015 4076 quo-

304 4100 441 4148 rum
480 4105 623 4148 sane
661 4090 963 4159 relatione,
1006 4089 1123 4149 Deo
1165 4090 1504 4163 opitulante,
1550 4090 1870 4165 quidquam
1913 4092 2031 4151 im--

301 4176 551 4236 miscere
612 4176 899 4237 mendacii
957 4178 1119 4237 velut
1156 4193 1234 4237 ex
1273 4179 1504 4252 praprio
1550 4194 1788 4252 prorsus
1838 4182 2019 4241 vitare

298 4265 542 4338 curabo,
596 4260 836 4326 illorum
897 4267 1267 4327 traditionem
1317 4267 1566 4327 fideliter
1621 4272 2014 4345 exsequendo,

2104 1868 2228 1924 tum
2266 1863 2439 1923 illum
2475 1881 2549 1923 ex
2591 1865 2747 1923 fonte
2773 1879 2833 1922 se
2864 1862 3128 1923 hausisse
3155 1862 3498 1922 affirmabat.
3546 1862 3813 1935 Cumque

2101 1953 2192 2012 illi
2232 1953 2372 2011 fides
2401 1969 2774 2029 nequaquam
2802 1953 3057 2023 daretur,
3087 1952 3240 2011 alius
3270 1953 3343 2010 ad
3382 1953 3654 2012 eumdem
3682 1952 3811 2009 fon-

2104 2050 2218 2103 tem
2246 2043 2421 2103 frater
2441 2042 2731 2118 dirigitur,
2756 2043 2923 2117 cujus
2950 2060 3203 2117 gressus,
3236 2060 3310 2101 ne
3330 2043 3528 2102 fallere
3549 2041 3814 2100 similiter

2102 2138 2313 2207 posset,
2361 2131 2654 2191 observari
2707 2131 3062 2206 praecipitur.
3114 2131 3227 2201 Qui
3281 2147 3437 2204 ergo,
3490 2146 3564 2189 ex
3614 2130 3813 2189 eodem

2104 2220 2263 2280 fonte
2320 2236 2459 2279 mox
2511 2220 2679 2296 pleno
2756 2219 2986 2278 vasculo
3049 2218 3343 2290 hauriens,
3419 2218 3676 2277 concitus
3733 2233 3817 2275 re-

2102 2308 2245 2382 diit;
2290 2314 2514 2384 potum,
2554 2325 2732 2383 quem
2770 2309 3058 2379 hauserat,
3102 2312 3373 2381 magistro
3411 2306 3663 2366 tradidit.
3701 2304 3812 2365 Ve-

2102 2415 2234 2459 rum
2276 2399 2417 2459 dum
2475 2397 2568 2457 hic
2611 2412 2841 2472 quoque
2883 2402 3130 2471 potatur,
3190 2397 3465 2471 Optimam
3514 2413 3636 2455 esse
3690 2395 3813 2454 vini

2102 2493 2350 2568 speciem
2394 2507 2562 2566 teque
2607 2504 2743 2548 vere
2780 2489 3075 2562 probatur.
3130 2486 3356 2547 Fratres
3398 2504 3648 2563 quoque,
3709 2488 3813 2562 qui

2100 2597 2236 2641 cum
2272 2598 2338 2640 eo
2369 2585 2552 2653 erant,
2600 2593 2675 2638 ex
2715 2578 2917 2638 eodem
2954 2582 3250 2653 gustantes
3294 2579 3617 2653 vinumque
3663 2579 3809 2653 opti-

2103 2686 2266 2730 mum
2307 2669 2744 2744 comperientes,
2796 2668 2982 2726 Deum
3029 2684 3151 2742 prae
3191 2667 3403 2741 gaudio
3442 2667 3815 2727 eoilaudave-

2100 2764 2238 2819 runt
2258 2775 2483 2821 omnes.
2508 2758 2735 2829 Quibus
2758 2756 2958 2817 Petrus
2984 2754 3141 2816 illico
3165 2761 3484 2830 prostratus
3506 2755 3813 2830 supplicat,

2101 2855 2219 2914 imo
2262 2853 2370 2913 sub
2408 2851 2733 2912 obedientia
2778 2849 3071 2909 interdicit
3117 2865 3184 2908 ac
3220 2848 3455 2907 mandat
3504 2853 3815 2922 quatenus,

2100 2959 2161 3002 se
2198 2943 2259 3001 in
2300 2956 2472 2999 carne
2510 2939 2772 3013 degente,
2818 2937 2969 2997 nulli
3008 2952 3245 3012 prorsus
3274 2934 3612 2997 mortalium
3659 2937 3813 3011 quod

2099 3030 2315 3090 factum
2353 3034 2631 3089 noverant
2669 3026 2944 3102 pandant.
2992 3025 3118 3096 Quo
3164 3027 3380 3086 factum
3428 3032 3511 3084 est
3551 3026 3703 3101 quod
3743 3024 3814 3082 ad

2038 3124 2359 3204 cnostram
2401 3116 2668 3204 notitiam
2696 3113 2753 3172 id
2795 3120 2926 3204 ante
2955 3113 3138 3187 ipsius
3172 3115 3394 3204 obitum
3442 3128 3815 3204 nequaquam

2100 3205 2406 3285 pervenire
2448 3201 2734 3279 potuerit;
2779 3202 2879 3261 sed
2917 3208 3221 3277 postquam
3258 3200 3421 3261 illius
3458 3202 3816 3277 sepulturam

2100 3296 2397 3358 Faventiaa
2451 3294 2929 3365 celebrassemus,
2996 3290 3248 3367 indeque
3302 3290 3609 3352 redeuntes
3660 3291 3815 3366 apud

2100 3386 2413 3464 praefatum
2451 3382 2870 3444 monasterium
2906 3397 3079 3443 suum
3118 3380 3374 3440 Aceretze
3412 3381 3598 3457 prima
3646 3397 3814 3440 man-

2103 3478 2266 3536 sione
2298 3472 2743 3549 hospitaremur,
2773 3470 2993 3531 ibidem
3030 3485 3147 3529 non
3176 3470 3365 3529 solum
3406 3469 3583 3543 istud,
3627 3470 3726 3529 sed
3764 3475 3818 3528 et

2104 3566 2219 3625 alia
2261 3564 2551 3639 quaedam,
2602 3578 2737 3637 quae
2776 3558 3018 3620 faciente
3060 3560 3308 3620 Domino
3348 3560 3628 3620 miraculo
3680 3562 3817 3620 huic

2105 3652 2351 3712 subdere
2380 3648 2736 3723 curabimus,
2774 3664 2881 3709 nos
2915 3648 3206 3709 addiscere
3241 3650 3480 3721 contigit
3508 3650 3813 3707 referenti-

2103 3741 2213 3801 bus
2241 3741 2443 3799 eadem
2468 3737 2823 3814 quibusdam
2856 3738 3116 3812 ejusdem
3145 3737 3482 3798 monasterii
3518 3734 3810 3809 fratribus,

2105 3848 2210 3891 nec
2242 3846 2360 3890 non
2398 3834 2453 3889 et
2490 3827 2781 3903 przedictte
2830 3828 3010 3887 eremi
3052 3828 3154 3903 qui
3204 3834 3346 3888 tunc
3362 3825 3478 3885 illo
3525 3838 3812 3887 convene-

2106 3926 2257 3981 rant.

2660 4024 2671 4027 -
2778 3989 3022 4049 CAPUT
3076 3990 3171 4047 IX.

2100 4085 2159 4141 S.
2201 4083 2436 4137 doctoris
2474 4082 2663 4135 vinum
2700 4096 2768 4134 em
2807 4081 2952 4135 dolio
2988 4096 3088 4151 per
3126 4081 3235 4133 rim
3265 4081 3468 4133 milites
3505 4076 3814 4147 depromere

2194 4191 2299 4229 non
2322 4176 2570 4245 possunt,
2616 4173 2762 4242 quod
2786 4174 2918 4243 pius
2941 4175 3266 4244 peregrinus
3291 4172 3485 4226 deinde
3510 4173 3710 4242 potuit.

2173 4272 2504 4346 Aliquando
2578 4268 2667 4327 vir
2717 4267 2835 4327 De‘r
2872 4266 3092 4327 buttem
3156 4265 3276 4324 vini
3336 4265 3442 4339 ('29)
3503 4262 3811 4340 repositam

1466 4372 1870 4437 GODEFRIDI
1912 4376 2370 4440 HENSCHENII
2414 4374 2655 4439 NOTAE.

360 4458 469 4530 (23)
551 4458 620 4535 In
686 4458 1056 4535 Camerinemi
1121 4463 1307 4529 itaque
1383 4462 1611 4517 (timessi.
1685 4465 1775 4519 Est
1843 4464 2379 4535 Came-Deiuinum,
2430 4469 2520 4534 qui
2571 4466 2645 4535 ait
2693 4475 2837 4518 nunc
2886 4458 3155 4519 Cavinam
3196 4463 3502 4535 secundum
3557 4464 3818 4535 quosdam

296 4534 485 4589 riuum
534 4533 671 4587 urbs
715 4533 969 4588 marchise
1024 4532 1367 4588 Aucouitamc
1424 4536 1493 4594 ad
1551 4536 1764 4592 radices
1814 4542 2015 4594 montis

295 4605 584 4669 Apennini.
610 4604 838 4660 Praeerat
877 4608 993 4659 tum
1035 4605 1365 4661 Romualdus
1404 4606 1716 4672 episcopus,
1750 4610 1819 4663 ad
1852 4620 2015 4674 quem

298 4681 524 4732 exstare
557 4676 838 4743 epistolam
856 4677 925 4747 iB.
954 4677 1100 4747 APetri
1132 4677 1293 4731 tradit
1324 4677 1584 4744 Ughellus
1620 4679 1694 4733 De
1738 4681 2015 4747 episcopis

299 4748 798 4803 Camerinensibus.
851 4746 913 4802 in
952 4744 1057 4803 hac
1088 4749 1313 4803 dioecesi
1351 4749 1567 4803 condita
1589 4764 1619 4805 a
1640 4752 1689 4804 s.
1720 4744 2013 4809 Romualdo

298 4818 550 4875 emnobia
580 4818 839 4874 describit
858 4819 919 4873 Β.
956 4818 1141 4875 Petrus
1169 4833 1218 4874 c.
1277 4819 1336 4873 12
1370 4821 1497 4873 Vitta
1532 4818 1700 4876 illius.

363 4900 473 4965 (24)
513 4900 597 4953 Ad
642 4904 879 4954 montem
918 4901 1197 4966 Pergtum.
1247 4901 1303 4955 Β.
1353 4901 1541 4958 Petrus
1592 4903 1686 4956 lib.
1727 4916 1807 4969 vi,
1853 4906 2011 4970 epist.

296 4972 379 5031 30,
457 4971 526 5025 ad
607 4970 913 5026 ‘l'euzonem
974 4970 1299 5025 monachum
1372 4974 1488 5025 haec
1549 4972 1735 5028 scribit
1794 4988 1808 5026 ε
1879 4995 1901 5025 ιι
1957 4977 2016 5030 In

298 5043 562 5097 Perusino
639 5044 972 5097 monasterio
992 5086 1009 5111 ,
1089 5044 1265 5097 sancti
1345 5042 1611 5098 videlicet
1691 5048 2013 5112 Salvatoris,

295 5115 387 5167 cui
460 5123 636 5179 nuper
701 5117 757 5166 et
821 5112 937 5179 ipse
992 5114 1218 5179 praefui,
1280 5115 1498 5180 quidam
1555 5118 1854 5171 monachus
1904 5119 2016 5172 fue-

298 5188 417 5247 rat,
478 5201 504 5229 n
558 5187 663 5238 etc.
725 5186 802 5236 An
850 5184 983 5238 illud
1033 5187 1092 5237 in
1134 5187 1321 5238 monte
1362 5184 1548 5250 Pergio
1582 5187 1606 5236 ?
1652 5187 1804 5247 Quod
1857 5190 2014 5243 modo

294 5256 353 5306 in
418 5255 559 5308 urbe
628 5254 890 5310 Perusina
959 5258 1046 5310 est
1117 5258 1508 5309 monasterium
1569 5257 2013 5324 Camaldulense,

295 5331 486 5379 sancto
554 5326 758 5380 Severo
822 5334 1077 5387 sacrum,
1139 5327 1312 5381 fuisse
1385 5327 1514 5380 olim
1588 5332 1739 5382 extra
1807 5334 2015 5395 portam

296 5397 542 5521 ἓυρῗέτί
595 5398 758 5452 tradit
800 5397 1095 5464 Crispoltus
1141 5399 1200 5452 in
1248 5399 1483 5465 Perugia
1539 5401 1794 5466 Augusta,
1839 5400 1931 5455 lib.
1975 5414 2010 5467 ι,

295 5478 418 5534 cap.
446 5470 520 5521 i8.

355 5550 464 5629 ς2ξ»)
674 5536 1061 5629 utinamque
1091 5551 1437 5629 cumcuium.
1489 5552 1811 5629 flamonium
1834 5592 1850 5614 ,
1911 5550 2017 5629 [la-

294 5622 466 5675 minio
515 5619 855 5675 Gamuns'um
874 5660 889 5683 ,
944 5619 1198 5677 Fbrtunio
1253 5620 1597 5679 Ganvinium
1618 5664 1633 5686 ,
1690 5624 1872 5680 Ruben
1919 5621 2019 5678 Ga-

2113 4538 2392 4605 appellari.
2452 4532 2507 4588 Β.
2568 4532 2753 4590 Petrus
2822 4547 3010 4600 opusc.
3068 4535 3130 4586 44
3159 4534 3266 4605 ΑΒΘ
3326 4534 3538 4599 jejunio
3606 4532 3821 4587 Sabbati

2112 4602 2407 4664 inscribit:
2442 4606 2731 4661 Fratribus
2795 4607 2857 4657 in
2910 4618 3088 4657 eremo
3143 4602 3416 4670 Gamagm'
3474 4605 3820 4668 constitutis;

2112 4684 2167 4735 et
2208 4681 2364 4745 epist.
2422 4682 2543 4746 ejus
2591 4680 2647 4731 3t
2712 4677 2806 4732 lib.
2866 4690 2944 4740 vr,
2997 4676 3197 4739 scripta
3247 4682 3330 4729 est
3377 4676 3446 4729 ad
3505 4688 3637 4729 suos
3696 4689 3817 4727 erc-

2111 4753 2276 4807 mitas
2308 4752 2618 4805 monasterii
2652 4748 3037 4814 Gamugnemis
3064 4747 3243 4801 sancti
3273 4746 3553 4800 Bamabw.
3591 4748 3714 4808 Qum
3750 4747 3819 4801 de

2110 4816 2216 4877 hoc
2251 4823 2371 4876 loco
2397 4820 2568 4887 accipi
2594 4821 2861 4874 videntur.

2177 4896 2282 4958 (26)
2327 4892 2711 4947 Ionastm'um
2754 4891 2897 4959 quod
2942 4893 3168 4944 Acereta
3220 4890 3443 4941 dicitur.
3507 4889 3604 4941 Hic
3659 4888 3819 4941 locus

2113 4967 2287 5033 prima
2378 4965 2661 5017 mansione
2754 4958 3107 5017 redeuntibus
3182 4960 3430 5013 Faventia
3514 4958 3814 5025 Eugubium

2114 5038 2366 5097 occurrit,
2388 5040 2448 5089 ut
2471 5034 2615 5088 infra
2638 5036 2849 5089 dicitur.
2878 5034 3004 5086 Vide
3036 5036 3087 5085 et
3117 5044 3232 5097 cap.
3264 5034 3311 5082 9.

2178 5108 2282 5173 (27)
2340 5104 2405 5159 In
2467 5106 2575 5159 loco
2641 5106 2734 5170 qui
2796 5104 3139 5159 Marcianum
3197 5101 3539 5156 nominatur.
3600 5103 3821 5157 Murcia-

2112 5192 2243 5233 uum
2288 5190 2463 5244 pagus
2523 5179 2816 5231 etiamnum
2868 5175 3061 5227 visitur
3107 5184 3217 5225 nou
3266 5174 3461 5238 procul
3506 5189 3537 5228 a
3578 5174 3711 5227 mari
3760 5173 3816 5224 in

2116 5250 2362 5303 confiniis
2409 5251 2524 5302 fere
2559 5246 2934 5305 Romandioiaa,
2975 5256 3167 5297 versus
3198 5246 3450 5298 ducatum
3485 5246 3814 5299 Urbinatem.

2176 5321 2283 5385 (-28)
2335 5321 2493 5383 Apud
2544 5318 2840 5383 pra/“atum
2888 5314 3230 5369 Gamonium.
3282 5315 3572 5371 Flaminius
3632 5328 3824 5381 perpe-

2113 5400 2232 5443 ram
2273 5390 2377 5442 hoc
2416 5390 2738 5440 miraculum
2780 5387 3020 5440 attribuit
3067 5388 3317 5448 Aceretm,
3362 5386 3450 5440 ubi
3497 5391 3691 5441 auctor
3730 5388 3820 5438 iu—

2113 5460 2345 5515 tellexit.

2179 5532 2284 5598 (29)
2338 5531 2552 5585 Buttem
2601 5529 2740 5584 vini.
2783 5528 2996 5592 Βούττις
3050 5530 3107 5583 in
3172 5528 3369 5594 glossis
3428 5526 3627 5592 Cyrillo
3694 5526 3821 5579 olim

2117 5616 2343 5670 adnexis
2389 5628 2547 5679 cupa,
2601 5616 2657 5670 et
2695 5611 2940 5667 Βοὺττιον
2984 5612 3209 5677 cupotta.
3264 5612 3397 5664 Hinc
3449 5606 3644 5663 Latinis
3692 5608 3821 5662 but-
