4106 6204
306 292 401 350 127

1210 287 1270 348 S.
1313 286 1602 348 PETRUS
1645 284 2037 346 DAMIANITS
2079 283 2138 344 S.
2179 285 2250 344 R.
2292 286 2356 344 E.
2399 283 2875 346 CARDINALIS.

3694 281 3796 339 128

299 417 455 490 apud
512 414 823 490 quamdam
877 428 1040 472 suam
1100 413 1378 486 capellam
1434 411 1726 469 habuerat.
1783 411 2069 471 AcciditA
2098 416 2271 468 notus
2304 411 2655 483 jamdudum
2697 411 2896 470 fuisset
2932 423 3224 482 suumque
3261 407 3593 479 frequenter
3626 406 3796 463 exhi-

299 512 512 574 autem,
553 511 617 562 ut
650 503 743 562 die
781 502 1034 577 quadam
1076 502 1330 559 militum
1376 508 1566 558 turma
1605 516 1778 574 prope
1823 501 2005 573 ipsam

301 592 577 667 capellam
619 592 1017 667 pertransiret;
1062 591 1186 665 qui,
1228 589 1368 647 dum
1409 589 1502 646 siti
1542 595 1873 659 aestuarem,
1914 604 2005 646 re-

299 685 539 758 quirunt
575 683 976 756 presbyterum
1015 679 1063 737 si
1102 679 1185 736 eis
1238 679 1443 736 vinum
1498 678 1753 749 praebere
1797 685 2004 752 posset.

299 773 522 843 Quibus
550 772 648 830 ille
678 770 973 844 respondit
999 791 1012 826 :
1038 766 1130 825 Nil
1161 782 1397 839 prorsus
1417 765 1542 824 vini
1571 782 1638 824 eo
1667 766 1776 825 loci
1807 766 2007 826 haberi

299 869 507 936 praeter
552 875 729 920 unam
782 859 961 916 tinam
1000 855 1113 926 (30)
1159 855 1382 914 domini
1428 855 1603 925 Petri,
1655 870 1830 930 quam
1887 855 2009 930 ipse

301 951 634 1023 contingere
664 965 780 1007 non
819 947 1077 1005 auderet.
1122 945 1246 1015 Quo
1283 945 1503 1015 audito,
1552 945 1601 1002 is
1639 944 1741 1018 qui
1786 944 2009 1004 cmteris

297 1047 556 1113 praeerat,
613 1037 850 1112 quique,
906 1043 971 1094 ut
1040 1036 1226 1100 aiunt.
1310 1035 1579 1092 eumdem
1646 1033 1840 1092 virum
1904 1033 2007 1092 Dei

299 1131 654 1190 subexosum
709 1127 975 1198 habebat,
1036 1124 1348 1199 respondit,
1408 1124 1650 1183 dicens:
1684 1124 1892 1198 Utique
1956 1125 2006 1182 si

297 1219 519 1277 domini
547 1217 697 1276 Petri
725 1224 829 1286 est,
867 1232 941 1274 ex
971 1216 1094 1288 ipso
1121 1230 1226 1288 ego
1259 1213 1534 1272 libentius
1563 1212 1718 1284 bibo,
1754 1228 2008 1288 moxque

301 1307 412 1366 sibi
460 1305 880 1364 famulantibus
918 1303 1091 1378 jussit
1127 1309 1413 1374 quatenus
1459 1319 1532 1359 ex
1582 1302 1719 1360 vino
1756 1301 1858 1360 illo
1897 1301 2009 1360 sibi

299 1412 364 1454 ac
402 1395 571 1455 sociis
598 1395 905 1468 propinare
935 1399 1223 1450 curarent.
1259 1391 1368 1460 Qui
1409 1407 1614 1464 nempe
1647 1391 1855 1449 conciti
1889 1391 2008 1448 ala-

297 1485 488 1554 criter,
533 1488 597 1541 ut
625 1497 810 1554 genus
838 1481 986 1540 illud
1018 1480 1322 1538 hominum
1359 1479 1520 1546 solet,
1560 1479 1632 1537 ad
1672 1478 2008 1552 hujusmodi

295 1566 641 1646 obseq'uium
674 1577 936 1641 currunt,
967 1571 1064 1628 sed
1095 1570 1298 1629 evulso
1337 1570 1550 1628 tenello
1581 1568 1698 1640 (3i)
1727 1569 1811 1627 nil
1844 1584 2006 1643 pror-

302 1677 401 1719 sus
429 1661 551 1720 vini
581 1662 941 1736 suscipiunt;
976 1668 1284 1720 vertuntur
1306 1663 1374 1719 ad
1408 1661 1611 1731 alium,
1644 1660 2004 1718 tantumdem

2089 501 2325 559 buisset.
2379 501 2506 559 Jam
2548 501 2726 574 igitur
2760 500 3080 574 presbyter,
3132 505 3285 556 tanta
3335 495 3659 570 postulatus
3703 496 3796 554 in-

2091 592 2298 650 stantia
2348 593 2576 667 ﬁdeque
2629 593 2911 663 mollitus,
2977 591 3104 650 ticet
3163 588 3384 658 timide,
3443 589 3676 647 accessit
3725 589 3794 646 ad

2090 679 2312 738 dolium
2343 698 2356 748 ;
2398 688 2453 738 et
2479 681 2780 756 quoniam,
2816 686 2880 738 ut
2911 679 3187 752 scriptum
3222 684 3327 746 est,
3367 677 3629 748 Superbis
3658 680 3798 732 Deus

2089 771 2316 834 resistit,
2359 771 2657 825 humilibus
2686 775 2865 826 autem
2897 770 2996 824 dat
3024 771 3264 837 gratiam
3303 769 3440 835 (Jac.
3485 777 3569 835 1V,
3610 765 3684 833 6),
3729 763 3799 821 li-

2089 859 2288 931 quoris
2325 857 2523 916 ﬂuxus
2559 858 2715 916 facili
2769 874 2907 916 mox
2945 864 3155 915 attactu
3191 860 3274 914 est
3311 854 3635 912 haurientis
3673 868 3799 910 ma-

2089 959 2232 1002 num
2267 953 2517 1004 secutus.
2549 946 2750 1020 Itaque
2782 946 2939 1003 mitis
2962 942 3215 1003 obtinuit
3247 942 3492 1002 inermis
3520 939 3672 1015 quod
3703 956 3795 997 ar-

2091 1034 2260 1092 matis
2287 1035 2473 1093 fuerat
2500 1042 2771 1107 uegatum
2799 1033 3082 1108 superbis.

2160 1252 2225 1306 In
2275 1265 2489 1306 summa
2533 1255 2696 1324 panis
2735 1255 3002 1308 charitate
3039 1251 3280 1306 ciborum
3318 1250 3476 1320 copia
3521 1248 3725 1303 caelitus

2822 1325 3071 1394 aﬂ'ertu-r.

2162 1427 2315 1485 Dum
2386 1428 2633 1501 quadam
2702 1426 2795 1485 die
2851 1426 3378 1500 advesperascente,
3433 1422 3587 1480 idem
3643 1427 3800 1495 pater

2092 1514 2276 1574 fessus
2306 1533 2442 1574 cum
2470 1519 2670 1575 eodem
2697 1517 2798 1592 qui
2827 1517 2935 1575 hoc
2964 1516 3108 1574 mihi
3142 1513 3338 1574 retulit
3375 1514 3547 1571 fratre
3590 1527 3624 1568 a
3652 1510 3799 1569 silva

2090 1603 2371 1676 rediisset,
2402 1605 2518 1664 sola
2558 1606 2724 1678 panis
2754 1606 2975 1678 quadra
3004 1619 3140 1662 cum
3172 1603 3370 1676 crudis
3395 1601 3652 1659 oleribus
3680 1615 3800 1657 cce-

2091 1693 2253 1750 nanti
2301 1696 2627 1767 apponitur.
2673 1692 2860 1762 Quem
2913 1693 3032 1762 ille,
3091 1701 3274 1751 totum
3326 1691 3478 1748 socio
3527 1689 3798 1762 largiens,

302 1751 628 1853 Tibrim;
653 1751 803 1853 illim
825 1758 1040 1853 ,ίῖἷωθίθ
1067 1749 1672 1853 Forémi9§,Pa“d‘%"P;
1709 1755 1784 1847 ﬁ”,
1812 1765 1846 1807 ⁰
1876 1762 2004 1846 ί)νοῖ
2024 1772 2070 1832 Β
2095 1783 2232 1840 solis
2279 1749 2537 1841 oleribus
2590 1749 2848 1853 ves'cens,
2898 1749 3235 1841 hortabatur
3292 1780 3597 1838 convivam
3613 1749 3801 1851 uquod

300 1841 551 1909 digium!
597 1841 736 1899 dolii
775 1840 968 1898 aditus
1005 1847 1216 1912 patent,
1249 1846 1302 1897 et
1332 1839 1524 1913 liquor
1561 1838 1825 1906 interius,
1858 1853 1925 1896 ac
1961 1838 2010 1894 si

299 1929 444 2002 quid
499 1928 771 1999 solidum,
825 1929 1214 1987 nihilominus
1271 1928 1438 1998 latet;
1499 1928 1768 2001 superius
1817 1927 2011 2000 itaque

300 2017 591 2089 spiramen
621 2018 941 2090 pandentes
977 2025 1051 2088 et,
1085 2019 1133 2076 si
1163 2017 1300 2091 quid
1334 2018 1497 2076 intus
1529 2016 1674 2074 meri
1713 2015 2008 2074 continea-

301 2109 394 2162 tur
443 2105 671 2162 curiose
721 2106 1022 2175 rimantes,
1082 2104 1324 2163 dimidio
1381 2112 1605 2164 tantum
1661 2105 1851 2177 palmo
1908 2121 2010 2162 vas

299 2208 526 2251 semum
561 2194 677 2261 (32)
711 2195 1080 2252 invenerunt.
1110 2193 1418 2267 Stupentes
1449 2210 1584 2267 ergo
1609 2194 2011 2267 hujuscemodi

297 2288 594 2351 eventum,
651 2282 996 2340 arbitrantes
1036 2288 1224 2339 tamen
1275 2283 1484 2354 adhuc,
1547 2299 1620 2340 ne
1666 2283 1807 2357 quid
1869 2282 2013 2341 forte

299 2371 579 2430 obstaculi
661 2371 863 2430 lateret
935 2374 1114 2442 intus,
1175 2388 1292 2448 quo
1346 2373 1588 2446 liquoris
1635 2373 2014 2446 impediretur

301 2475 586 2531 egressus,
619 2460 901 2532 ingerunt
934 2460 1194 2530 singulas
1229 2461 1484 2518 aditibus
1525 2463 1852 2534 patentibus
1890 2464 2010 2521 vir-

299 2566 419 2622 gas,
447 2551 662 2623 quibus
687 2551 966 2622 deductis,
999 2567 1093 2609 eas
1118 2552 1355 2625 quidem
1377 2552 1610 2610 madere
1625 2553 2006 2625 conspiciunt,

298 2641 505 2698 vinum
529 2647 716 2697 tamen
739 2641 1060 2700 introrsum
1081 2640 1471 2699 nihilominus
1491 2642 1672 2699 haeret
1689 2641 2008 2701 inclusum.

298 2730 410 2787 Illa
439 2731 718 2789 nimirum
751 2730 958 2801 virtus,
983 2747 1115 2802 quae
1139 2731 1452 2789 Israelitico
1472 2732 1766 2803 quondam
1794 2733 2008 2806 populo

301 2818 487 2877 Rubri
558 2820 736 2877 maris
790 2820 1078 2893 profunda
1133 2819 1398 2890 calcanti,
1457 2836 1737 2893 aquarum
1795 2822 2011 2880 ﬂuenta

302 2923 606 2967 murorum
660 2909 731 2966 ad
810 2909 1009 2979 instar,
1088 2909 1292 2968 dextra
1366 2910 1629 2984 lzevaque
1694 2913 2009 2985 suspende-

2093 1871 2374 1944 patienter
2434 1871 2595 1930 illam
2655 1872 2829 1930 ferret
2886 1886 3197 1945 pauperem
3251 1883 3474 1928 coenam
3529 1867 3798 1924 ditiorem

2094 1961 2403 2019 habiturus
2439 1961 2500 2020 in
2543 1965 2791 2022 crastino
2839 1979 3121 2021 mensam.
3159 1961 3514 2034 Factumque
3548 1964 3649 2015 est.
3695 1955 3798 2015 Se-

2093 2051 2292 2122 quenti
2337 2051 2553 2108 etenim
2606 2052 2700 2110 die
2751 2059 2907 2110 tanta
2956 2059 3041 2110 est
3095 2049 3266 2109 allata
3316 2049 3579 2106 ciborum
3638 2046 3800 2118 cupia

2095 2153 2228 2212 quae
2257 2141 2478 2198 cunctis
2517 2140 2639 2199 illic
2670 2141 3015 2214 degentibus
3047 2142 3108 2199 in
3146 2139 3343 2214 plures
3377 2139 3501 2196 dies
3537 2135 3801 2194 suﬂicere

2095 2234 2334 2302 poterat.

2765 2301 3014 2360 CAPUT
3039 2300 3139 2358 XI.

2094 2390 2331 2456 Quidam
2360 2391 2505 2446 beati
2531 2393 2642 2445 viri
2677 2393 2888 2444 meritis
2918 2393 3006 2444 cui
3033 2391 3235 2459 piscem
3264 2387 3561 2456 deferebat,
3595 2401 3630 2440 α
3652 2399 3796 2440 mor-

2613 2463 2684 2516 tis
2723 2462 2962 2532 periculo
2995 2461 3279 2516 liberatur.

2164 2557 2271 2614 Vir
2301 2558 2561 2632 quidam,
2600 2573 2848 2631 magnus
2893 2555 3206 2614 admodum
3247 2553 3370 2612 viro
3402 2551 3506 2610 Dei
3536 2550 3794 2618 devotus,

2091 2652 2299 2704 onusta
2324 2649 2569 2721 piscium
2597 2646 2806 2704 exenia
2841 2645 2941 2717 (33)
2973 2646 3035 2702 in
3065 2643 3371 2718 praecipuis
3396 2641 3450 2700 ei
3477 2637 3800 2698 solemnita-

2092 2735 2247 2793 tibus
2288 2735 2478 2809 legare
2505 2740 2910 2803 consueverat;
2939 2733 3145 2792 accidit
3168 2740 3362 2790 autem
3393 2737 3459 2789 ut
3489 2725 3799 2802 aliquando

2092 2823 2326 2882 Domini
2401 2823 2826 2897 propinquante
2890 2822 3100 2893 natale,
3175 2833 3540 2893 nequaquam
3593 2816 3797 2886 hujus-

2093 2911 2250 2969 modi
2281 2912 2561 2985 potuisset
2593 2912 2775 2986 pisces
2802 2911 3088 2981 invenire,
3129 2925 3274 2984 quos
3311 2908 3485 2979 digne
3520 2905 3573 2963 ei
3611 2907 3801 2978 posset

298 3005 384 3056 rat
449 3000 642 3070 (Exod.
695 2999 840 3071 XIV),
891 2999 1136 3073 liquoris
1195 3000 1530 3074 huiusmodi
1591 3003 1824 3061 ﬂuxum
1879 3017 2010 3060 con-
2087 2998 2258 3072 juxta
2294 3015 2516 3058 morem
2554 3001 2822 3074 dirigere.
2866 2999 3131 3074 Cumque
3169 3013 3342 3071 super
3369 2996 3477 3053 hoc
3516 3010 3630 3052 non
3672 3007 3800 3050 mo-

299 3086 630 3146 strinxerat.
663 3087 734 3145 Et
765 3089 867 3162 qui
897 3088 1132 3146 hostiles
1177 3096 1316 3147 tunc
1343 3090 1804 3149 adversariorum
1835 3090 2005 3162 acies,
2027 3132 2070 3162 τ,
2092 3087 2218 3145 dica
2245 3094 2554 3162 angeretur
2584 3087 2864 3160 molestia,
2904 3090 3134 3147 tandem
3161 3089 3223 3146 in
3255 3086 3376 3144 iasa
3403 3097 3563 3142 sacra
3601 3079 3802 3138 Domi-

300 3192 374 3235 ne
418 3193 650 3250 gressus
680 3179 911 3253 piorum
949 3179 1218 3253 impediri
1261 3189 1513 3254 possent,
1553 3182 1720 3255 aquis
1751 3172 2241 3255 potenterunicaa
2284 3178 2605 3238 nativitatis
2644 3185 2810 3238 nocte
2855 3176 3093 3252 grandis
3138 3178 3192 3237 ei
3243 3177 3416 3250 piscis
3461 3172 3802 3241 advehitur;

301 3265 607 3337 immersit,
647 3268 769 3342 ipse
808 3284 968 3329 nunc
1004 3270 1246 3328 istorum
1280 3272 1606 3345 proterviae,
1650 3287 1724 3330 ne
1760 3286 1865 3329 suo
1904 3287 2008 3330 no-
2092 3269 2454 3328 exhilaratus
2491 3285 2647 3343 ergo,
2689 3277 2746 3328 et
2781 3271 3110 3344 plurimum
3153 3268 3388 3343 gavisus
3424 3265 3698 3340 praecepit
3741 3268 3804 3320 ut

299 3362 493 3412 cereut
519 3356 761 3429 famulo,
794 3357 1140 3417 mirabiliter
1177 3359 1414 3416 obstitit.
1459 3359 1624 3430 Nam,
1664 3365 1728 3417 ut
1772 3358 2009 3417 illorum
2091 3356 2196 3416 Dei
2248 3358 2372 3416 viro
2410 3356 2565 3417 illico
2600 3359 2941 3418 deferretur.
2984 3358 3160 3416 Porro
3197 3371 3317 3414 nox
3369 3354 3528 3413 tetris
3567 3353 3805 3410 densata

301 3441 500 3499 rabida
544 3443 740 3514 fames,
783 3444 1126 3519 interempto
1166 3446 1268 3504 Dei
1316 3448 1548 3520 populo,
1592 3446 2009 3505 manubiorum
2095 3447 2348 3507 tenebris
2383 3447 2619 3506 nullum
2647 3447 2947 3505 stellarum
2981 3445 3182 3503 lumen
3208 3442 3495 3510 radiabat;
3529 3439 3624 3497 via
3653 3452 3802 3511 quo-

299 3531 492 3605 praeda
539 3531 731 3590 satiari
769 3534 1054 3608 nequivit,
1097 3534 1180 3592 sic
1213 3535 1460 3593 istorum
1501 3551 1713 3593 vesana
1751 3533 1876 3593 sitis
1917 3549 2008 3592 ra-
2095 3552 2208 3611 que
2249 3537 2428 3595 nimis
2468 3534 2752 3595 laboriosa
2800 3539 2856 3593 et
2889 3532 3141 3593 difﬁcilis
3187 3537 3328 3601 erat,
3369 3544 3545 3603 quam
3600 3528 3803 3585 lutosa:

302 3621 438 3694 pina
469 3622 595 3694 ejus
629 3623 838 3682 famuli
869 3624 1152 3696 restingui
1184 3626 1429 3683 minime
1457 3626 1655 3684 valuit.
1687 3625 1840 3684 Dum
1876 3640 2012 3683 suos
2094 3625 2251 3683 nivis
2299 3626 2521 3683 salebra
2579 3624 2821 3683 omnino
2878 3628 3305 3696 consperserat;
3374 3617 3551 3692 piscis
3610 3623 3799 3673 tamen

300 3708 495 3784 itaque
570 3727 814 3770 vesanus
885 3721 1123 3772 conatus
1177 3729 1427 3786 superna
1491 3713 1704 3772 virtute
1759 3713 2008 3784 delusos,
2093 3716 2332 3789 portitor
2360 3715 2522 3774 nulla
2554 3708 2890 3773 difﬁcultate
2919 3713 3034 3772 diei
3078 3713 3269 3772 lucem
3311 3708 3633 3785 praestolari
3671 3722 3800 3781 per-

300 3797 736 3875 frustratosque,
772 3803 1153 3876 perpendunt,
1215 3803 1435 3862 divinae
1487 3803 1751 3862 cedentes
1805 3802 2011 3861 virtuti
2095 3802 2362 3862 mittitur.
2397 3804 2478 3862 Eo
2507 3803 2702 3876 itaque
2744 3803 2913 3877 coepti
2953 3802 3178 3861 itineris
3219 3801 3371 3858 viam
3402 3804 3690 3872 carpente,
3729 3796 3800 3853 ad

301 3889 528 3948 confusi
573 3897 916 3966 arentesque
957 3892 1281 3950 discedunt.
1332 3891 1438 3949 His
1483 3901 1677 3949 autem
1724 3892 2008 3965 profectis,

297 3976 486 4035 viator
505 3977 750 4051 quidam
776 3981 1096 4039 adveniens
1121 3979 1308 4038 eidem
1337 3979 1628 4052 ﬂagitabat
1654 3981 2007 4054 presbytero,

300 4073 363 4125 ut
395 4066 506 4125 sibi
536 4069 894 4140 quantolibet
920 4071 1038 4128 vim
1070 4070 1409 4141 dignaretur
1441 4071 1644 4142 poculo
1673 4070 2005 4129 subvenire.

303 4156 409 4214 Cui
452 4157 715 4216 sacerdos
757 4159 960 4216 eadem
998 4174 1133 4231 quae
1170 4159 1458 4232 prioribus
1489 4159 1662 4217 verba
1695 4159 2004 4232 respondit.

302 4243 568 4318 Cumque
608 4248 794 4306 viator
818 4249 1085 4322 precibus
1113 4250 1351 4307 instaret
1383 4255 1673 4322 quatenus
1705 4265 1779 4306 ex
1809 4249 2009 4306 eodem

302 4333 595 4392 charitatis
637 4335 750 4393 sibi
787 4337 968 4409 gratia
1007 4337 1362 4407 subveniret,
1395 4337 1656 4396 sacerdos
1686 4351 1820 4410 quae
1851 4335 2008 4393 mili-

2092 3891 2402 3950 obscuram
2431 3894 2744 3966 quamdam
2777 3894 2962 3967 ripam
2999 3891 3468 3966 profundamque
3497 3884 3798 3960 pervenit;

2092 3984 2262 4056 cujus
2311 3988 2572 4041 extrema
2611 3984 2746 4042 dum
2789 3983 3063 4052 nimium,
3107 3981 3262 4039 velut
3310 3981 3566 4052 ignarus,
3606 3987 3800 4049 perse-

2092 4078 2388 4146 queretur,
2428 4072 2603 4146 lapsis
2641 4080 2878 4145 repente
2930 4072 3208 4144 vestigiis,
3243 4070 3304 4127 in
3334 4071 3450 4126 ima
3480 4063 3800 4140 praicipita-

2093 4167 2187 4218 tur
2223 4166 2280 4217 et
2317 4175 2448 4218 cum
2492 4167 2681 4219 tantus
2720 4160 2896 4218 fuerit
2948 4175 3137 4230 casus,
3179 4164 3242 4217 ut
3293 4157 3438 4216 solvi
3483 4152 3804 4228 potuissent

2095 4250 2267 4308 totius
2293 4250 2548 4324 corporis
2577 4266 2787 4320 nexus,
2817 4249 3039 4308 meritis
3068 4258 3260 4308 tamen
3291 4247 3404 4305 viri
3432 4245 3560 4314 Dei,
3592 4243 3804 4301 virtute

2093 4339 2295 4397 divina
2327 4345 2475 4397 totus
2505 4345 2770 4398 servatur
2796 4338 3037 4408 illaasus,
3071 4338 3390 4396 Incolumis
3425 4350 3580 4408 ergo,
3618 4338 3674 4390 et
3701 4345 3802 4388 va-

305 4421 460 4480 tibus
505 4423 620 4482 illis
665 4429 1026 4498 contigerant
1065 4428 1117 4485 ei
1156 4428 1410 4486 seriatim
1457 4441 1727 4485 enarrare
1764 4425 2060 4498 curavit,_
2094 4425 2268 4497 lidus,
2325 4442 2474 4486 onus
2511 4443 2820 4488 excussum
2876 4426 3197 4486 cervicibus
3252 4425 3416 4484 laetus
3475 4419 3802 4494 resumpsit,

303 4525 377 4567 ne
403 4511 558 4589 ultra
584 4513 695 4571 sibi
735 4491 1106 4586 importunus
1136 4517 1401 4575 insistere
1440 4515 1749 4574 debuisset.
1781 4512 1888 4572 Ille
1925 4491 2068 4573 ta§D
2094 4491 2289 4589 sicque
2351 4517 2423 4575 ad
2481 4515 2584 4574 Dei
2637 4516 2934 4577 hominem
2987 4515 3243 4572 hilariter
3296 4491 3808 4586 properavitpdo-

301 4614 435 4657 men
463 4617 494 4658 a
523 4617 627 4660 sua
665 4603 941 4676 petitione
979 4605 1220 4664 minime
1256 4607 1559 4676 desistens,
1587 4603 1776 4662 aiebat
1806 4620 1866 4663 se
1889 4605 2011 4678 jam
2095 4604 2243 4662 mini
2279 4605 2373 4664 sui
2402 4620 2619 4663 munus
2649 4603 2888 4673 obtulit;
2923 4604 3194 4677 quodque
3217 4617 3290 4658 ex
3312 4599 3514 4658 mortis
3539 4596 3808 4656 faucibus

300 4691 484 4763 magis
521 4707 594 4749 ex
634 4693 758 4767 ejus
794 4710 1023 4767 sperare
1065 4695 1362 4768 beneficio,
1403 4695 1557 4769 quod
1602 4695 1823 4767 rapinae
1859 4710 2012 4752 arro-
2094 4694 2278 4766 ipsius
2342 4693 2545 4752 fuisset
2609 4692 2828 4750 meritis
2900 4699 3149 4763 ereptus,
3224 4688 3435 4760 gratias
3493 4691 3626 4760 egit.
3687 4683 3797 4742 Cui

301 4777 565 4847 gantium
611 4780 689 4838 ita
727 4780 1079 4842 abstractum
1119 4783 1325 4855 fuerat,
1364 4782 1506 4841 dum
1547 4781 1668 4856 ipse
1710 4782 1823 4840 sibi
1861 4781 2010 4840 bene
2093 4780 2193 4840 ille
2225 4801 2239 4838 :
2277 4781 2428 4853 Noli,
2472 4781 2684 4856 inquit,
2725 4781 2832 4852 fili,
2872 4779 2991 4838 noli
3030 4778 3256 4838 homini
3295 4777 3570 4850 deputare
3609 4788 3806 4848 pecca-

1459 4949 1865 5010 GODEFRIDI
1905 4947 2371 5009 HENSCHENII
2409 4948 2651 5008 NOTIE.

297 5088 367 5140 tis
430 5089 518 5140 vel
583 5088 726 5141 bulis
776 5093 920 5155 apud
968 5091 1329 5154 Marculphum
1397 5091 1554 5141 etiam
1618 5091 1669 5139 in
1730 5085 1994 5145 formulis.
2165 5091 2268 5150 (3t)
2329 5089 2439 5143 Sed
2499 5091 2674 5142 evulso
2735 5089 2940 5142 tenella.
3009 5085 3212 5138 Tenello
3265 5083 3636 5136 obturaculnm
3699 5085 3813 5135 oris

296 5166 348 5211 et
401 5160 568 5218 butto,
632 5175 727 5212 seu
789 5162 916 5215 bula
977 5169 1268 5224 argenteus
1327 5161 1472 5222 apud
1546 5161 1880 5210 Anastasium
1945 5161 1997 5209 in
2099 5159 2228 5212 dolii
2288 5161 2626 5224 intelligitur,
2689 5164 2846 5223 cujus
2912 5160 3033 5212 loco
3098 5158 3440 5220 epistomiunt
3495 5155 3809 5216 imponitur.

298 5229 470 5281 Leone
517 5231 579 5281 lll
623 5240 675 5282 et
711 5233 884 5285 Leone
914 5235 970 5284 ιν
1005 5236 1220 5295 legitur.
1257 5232 1350 5283 Hic
1385 5243 1478 5295 pro
1513 5230 1655 5282 dolio
1690 5231 1923 5294 ponitur.
2152 5233 2254 5296 (32)
2315 5236 2407 5284 Vas
2443 5246 2665 5284 semum.
2709 5233 2786 5282 lta
2832 5236 2942 5282 tres
2996 5230 3260 5282 editiones
3311 5238 3514 5276 mnum
3577 5237 3673 5288 pro
3719 5239 3812 5276 va-

363 5301 460 5360 (30)
501 5302 704 5354 I’rzler
739 5316 910 5356 unam
941 5304 1135 5356 tinam.
1172 5301 1308 5354 Tina
1355 5304 1408 5353 in
1443 5304 1581 5353 Actis
1628 5301 1680 5352 ll
1721 5302 1767 5352 S.
1805 5300 1993 5366 Tuyrsi
2095 5317 2197 5358 cuo
2245 5304 2477 5364 habent;
2529 5317 2598 5354 an
2644 5305 2934 5358 semotum,
2994 5303 3089 5352 aut
3131 5296 3501 5359 semiplenam,
3541 5303 3629 5347 aut
3668 5299 3812 5360 quod

300 5372 350 5420 et
430 5374 699 5424 sociorum
777 5375 839 5426 28
912 5377 1183 5437 Januarii,
1274 5386 1392 5438 pag.
1465 5373 1591 5432 820,
1674 5386 1818 5423 num.
1897 5375 1989 5430 25.
2095 5374 2272 5428 simile
2316 5375 2623 5438 legendum.

299 5441 530 5503 legitur.
579 5445 632 5495 in
700 5446 808 5498 Vita
861 5446 910 5497 S.
967 5444 1231 5497 l’hiliberti
1279 5445 1341 5495 20
1388 5446 1606 5508 Augusti
1659 5447 1854 5505 tonna,
1908 5446 1995 5496 ubi
2157 5445 2262 5512 (33)
2313 5447 2550 5498 Piscium
2599 5445 2807 5496 eaenia.
2864 5441 3073 5512 [taenia
3123 5453 3219 5491 seu
3276 5439 3461 5496 (venia.
3514 5440 3654 5491 dona
3706 5438 3806 5490 ho—

298 5524 395 5636 ἒῧε
428 5514 708 5638 ama;qu
744 5518 815 5570 ita
849 5517 953 5569 dici
985 5517 1167 5576 addit;
1208 5528 1274 5570 ac
1311 5518 1433 5568 tina
1484 5516 1638 5572 Festo
1686 5522 1739 5569 et
1783 5515 1998 5570 Varroni
2096 5511 2324 5582 epitalia,
2353 5517 2639 5582 praeposita
2666 5528 2760 5579 per
2785 5526 3026 5568 errorem
3065 5511 3236 5564 littera
3263 5522 3306 5561 ο.

372 5596 457 5638 am
504 5597 548 5638 rt
593 5601 644 5638 ui
672 5600 752 5638 ur.

296 5587 457 5638 etiam
485 5587 752 5641 tribuitur.
