4106 6204
287 333 389 391 1'29
1212 329 1788 390 PROLEGOMENA.
1827 360 1899 375 -ο
1938 329 2120 390 VITA
2162 327 2222 389 S.
2262 330 2486 391 PETRI
2525 331 2871 392 DAMIANI.
3700 339 3801 398 130

280 456 388 514 tori
416 454 570 528 quod
597 453 752 512 Deus
786 451 892 510 tibi
923 451 1195 524 dignatus
1236 461 1322 511 est
1351 454 1472 512 sola
1505 453 1596 512 sui
1629 454 2063 521 miserationeA
2085 458 2284 530 ageret”
2326 473 2560 532 prorsus
2603 458 2895 530 ignorans,
2953 456 3293 532 deprecatus
3348 463 3433 517 est
3475 461 3799 522 Dominum

277 547 524 620 largiri;
577 545 630 602 ei
657 550 888 601 tantum
917 557 991 598 ex
1025 540 1250 601 collatae
1281 543 1486 601 salutis
1523 560 1765 603 munere
1791 547 2006 618 gratias
2089 555 2377 622 quatenus
2438 547 2550 606 sibi
2605 547 2940 619 dignaretur
2993 545 3156 605 illius
3209 547 3432 606 meritis
3483 550 3797 610 subVenire

277 635 404 710 age,
435 635 540 709 qui
571 646 881 705 nunquam
910 630 1022 688 sibi
1051 631 1311 691 famulam
1323 633 1474 692 tibus
1520 634 1584 692 in
1637 633 2007 695 tribulatione

280 725 459 784 deest.

958 794 1200 854 CAPUT
1229 794 1358 852 XII.

286 892 448 948 Alter
497 893 558 946 in
617 891 760 946 bivio
831 891 1058 953 haerens,
1110 888 1335 958 ejusque
1388 903 1487 960 ope
1542 889 1603 943 in
1654 889 1761 943 iter
1804 885 2018 944 certum

1013 979 1299 1046 dirigitur.

361 1085 474 1144 Hic
502 1099 689 1144 unum
711 1099 788 1142 ex
817 1082 1120 1156 discipulis
1147 1083 1219 1140 ad
1243 1081 1554 1156 quemdam
1577 1082 1891 1159 aliquando
1916 1081 1999 1140 di-

291 1174 449 1233 rexit
491 1173 778 1242 abbatem,
805 1186 982 1246 quem
1028 1171 1169 1229 dum
1197 1171 1260 1228 in
1293 1173 1644 1229 monasterio
1691 1171 1865 1229 frater
1909 1170 2009 1228 ille

291 1264 542 1322 minime
579 1263 903 1336 reperisset,
937 1278 1071 1320 eum
1105 1277 1221 1336 quo
1254 1263 1564 1320 diverteret
1605 1262 1890 1321 sollicitus
1915 1277 2006 1320 re-

289 1352 553 1426 quisivit.
611 1351 773 1421 Quod
820 1367 955 1410 cum
1001 1351 1229 1425 egisset,
1279 1366 1572 1424 regressus
1614 1350 1799 1423 ipsius
1847 1365 2009 1409 mora

288 1443 438 1501 adeo
493 1442 768 1515 protelata
795 1450 900 1511 est,
933 1448 998 1500 ut
1025 1441 1118 1500 die
1144 1457 1259 1516 qua
1297 1443 1735 1515 exspectabatur
1785 1457 2007 1516 nequa-

289 1547 473 1604 quam
499 1531 686 1590 redire
733 1533 1050 1604 potuisset;
1081 1547 1331 1606 cumque
1360 1531 1434 1589 ob
1466 1531 1522 1589 id
1556 1533 1625 1588 de
1653 1531 2008 1606 correptione

289 1621 558 1695 caepisset
583 1621 886 1694 trepidare,
917 1628 1177 1694 suscepto
1208 1620 1382 1691 socio,
1417 1620 1528 1678 iter
1557 1636 1730 1679 suum
1762 1621 2010 1694 arripuit

289 1710 404 1770 sub
434 1709 656 1767 silentis
686 1709 868 1767 noctis
900 1709 1168 1779 obscuro,
1200 1725 1286 1780 ac,
1319 1710 1458 1767 dum
1489 1709 1664 1767 simul
1698 1709 2006 1783 paululum

2087 640 2256 711 cujus
2298 653 2357 696 se
2393 642 2629 696 noverat
2667 635 3048 696 obedientiam
3091 651 3304 708 gerere.
3349 636 3473 706 Qua
3513 640 3798 712 supplica-

2093 728 2246 787 tione
2266 729 2337 787 ad
2371 728 2684 786 Dominum
2726 727 2871 795 fusa,
2905 725 3207 784 confestim
3247 743 3435 800 equus
3467 730 3794 802 prosiliens,

2089 816 2348 874 concitus
2381 816 2443 874 in
2483 815 2704 874 aridam
2743 814 2947 886 exivit,
2989 823 3361 890 correptoque
3405 819 3586 890 spatio
3629 819 3798 893 agilis

2088 907 2159 964 ad
2208 908 2412 966 urbem
2453 906 2733 981 pervenit.
2767 906 2912 964 Cum
2953 912 3144 964 autem
3191 906 3261 963 ad
3309 907 3662 980 episcopum,
3702 909 3798 968 cui

2089 996 2304 1054 missus
2355 997 2556 1064 fuerat,
2608 993 2978 1069 pervenisset,
3023 1009 3397 1068 nequaquam
3445 996 3796 1070 episcopum,

2090 1098 2263 1155 quem
2288 1083 2603 1157 quaerebat,
2628 1081 2857 1140 invenit
2880 1101 2893 1150 ;
2915 1090 3136 1156 reperto
3160 1089 3352 1142 tamen
3379 1086 3628 1158 quodam
3653 1087 3800 1159 ejus-

2091 1173 2222 1230 dem
2252 1173 2510 1245 patruele
2539 1173 2879 1244 (familiari),
2907 1173 3145 1230 honeste
3171 1174 3244 1232 ab
3275 1189 3341 1232 eo
3368 1182 3664 1249 susceptus
3694 1183 3795 1235 est.

2091 1259 2201 1330 Qui
2229 1260 2394 1332 plane
2419 1277 2522 1335 pro
2555 1262 2695 1320 tanti
2725 1260 2835 1318 viri
2870 1261 3214 1326 reverentia,
3241 1278 3376 1319 cum
3403 1264 3563 1320 omni
3595 1265 3802 1322 domus

2090 1350 2274 1423 ipsius
2334 1350 2554 1408 familia
2607 1349 2661 1407 ei
2718 1349 3135 1408 officiosissime
3188 1350 3518 1408 deservivit.
3576 1351 3640 1408 In
3698 1352 3804 1409 hoc

2093 1453 2213 1497 uno
2269 1445 2461 1497 tamen
2515 1455 2634 1498 non
2691 1439 2914 1497 modico
2967 1453 3101 1512 erga
3142 1454 3274 1497 eum
3325 1439 3587 1513 deliquit,
3626 1440 3797 1513 quod,

2090 1526 2231 1586 dum
2279 1527 2458 1586 istum
2509 1533 2752 1587 stratum
2798 1527 3058 1596 locasset,
3107 1528 3331 1586 cunctis
3383 1529 3797 1598 recedentibus,

2091 1615 2279 1674 solum
2315 1617 2376 1674 in
2415 1617 2658 1690 spatiosa
2706 1616 2806 1675 illa
2853 1619 3152 1677 mansione
3204 1616 3508 1675 cubantem
3562 1617 3800 1675 dimisit.

2090 1705 2249 1775 Quod
2293 1707 2544 1767 nimium
2573 1707 2712 1766 dum
2742 1707 2841 1765 ille
2871 1708 3168 1780 persensit,
3205 1713 3394 1764 tantus
3432 1721 3569 1765 eum
3605 1708 3806 1765 horror

290 1800 722 1873 processissent,
747 1799 874 1872 ejus
903 1798 1199 1857 conviator
1235 1799 1514 1871 paulatim
1562 1815 1622 1857 se
1661 1799 2007 1857 subtrahens
2030 1793 2307 1882 Binvasit
2333 1801 2395 1852 ut
2423 1796 2526 1852 vix
2552 1794 2979 1869 quantumlibet
3005 1793 3224 1867 soporis
3261 1792 3364 1850 illa
3399 1801 3560 1850 nocte
3584 1793 3801 1864 potuis-

290 1889 498 1947 furtim
523 1888 817 1948 abscessit.
847 1888 973 1957 Quo
1003 1889 1149 1947 facto
1178 1889 1496 1948 monachus
1526 1889 1626 1947 ille
1658 1888 1795 1958 viae,
1825 1904 2005 1962 quam

288 1986 539 2051 ceperat,
572 1993 808 2052 prorsus
838 1979 1127 2053 ignorans,
1159 1981 1330 2056 crs-pit
1366 1979 1736 2038 vehementer
1767 1977 2004 2049 tristari,

282 2084 421 2127 cum
478 2084 585 2127 nec
611 2069 860 2127 ulterius
908 2068 1196 2141 progredi,
1226 2083 1327 2126 nec
1358 2068 1584 2141 regredi
1611 2084 1727 2141 qua
1770 2075 2008 2126 venerat

281 2163 501 2215 nosset.
534 2155 602 2216 In
639 2164 791 2215 arcto
829 2157 1022 2230 itaque
1057 2155 1223 2224 situs,
1257 2157 1366 2215 hoc
1417 2173 1450 2214 a
1493 2157 1745 2215 Domino
1784 2155 2006 2228 suppli-

281 2261 426 2304 cans
453 2245 765 2319 postulavit
795 2252 1085 2320 quatenus
1109 2244 1218 2303 iter
1247 2261 1420 2304 suum
1461 2246 1687 2303 meritis
1724 2243 1886 2303 illius
1917 2244 2008 2302 di—

283 2333 499 2408 rigeret
550 2334 644 2393 cui
701 2333 988 2407 satagebat
1040 2333 1428 2392 obedientiam
1485 2333 1782 2405 exhibere,
1840 2349 2007 2392 cum-

286 2439 401 2498 que
441 2424 699 2482 oratione
735 2425 880 2481 facta
931 2422 1090 2481 abire
1122 2423 1406 2496 cmpisset,
1447 2423 1736 2496 quoddam
1782 2421 2006 2480 bivium

288 2512 524 2585 reperit,
555 2511 657 2570 ubi
693 2513 837 2570 dum
869 2510 1178 2585 paululum
1207 2511 1488 2582 haesisset,
1511 2511 1812 2583 ambigens
1841 2511 2008 2584 cujus

291 2601 585 2658 tramitem
630 2601 929 2680 terendum
967 2609 1303 2671 assumeret,
1336 2617 1523 2660 unum
1553 2601 1781 2659 tandem
1815 2599 2008 2674 elegit,

288 2705 468 2763 quem
507 2691 791 2765 aptiorem
829 2691 942 2749 sibi
971 2693 1092 2750 fore
1125 2691 1389 2764 putavit;
1432 2691 1493 2747 in
1526 2707 1700 2767 quem
1745 2691 1888 2749 dum
1911 2705 2008 2748 co-

287 2789 532 2838 naretur
567 2780 901 2852 jumentum
951 2779 1220 2853 dirigere,
1258 2794 1375 2837 non
1412 2779 1746 2850 consensit;
1786 2777 1884 2836 sed
1921 2777 2011 2835 al-

289 2875 482 2926 terum
524 2867 757 2942 capiens
795 2867 1078 2927 obstinate
1126 2883 1362 2941 pergere
1400 2866 1590 2941 caapit.
1636 2865 1837 2926 Sessor
1874 2881 2010 2925 vero

290 2964 408 3015 toto
457 2956 674 3015 annisu
734 2955 990 3016 calcibus
1043 2963 1216 3030 atque
1260 2955 1604 3014 verberibus
1642 2954 1889 3014 instabat
1938 2955 2010 3013 ad

289 3061 464 3104 suum
501 3053 702 3103 votum
734 3045 926 3118 ipsum
959 3046 1253 3115 reducere,
1289 3043 1431 3102 illuc
1462 3043 1848 3102 nihilominus
1881 3051 2008 3102 ten-

291 3134 458 3193 debat
487 3149 607 3208 quo
634 3140 882 3208 coeperat
907 3149 1158 3207 pergere.
1203 3131 1348 3191 Cum
1373 3141 1568 3191 autem
1595 3133 1703 3190 hac
1730 3132 2006 3190 collucta-

291 3213 449 3283 tione
479 3223 708 3282 diutius
749 3230 1029 3282 certatum
1069 3223 1290 3294 fuisset,
1321 3238 1426 3280 nec
1461 3229 1648 3281 tamen
1689 3231 1874 3282 rector
1908 3224 2006 3297 ju-

291 3321 557 3372 mentum
581 3313 692 3371 sibi
724 3314 795 3372 ad
829 3313 1348 3387 obtemperandum
1380 3310 1504 3370 ullo
1528 3315 1699 3372 modo
1740 3328 2008 3371 revocare

288 3403 592 3475 potuisset,
632 3402 753 3475 jam
795 3403 1034 3462 demum
1078 3402 1402 3475 suspicatus
1457 3417 1528 3459 ne
1577 3403 1720 3460 forte
1770 3403 2007 3461 brutum

289 3488 436 3547 illud
473 3488 695 3546 animal
734 3489 813 3546 ita
844 3490 956 3548 sibi
989 3497 1187 3547 contra
1227 3504 1446 3547 morem
1486 3488 1690 3547 divino
1727 3489 2007 3548 instinctu

292 3578 603 3650 resisteret,
649 3585 792 3636 totas
831 3579 920 3638 illi
969 3578 1188 3637 laxavit
1232 3578 1506 3650 habenas,
1556 3585 1842 3652 quatenus
1885 3577 2006 3651 jam

288 3665 544 3724 liberum
590 3672 846 3739 pergeret
893 3682 1008 3742 quo
1056 3667 1250 3740 ipsum
1301 3666 1458 3725 Deus
1505 3667 1753 3739 dirigere
1809 3665 2001 3724 vellet.

289 3753 460 3813 Mane
503 3757 700 3828 itaque
741 3757 908 3826 facto,
939 3757 1060 3830 jam
1107 3756 1433 3814 lucescente
1472 3754 1753 3827 diluculo,
1803 3755 2005 3814 erectis

287 3844 497 3912 oculis,
545 3861 791 3919 quaeque
839 3851 974 3904 nota
1017 3845 1317 3918 conspexit
1344 3861 1582 3921 seseque
1629 3845 1828 3904 divino
1869 3860 2002 3902 mu-

289 3949 426 3990 nere
489 3934 809 3992 rectissimo
872 3934 1101 3992 tramite
1158 3934 1443 3993 directum
1507 3934 1688 3992 fuisse
1744 3933 2003 4008 agnovit.

287 4021 442 4093 Ergo
470 4038 605 4081 suas
630 4039 825 4097 preces
854 4023 1116 4097 magistri
1157 4024 1382 4082 meritis
1411 4023 1714 4082 exauditas
1746 4039 1869 4081 esse
1907 4038 2002 4081 co-

287 4128 596 4183 gnoscens,
628 4113 744 4172 Deo
791 4114 1257 4187 gratulabundus
1307 4114 1522 4186 gratias
1567 4113 1702 4187 egit,
1734 4129 1839 4171 nec
1888 4129 2004 4171 non

287 4211 341 4259 et
381 4215 490 4258 suo
530 4202 824 4275 magistro,
864 4218 1045 4276 quem
1100 4201 1241 4261 adeo
1279 4203 1524 4277 dignum
1561 4202 1679 4262 Deo
1714 4203 1836 4260 fore
1873 4217 2004 4276 per-

288 4297 503 4362 Spem'
923 4361 1167 4422 CAPUT
1200 4361 1361 4421 xm.

2090 1892 2174 1944 set
2209 1885 2530 1944 admittere.
2573 1885 2988 1944 Verumtamen
3014 1901 3118 1943 nec
3136 1885 3373 1960 juvenis
3407 1885 3505 1942 ille
3543 1884 3802 1957 impunis

2088 1976 2290 2047 evasit,
2322 1976 2421 2050 qui
2467 1974 2749 2050 ejusmodi
2794 1991 2928 2047 erga
2971 1990 3106 2034 eum
3155 1973 3566 2048 negligentiam
3605 1973 3792 2031 duxit.

2088 2064 2305 2123 Eadem
2343 2069 2556 2140 quippe
2603 2075 2791 2134 nocte,
2819 2065 2961 2123 dum
3005 2064 3105 2122 ille
3160 2079 3364 2122 somno
3417 2063 3702 2122 resolutus
3740 2063 3800 2122 in

2090 2159 2265 2212 strato
2300 2170 2407 2214 suo
2437 2156 2672 2228 jaceret,
2715 2154 2807 2212 vir
2853 2153 2958 2212 Dei
2997 2153 3202 2212 Petrus
3241 2153 3299 2210 in
3341 2169 3476 2211 eum
3529 2152 3802 2210 violenter

2093 2240 2301 2298 insiliit
2334 2242 2591 2314 dureque
2618 2241 2798 2314 virgis
2827 2239 3038 2298 validis
3068 2239 3366 2297 intentatis
3398 2239 3700 2309 exterruit,
3732 2256 3800 2298 eo

2093 2330 2247 2404 quod
2279 2330 2533 2404 legatum
2569 2346 2743 2389 suum
2786 2337 2901 2387 tam
2939 2330 3273 2388 immaniter
3304 2345 3409 2388 sua
3446 2329 3799 2404 negligentia

2091 2419 2464 2479 contristavit.
2500 2422 2621 2490 Qua
2651 2435 2788 2478 vero
2817 2419 3040 2478 visione
3070 2420 3370 2492 completa,
3404 2419 3560 2478 illico
3591 2435 3801 2492 exper-

2093 2511 2341 2584 giscens,
2378 2512 2550 2585 erepit
2586 2511 2854 2568 diurnam
2892 2510 3083 2568 lucem
3121 2510 3441 2584 praestolari
3473 2525 3588 2583 quo
3625 2526 3800 2569 suum

2092 2603 2375 2676 hospitem
2428 2605 2678 2662 revisere
2723 2609 2780 2662 et
2833 2602 3050 2676 alloqui
3105 2610 3309 2678 posset.
3369 2603 3562 2662 Primo
3611 2605 3803 2678 itaque

2093 2691 2416 2752 lucescente
2460 2693 2740 2763 diluculo,
2782 2693 2853 2750 ad
2909 2692 3074 2751 illum
3134 2709 3441 2766 properans
3496 2695 3800 2768 diligenter

2093 2797 2229 2841 eum
2258 2781 2575 2856 inquisivit
2597 2782 2739 2856 quid
2761 2781 3129 2856 negligentiae
3175 2783 3390 2856 quidve
3424 2783 3612 2841 delicti
3653 2785 3801 2842 circa

2093 2871 2224 2945 ejus
2253 2873 2439 2930 fuerat
2466 2872 2841 2931 commissum
2875 2872 3238 2946 obsequium,
3279 2872 3431 2947 quod
3462 2873 3524 2930 in
3555 2889 3615 2930 se
3644 2873 3804 2931 dom-

2092 2977 2205 3019 nus
2267 2961 2471 3020 Petrus
2515 2967 2630 3019 tam
2669 2977 2729 3019 se
2782 2959 3094 3018 terribilem
3150 2961 3474 3033 invexerat,
3511 2962 3801 3036 tantisque

2092 3064 2152 3106 se
2179 3049 2358 3107 minis
2383 3066 2448 3107 ac
2474 3050 2698 3124 probris
2728 3049 3132 3123 objurgaverat
3162 3057 3334 3123 atque
3361 3056 3659 3108 terruerat.
3693 3050 3802 3109 Cui

2095 3136 2357 3207 protinus
2414 3137 2511 3195 ille
2543 3162 2555 3195 :
2589 3137 2862 3209 Tantum,
2922 3137 3134 3214 inquit,
3182 3137 3289 3195 hac
3340 3144 3524 3208 nocte,
3583 3139 3804 3197 cunctis

2092 3225 2257 3284 vobis
2313 3227 2733 3298 recedentibus,
2762 3227 2950 3285 solum
3011 3243 3101 3285 me
3154 3226 3421 3285 relictum
3473 3228 3651 3286 fuisse
3695 3244 3803 3286 ex-

2091 3313 2246 3387 pavi,
2277 3320 2342 3372 ut
2381 3330 2512 3374 cum
2552 3315 2716 3388 gravi
2752 3314 3014 3373 molestia
3056 3315 3383 3373 insomnem
3435 3332 3580 3388 pene
3631 3323 3800 3376 totam

2089 3403 2474 3475 protraxerim
2518 3411 2766 3464 noctem.
2808 3403 3031 3472 Quibus
3077 3403 3332 3462 vicissim
3373 3405 3658 3476 revelatis,
3701 3405 3804 3462 ad-

2090 3493 2284 3550 mirati
2327 3493 2438 3550 viri
2473 3493 2572 3552 Dei
2611 3494 2924 3567 potentiam
2954 3493 3427 3566 glorificaverunt
3465 3493 3666 3563 Deum,
3701 3495 3803 3568 qui

2087 3582 2263 3641 tantis
2319 3583 2595 3656 prodigiis
2645 3600 2704 3643 se
2763 3584 3090 3642 mirabilem
3149 3583 3213 3640 in
3265 3583 3475 3641 sanctis
3524 3590 3579 3640 et
3622 3585 3803 3641 servis

2087 3671 2209 3728 suis
2264 3672 2529 3730 ostendit.
2586 3672 2768 3746 Cujus
2811 3672 3080 3730 videlicet
3129 3670 3303 3744 signi,
3337 3671 3387 3728 is
3436 3671 3536 3744 qui
3586 3670 3800 3729 missus

2090 3761 2292 3828 iuerat,
2325 3761 2403 3818 ita
2443 3767 2528 3819 est
2571 3761 2951 3819 admiratione
2982 3767 3361 3833 compunctus
3383 3752 3464 3818 'ut
3497 3761 3570 3818 ad
3609 3763 3801 3819 virum

2086 3849 2191 3908 Dei
2229 3866 2497 3910 reversus
2549 3852 2851 3910 confestim
2915 3865 2975 3910 se
3020 3851 3111 3908 illi
3152 3851 3528 3920 commiserit,
3560 3852 3804 3923 promit-

2089 3945 2215 3998 tens
2253 3955 2315 3998 se
2352 3941 2476 4012 jam
2519 3943 2736 4002 saeculo
2785 3942 3356 4013 abrenuntiaturum,
3385 3950 3440 4000 et
3482 3942 3803 4014 regularem

2085 4025 2352 4084 habitum
2383 4042 2457 4084 ex
2481 4025 2667 4098 ipsius
2706 4028 3105 4088 benedictione
3135 4031 3207 4087 ad
3240 4028 3650 4087 famulandum
3684 4030 3802 4088 Deo

2086 4120 2552 4187 assumpturum.
2589 4116 2753 4185 Quod
2791 4116 3028 4192 quidem
3060 4118 3182 4192 ipse
3204 4125 3330 4190 post
3355 4117 3647 4177 modicum
3689 4117 3806 4175 im-

2087 4203 2288 4276 plevit,
2317 4203 2590 4279 idemque
2618 4206 2728 4265 hoc
2756 4207 2947 4280 nobis,
2987 4216 3052 4268 ut
3087 4207 3458 4282 digessimus,
3491 4223 3566 4266 ex
3602 4207 3804 4267 ordine

2093 4299 2275 4352 totum
2300 4293 2608 4353 enarravit.

2722 4365 2965 4426 CAPUT
2995 4366 3153 4426 XIV.

285 4449 446 4504 Beati
471 4451 583 4504 viri
611 4455 836 4508 nuntius
863 4468 931 4507 etc
960 4454 1072 4508 luto
1098 4440 1416 4508 extrahitur
1447 4458 1496 4509 et
1521 4459 1780 4511 nocturno
1821 4457 2010 4511 timore
2091 4456 2180 4509 Ea:
2228 4454 2535 4510 obedientia
2587 4455 2854 4526 Stephani
2907 4474 3073 4529 papa
3123 4461 3200 4515 IX
3251 4464 3467 4514 creatur
3514 4459 3575 4516 S.
3622 4461 3688 4516 Β.
3731 4462 3804 4516 Ε.

359 4539 616 4602 solvitur,
678 4544 820 4596 tanti
884 4544 1021 4597 mali
1071 4549 1288 4600 auctore
1331 4561 1434 4616 per
1486 4547 1663 4601 visum
1715 4563 1751 4601 a
1796 4548 1856 4604 S.
1887 4544 2073 4603 viroD
2162 4545 2313 4602 card.
2381 4546 2661 4616 episcopus
2719 4544 3002 4610 Ostiensis,
3056 4551 3106 4602 et
3161 4546 3316 4602 illius
3367 4562 3530 4617 super
3589 4548 3689 4602 hac
3743 4563 3802 4602 re

363 4628 539 4695 virgis
569 4627 868 4684 admonito.
1100 4665 1104 4671 ι
2159 4633 2449 4688 somnium.

359 4731 496 4791 Alio
534 4750 766 4810 quoque
803 4742 1078 4812 tempore,
1117 4739 1432 4815 quemdam
1468 4741 1744 4801 nuntium
1772 4742 2004 4801 cuidam
2159 4741 2308 4800 Cum
2348 4745 2519 4798 tanta
2556 4739 2735 4813 igitur
2771 4738 2955 4813 ipsius
2999 4739 3313 4800 sanctitatis
3365 4747 3421 4799 et
3473 4738 3799 4812 prudentia:

286 4823 615 4884 destinabat
658 4829 942 4904 episcopo,
971 4831 1092 4905 qui,
1126 4831 1268 4891 dum
1305 4847 1473 4906 aquae
1511 4832 1768 4891 rivulum
1809 4833 1872 4891 in
1908 4833 2005 4890 via
2081 4830 2203 4904 jam
2249 4829 2424 4887 latere
2465 4829 2618 4886 fama
2664 4843 2781 4886 non
2830 4835 3038 4902 posset,
3090 4829 3161 4887 ad
3208 4845 3378 4888 aures
3427 4834 3640 4886 sanctae
3680 4827 3796 4886 Ro-

285 4912 617 4984 reperisset,
688 4931 822 4975 eum
891 4918 1130 4992 quidem
1193 4919 1360 4978 facile
1437 4920 1848 4994 transvadavit,
1905 4921 2002 4980 sed
2087 4934 2278 4977 mante
2319 4917 2587 4975 Ecclesiae
2622 4917 2732 4988 (34)
2772 4917 2924 4975 clara
2962 4917 3256 4988 defertur;
3299 4922 3356 4974 et
3393 4916 3669 4990 quoniam
3709 4915 3801 4973 vir

287 5016 430 5061 mox
488 5003 551 5061 in
608 5005 734 5078 ejus
791 5024 1023 5081 egressu
1069 5016 1225 5068 tanto
1268 5011 1452 5084 ipsius
1498 5028 1683 5086 equus
1737 5011 2005 5086 infigitur
2085 5014 2279 5066 tantus
2335 5006 2649 5065 sacerdotio
2701 5013 2968 5065 censetur
3023 5006 3268 5066 idoneus
3321 5012 3494 5082 atque
3552 5007 3798 5081 negotiis

287 5090 433 5160 luto,
471 5100 537 5150 ut
570 5095 739 5152 nullo
777 5098 1082 5176 conamine
1119 5114 1195 5156 ex
1233 5114 1300 5158 eo
1337 5099 1614 5172 potuisset
1651 5116 2002 5173 exsurgere;
2087 5099 2486 5159 ecclesiasticis
2525 5114 2699 5170 quam
2749 5099 3006 5157 maxime
3059 5097 3419 5156 necessarius
3475 5096 3612 5168 (35),
3667 5114 3797 5172 per-

287 5193 468 5252 eques
519 5197 654 5241 vero
701 5185 783 5242 ita
827 5201 887 5244 se
937 5187 1280 5262 impeditum
1332 5188 1726 5260 considerans,
1765 5197 1820 5247 et
1864 5189 2002 5264 quid
2088 5189 2295 5248 ductus
2325 5189 2395 5246 ad
2426 5203 2726 5248 summum
2752 5189 3106 5262 pontificem,
3140 5194 3281 5247 tunc
3310 5187 3668 5264 Stephanum
3702 5189 3794 5247 vi-

1454 5301 1857 5363 GODEFBIDI
1897 5302 2361 5364 HENSGHENII
2402 5302 2642 5361 NOTAE.

355 5397 459 5469 (34)
508 5396 593 5469 A_d
643 5400 1346 5469 aurgsnsanctmnliomanw
1395 5404 1634 5454 ecclesia}.
1690 5403 1856 5469 Variis
1900 5417 2002 5455 no-
2129 5402 2248 5469 (35)
2271 5401 2536 5469 _Nego_tiis
2587 5400 2955 5469 ecclesiasticis
3020 5416 3184 5469 quam
3212 5468 3219 5469 ί
3249 5404 3490 5469 maxime
3549 5417 3795 5456 necessa-

291 5463 392 5527 tus
427 5461 474 5508 Β.
526 5461 708 5527 Petrus
755 5462 851 5527 fuit
899 5464 1260 5527 pontiﬁcibus,
1305 5478 1425 5515 cum
1477 5469 1690 5517 exstent
1733 5468 1853 5527 ejus
1894 5469 2002 5523 epi-
2082 5461 2239 5516 rius.'
2271 5461 2461 5514 Fuerat
2519 5471 2640 5527 ante
2688 5477 2720 5513 a
2757 5461 3044 5519 Clemente’
3079 5469 3117 5519 ll
3161 5468 3227 5520 ad
3271 5467 3559 5520 Heuricum
3604 5469 3646 5518 ll
3694 5469 3791 5518 im-

290 5523 455 5594 stolae.
495 5523 563 5594 ad
617 5523 936 5594 Gregorium
993 5525 1068 5583 Vl,
1124 5527 1447 5594 Clementem
1485 5528 1546 5594 ll,
1583 5529 1632 5578 S.
1669 5523 1898 5594 Leonem
1933 5530 1999 5581 1x
2081 5531 2407 5594 perlatorem,
2450 5526 2554 5594 qui
2591 5531 2869 5594 rex__ejus
2922 5532 3154 5583 nominis
3210 5531 3274 5583 lll
3329 5534 3430 5590 est,
3488 5529 3785 5594 ablegatus,

291 5588 346 5658 et
409 5585 668 5658 Victorem
725 5587 785 5658 l_l,
849 5587 940 5658 qui
992 5599 1186 5644 omnes
1223 5594 1349 5644 ante
1381 5589 1725 5654 Stephanum,
1774 5591 1844 5644 de
1894 5605 2001 5656 quo
2083 5585 2143 5644 iit
2173 5589 2292 5654 ipse
2319 5585 2401 5643 ait
2420 5585 2576 5655 epist.
2611 5589 2640 5641 3
2671 5585 2834 5645 lib.'i.

291 5643 381 5700 hic
421 5648 618 5711 agitur,
664 5643 945 5702 sederunt.
