4106 6204
254 303 349 365 131

1162 301 1224 360 S.
1263 298 1555 360 PETRUS
1597 298 1989 360 DAMIANUS
2027 299 2087 361 S.
2127 299 2200 358 Ii.
2242 300 2307 357 Ε.
2349 300 2827 361 CARDINALIS.

3660 304 3763 362 132

250 430 455 491 delicet
506 445 730 490 nonum
783 428 916 500 (36),
973 430 1048 487 ad
1103 428 1537 501 suscipiendum
1579 423 2100 501 episcopalemAtn
2148 425 2416 495 gaudium
2462 429 2682 484 Domini
2721 428 2807 483 tui
2848 426 3075 498 (Matth.
3111 435 3263 493 xxv,
3297 429 3430 486 Luc.
3460 431 3615 499 XIX).
3645 428 3765 489 Nec

252 521 582 581 cathedram
638 526 750 579 tam
798 520 872 578 ab
934 517 1215 593 episcopis
1278 517 1501 576 caeteris
1563 515 1961 576 ecclesiasticis

253 612 415 683 viris,
472 627 648 687 quam
701 612 771 669 ab
820 612 943 684 ipso
999 623 1227 668 summo
1264 609 1535 682 pontifice
1574 607 1956 681 compellitur.

252 702 379 776 Ipse
403 717 540 759 vero
571 717 685 760 non
713 702 1021 759 immemor
1042 700 1315 757 solitariae
1338 698 1570 772 quietis,
1587 699 1647 757 in
1674 715 1789 772 qua
1817 698 1966 757 divi.

250 807 342 850 nte
374 791 603 849 lectioni
634 807 698 848 ac
724 789 1195 863 contemplationi
1223 788 1481 849 suaviter
1506 804 1708 848 vacare
1726 804 1964 848 consue-

252 886 433 952 verat,
473 897 597 938 eam
640 878 899 937 amittere
951 879 1298 952 civilemque
1352 869 1651 953 strepitum
1707 884 1963 952 repetere

260 969 510 1029 nimium
566 969 1028 1042 perhorrescens,
1085 983 1316 1028 summo
1359 973 1415 1026 et
1459 968 1620 1027 omni
1657 968 1962 1026 conamine

257 1076 457 1119 eorum
510 1059 1051 1133 compellationibus
1095 1058 1408 1117 resistebat.
1450 1057 1562 1128 Qui
1615 1074 1785 1132 porro
1833 1075 1959 1116 eer-

254 1157 455 1207 nentes
485 1149 571 1207 nil
598 1148 719 1207 suis
757 1165 990 1223 prorsus
1032 1148 1543 1219 cohortationibus,
1574 1148 1659 1206 nil
1692 1149 1959 1222 precibus

250 1240 541 1313 proiicere,
614 1241 735 1313 jam
818 1239 870 1297 ei
951 1244 1248 1311 eruperunt
1341 1238 1960 1297 excommunicationis

250 1330 616 1400 sententiam,
648 1329 695 1386 si
757 1328 1039 1387 obstinate
1096 1327 1361 1387 resistere
1414 1328 1564 1386 ultra
1602 1329 1955 1399 decerneret,

250 1419 556 1478 intentare.
609 1418 758 1489 Quid
824 1418 1044 1491 plura?
1092 1418 1375 1477 Dominus
1436 1418 1667 1477 tandem
1727 1426 1957 1492 aposto-

248 1506 397 1565 licus
440 1521 623 1567 unum
669 1506 1056 1579 superaddere.
1102 1506 1344 1579 studuit,
1392 1508 1551 1580 quod
1606 1507 1679 1565 ab
1718 1522 1786 1565 eo
1830 1522 1961 1565 con-

250 1598 430 1655 temni
460 1612 695 1671 prorsus
728 1597 1005 1670 nequivit.
1046 1597 1167 1656 Sub
1193 1596 1539 1655 obedientise
1566 1612 1823 1671 namque
1849 1597 1959 1655 sibi

249 1687 522 1760 prmcepit
556 1686 800 1759 imperio
837 1692 901 1746 ut
932 1686 1335 1761 obtemperans
1368 1687 1661 1757 fratribus,
1717 1687 1957 1761 placide,

2043 515 2151 575 hoc
2200 520 2389 574 tamen
2447 515 2561 574 sibi
2617 513 2881 576 suﬂicere
2922 514 3215 590 judicans,
3271 518 3322 575 si
3375 533 3510 592 erga
3580 519 3765 580 unius

2043 607 2271 662 tantum
2308 604 2577 665 Ecclesia
2616 605 2845 678 plebem
2886 604 3015 676 (39),
3044 604 3143 664 cui
3179 603 3447 664 videlicet
3491 615 3759 682 praeerat,

2043 692 2569 752 administrationis
2615 708 2738 751 suae
2789 707 2991 751 curam
3050 692 3451 767 praetenderet,
3501 693 3644 754 dum
3700 711 3764 757 se

2044 782 2266 840 cunctis
2294 782 2463 841 sciret
2496 782 2827 842 obnoxium
2852 782 3169 854 conservis,
3204 782 3265 841 in
3295 798 3415 842 una
3448 799 3647 844 secum
3674 786 3760 844 fa-

2044 870 2209 927 milia
2232 871 2588 944 conscriptis,
2622 888 2683 932 se
2722 871 3041 931 sollicitum
3077 872 3410 946 exhibebat,
3440 889 3762 950 omnesque

2044 961 2259 1025 lucrari
2289 960 2407 1019 Deo
2434 962 2697 1035 cupiens,
2734 970 3015 1036 tanquam
3064 977 3243 1037 sagax
3282 962 3521 1024 rimator
3548 965 3756 1039 piscosi

2043 1050 2290 1124 gurgitis
2343 1051 2584 1111 solerter
2644 1053 3050 1127 investigabat,
3107 1052 3293 1114 sicubi
3345 1070 3449 1128 pro
3498 1057 3760 1130 qualibet

2042 1141 2407 1201 solemnitate
2455 1144 2655 1216 populi
2708 1144 3027 1204 multitudo
3078 1144 3414 1218 conﬂueret,
3465 1152 3758 1221 quatenus

2040 1231 2227 1290 divini
2267 1232 2431 1292 verbi
2478 1233 2601 1292 lina
2642 1234 2993 1294 submittens
3037 1234 3233 1309 plures
3270 1250 3476 1310 cepere
3499 1242 3559 1295 et
3584 1240 3755 1311 quasi

2039 1319 2112 1378 de
2157 1321 2444 1380 mundani
2491 1323 2742 1397 aequoris
2798 1323 3086 1396 profundo
3129 1323 3198 1383 ad
3252 1324 3491 1398 superni
3538 1326 3753 1385 amoris

2041 1410 2154 1468 alta
2205 1410 2511 1471 sustollere
2572 1419 2780 1485 posset.
2818 1411 3241 1487 Hujusccmodi
3298 1430 3547 1489 namque
3604 1415 3753 1476 lucri

2040 1501 2225 1574 gratia
2243 1501 2414 1576 longe
2430 1501 2705 1562 diurnam
2730 1504 2919 1564 lucem
2941 1501 3237 1564 multoties
3263 1520 3401 1567 eum
3425 1505 3752 1579 praevenire

2042 1592 2472 1665 conspeximus,
2505 1593 2553 1651 si
2603 1593 2732 1651 talis
2776 1598 3099 1654 conventus
3151 1591 3517 1667 longiuscule
3567 1595 3750 1668 ﬁeret,

2043 1699 2119 1741 ne
2144 1690 2475 1757 competens
2493 1685 2919 1744 sermocinandi
2944 1684 3058 1743 sibi
3081 1684 3225 1744 hora
3255 1685 3542 1745 transiret.
3559 1683 3753 1760 Sape-

250 1776 404 1851 quod
476 1775 789 1850 jubebatur
848 1783 1204 1848 assumeret;
1264 1792 1518 1852 moxque
1568 1777 1755 1851 ipsius
1810 1777 2292 1855 arri-Bnumem
2317 1791 2553 1851 quoque
2582 1777 2759 1837 illum
2787 1777 3062 1841 novimus
3096 1775 3327 1839 acribus
3357 1774 3616 1835 febribus
3646 1791 3753 1836 nos

250 1864 417 1939 piens
458 1863 757 1923 dexteram
799 1866 1021 1925 annulo
1066 1867 1245 1926 simul
1283 1867 1502 1926 dolavit
1535 1870 1590 1923 et
1627 1866 1787 1940 virga
1822 1864 1956 1937 (37).

250 1953 475 2025 Quibus
510 1955 778 2015 videlicet
827 1956 1014 2015 arrhis
1053 1956 1334 2016 Ostiensis
1377 1957 1489 2015 sibi
1536 1957 1832 2032 copulavit
1866 1959 1961 2015 Ec-

250 2045 507 2104 elesiam.
541 2047 887 2121 Episcopatu
919 2064 1055 2107 vero
1094 2050 1203 2106 hoc
1234 2049 1436 2107 ordine
1465 2056 1782 2124 assumpto,
1811 2049 1960 2109 illud

248 2135 406 2195 illico
435 2137 495 2194 in
528 2151 588 2194 se
613 2138 847 2209 agnovit
878 2137 1180 2211 impletum
1213 2138 1366 2211 quod
1398 2154 1498 2211 per
1524 2139 1804 2199 visionem
1847 2140 1959 2197 sibi

248 2227 438 2283 fuerat
485 2231 619 2284 ante
676 2227 990 2285 triennium
1036 2228 1376 2287 revelatum.
1408 2228 1584 2287 l’orro
1635 2231 1785 2289 visio
1832 2230 1961 2288 talis

245 2313 434 2374 fuerat
470 2334 485 2374 :
520 2315 757 2388 putabat
795 2316 905 2373 sibi
940 2332 1206 2390 sponsam
1256 2316 1637 2376 clarissimam
1690 2320 1811 2377 fore
1855 2320 1959 2378 do-

250 2409 445 2476 tatam,
478 2419 655 2477 quam
706 2420 822 2463 non
870 2406 1203 2479 contingere
1251 2422 1356 2463 nec
1401 2422 1569 2480 aequo
1618 2407 1819 2465 saltem
1868 2408 1960 2466 in-

252 2491 403 2550 tuitu
456 2491 684 2549 valebat
740 2493 1052 2564 inspicere;
1107 2493 1201 2551 eui
1246 2501 1439 2553 tamen
1492 2493 1834 2554 nullatenus
1869 2511 1963 2553 re-

254 2580 524 2637 nuntiare
545 2579 815 2651 audebat,
838 2587 1111 2654 tanquam
1138 2582 1249 2641 sibi
1271 2584 1406 2656 jure
1427 2584 1769 2659 conjunctae.
1796 2584 1961 2656 Quod

256 2671 394 2730 huic
439 2669 609 2743 plane
660 2670 888 2743 negotio
946 2687 1181 2745 prorsus
1240 2674 1606 2734 concinuisse
1666 2677 1961 2750 perspexi-

253 2776 403 2818 mus.
454 2760 823 2831 Agnovimus
866 2762 1021 2820 enim
1070 2763 1262 2835 ipsum
1297 2779 1469 2838 super
1518 2765 1624 2824 hoc
1668 2766 1963 2826 multoties

254 2856 641 2926 conquestum
691 2851 888 2920 fuisse,
920 2852 1201 2925 injunctae
1234 2859 1421 2911 tamen
1462 2854 1810 2915 obedientize
1841 2873 1964 2915 sar-

252 2940 464 3011 ciuam,
499 2941 817 3015 quamlibet
867 2956 1188 3014 onerosam,
1218 2959 1251 3000 a
1279 2944 1401 3002 suis
1431 2960 1693 3020 unquam
1721 2948 1966 3006 cervici-

254 3030 362 3087 bus
388 3036 663 3089 excutere
694 3029 939 3089 minime
974 3033 1431 3105 prmsumpsisse.

918 3137 1163 3199 CAPUT
1186 3140 1309 3199 XV.

254 3232 497 3289 Salutem
553 3233 881 3296 animarum,
918 3236 969 3287 et
1031 3233 1236 3288 Clu-isti
1282 3249 1345 3287 ac
1391 3234 1452 3289 B.
1501 3231 1741 3302 Virginis
1788 3238 1966 3293 cultus

357 3306 832 3375 ampliﬁcationem
869 3321 988 3358 cum
1030 3321 1142 3359 suae
1172 3306 1373 3359 salutis
1408 3307 1652 3375 periculo
1680 3314 1855 3364 curat.

324 3390 469 3451 Cum
501 3408 562 3451 se
585 3392 771 3465 igitur
806 3393 1202 3467 perpendisset
1250 3392 1577 3453 istiusmodi
1601 3394 1762 3469 jugis
1793 3398 1968 3456 nexi-

255 3482 368 3540 bus
398 3480 587 3539 taliter
608 3481 1023 3556 mancipatum,
1038 3498 1143 3541 nec
1158 3484 1279 3555 jam
1296 3483 1407 3541 sibi
1426 3482 1600 3542 licere
1620 3484 1806 3544 solitae
1827 3501 1965 3545 con-

256 3570 614 3644 templationi
645 3571 826 3630 libere
848 3571 1163 3644 deservire,
1195 3572 1507 3632 arbitratus
1531 3578 1617 3631 est
1642 3576 1965 3649 praeterito-

253 3676 385 3718 rum
411 3660 711 3735 dispendia
741 3660 918 3721 lucris
945 3662 1067 3721 fore
1096 3662 1465 3736 sequentium
1496 3666 1962 3741 compensanda;

251 3762 367 3821 quo
418 3749 684 3809 Rachelis
730 3751 1023 3810 venustati
1080 3751 1183 3825 (38)
1228 3751 1359 3829 Lis),
1397 3757 1587 3826 posset
1644 3755 1968 3816 fecunditas

252 3842 591 3915 comparari.
646 3842 721 3901 Ut
788 3843 976 3901 ﬁdelis
1057 3843 1240 3917 igitur
1309 3859 1513 3904 servus
1566 3861 1633 3905 ac
1683 3846 1963 3922 prudens,

259 3928 583 3991 Dominieae
648 3947 709 3990 se
782 3932 1022 3991 familiae
1095 3938 1522 4008 procuratorem
1587 3938 1965 3997 constitutum

255 4034 628 4093 cognoscens,
665 4021 837 4094 erepit
883 4021 1123 4081 solerter
1168 4038 1475 4096 procurare
1517 4033 1805 4097 quatenus
1841 4042 1969 4087 sus-

259 4114 486 4181 ceptum
527 4110 922 4168 ministerium
962 4109 1150 4168 taliter
1172 4109 1286 4169 sibi
1325 4112 1704 4173 commissum
1741 4116 1973 4191 impen-

256 4198 417 4255 deret
470 4202 534 4255 ut
587 4197 903 4256 adventum
965 4197 1335 4258 Dominicum
1400 4208 1589 4273 posset
1650 4201 1975 4277 intrepidus

258 4291 612 4361 exspectare,
666 4293 898 4361 tamque
949 4288 1181 4361 plenam
1241 4295 1297 4350 et
1348 4293 1659 4365 perfectam
1724 4309 1974 4354 annonae

259 4390 594 4433 mensuram
659 4376 781 4433 suis
836 4375 1111 4434 exhibere
1166 4380 1482 4453 conservis,
1539 4397 1654 4455 quo
1707 4382 1976 4443 veniente

2045 1874 2131 1929 etc
2177 1870 2526 1942 confectum,
2562 1885 2701 1929 mox
2736 1874 2863 1929 orto
2900 1869 3040 1941 sole,
3074 1869 3401 1941 ingressum
3448 1866 3749 1926 ecclesiam

2042 1960 2354 2020 missarum
2390 1960 2695 2020 inchoasse
2736 1959 3042 2032 solemnia,
3066 1964 3125 2018 et
3150 1973 3336 2036 usque
3367 1965 3594 2020 sextam
3635 1960 3756 2019 fere

2043 2048 2266 2120 horam,
2295 2049 2448 2107 edita
2476 2063 2637 2121 voce,
2666 2048 2728 2107 in
2760 2062 2929 2107 aures
2953 2047 3129 2106 totius
3158 2045 3348 2121 plebis
3369 2048 3757 2122 protrahenda

2043 2150 2372 2196 sermonem
2402 2152 2521 2195 non
2550 2151 2800 2210 parvum
2829 2135 2997 2196 nobis
3025 2151 3101 2194 ex
3130 2150 3193 2196 se
3228 2134 3547 2209 prmbuisse
3577 2135 3755 2194 mira-

2042 2224 2265 2296 culum,
2296 2239 2431 2285 cum
2461 2230 2520 2284 et
2541 2226 2927 2285 robustiorem
2961 2224 3187 2283 viribus
3210 2229 3270 2282 et
3292 2223 3598 2283 clariorem
3635 2225 3757 2283 elo-

2041 2313 2181 2389 quio
2224 2328 2617 2388 cerneremus,
2668 2331 2845 2389 quem
2882 2318 3007 2391 jam
3057 2332 3209 2391 pene
3243 2316 3610 2376 defectumm
3656 2331 3756 2376 su-

2043 2403 2428 2477 spicabamur.
2456 2404 2582 2475 Quo
2625 2405 2797 2480 plane
2838 2406 3075 2465 daretur
3117 2405 3367 2479 intelligi
3410 2420 3528 2464 non
3573 2404 3757 2465 alium

2046 2491 2230 2565 ipsius
2277 2508 2376 2551 ore
2421 2492 2773 2565 concionari,
2821 2509 3001 2568 quam
3048 2493 3241 2564 illum,
3293 2494 3400 2568 qui
3440 2492 3761 2566 discipulos

2046 2595 2181 2641 suos
2224 2582 2456 2655 docens,
2486 2581 2676 2641 aiebat
2722 2605 2736 2641 :
2785 2586 2909 2644 Non
2954 2586 3099 2639 enim
3142 2598 3237 2639 vos
3277 2586 3410 2640 estis
3449 2584 3549 2653 qut
3577 2584 3758 2652 loqui-

2045 2674 2203 2738 mini,
2231 2672 2328 2728 sed
2372 2674 2617 2744 Spiritus
2640 2676 2826 2730 Patris
2872 2676 3046 2731 uestri
3076 2676 3180 2745 qui
3225 2674 3472 2744 loquitur
3506 2675 3567 2728 in
3606 2672 3758 2727 vobis

2049 2764 2276 2830 (Matth.
2324 2764 2410 2836 Χ).
2460 2762 2642 2837 Cujus
2692 2763 2962 2822 videlicet
3000 2763 3258 2839 eloquia,
3307 2760 3757 2836 velutelargis—

2047 2850 2195 2909 sima
2225 2851 2399 2911 fontis
2424 2868 2574 2911 vena
2602 2852 3010 2925 redundantia,
3058 2853 3430 2927 singulorum
3460 2850 3757 2926 capacitati

2046 2954 2301 3013 congrua
2352 2941 2711 3015 propinabat.
2758 2941 2900 3012 Quae
2940 2941 3247 3013 nimirum,
3291 2941 3399 3001 etsi
3447 2940 3761 3015 aliquando

2048 3028 2266 3088 fuerint
2312 3029 2650 3103 prolixiora,
2700 3032 2856 3090 nulli
2906 3037 3100 3091 tamen
3144 3046 3269 3092 esse
3318 3036 3579 3106 poterant
3621 3044 3761 3089 one—

2052 3134 2197 3178 rosa.
2253 3118 2395 3189 Qute
2441 3134 2651 3194 nempe
2703 3121 3021 3180 onerositas
3074 3121 3137 3180 in
3185 3120 3346 3181 illius
3395 3135 3523 3180 esse
3570 3123 3762 3195 posset

2051 3208 2436 3281 sermonibus,
2467 3208 2687 3283 quibus
2714 3210 2918 3270 erectis
2961 3210 3205 3269 auribus
3235 3214 3512 3285 tanquam
3545 3206 3765 3267 divinis

2048 3295 2348 3355 aﬂ‘ectibus
2400 3295 2476 3354 ab
2536 3296 2815 3356 omnibus
2884 3295 3348 3356 intendebatur?
3395 3301 3497 3355 aut
3563 3295 3761 3354 infru-

2047 3390 2243 3445 ctuosa
2282 3385 2413 3459 ejus
2446 3401 2575 3444 esse
2616 3391 2878 3459 poterant
2904 3387 3099 3457 verba,
3130 3385 3231 3445 cui
3254 3385 3440 3445 sancti
3487 3399 3759 3459 coopera-

2048 3475 2220 3535 batur
2274 3475 2528 3550 Spiritus
2580 3474 2815 3551 gratia?
2869 3475 3132 3537 Minime.
3162 3475 3316 3535 Hinc
3363 3491 3622 3552 namque
3674 3482 3766 3535 est

2046 3568 2206 3642 quod
2234 3566 2357 3627 dies
2382 3567 2584 3627 Grueis
2603 3567 2722 3639 (40)
2752 3568 2826 3626 ab
2856 3568 3188 3627 innumeris
3211 3566 3485 3627 ﬁdelibus
3511 3566 3620 3625 hac
3648 3571 3766 3625 tota

2049 3658 2348 3733 provincia
2373 3658 2448 3719 ob
2473 3657 2861 3719 reverentiam
2903 3658 3224 3720 Dominicre
3263 3656 3551 3733 passionis
3575 3658 3635 3717 in
3659 3658 3764 3716 ab-

2048 3750 2320 3810 stinentia
2370 3751 2715 3812 celebratur.
2769 3751 2956 3822 Quam
3017 3750 3285 3811 videlicet
3336 3749 3762 3810 observantiam

2046 3840 2202 3899 idem
2248 3841 2463 3915 passim
2490 3843 2766 3902 omnibus
2814 3842 3136 3917 praedicans
3198 3840 3553 3902 hortabatur.
3611 3840 3764 3901 Hinc

2051 3933 2439 3995 nihilominus
2458 3942 2678 3995 constat
2693 3936 2844 4009 quod
2858 3936 3126 3995 omnium
3146 3936 3423 3995 horarum
3444 3933 3631 3994 oﬂicia
3648 3935 3764 4005 (41)

2052 4026 2115 4083 in
2183 4026 2401 4085 honore
2447 4026 2619 4085 almae
2668 4025 2771 4084 Dei
2826 4025 3123 4100 genitricis
3167 4025 3230 4083 in
3270 4024 3544 4100 pluribus
3585 4023 3765 4083 eccle-

2061 4114 2165 4173 siis
2216 4115 2511 4188 instantia,
2579 4114 2841 4173 maxima
2895 4121 3125 4189 gestum
3176 4118 3334 4189 parte
3389 4112 3766 4189 dignoscitur.

2058 4202 2223 4274 Quod
2269 4204 2579 4263 matricum
2625 4202 2999 4264 ecclesiarum
3047 4204 3268 4263 clerum
3304 4218 3405 4279 per
3445 4201 3767 4262 Romanam

2057 4296 2419 4373 provinciam
2494 4294 2756 4369 undique
2808 4294 2921 4354 sibi
2970 4294 3303 4367 contiguam
3356 4297 3767 4367 congregatum

2058 4388 2426 4462 inspicimus,
2454 4401 2669 4461 eosque
2713 4383 2999 4455 nonnulla
3037 4382 3303 4445 canonici
3332 4383 3479 4453 ritus
3501 4380 3766 4455 vestigia,

268 4464 533 4539 Domino,
578 4472 897 4525 mereretur
942 4467 1143 4527 audire
1178 4494 1192 4528 :
1240 4474 1410 4543 Euge,
1441 4489 1591 4528 serve
1645 4475 1793 4541 bone,
1824 4476 2035 4536 intraD
2058 4482 2176 4542 Deo
2219 4479 2469 4552 favente,
2504 4478 2722 4547 imitari
2766 4477 3172 4555 applaudimus
3213 4476 3340 4551 qui,
3365 4474 3583 4543 relictis
3625 4472 3765 4539 011m

1422 4600 1831 4665 GODEFRIDI
1866 4606 2331 4670 HENSCHENII
2369 4605 2611 4667 NOTZE.

323 4701 424 4766 (36)
478 4700 819 4767 Stephanum
879 4703 1122 4759 υἱιίθίίοίι
1173 4718 1401 4760 nonum.
1464 4710 1765 4776 Stephanus
1816 4726 1963 4769 crea-

254 4775 342 4825 tus
392 4788 447 4827 ιν
503 4776 681 4827 Nonas
734 4776 952 4840 Augusti
1006 4779 1133 4829 anui
1202 4779 1355 4839 1057,
1421 4775 1665 4837 mortuus
1733 4797 1791 4838 ιν
1845 4786 1959 4841 Kal.

259 4845 467 4909 Apriliis
489 4848 618 4898 anni
652 4846 789 4897 1058.

320 4917 420 4977 (37)
472 4916 684 4969 Annulo
732 4918 895 4969 simul
944 4918 1151 4972 dolavit
1200 4924 1251 4974 et
1294 4920 1465 4985 virga.
1510 4924 1657 4975 Anno
1704 4925 1843 4988 1058,
1882 4928 1962 4980 uti

258 5000 420 5051 supra
450 4990 753 5051 probatum,
786 4993 1003 5043 creatus
1028 4991 1336 5043 cardinalis.

322 5057 427 5121 (38)
474 5060 584 5126 Quo
634 5060 871 5115 Rachelis
910 5062 1204 5117 venustati.
1246 5063 1317 5115 De
1364 5064 1473 5115 vita
1514 5066 1686 5117 activa
1730 5069 1785 5119 et
1825 5079 1961 5125 cou-

262 5130 570 5193 templat‘va
619 5132 719 5184 sub
771 5135 947 5197 llgut‘a
987 5136 1087 5187 ina:
1133 5137 1184 5188 et
1236 5134 1477 5188 Iiichelis
1533 5137 1794 5198 praeiere
1851 5140 1959 5193 dis-

263 5201 396 5253 serit
562 5202 746 5324 [gelrus
787 5218 974 5268 opusc.
1036 5208 1110 5267 i3,
1164 5207 1235 5259 De
1286 5205 1619 5270 perfectione
1672 5210 1958 5264 monacho-

266 5285 455 5324 rum.c
494 5286 542 5324 n.
602 5311 613 5323 .

266 5286 403 5333 rum,
428 5283 542 5335 cap.
568 5283 613 5324 δ.

324 5343 429 5407 (39)
449 5344 520 5420 si
539 5357 669 5420 erga
693 5345 1095 5420 uniustanlum
1128 5348 1365 5405 Ecclesia:
1394 5351 1607 5415 plebem.
1633 5352 1717 5407 llli
1746 5366 1964 5420 quoque

262 5415 809 5489 commissstmfuisse
834 5417 1164 5482 L‘ugubinam
1200 5421 1488 5475 Ecclesium
1519 5436 1685 5489 supra
1704 5415 1961 5478 diximus.

328 5488 438 5551 (40)
488 5486 637 5553 Quod
681 5488 790 5540 dies
838 5490 1031 5543 crucis.
1087 5492 1320 5555 Singulis
1368 5486 1966 5550 scilicetvhebdomadis

268 5560 407 5684 Σεὲτῇ
448 5563 620 5684 se'xta,
672 5559 739 5612 de
780 5572 889 5626 quo
931 5562 1141 5625 jejunio
1183 5563 1325 5617 infra
1364 5564 1561 5620 iterum
1594 5567 1778 5631 agitur
1810 5579 1964 5625 lum.

430 5644 487 5684 se
534 5669 547 5684 .

354 5642 407 5685 et
430 5642 547 5696 seq.

2127 4719 2228 4777 (tu
2278 4714 2538 4769 Omnium
2578 4714 2842 4769 horarum
2884 4712 3088 4779 ofﬁcia.
3131 4710 3389 4765 “factum
3428 4722 3592 4765 suum
3632 4719 3771 4773 ergo.

2063 4788 2226 4841 horas
2274 4787 2437 4840 otilcii
2501 4788 2552 4839 Β.
2619 4786 2847 4851 Virginis
2912 4784 3150 4853 Delirare
3218 4783 3406 4849 pendit
3464 4782 3516 4853 Β.
3590 4782 3774 4853 Petrus

2062 4868 2255 4922 opusc.
2313 4858 2372 4909 10
2422 4858 2494 4909 De
2542 4857 2692 4910 horis
2739 4852 3047 4920 canonicis,
3101 4867 3218 4920 cap.
3291 4853 3387 4917 10,
3449 4852 3539 4906 ubi
3589 4852 3772 4905 narrat

2061 4928 2317 4981 horarum
2384 4927 2706 4979 beatissimus
2770 4925 3003 4989 Virginis
3063 4925 3365 4979 studiosum
3424 4925 3771 4990 peccatorum

2062 4999 2277 5052 veniam
2310 5009 2408 5063 per
2434 5000 2679 5052 eamdem
2714 4998 3056 5063 impetrasse.
3093 4997 3377 5051 Fortunius
3399 4996 3472 5049 ait
3503 5009 3517 5047 :
3543 5014 3570 5042 α
3600 4992 3656 5045 Β.
3684 4992 3773 5045 Pe-

2063 5074 2206 5125 trum
2255 5069 2494 5133 legatum
2534 5071 2605 5125 de
2651 5069 2824 5123 latere
2884 5082 2984 5133 per
3035 5071 3202 5123 totum
3260 5066 3464 5120 Italiam
3526 5066 3766 5115 missum.

2063 5144 2123 5192 ut
2170 5139 2539 5205 promulgaret
2587 5140 2809 5199 decreta
2858 5141 2929 5195 de
2974 5140 3210 5196 dicendo
3265 5138 3443 5191 animo
3490 5136 3542 5189 Β.
3599 5137 3772 5187 Maria:

2065 5212 2316 5276 Virginis,
2361 5214 2415 5263 et
2452 5213 2722 5278 Jejunium
2768 5216 2939 5264 sextae
2981 5212 3129 5265 feriae
3170 5211 3225 5262 in
3265 5208 3771 5278 honoremsanctte

2063 5283 2244 5336 crucis
2293 5277 2459 5335 simul
2508 5284 2790 5336 indiceret.
2843 5302 2869 5330 υ
2922 5283 3133 5345 Verum,
3188 5280 3314 5343 quia
3369 5289 3488 5330 eam
3543 5277 3769 5341 legatio-

2063 5365 2190 5407 nem
2254 5353 2423 5406 reiert
2469 5354 2766 5409 institutam
2820 5368 2856 5409 ι
2905 5352 3163 5416 Gregorio
3207 5349 3307 5413 νη,
3366 5351 3621 5412 suspecta
3665 5350 3766 5410 est,

2065 5436 2188 5477 cum
2224 5428 2435 5478 constet
2467 5426 2520 5478 B.
2557 5426 2767 5481 Petrum
2809 5429 2934 5479 ante
2975 5426 3097 5489 ejus
3138 5419 3509 5486 pontiﬁcatum
3549 5420 3769 5473 obiisse.

2068 5496 2343 5554 Rationem
2406 5499 2668 5564 temporis
2734 5499 2791 5551 in
2856 5498 2956 5551 hac
3024 5495 3132 5546 Vita
3193 5494 3447 5547 accurate
3500 5495 3768 5548 servatam

2066 5567 2406 5621 arbitramur.
