4106 6204
270 327 373 387 135

1201 324 1259 383 S.
1303 321 1598 381 PETRUS
1636 320 2030 383 DAMIANUS
2072 322 2130 382 S.
2174 323 2243 383 R.
2287 323 2352 383 Ε.
2395 323 2874 387 GARDINALIS.

3690 330 3791 391 136

268 452 411 510 libet
464 446 813 509 conditionis
883 447 1059 507 homo
1103 464 1285 522 purus
1343 447 1635 518 instituit;
1686 454 1761 516 et,
1821 449 2414 521 proutApoenitentia
2442 450 2595 509 inter
2622 450 2931 511 missarum
2951 452 3234 510 solemnia
3254 453 3787 527 reconciliarentur,

268 541 542 601 voluntas
594 546 734 610 erat,
782 545 883 599 aut
940 539 1203 609 facultas,
1264 538 1603 613 specialium
1650 539 1987 613 praerogati-

267 646 474 689 varum
499 630 626 702 ejus
665 630 797 701 jura
844 628 1134 699 praefixit;
1181 626 1505 686 Romanam
1547 634 1740 685 autem
1787 626 1987 687 Eccle-

268 721 412 778 siam
454 718 612 777 solus
640 717 744 775 ille
783 717 1070 787 fundavit,
1113 724 1170 776 et
1206 733 1380 791 super
1415 724 1637 791 petram
1677 718 1811 776 fidei
1848 733 1986 775 mox

267 809 559 868 nascentis
630 808 817 865 erexit
878 807 1083 879 (Ibid),
1143 806 1246 880 qui
1298 806 1462 864 beato
1516 807 1646 864 caeli
1698 805 1988 879 clavigero

272 896 440 956 Petro
474 896 686 955 terreni
724 895 900 954 simul
930 902 989 954 et
1021 894 1269 954 caelestis
1308 896 1536 971 imperii
1570 898 1704 971 jura
1741 896 1988 955 commi-

269 985 361 1044 sit.
394 984 560 1044 Illius
606 999 742 1058 ergo
774 984 1080 1057 privilegio
1126 984 1409 1058 fungitur,
1448 984 1609 1045 illius
1651 985 1989 1043 auctoritate

270 1071 529 1134 fulcitur.
579 1073 738 1132 Unde
788 1088 903 1131 non
948 1073 1195 1131 dubium
1244 1074 1397 1147 quod
1445 1074 1714 1147 quisquis
1751 1074 1990 1133 cuilibet

271 1161 546 1221 Ecclesiae
596 1162 694 1236 jus
742 1176 916 1220 suum
962 1161 1230 1231 detrahit,
1278 1162 1623 1236 injustitiam
1671 1165 1841 1235 facit;
1887 1161 1988 1236 qui

269 1257 462 1310 autem
493 1251 772 1310 Romanae
798 1251 1072 1310 Ecclesia;
1094 1251 1488 1325 privilegium,
1509 1252 1581 1310 ab
1602 1253 1728 1325 ipso
1757 1268 1989 1311 summo

271 1341 661 1400 Ecclesiarum
704 1340 970 1401 omnium
1010 1341 1194 1415 capite
1241 1341 1514 1401 traditum
1549 1342 1777 1401 auferre
1815 1358 1989 1401 cona-

272 1435 387 1500 tur,
428 1427 525 1486 bic
568 1428 820 1502 profecto
857 1429 921 1487 in
957 1429 1228 1488 hmresim
1263 1429 1498 1488 labitur.
1538 1429 1740 1489 Fidem
1777 1432 1992 1505 quippe

270 1517 449 1576 violat
491 1517 593 1590 qui
644 1517 924 1579 adversus
951 1520 1116 1578 illam
1144 1521 1281 1594 agit,
1310 1537 1446 1595 quas
1480 1527 1660 1580 mater
1708 1529 1793 1580 est
1829 1520 1986 1593 fidei,

272 1615 329 1667 et
361 1608 524 1667 illius
549 1616 866 1668 contumax
903 1610 1202 1669 invenitur
1236 1610 1342 1684 qui
1381 1626 1510 1669 eam
1539 1612 1763 1671 cunctis
1797 1611 1991 1671 Eccle-

275 1697 378 1757 siis
417 1697 744 1771 praetulisse
789 1700 1172 1771 cognoscitur.
1204 1699 1310 1757 His
1355 1699 1549 1773 itaque
1587 1700 1834 1776 aliisque
1879 1700 1992 1770 (48)

275 1785 722 1861 quampluribus
747 1787 1072 1847 rationibus
1098 1788 1168 1846 de
1207 1789 1590 1861 praerogativa
1636 1794 1695 1847 et
1739 1789 1992 1861 primatu

275 1876 429 1936 sedis
466 1877 794 1950 apostolicae
827 1878 1086 1947 redditis,
1120 1878 1368 1953 populus
1405 1881 1644 1937 omnino
1677 1877 1994 1937 benevolus

274 1965 558 2038 redditur,
608 1982 847 2041 seseque
891 1975 1311 2027 exsecuturum
1354 1968 1640 2042 quidquid
1687 1970 1997 2043 injungere

275 2054 589 2128 placuisset
617 2056 978 2115 unanimiter
1015 2058 1333 2131 pollicetur.
1370 2058 1520 2128 Quid
1547 2059 1747 2118 multis
1784 2060 1995 2118 immo-

279 2145 418 2202 ror?
457 2142 637 2202 Adest
677 2144 1019 2204 clericorum
1066 2146 1461 2220 perplurimus
1510 2148 1611 2206 ille
1653 2154 1993 2220 conventus,

278 2233 382 2308 qui
423 2248 497 2291 ex
534 2234 697 2292 omni
728 2235 1123 2304 !Ambrosiana
1164 2237 1454 2309 parochia,
1491 2239 1657 2311 quasi
1705 2238 1776 2297 ad
1821 2253 1997 2311 syno-

276 2324 442 2396 dum,
473 2323 658 2382 fuerat
714 2329 1085 2382 convocatus.
1121 2323 1522 2384 Communiter
1568 2342 1704 2399 ergo
1740 2333 1797 2385 et
1831 2325 1998 2399 sigil-

278 2411 443 2471 latim
494 2411 744 2485 quisque
798 2412 1176 2486 perquiritur,
1222 2420 1275 2471 et
1320 2414 1422 2473 vix
1465 2431 1497 2472 e
1554 2421 1708 2481 tanto
1755 2430 2001 2474 numero

280 2500 575 2575 quiSpiam
602 2508 901 2574 promotus
940 2500 1013 2559 ad
1050 2500 1286 2559 ordines
1324 2501 1450 2559 sine
1486 2503 1668 2576 pretio
1696 2504 1998 2577 reperitur.

282 2591 393 2650 Hic
420 2591 613 2664 itaque
642 2596 785 2663 quot
810 2589 965 2648 curis
994 2590 1265 2662 afﬂictus,
1301 2601 1440 2667 quot
1480 2594 1554 2652 sit
1588 2594 2003 2669 cogitationum

280 2679 536 2740 stimulis
568 2679 834 2738 ttediatus
868 2680 1001 2755 quis
1029 2681 1333 2755 explicet?
1369 2683 1512 2742 Tam
1546 2685 1676 2743 latze
1714 2685 1999 2758 siquidem

281 2769 566 2839 dioecesis,
594 2774 710 2826 tam
750 2768 965 2827 nobilis
1007 2769 1173 2828 urbis
1215 2786 1420 2832 omnes
1466 2773 1753 2843 ecclesias,
1782 2783 1845 2832 ut
1885 2790 2005 2833 ver-

282 2858 374 2917 bis
418 2865 547 2917 utar
590 2857 799 2929 ipsius,
837 2858 1014 2917 sacris
1062 2860 1351 2933 mysteriis
1401 2863 1827 2937 quodammodo
1872 2879 2002 2937 pro-

282 2948 503 3020 fanare,
544 2946 887 3006 Christiana
925 2948 1231 3009 videbatur
1264 2951 1565 3026 religionis
1606 2954 1849 3012 eversio.
1893 2953 2007 3012 Sed

283 3046 339 3097 et
385 3036 704 3111 litigiosum
756 3044 879 3095 erat
925 3037 1225 3110 indulgere
1277 3041 1494 3113 paucis,
1525 3058 1659 3100 cum
1712 3044 1831 3102 fere
1877 3059 2004 3102 om-

2074 548 2413 598 ornamenta
2439 541 2511 599 de
2548 556 2727 601 manu
2755 541 3004 615 episcopi
3045 557 3119 600 ex
3154 542 3493 602 auctoritate
3528 543 3791 605 Toletani

2070 633 2301 690 concilii
2355 634 2716 706 recipientes.
2760 634 2858 691 Eis
2908 632 3103 707 itaque
3150 633 3340 693 taliter
3381 635 3788 710 reconciliatis,

2070 718 2363 781 decretum
2387 728 2471 781 est
2496 730 2559 780 ut
2592 739 2706 781 non
2738 737 2877 780 mox
2904 722 3120 796 passim
3148 724 3424 783 omnibus
3452 726 3792 788 redderetur

2070 808 2346 879 ofﬁcium,
2407 810 2506 868 sed
2572 811 2663 869 his
2728 809 3013 869 duntaxat
3077 811 3180 886 qui
3230 821 3422 871 essent
3475 821 3530 873 et
3585 815 3791 874 litteris

2070 897 2304 968 eruditi,
2335 904 2390 956 et
2437 897 2578 956 casti
2621 905 2677 956 et
2732 912 2963 957 morum
3010 899 3289 970 gravitate
3346 900 3572 961 honesti
3624 903 3789 961 vide-

2070 992 2307 1056 rentur;
2365 987 2588 1045 casteris
2640 993 2835 1046 autem
2887 987 3175 1047 sufficeret
3226 991 3383 1063 quod
3428 1000 3642 1051 sanctae
3680 993 3789 1052 Ec-

2070 1074 2261 1133 clesiae
2302 1090 2403 1147 per
2449 1074 2711 1132 divinam
2753 1076 2999 1149 gratiam
3045 1085 3236 1136 essent
3267 1094 3472 1138 rursus
3502 1079 3727 1153 inserti,
3758 1098 3792 1140 a

2071 1178 2184 1237 qua
2224 1171 2462 1222 eatenus
2508 1164 2736 1221 fuerant
2782 1164 2999 1223 divinae
3048 1165 3305 1225 scientias
3354 1169 3499 1227 falce
3542 1172 3789 1244 praecisi.

2070 1251 2167 1309 Illi
2218 1260 2414 1311 autem
2464 1252 2735 1325 episcopi,
2792 1253 3007 1327 quibus
3057 1254 3503 1315 administrandi
3561 1257 3794 1318 licentia

2072 1340 2351 1412 redditur,
2386 1357 2504 1399 non
2531 1357 2605 1399 ex
2642 1341 2795 1400 male
2840 1350 3087 1400 mercata
3122 1345 3300 1402 veteri
3329 1346 3694 1408 ordinatione
3720 1351 3792 1408 ad

2072 1431 2357 1489 amissum
2402 1438 2744 1503 reparantur
2800 1430 3077 1503 ofﬁcium,
3121 1433 3220 1491 sed
3262 1434 3361 1492 illa
3404 1437 3593 1509 potius
3641 1438 3792 1496 beati

2072 1520 2463 1593 apostolorum
2508 1518 2789 1593 principis
2833 1520 3229 1579 efficacissima
3280 1526 3637 1596 auctoritate,
3678 1543 3795 1599 qua

2072 1606 2136 1663 in
2189 1607 2425 1667 beatum
2473 1608 2867 1682 Apollinarem
2920 1619 3154 1684 repente
3209 1628 3352 1671 usus
3399 1621 3502 1687 est,
3554 1616 3786 1674 dicens:

2076 1696 2281 1770 Surge,
2314 1696 2506 1771 accipe
2543 1696 2824 1770 Spiritum
2851 1708 3136 1771 sanctum,
3171 1700 3468 1777 simulque
3494 1704 3792 1777 pontifica-

2014 1791 2220 1876 Btum.
2259 1784 2400 1844 Haec
2448 1794 2642 1845 autem
2698 1787 2984 1845 succincte
3034 1789 3416 1863 perstringere
3462 1793 3690 1862 curavi,
3731 1798 3799 1851 ut

2077 1884 2283 1936 caetera
2316 1876 2501 1949 ipsius
2544 1882 2719 1949 gesta,
2751 1878 2962 1935 horum
3008 1877 3383 1951 inspectione,
3427 1882 3650 1953 possint
3687 1882 3799 1939 ad-—

2079 1969 2244 2027 verti.
2279 1967 2402 2037 Quo
2432 1967 2682 2042 denique
2713 1968 2883 2026 modo
2914 1984 3019 2041 ego
3048 1967 3211 2027 illius
3238 1978 3363 2028 acta
3388 1987 3599 2045 queam
3629 1970 3801 2044 sigil-

2081 2056 2239 2115 latim
2274 2054 2621 2130 exprimere,
2648 2055 2752 2130 qui
2779 2071 3082 2130 nunquam
3107 2058 3169 2114 in
3196 2065 3391 2117 sancta
3422 2060 3677 2119 Ecclesia
3704 2060 3799 2118 de-

2083 2144 2333 2215 sistebat,
2434 2144 2719 2219 quidquid
2812 2160 3077 2219 pravum,
3156 2147 3439 2221 quidquid
3542 2148 3802 2208 insolens

2083 2231 2407 2304 emergebat
2426 2238 2709 2301 evertere;
2734 2232 3020 2306 quidquid
3033 2249 3168 2291 vero
3184 2235 3348 2308 pium
3373 2251 3439 2295 ac
3461 2236 3800 2310 religiosum

2082 2320 2484 2379 advertebatur
2508 2321 2580 2378 ad
2604 2318 2817 2381 Christi
2842 2322 3087 2395 gloriam
3116 2325 3421 2385 instituere
3439 2330 3466 2383 ?
3492 2328 3557 2385 In
3588 2329 3802 2403 quibus

2085 2426 2221 2468 sane
2247 2409 2556 2483 operandis
2584 2424 2701 2466 non
2734 2424 2910 2484 parva
2949 2426 3085 2471 eum
3112 2414 3355 2473 facultas
3392 2417 3680 2475 divinitus
3704 2435 3798 2478 co-

2085 2499 2413 2570 mitabatur,
2444 2516 2581 2559 cum
2618 2500 2805 2574 ipsius
2829 2502 3185 2562 auctoritatis
3222 2522 3467 2565 censura
3507 2508 3797 2582 penderet,

2084 2592 2227 2666 quid
2264 2591 2326 2650 in
2355 2606 2422 2649 ea
2458 2590 2905 2663 admittendum,
2939 2593 3155 2668 quidve
3185 2597 3471 2667 agendum
3512 2599 3802 2657 canonicis

2086 2681 2484 2741 sanctionibus
2510 2681 2671 2739 foret.
2706 2679 2860 2739 Huic
2902 2682 3139 2754 quidem
3180 2685 3486 2745 assertioni
3534 2694 3647 2746 tota
3684 2689 3800 2748 Ro-

2085 2787 2276 2830 manae
2296 2769 2456 2829 urbis
2477 2773 2783 2828 attestatur
2802 2768 3076 2838 Ecclesia,
3100 2787 3234 2846 quas
3254 2775 3505 2846 quodam
3526 2776 3802 2834 doctrinas

2087 2861 2249 2920 illius
2273 2862 2576 2935 splendore
2599 2860 2888 2921 illustrata
2912 2862 3154 2936 ejusque
3175 2866 3511 2926 auctoritate
3525 2867 3798 2937 subnixa,

2087 2949 2274 3024 ipsius
2320 2950 2592 3011 abscessu
2641 2958 2696 3010 et
2747 2951 2821 3009 ab
2862 2952 3283 3014 exhortationis
3335 2955 3506 3015 verbo
3551 2973 3613 3015 se
3655 2971 3803 3031 pene

2088 3039 2468 3112 obmutuisse,
2516 3047 2572 3097 et
2614 3040 3175 3115 irrecompensabilis
3219 3046 3572 3104 auctoritatis
3615 3046 3805 3105 muni-

284 3125 451 3186 nium
477 3132 624 3184 esset
663 3125 833 3199 culpa
871 3126 1237 3199 communis;
1264 3145 1371 3187 nec
1412 3130 1739 3202 legitimum
1779 3132 2010 3191 videba-
2027 3130 2247 3236 cmine
2268 3129 2522 3190 caruisse
2550 3129 2823 3204 deploret.
2855 3131 3023 3192 Illius
3046 3149 3254 3208 nempe
3274 3134 3584 3194 auctoritas
3602 3151 3805 3194 omnes

288 3223 385 3277 tur
421 3216 711 3276 diversam
758 3216 822 3275 in
862 3233 960 3276 eos
1000 3218 1231 3291 prodire
1276 3220 1642 3293 sententiam,
1678 3237 1813 3280 cum
1860 3230 2009 3282 esset

284 3321 401 3366 una
456 3306 731 3365 omnibus
777 3321 968 3365 causa.
1022 3306 1144 3366 Hoc
1200 3308 1377 3366 etiam
1417 3326 1551 3368 suas
1598 3312 2009 3383 augmentabat

284 3394 601 3467 angustias.
639 3393 787 3465 Quia
814 3394 929 3453 nisi
959 3395 1449 3471 qualemcumque
1484 3398 1796 3458 decisionis
1818 3399 2006 3460 calcu-

286 3481 417 3542 lum
461 3496 634 3541 causa
677 3481 786 3540 ista
832 3483 1165 3556 susciperet,
1216 3484 1329 3542 nisi
1376 3500 1512 3544 cum
1561 3502 1771 3560 magna
1814 3488 2009 3547 homi-

287 3591 437 3635 num
465 3581 652 3648 strage
696 3574 945 3633 furentis
985 3575 1182 3649 populi
1225 3592 1286 3635 se
1323 3576 1515 3651 jurgia
1565 3594 1683 3638 non
1722 3579 2005 3640 sedarent.

287 3666 358 3725 In
387 3670 542 3725 arcto
589 3664 784 3739 itaque
817 3666 1061 3739 positus,
1088 3666 1229 3741 quia
1258 3682 1375 3725 non
1404 3674 1621 3742 poterat
1659 3669 1812 3727 mala
1851 3664 2011 3728 illius

290 3754 561 3814 Ecclesiae
604 3770 760 3813 mera
801 3770 1090 3813 canonum
1139 3755 1474 3815 auctoritate
1518 3758 1825 3831 corrigere,
1881 3765 2010 3819 stu-

288 3846 415 3906 duit
439 3845 645 3904 saltem
675 3848 957 3919 perversis
986 3846 1116 3919 ejus
1143 3846 1351 3906 usibus
1382 3847 1556 3905 finem
1589 3848 1909 3923 imponere,
1943 3865 2010 3907 ac

289 3936 541 4012 gratuito
611 3937 991 4010 promotionis
1045 3935 1312 3995 ordinem
1362 3938 1582 3997 futuris
1658 3940 2010 4014 temporibus

290 4025 615 4100 providere.
665 4024 874 4098 Exegit
931 4024 1125 4100 itaque
1178 4041 1297 4083 non
1355 4027 1545 4085 solum
1593 4026 1667 4085 ab
1722 4030 2009 4103 archiepi-

292 4130 462 4190 scopo
507 4116 646 4188 (49),
674 4130 881 4174 verum
927 4114 1102 4174 etiam
1128 4131 1164 4174 a
1193 4117 1415 4175 cunctis
1463 4119 1593 4192 ejus
1640 4118 2007 4193 ol'ficialibus,

294 4204 366 4262 ad
410 4218 555 4279 quos
599 4203 890 4278 pertinere
931 4203 1256 4276 videbatur,
1296 4205 1699 4266 inviolabilem
1745 4210 2010 4282 sponsio-

293 4309 431 4354 nem
455 4310 559 4369 per
596 4294 955 4353 monimenta
995 4294 1319 4357 litterarum
1365 4297 1491 4371 (50),
1526 4315 1628 4373 per
1665 4316 1842 4360 sacrae
1889 4318 2014 4361 ma-

295 4388 748 4453 nusattactum,
787 4390 1076 4458 postremo
1102 4401 1204 4460 per
1239 4388 1644 4461 evangelicum
1684 4406 2014 4450 sacramen-

295 4479 443 4544 tum,
467 4471 539 4531 de
577 4471 892 4531 simoniaca
939 4473 1065 4531 labe
1115 4482 1168 4533 et
1219 4475 1631 4537 Nicolaitarum
1685 4478 1894 4539 haeresi
1940 4498 2015 4541 ex

299 4568 439 4622 tunc
467 4569 521 4621 et
560 4562 830 4637 deinceps
863 4563 1127 4637 delenda,
1160 4564 1544 4642 funditusque
1578 4584 1680 4642 pro
1713 4571 1835 4629 suis
1874 4572 2014 4630 viri-

2089 3219 2424 3279 confutabat
2504 3235 2725 3279 errores
2798 3243 2812 3278 :
2903 3222 3355 3297 vacillantesque
3453 3225 3806 3283 confirmans

2088 3308 2361 3381 ambigua
2390 3308 2759 3381 .stabiliebat,
2798 3308 3153 3383 litigantium
3208 3327 3308 3370 ora
3358 3314 3659 3371 refrenans
3710 3330 3807 3372 su-

2090 3400 2400 3474 perborum
2421 3399 2569 3459 colla
2599 3398 2910 3473 premebat,
2944 3406 3282 3476 mentesque
3310 3402 3631 3462 humilium
3669 3404 3805 3461 ani-

2092 3508 2259 3551 mans
2287 3491 2608 3551 roborabat.

2718 3617 2962 3677 CAPUT
2991 3618 3174 3711 XVII.

2090 3730 2275 3785 Pietas
2304 3745 2370 3784 ac
2416 3728 2723 3784 liberalitas
2777 3731 2837 3782 in
2874 3743 3143 3800 pauperes
3191 3744 3255 3784 ac
3307 3729 3591 3797 religiosos
3638 3731 3803 3785 viros.

2163 3854 2325 3911 Circa
2355 3851 2765 3910 misericordia
2802 3866 3033 3925 quoque
3076 3865 3249 3923 opera
3284 3850 3496 3925 qualis,
3528 3858 3808 3926 quantus-

2092 3958 2204 4017 que
2230 3940 2405 4000 fuerit
2435 3940 2567 4012 quis
2601 3939 2777 4013 digne
2804 3938 3119 4013 loquatur?
3142 3938 3283 4008 Quis
3311 3956 3450 3998 sane
3470 3940 3533 3997 in
3559 3939 3806 3998 elcemo-

2091 4046 2367 4106 synarum
2414 4028 2604 4087 studio
2649 4028 2983 4101 prOpensior
3027 4028 3167 4100 (51);
3216 4028 3350 4102 quis
3396 4029 3455 4087 in
3501 4027 3806 4087 abluendis

2089 4137 2409 4197 pauperum
2436 4119 2680 4193 pedibus
2714 4118 3018 4177 devotior?
3045 4117 3187 4187 Quis
3232 4118 3292 4175 in
3341 4119 3656 4177 vestiendis
3692 4134 3805 4177 nu-

2097 4214 2207 4284 dis,
2238 4211 2303 4271 in
2329 4210 2655 4270 reficiendis
2681 4210 2901 4283 egenis,
2929 4209 2992 4267 in
3018 4209 3321 4269 visitandis
3350 4210 3583 4285 aegrotis
3613 4225 3807 4285 prom-

2096 4304 2246 4377 ptior
2277 4301 2378 4361 illo
2404 4298 2587 4375 potuit
2613 4315 2737 4358 esse
2783 4297 3096 4373 unquam?
3139 4299 3231 4357 Ab
3273 4298 3600 4357 istiusmodi
3642 4312 3808 4357 nam-

2098 4408 2213 4464 que
2237 4390 2509 4466 Operibus
2535 4388 2698 4447 nulla
2725 4403 2872 4461 pene
2909 4386 2999 4445 illi
3036 4386 3158 4445 dies
3183 4387 3442 4458 vacabat,
3475 4387 3810 4463 ubicunque

2100 4483 2208 4541 hoc
2239 4479 2361 4539 fieri
2412 4478 2684 4552 temporis
2719 4484 2820 4535 aut
2857 4474 2968 4535 loci
3005 4474 3382 4547 congruentia
3424 4474 3808 4548 permittebat,

2096 4578 2152 4629 et
2178 4572 2321 4629 dum
2350 4569 2457 4627 ista
2484 4568 2677 4627 ubivis
2701 4566 2957 4624 locorum
2985 4580 3152 4637 agere
3180 4579 3293 4623 non
3326 4565 3641 4635 desisteret,
3669 4564 3811 4638 quid

298 4654 410 4713 bus
449 4654 698 4713 fideliter
736 4656 1127 4728 exstirpanda.
1157 4656 1265 4714 His
1316 4673 1450 4715 vero
1485 4659 1565 4716 ita
1601 4660 1795 4732 gestis,
1825 4660 2015 4735 pluri-
2098 4659 2443 4734 putandum,
2470 4673 2602 4716 cum
2633 4655 2787 4729 apud
2815 4652 3174 4727 episcopium
3206 4651 3498 4711 maneret?
3524 4652 3611 4710 Ibi
3638 4652 3818 4724 siqui-

300 4757 533 4802 morum
563 4749 896 4802 sanctorum
921 4742 1157 4802 Patrum
1177 4759 1469 4804 canonum
1492 4748 1800 4806 auctoritas
1814 4752 2021 4824 exqui-
2099 4748 2233 4807 dem
2261 4746 2428 4805 turba
2456 4757 2775 4818 pauperum
2807 4739 3154 4812 episcopalia
3188 4739 3394 4798 limina
3425 4739 3680 4816 quotidie
3708 4740 3817 4797 fre-

297 4831 484 4903 ritur;
538 4831 753 4907 quibus
817 4832 1213 4899 consideratis,
1266 4838 1605 4895 necessariae
1652 4838 2018 4899 discretionis
2099 4842 2435 4912 quentaute,
2486 4830 2589 4889 alii
2638 4829 2885 4923 dapibus
2921 4827 3194 4901 appositis
3232 4829 3658 4923 reficiebantur,
3712 4826 3813 4923 alii

303 4921 701 4983 moderamine
744 4919 937 4982 visum
974 4929 1077 4993 est,
1106 4930 1170 4982 ut
1207 4938 1412 4984 omnes
1444 4925 1532 4984 illi
1569 4928 1761 4988 clerici
1792 4940 2020 5006 accepta
2100 4932 2328 5001 accepta
2379 4922 2529 4995 stipe
2580 4918 3054 4989 revertebantur;
3114 4934 3192 4976 ex
3239 4918 3455 4993 quibus
3505 4918 3819 4991 assumptis

1461 5090 1866 5153 GODEFRIDI
1903 5087 2370 5154 HENSCHENII
2410 5083 2650 5146 NOTJE.
3090 5090 3119 5113 ⁵

360 5227 466 5295 (48)
498 5228 592 5280 His
648 5230 833 5296 itaque
890 5231 1139 5299 aliisque,
1169 5232 1273 5286 etc.
1314 5231 1439 5286 Aliae
1470 5234 1708 5289 rationes
1762 5249 2010 5291 excussae
2090 5235 2159 5288 ad
2220 5232 2428 5286 clerum
2492 5225 2862 5299 etpopulum
2906 5241 3021 5299 suae
3075 5228 3344 5291 dicacesis,
3404 5228 3494 5299 cut
3548 5232 3668 5292 post
3734 5230 3820 5296 ip-

304 5302 505 5357 suntln
528 5300 671 5353 dicto
701 5314 886 5364 opusc.
916 5305 963 5354 5.
1023 5297 1039 5299 “
2092 5320 2238 5367 sum,
2280 5303 2419 5354 varii
2455 5312 2487 5352 e
2537 5298 2686 5352 clero
2739 5298 3105 5358 subscribunt,
3156 5299 3247 5352 ubi
3301 5300 3357 5350 et
3396 5297 3629 5351 formula
3675 5303 3820 5365 jura-

362 5371 470 5438 (49)
521 5369 643 5423 Non
690 5373 866 5425 solum
923 5374 989 5425 ab
1043 5374 1464 5444 archiepiscopo.
1526 5378 1675 5432 Wido
1732 5380 2012 5434 Valvasso-
2097 5376 2295 5437 menti,
2354 5371 2661 5425 testimonia
2725 5375 3077 5444 sanctorum‘
3114 5370 3324 5444 Patrum
3385 5373 3437 5421 et
3506 5371 3820 5444 paenitentia

305 5444 423 5522 rius
461 5448 579 5495 erat
624 5444 1075 5522 archiepiscopus
1086 5441 1537 5522 Mediolanensls,
1598 5456 1829 5513 creatus,
1877 5456 2018 5507 teste
2100 5445 2757 5522 tamabarclitepiscopo
2784 5455 2943 5508 quam
2974 5457 3004 5522 a
3032 5441 3252 5522 clericis
3282 5444 3538 5522 suscepta
3568 5443 3816 5522 traditur.

307 5514 616 5568 Hermanno
647 5515 928 5569 Contracta
956 5518 1013 5569 tn
1043 5518 1322 5583 Chronico,
1350 5534 1493 5573 anno
1526 5523 1662 5575 1045.
1818 5512 1821 5513 ⁷
2162 5518 2265 5584 (51)
2310 5518 2377 5567 In
2428 5514 2891 5580 eteemosynarum
2943 5516 2991 5564 sl

2163 5518 2265 5584 (51)
2310 5518 2377 5567 In
2428 5514 2891 5580 eteemosynarum
2943 5512 3125 5564 studio
3184 5512 3521 5584 propensior.
3561 5514 3822 5567 Atrectum

368 5585 471 5650 (50)
516 5588 622 5638 Per
652 5585 994 5665 monimenta
1027 5587 1363 5665 litterarum.
1400 5591 1721 5665 Inserta‘est
1759 5606 1791 5646 ι
1820 5593 1873 5665 B.
1918 5594 2019 5665 Pe-
2106 5583 2264 5644 suum
2313 5586 2409 5665 ξιξ-
2439 5586 2820 5665 elemosynas
2861 5584 3103 5665 Ostendi},
3134 5594 3322 5665 ppusc.
3372 5587 3424 5648 9,
3464 5583 3538 5638 De
3582 5584 3817 5640 eleemo-

305 5659 392 5712 tro
447 5668 639 5723 opusc.
689 5660 721 5709 5
775 5660 996 5723 sponsio
1057 5659 1295 5715 Widonls
1359 5672 1457 5727 per
1516 5663 1731 5716 modum
1786 5664 2025 5727 epistolae
2108 5673 2249 5726 εγω
2279 5659 2349 5715 ad
2366 5656 2696 5714 Mainardum
2720 5656 3038 5720 episcopum
3064 5652 3394 5712 Urbinatem.
