4106 6204
247 310 344 371 137

1162 307 1742 371 PROLEGOMENA.
1782 334 1850 346 -
1890 267 2073 360 VITA
2113 298 2174 358 s.
2217 298 2439 356 PETRI
2479 299 2825 360 DAMIANI.

3647 311 3748 369 138

237 436 538 495 duodecim
575 450 775 494 eorum
818 435 1047 495 assidue
1075 436 1246 509 pedes
1289 435 1535 494 lavabat.
1585 432 1862 491 Przeterea
1891 429 1950 486 in
1969 423 2257 488 Acellulte
2313 424 2592 482 mactabat
2644 428 2931 501 ergastulo
2967 449 2981 499 ;
3041 430 3317 506 quotidie,
3371 441 3580 506 praeter
3625 435 3748 494 dies

239 525 358 583 suis
386 523 750 594 conviviolis,
784 539 916 597 qum
955 539 1180 597 semper
1224 541 1297 582 ex
1341 540 1499 582 more
1527 537 1663 580 cum
1710 518 1950 594 hospiti-

241 617 346 675 bus
392 615 878 686 communicabat,
917 619 966 675 si
1009 617 1114 690 qui
1161 617 1329 690 egeni
1375 616 1825 688 circumquaque
1853 625 1955 684 per

243 706 531 779 regionem
575 705 798 765 lectulis
845 707 1288 778 decumbebant,
1327 705 1608 784 oblivisci.
1633 704 1706 761 ab
1748 717 1813 760 eo
1851 700 1956 758 mi-

240 793 395 850 nime
421 798 704 866 poterant,
733 793 874 852 dum
903 794 1220 864 quemlibet
1253 809 1513 863 suorum,
1545 807 1718 864 quem
1752 789 1955 847 timere

239 881 422 939 Deum
456 881 673 940 arctius
715 882 902 952 sciret,
934 882 1006 940 ad
1046 882 1253 940 horum
1295 880 1683 938 ministerium
1737 877 1954 950 specia-

241 966 372 1025 liter
405 969 747 1041 deputatum
788 984 1013 1042 semper
1057 969 1309 1026 haberet.
1352 964 1701 1040 Hujusmodi
1743 964 1956 1038 quippe

241 1058 451 1116 studiis
494 1057 725 1116 assidua
763 1059 1175 1117 exercitatione
1206 1057 1535 1132 persistens,
1573 1055 1786 1112 talibus
1822 1070 1953 1127 gra-

241 1146 534 1205 tulabatur
610 1147 913 1206 latioribus
968 1146 1268 1206 facultates
1331 1143 1599 1203 Ecclesiae
1670 1143 1954 1201 thesauris

240 1235 514 1292 infercire
563 1235 916 1304 coelestibus,
948 1252 1092 1310 quas
1137 1234 1351 1292 scilicet
1401 1234 1460 1291 in
1506 1231 1753 1306 propriis
1799 1246 1954 1290 sum-

241 1340 472 1396 mopere
509 1323 798 1382 devitabat
827 1339 1120 1382 assumere
1161 1323 1505 1398 sumptibus.
1546 1322 1749 1379 Aiebat
1795 1319 1954 1377 enim

240 1428 301 1470 se
332 1412 768 1470 Dominicarum
809 1428 1003 1471 rerum
1036 1411 1411 1470 constitutum
1444 1411 1566 1470 fore
1599 1409 1951 1478 ministrum,

240 1516 355 1559 non
398 1500 735 1570 dominum;
779 1499 1253 1572 dispensatorem,
1287 1514 1398 1557 non
1435 1513 1838 1572 possessorem.
1882 1495 1956 1553 Ut

237 1598 432 1650 autem
484 1606 729 1649 suorum
782 1605 1012 1664 quoque
1062 1590 1367 1649 clientium
1413 1590 1483 1647 ad
1537 1589 1662 1647 haec
1708 1588 1955 1646 ﬁdeliter

240 1682 564 1740 exercenda
618 1682 855 1740 devotas
903 1688 1125 1740 mentes
1164 1681 1516 1751 accenderet,
1551 1677 1954 1754 hujuscemodi

243 1785 338 1827 eos
397 1769 771 1828 sermonibus
822 1771 1110 1844 satagebat
1163 1786 1528 1829 commonere
1582 1771 1950 1844 frequenter:

2036 515 2227 585 festos,
2264 512 2600 586 jejunando,
2639 518 2911 577 cantabro
2962 535 3109 592 pane
3156 520 3255 593 (53)
3300 537 3438 580 cum
3479 523 3750 583 hesterna

2035 619 2184 678 aqua
2225 606 2528 677 vescendo,
2562 621 2784 681 suoque
2825 610 3067 681 corpori,
3106 609 3235 667 licet
3272 611 3433 669 senio
3452 613 3575 684 jam
3613 630 3745 672 cono

2037 697 2181 755 fecto
2211 712 2277 752 ac
2314 694 2581 769 pluribus
2609 698 2811 755 ferreis
2849 699 3103 758 nexibus
3129 702 3391 775 undique
3420 705 3745 777 constricto,

2036 801 2070 843 a
2098 785 2538 858 disciplinarum
2581 785 3083 860 palmatarumque
3120 789 3331 850 ictibus
3383 809 3748 867 nequaquam

2036 873 2158 931 suis
2208 872 2434 930 vicibus
2473 873 2852 946 indulgendo,
2893 877 3141 949 jugique
3174 878 3476 952 psallendi,
3520 879 3774 952 orandi,’

2037 960 2263 1033 legendi
2317 967 2487 1033 atque
2539 961 2793 1020 dictandi
2838 963 3174 1023 insistendo.
3227 967 3342 1024 Nec
3389 975 3747 1041 prmtereun-

2035 1048 2202 1117 dum,
2231 1049 2384 1122 quod
2416 1049 2476 1106 in
2504 1049 2702 1108 eadem
2742 1052 3049 1123 pelvicula,
3081 1070 3195 1127 qua
3227 1071 3548 1128 pauperum
3576 1059 3749 1131 pedes

2038 1141 2284 1212 lavabat,
2316 1141 2577 1199 reﬁciens
2609 1158 2811 1215 panem
2840 1145 3180 1217 comederet,
3213 1153 3268 1204 et
3297 1162 3470 1220 super
3499 1148 3747 1207 bibleam

2035 1237 2252 1288 cratem
2281 1231 2402 1301 (54)
2440 1231 2658 1289 nudam
2709 1234 2898 1291 somni
2950 1234 3203 1308 quietem
3252 1243 3496 1308 caperet.
3549 1237 3745 1308 Porro,

2035 1332 2170 1377 cum
2200 1319 2514 1392 aliquando
2539 1322 2611 1379 ad
2642 1323 2958 1395 capitulum
2989 1325 3229 1382 fratrum
3259 1324 3526 1382 accedere
3550 1325 3746 1382 decre-

2037 1407 2230 1478 visset,
2290 1409 2434 1466 facta
2481 1411 2906 1484 exhortatione,
2949 1429 3085 1472 mox
3126 1429 3157 1471 e
3195 1413 3328 1472 sede
3371 1429 3745 1487 consurgens,

2036 1494 2107 1551 de
2152 1495 2275 1553 suis
2325 1511 2386 1554 se
2423 1499 2756 1557 excessibus
2796 1501 3098 1559 accusabat
3128 1519 3143 1572 ;
3174 1516 3277 1575 pro
3314 1501 3530 1574 quibus
3575 1502 3746 1559 disci-

2035 1582 2213 1657 plinae
2240 1585 2527 1657 judicium
2567 1604 2640 1645 ex
2671 1605 2828 1647 more
2853 1590 3191 1664 suscipiens,
3225 1590 3475 1664 geminis
3509 1592 3750 1665 vapula-

2036 1673 2131 1732 bat
2160 1676 2434 1750 utrinque
2464 1677 2822 1735 verberibus.
2855 1678 3228 1754 Rursumque
3261 1681 3322 1737 in
3353 1695 3526 1738 suum
3557 1680 3748 1740 locum

1976 1765 2392 1854 Bregrediens,
2447 1781 2561 1824 non
2616 1767 2871 1824 cessabat
2916 1783 3014 1826 cos
3067 1769 3187 1827 suis
3235 1769 3602 1828 sermonibus
3659 1770 3748 1828 in-

245 1855 552 1927 Noveritis,
578 1857 709 1925 lilii,
749 1858 946 1915 omnia
982 1859 1092 1916 ista
1119 1874 1277 1918 sacra
1323 1875 1447 1916 esse
1491 1865 1547 1916 et
1593 1864 1952 1931 peccatorum
2041 1856 2290 1913 formare
2327 1856 2453 1925 (55),
2485 1855 2654 1913 modo
2692 1855 2804 1927 his,
2842 1857 3010 1915 modo
3053 1858 3192 1930 illis,
3226 1859 3395 1918 modo
3423 1862 3749 1918 communi-

243 1947 466 2019 pretia;
510 1946 666 2004 unde
706 1964 1071 2021 summopere
1102 1949 1426 2008 cavendum
1458 1965 1532 2007 ne
1567 1947 1708 2023 quid
1749 1948 1954 2006 horum
2044 1947 2127 1998 ter
2186 1943 2459 2000 omnibus
2538 1942 2800 2016 loquens.
2876 1943 3219 2004 Junioribus
3284 1962 3419 2019 ergo
3479 1947 3748 2006 dicebat:

245 2036 513 2104 avaritia,
571 2052 672 2094 seu
737 2037 995 2110 qualibet
1048 2037 1415 2111 negligentiae
1465 2037 1689 2096 incuria
1747 2036 1956 2094 Christi
2043 2027 2201 2088 Scire
2241 2029 2478 2100 debetis,
2509 2029 2634 2102 ﬁlii,
2669 2046 3146 2106 unumquemque
3192 2041 3448 2094 vestrum
3491 2041 3607 2094 tam
3639 2037 3753 2094 fer-

245 2123 604 2197 pauperibus
643 2125 1033 2197 subtrahatur,
1060 2127 1278 2201 quibus
1316 2132 1507 2185 nostra
1555 2125 1784 2184 residua
1831 2140 1957 2182 om-
2042 2118 2174 2176 vide
2226 2124 2399 2192 atque
2446 2125 2679 2178 strenue
2743 2136 2920 2179 sacrm
2983 2123 3158 2195 hujus
3218 2131 3477 2196 oportere
3527 2125 3754 2184 militim

247 2212 343 2268 nia
395 2211 618 2270 illibata
663 2212 964 2272 debentur.
1009 2215 1153 2273 Cum
1198 2215 1368 2273 nobis
1414 2215 1611 2287 itaque
1659 2219 1964 2286 suppetant
2046 2206 2309 2264 tirocinia
2343 2207 2638 2278 inchoare;
2675 2216 2943 2285 tantoque
2977 2227 3059 2281 se,
3087 2210 3228 2268 dum
3271 2227 3557 2286 corporem
3601 2215 3755 2273 vires

246 2301 463 2375 quibus
511 2302 678 2373 egeni
729 2307 785 2358 et
833 2301 1030 2359 miseri
1073 2303 1303 2361 valeant
1350 2302 1616 2372 refoveri,
1657 2302 1966 2374 diligenter
2045 2300 2383 2369 suppetunt,
2418 2297 2490 2353 ad
2540 2298 2690 2355 celsa
2735 2299 3018 2356 tendendo
3069 2314 3338 2359 exercere
3387 2301 3602 2374 labore,
3639 2317 3756 2377 quo

246 2389 562 2462 exquirite,
594 2391 686 2463 pie
729 2389 1086 2448 considerate
1125 2391 1225 2463 qui
1273 2391 1484 2449 vicinis
1519 2391 1576 2447 in
1631 2389 1965 2463 regionibus
2048 2392 2164 2444 tota
2203 2386 2381 2444 series
2423 2395 2710 2446 secuturas
2759 2389 2913 2461 vitas,
2944 2389 3013 2447 ad
3059 2391 3279 2448 fortiter
3322 2391 3615 2464 agendum
3664 2408 3757 2449 va-

249 2484 549 2551 aegrotent,
574 2479 676 2551 qui
705 2478 796 2536 vel
832 2478 1062 2548 esuriei,
1097 2479 1188 2537 vel
1218 2479 1475 2552 penuria:
1512 2478 1823 2552 cujuslibet
1858 2493 1962 2535 an-
2048 2473 2158 2531 leat
2214 2475 2514 2532 informari
2587 2483 2861 2550 tanquam
2922 2477 3301 2550 impressione
3365 2481 3488 2538 veri
3556 2479 3755 2552 sigilli.

247 2581 386 2639 gore
423 2565 705 2639 laborent,
739 2573 1025 2642 quatenus
1057 2565 1390 2640 hujusmodi
1422 2567 1516 2640 pie
1544 2566 1964 2640 compatiendo,
2048 2565 2513 2624 Provectioribus
2549 2582 2686 2625 vero
2713 2567 2784 2625 de
2808 2567 3076 2626 conﬂictu
3108 2569 3406 2639 vitiorum,
3437 2570 3508 2629 de
3550 2570 3762 2630 discre-

249 2656 572 2714 necessaria
627 2657 1042 2729 ministrantes,
1099 2664 1331 2716 internas
1380 2657 1661 2714 mercedis
1715 2656 1966 2714 fructum
2051 2655 2206 2714 tione
2251 2655 2683 2729 cogitationum,
2728 2657 2798 2714 de
2845 2660 3325 2733 compunctionis,
3371 2676 3471 2720 seu
3513 2666 3764 2719 contem-

248 2744 423 2802 nobis
466 2744 746 2819 vobisque
772 2761 1140 2805 communem
1178 2746 1236 2803 in
1267 2745 1594 2804 cmlestibus
1633 2743 1965 2819 acquiratis.
2050 2746 2324 2822 plationis
2399 2747 2581 2821 gratia
2663 2749 2987 2824 mentisque
3056 2751 3302 2823 puritate
3367 2753 3762 2826 conquirenda

249 2831 543 2902 Quoniam
568 2834 805 2907 quidem
835 2835 882 2892 si
907 2835 1076 2893 modo
1114 2835 1173 2892 in
1207 2833 1548 2893 seminando
1577 2833 1773 2893 ﬁdeles
1802 2835 1971 2894 nobis
2052 2839 2317 2912 quaedam
2369 2837 2639 2896 subtilius
2691 2838 3022 2897 disserebat.
3079 2839 3272 2911 Porro,
3307 2856 3436 2899 cum
3480 2841 3538 2898 in
3580 2841 3766 2915 ipsius

250 2928 646 2995 cooperatores
683 2923 1042 2997 exstiteritis,
1091 2923 1160 2982 de
1201 2924 1503 2982 communi
1548 2925 1746 2998 procul
1791 2923 1971 2983 dubio
2055 2931 2636 2989 sermocinationibus
2708 2929 2992 3003 ejusmodi
3064 2931 3221 2989 locus
3291 2931 3585 3003 incideret,
3649 2949 3766 3007 quo

252 3012 562 3070 nobiscum
618 3012 808 3071 fructu
855 3013 1019 3072 beata
1072 3014 1133 3072 in
1196 3014 1574 3074 retributione
1622 3015 1966 3088 gaudebitis.
2053 3021 2295 3081 fratrum
2343 3028 2562 3078 mentes
2593 3020 2658 3076 ad
2693 3019 2928 3078 fortiora
2959 3019 3236 3094 qumlibet
3269 3021 3508 3079 excitari
3539 3021 3770 3080 debuis-

254 3101 671 3175 Hujuscemodi
700 3105 913 3177 quippe
954 3105 1191 3163 monitis
1232 3106 1364 3178 pius
1408 3105 1572 3163 Pater
1613 3121 1748 3164 suos
1774 3111 2030 3186 contu-n
2054 3118 2200 3182 sent,
2243 3113 2350 3169 hoc
2387 3110 2575 3168 dicere
2625 3109 2886 3168 solebat:
2920 3109 3205 3170 Strenuus
3253 3112 3499 3186 quisque
3550 3112 3768 3170 divinae

351 3161 370 3175 .
717 3161 759 3176 ,ν
993 3161 1038 3162 η
1143 3161 1186 3163 η
1614 3161 1743 3164 ηπ
1919 3161 1947 3163 -κ
2055 3161 2200 3182 ww,
2247 3161 2348 3169 --νν
2391 3161 2574 3168 ww”
2625 3161 2840 3167 -ν--υη
2874 3161 2885 3168 -
2920 3161 3205 3170 νην-πυ
3257 3161 3398 3185 -ιι---ι-
3431 3161 3498 3170 αν
3552 3161 3767 3170 --η---ν

255 3191 518 3250 bernales
567 3192 638 3249 ad
711 3192 1121 3252 misericordiae
1183 3210 1354 3267 opera
1428 3193 1751 3267 instigabat.
1820 3161 2279 3259 Ilinccmilitia}
2339 3200 2607 3273 praelatus
2659 3199 2722 3256 in
2771 3200 2931 3257 omni
2989 3199 3235 3272 spiritali
3284 3161 3597 3259 certamine
3633 3215 3770 3259 suas

256 3297 395 3339 sane
451 3281 814 3354 pensandum
869 3289 973 3354 est,
1006 3283 1196 3356 qualis
1251 3283 1312 3340 in
1366 3282 1714 3340 exhibendis
1752 3282 1972 3340 confra-
2054 3288 2222 3346 debet
2272 3288 2423 3345 vires
2462 3302 2788 3358 agnoscere.
2840 3287 3301 3360 Ignominiosum
3350 3289 3562 3364 quippe
3603 3291 3770 3350 valde

257 3379 412 3430 trum
454 3372 794 3432 necessariis
827 3373 1006 3432 fuisse
1050 3372 1333 3442 credatur,
1361 3372 1463 3445 qui
1501 3377 1674 3429 tanta:
1701 3371 1968 3444 benigni-
2055 3382 2141 3434 est
2189 3375 2466 3432 monacho
2510 3381 2563 3432 et
2605 3375 2919 3448 spiritua'lis
2962 3376 3187 3434 militim
3226 3379 3635 3451 professionem
3667 3380 3769 3436 ha-

259 3464 388 3522 tatis
435 3479 573 3538 erga
624 3464 928 3523 universos
975 3455 1265 3522 exstitisse
1318 3461 1693 3535 dignoscitur.
1757 3461 1971 3520 Verum
2056 3463 2210 3534 bere,
2243 3468 2298 3520 et
2349 3462 2683 3535 experiendi
2731 3464 2986 3536 ignavia,
3018 3465 3154 3538 quid
3203 3465 3262 3522 in
3309 3465 3622 3525 certamine
3670 3483 3771 3523 va-

253 3554 398 3628 quid
424 3555 495 3613 de
515 3553 939 3613 cohaerentibus
967 3553 1078 3612 sibi
1107 3549 1474 3610 memorem?
1503 3551 1972 3625 quandoquidem
2056 3552 2188 3622 leat,
2223 3551 2508 3625 ignorare.
2554 3552 2624 3609 Et
2669 3552 2904 3626 quidem
2961 3553 3100 3626 quid
3147 3554 3266 3627 ipse
3311 3555 3434 3612 hmc
3485 3555 3773 3628 loquendo

255 3659 394 3718 erga
442 3654 676 3702 cunctos
715 3643 817 3701 Dei
857 3643 1106 3701 famulos
1134 3642 1193 3699 in
1224 3655 1401 3698 sacrm
1430 3640 1657 3698 militiae
1687 3642 1974 3714 proposito
2057 3647 2318 3699 moneret
2345 3641 2646 3712 discipulis
2679 3641 2800 3698 suis
2838 3641 3060 3715 liquido
3103 3643 3434 3702 insinuabat
3464 3646 3772 3719 exemplis,

255 3733 620 3803 constitutos,
680 3749 747 3792 eo
798 3732 1121 3792 dilectionis
1171 3730 1531 3789 vinciebatur
1579 3730 1804 3802 aifectu,
1860 3746 1976 3802 quo
2057 3746 2132 3788 ex
2169 3730 2384 3804 quibus
2409 3729 2676 3788 videlicet
2706 3730 2831 3787 haec
2857 3747 2891 3788 a
2922 3730 3090 3788 nobis
3124 3731 3244 3790 fore
3271 3734 3774 3793 commemoranda

255 3838 463 3882 eorum
502 3821 758 3896 amplius
797 3837 973 3896 quam
1025 3820 1257 3894 proprio
1301 3817 1701 3893 gratulabatur
1747 3818 1971 3879 solatio.
2058 3836 2176 3878 non
2208 3819 2461 3877 inaniter
2485 3825 2639 3893 puto,
2669 3834 2874 3893 nempe
2911 3819 3032 3878 vidi
3072 3819 3241 3878 illum
3268 3837 3368 3901 per
3396 3823 3775 3897 quadraginta

879 3930 1121 3991 CAPUT
1150 3930 1360 3990 XVIII,
2060 3909 2184 3967 dies
2213 3909 2320 3978 nil,
2350 3908 2505 3982 quod
2553 3924 2653 3982 per
2683 3908 2877 3982 ignem
2909 3909 3132 3980 transit,
3162 3910 3222 3967 in
3262 3910 3391 3968 cibo
3436 3911 3772 3985 sumpsisse,

258 4024 510 4077 [usuum
552 4025 939 4077 monasterium
985 4039 1041 4076 se
1083 4026 1298 4094 recipit,
1329 4025 1514 4094 ibique
1549 4026 1804 4094 jejuniis,
1855 4041 1976 4080 ora-
2061 3999 2159 4094 583d
2226 4004 2450 4056 tantum
2482 4087 2493 4094 _
2523 3997 2710 4070 pomis
2775 3997 3084 4072 crudisque
3153 4005 3319 4057 tem”
3382 4000 3772 4094 Πξλδςδθηίηῖυει

337 4098 500 4158 tione,
538 4098 850 4164 ceterisque
893 4098 1132 4165 corporis
1161 4087 1325 4164 atque
1355 4087 1979 4152 animi'er'eercitationi-
2061 4088 2282 4160 absque
2337 4087 2497 4146 omni
2551 4102 2785 4160 prorsus
2839 4093 3000 4160 potu,
3047 4094 3377 4146 contentum
3422 4088 3636 4156 fuisse;
3667 4088 3776 4146 hoc

339 4166 438 4220 bus
480 4168 767 4222 excolitur.
2064 4177 2301 4252 quidem
2346 4176 2468 4249 ipse
2518 4190 2772 4248 prmsens
2814 4176 3048 4245 agnovi.
3089 4175 3287 4246 Aliud,
3321 4176 3474 4250 quod
3513 4176 3777 4254 dicturus

335 4255 535 4331 Porro,
569 4257 712 4316 dum
742 4257 816 4316 ab
849 4259 1228 4318 exterioribus
1273 4259 1397 4317 istis
1441 4259 1567 4331 (52),
1604 4259 1737 4318 licet
1771 4261 1983 4318 sanctis
2065 4281 2218 4334 sum,
2291 4263 2608 4338 majoribus
2683 4263 2830 4321 meis
2895 4263 3305 4336 condiscipulis
3369 4266 3772 4336 referentibus,

260 4355 322 4405 et
356 4349 475 4406 Deo
514 4347 713 4420 gratis,
754 4347 825 4404 ad
871 4347 1063 4406 dulcia
1109 4349 1287 4406 eremi
1333 4355 1566 4420 secreta,
1600 4354 1714 4406 tam
1763 4365 1865 4422 pro
1891 4366 1982 4406 re-
2065 4352 2574 4412 audivi-eumdem
2624 4351 2890 4410 videlicet
2935 4352 3166 4409 totidem
3219 4354 3533 4426 aliquando
3574 4355 3778 4413 diebus

264 4439 518 4497 fectione
567 4439 781 4496 mentis
822 4454 998 4513 quam
1042 4456 1144 4514 pro
1170 4440 1468 4500 ablutione
1509 4440 1820 4514 cujuslibet
1845 4456 1979 4499 con-
2067 4443 2234 4501 nullo
2284 4440 2547 4500 refecisse
2593 4439 2740 4508 cibo,
2777 4440 2886 4497 nisi
2938 4456 3104 4513 pareo
3149 4441 3461 4513 leguminis
3493 4443 3775 4501 infusida-

259 4529 431 4585 tracti
480 4527 759 4600 pulveris,
808 4527 996 4586 redire
1044 4528 1408 4600 decrevisset,
1453 4530 1636 4588 nimia
1687 4546 1746 4587 se
1797 4522 2049 4588 inediaD
2071 4531 2157 4589 rio
2202 4531 2356 4600 (56):
2388 4528 2542 4603 quod
2573 4533 2783 4596 tamen,
2819 4527 2867 4583 si
2916 4528 3055 4586 forte
3093 4528 3494 4602 hujuscemodi
3525 4529 3772 4588 nimium

1433 4650 1841 4712 GODEFRIDI
1880 4651 2347 4712 HENSGHENII
2386 4649 2627 4709 NOTZE.

324 4761 433 4826 (52)
481 4760 648 4813 Porro
688 4759 820 4812 dum
858 4758 924 4813 ab
971 4758 1324 4813 exterioribus
1371 4759 1507 4812 istis.
1560 4760 1845 4824 Impetrata
1886 4758 1971 4811 fa-
2073 4770 2231 4823 quem
2297 4757 2554 4822 Rigaltlus
2615 4758 2836 4810 annotat
2901 4776 2928 4803 α
2993 4757 3250 4811 cantabra
3326 4772 3452 4813 esse
3537 4759 3770 4823 vexilla,

255 4837 470 4886 cuitate
517 4833 587 4885 ab
631 4833 936 4885 Alexandro
978 4831 1042 4895 ll,
1089 4836 1149 4884 ut
1197 4843 1361 4895 supra
1405 4833 1626 4884 dictum.
1669 4886 1673 4890 ,
2071 4841 2190 4894 quae
2249 4842 2358 4882 non
2413 4833 2616 4883 tantum
2668 4829 2854 4881 colore
2913 4829 3172 4882 militibus
3228 4834 3383 4884 erant
3437 4843 3537 4895 pro
3597 4834 3775 4897 signo,

325 4904 432 4969 (53)
481 4903 750 4956 Cantabro
800 4916 959 4969 pane.
1005 4903 1058 4954 Β.
1110 4903 1294 4955 Petrus
1338 4914 1524 4966 opusc.
1581 4904 1660 4964 15,
1713 4913 1832 4965 cap.
1895 4903 1968 4959 14,
2070 4901 2168 4953 sed
2216 4904 2269 4953 et
2318 4901 2559 4954 carmine
2612 4913 2711 4954 seu
2765 4900 2984 4953 nomine
3046 4902 3228 4967 aliquo
3289 4902 3596 4962 cantabant,
3654 4907 3774 4958 sive

256 4977 338 5027 ait
377 4975 670 5040 quemdam
710 4973 1038 5028 cantabricii
1069 4973 1228 5037 panis
1260 4975 1476 5038 quadra
1509 4973 1708 5025 vixisse
1742 4972 1806 5024 de
1843 4972 1970 5037 die;
2071 4971 2443 5035 signiﬁcabant
2504 4973 2616 5024 illis
2677 4971 2882 5038 aliquid
2959 4975 3096 5036 grati
3163 4979 3216 5027 et
3276 4975 3518 5037 jucundi.
3588 4994 3614 5021 η
3674 4977 3776 5030 Sed

256 5048 314 5098 et
375 5048 435 5098 in
500 5047 614 5100 Vita
679 5047 728 5098 8.
789 5045 1052 5110 Bodulpbi
1105 5045 1349 5109 episcOpi
1398 5042 1661 5107 Eugubini
1709 5047 1782 5095 ait
1827 5043 1972 5096 hunc
2071 5042 2259 5109 quidni
2334 5046 2488 5095 erant
2550 5046 2710 5108 signa
2779 5042 3034 5096 militaria
3086 5057 3117 5095 a
3177 5046 3449 5097 Cantabris
3532 5045 3778 5111 Hispanis

255 5117 432 5170 edere
478 5119 678 5180 solere,
724 5139 750 5162 α
787 5118 1221 5182 quandocuuque
1259 5118 1476 5180 poterat
1517 5117 1826 5178 impetrare,
1868 5126 1967 5177 pa-
2065 5117 2333 5178 accepta?
2361 5118 2434 5166 An
2460 5115 2604 5168 idem
2627 5115 2695 5166 de
2719 5115 2992 5166 crassiore
3026 5127 3165 5178 pane
3195 5115 3527 5170 dicendum?

253 5201 408 5248 nem,
463 5190 558 5254 qui
607 5189 696 5242 vel
737 5201 876 5253 puro
937 5188 1142 5240 hordeo
1198 5187 1372 5245 ﬂeret.
1436 5187 1526 5238 vel
1588 5198 1658 5239 ex
1709 5187 1967 5238 cantabro
2129 5186 2230 5248 (54)
2308 5189 2480 5249 Super
2546 5185 2774 5237 bibleam
2843 5188 3065 5236 cratem.
3132 5187 3276 5239 inter
3340 5186 3444 5238 alia
3510 5189 3780 5253 signiﬁcat

252 5263 464 5327 potius,
507 5263 654 5326 quod
697 5262 1097 5327 proﬁciendum
1151 5259 1378 5312 canibus
1431 5259 1498 5312 de
1548 5269 1842 5322 puerorum
1891 5270 1974 5322 pa-
2070 5257 2293 5319 juncum
2364 5261 2416 5309 et
2487 5258 2743 5309 corticem
2781 5271 2795 5310 :
2835 5256 2964 5327 hinc
3023 5255 3201 5309 biblea
3251 5259 3416 5310 cratis
3455 5265 3542 5313 est
3579 5264 3778 5325 juncea

253 5325 424 5386 nibus
465 5325 841 5387 remansisset.
885 5350 912 5378 ιο
969 5331 1242 5384 Gonouius
1291 5331 1436 5383 edita
1479 5329 1573 5383 illa
1618 5329 1729 5380 Vita
1785 5328 1876 5383 lib.
1918 5342 1972 5389 v,
2072 5328 2255 5389 cratis,
2287 5329 2444 5391 cujus
2476 5340 2634 5398 usum
2669 5325 2926 5379 describit
2958 5327 3158 5381 Plinius
3196 5329 3286 5381 lib.
3317 5343 3438 5395 χχι,
3471 5345 3597 5398 cap.
3638 5334 3714 5385 14.

255 5404 340 5458 De
395 5405 523 5458 Vitia
577 5406 786 5458 Patrum
857 5403 1162 5457 Occidentis
1232 5404 1322 5466 ait,
1390 5423 1408 5448 ι
1477 5400 1794 5454 cantabrum
1853 5412 1977 5454 esse
2133 5399 2239 5464 (55)
2285 5397 2627 5450 Sermonibus
2667 5399 2780 5451 suis
2823 5398 3148 5462 infamare.
3199 5402 3406 5456 Eminet
3452 5397 3555 5457 hac
3601 5404 3670 5457 de
3719 5417 3780 5458 re

253 5481 688 5542 purgamentum
737 5475 945 5535 farinae.
988 5475 1081 5528 vel
1122 5473 1303 5537 tritici,
1355 5473 1447 5527 vel
1498 5485 1622 5527 esse
1672 5470 1848 5524 cibum
1893 5483 1976 5525 ca-
2073 5481 2266 5535 opusc.
2312 5471 2387 5529 13,
2443 5471 2514 5522 De
2578 5470 2918 5542 perfectione
2972 5472 3381 5538 monachorum,
3436 5477 3528 5529 ubi
3582 5477 3777 5530 distin-

253 5541 474 5604 ninum.
517 5568 545 5596 ιο
587 5548 718 5601 Sunt
773 5551 828 5601 et
874 5546 1143 5600 cantabra
1185 5546 1341 5611 signa
1387 5545 1642 5599 militaria
1677 5543 1819 5608 apud
1858 5543 1978 5597 Ter-
2075 5545 2162 5595 cta
2203 5542 2378 5608 capita
2417 5543 2544 5594 sunt
2590 5541 2660 5594 ad
2706 5541 3101 5604 adolescentes.
3145 5547 3399 5608 novitios,
3441 5560 3622 5607 senes,
3673 5550 3775 5600 etc.

255 5619 554 5674 tullianum
611 5620 671 5672 in
729 5617 1096 5684 Apologetico,
1153 5621 1208 5672 et
1261 5617 1540 5670 Minutium
1602 5616 1853 5678 Felicem,
1907 5614 1976 5667 ad
2137 5613 2242 5680 (56)
2308 5612 2430 5668 Nisi
2496 5627 2660 5678 parco
2723 5613 3010 5681 leguminis
3071 5617 3423 5682 infusidario.
3485 5615 3538 5670 Β.
3598 5619 3782 5672 Petrus

563 5727 824 5790 PATBOL.
865 5725 1116 5790 CXLIV.
3463 5726 3497 5783 5
