4106 6204
349 363 450 422 139

1261 362 1319 420 8.
1364 359 1658 420 PETRUS
1700 358 2096 418 DAMIANUS
2137 358 2197 417 S.
2239 359 2309 418 Β.
2353 360 2418 417 Ε.
2460 358 2939 421 CARDINALIS.

3758 371 3859 430 140

342 504 403 547 se
447 485 672 560 fatigari
719 485 1094 558 conspiceret,
1150 499 1519 558 nequaquam
1567 482 2056 542 contemnendum
2075 484 2316 546 Avitate
2345 483 2649 542 cantabant
2676 484 2844 555 illud,
2877 484 3091 544 scilicet
3120 486 3392 557 Alleluia,
3423 492 3578 563 quod
3609 491 3849 553 dicitur:

339 577 584 637 ducebat
642 572 1026 633 imbecillitati
1079 587 1365 646 corporeae
1416 572 1659 631 discreta
1718 572 2056 630 remissione

338 666 703 742 aliquatenus
727 663 1058 734 subvenire,
1089 677 1206 736 quo
1237 660 1548 734 resumptis
1590 660 1802 719 iterum
1831 659 2056 720 viribus

339 756 588 817 validior
634 755 708 813 ad
744 754 903 814 aliud
945 760 1134 828 posset
1188 753 1374 811 redire
1409 759 1720 811 certamen.
1773 752 1902 810 Non
1936 752 2055 810 uti-

339 834 453 922 que
503 846 664 917 vitio,
701 845 802 902 sed
836 843 1035 902 virtuti
1079 842 1272 916 potius
1311 841 1761 900 adscribendum
1806 840 2051 912 dicebat,

337 936 388 994 si
415 936 548 1010 quis
599 935 747 993 fessa
784 933 958 1007 paulo
998 931 1232 990 brachia
1274 931 1486 988 idcirco
1511 929 1780 1000 remittat,
1815 936 1880 988 ut
1925 937 2053 1002 post

336 1027 624 1087 robustior
668 1026 740 1084 ad
781 1023 1002 1083 fortiter
1045 1023 1337 1097 agendum
1391 1028 1718 1095 consurgat.
1771 1021 2053 1080 Praeterea

336 1134 462 1176 mos
508 1116 597 1174 illi
639 1120 779 1185 erat,
822 1119 890 1172 ut
924 1113 1074 1171 inter
1123 1111 1324 1170 divina
1363 1116 1479 1170 tam
1534 1119 1820 1170 nocturna
1870 1127 2051 1185 quam

334 1207 547 1266 diurna
585 1205 772 1263 ofﬁcia
804 1202 958 1261 nulli
994 1201 1165 1276 podio
1201 1201 1454 1275 psallens
1493 1201 1758 1258 hzereret.
1790 1199 1861 1258 In
1894 1200 2048 1270 Qua-

331 1294 674 1370 dragesimae
709 1307 942 1366 quoque
988 1292 1294 1367 utriusque
1330 1291 1520 1364 initio,
1576 1292 1764 1350 triduo
1814 1293 2050 1366 penitus

331 1385 654 1444 abstinebat
687 1399 722 1441 a
749 1383 914 1452 cibo;
943 1383 1014 1440 ad
1045 1382 1200 1456 quod
1245 1397 1384 1440 sane
1416 1381 1548 1441 licet
1593 1384 1888 1441 neminem
1925 1383 2050 1457 ipse

331 1491 565 1551 quoque
615 1473 981 1548 persuaserit,
1034 1473 1314 1546 quiddam
1368 1477 1562 1530 tamen
1609 1473 1681 1530 ad
1729 1471 2048 1546 spiritualis

329 1563 508 1625 studii
553 1567 902 1636 proventum
952 1559 1367 1635 quaerentibus,
1409 1561 1749 1620 tradendum
1800 1560 2046 1634 putavit,

331 1669 450 1727 quo
479 1651 729 1725 suscepti
751 1649 964 1724 jejunii
1005 1649 1146 1724 ipsis
1175 1656 1364 1722 posset
1392 1649 1576 1708 initiis
1611 1649 1858 1708 Domino
1887 1665 2044 1708 com-

329 1743 613 1803 mandari.
671 1741 837 1801 Hanc
893 1741 1143 1816 profecto
1209 1740 1553 1800 voluntaria
1623 1740 2043 1800 observationis

2137 575 2303 630 Dulce
2362 576 2592 642 lignum,
2646 577 2830 631 dulces
2902 578 3101 643 clavos,
3176 584 3283 636 etc.
3351 579 3595 640 Videbat
3657 584 3856 655 etiam,

2137 662 2291 737 quod
2339 677 2441 736 per
2480 677 2684 722 omnes
2729 664 3016 724 refectorii
3053 681 3283 726 mensas
3320 684 3498 742 panes
3539 680 3703 730 erant
3751 689 3855 746 ap-

2136 751 2326 825 positi,
2369 757 2425 810 et
2461 752 2647 825 specie
2674 753 2865 824 nitidi,
2887 762 2943 812 et
2973 758 3220 815 nectarei
3246 766 3450 832 gustus
3487 776 3687 834 sapore
3713 763 3857 822 mel-

2136 841 2244 899 liti.
2287 841 2444 899 Inter
2490 842 2695 901 fratres
2740 844 2915 902 etiam
2961 845 3222 919 undique
3260 848 3692 909 discumbentes
3733 860 3855 910 erat

2135 930 2244 1001 vir,
2278 931 2324 988 si
2368 931 2476 990 rite
2514 938 2702 1004 teneo,
2743 934 2911 993 valde
2955 936 3266 1008 praeclarus
3304 943 3360 995 et
3388 939 3605 1014 insigni
3651 939 3852 1000 decore

2133 1021 2515 1094 conspicuus;
2566 1025 2668 1098 qui
2723 1026 3039 1098 requisitus
3091 1026 3246 1091 unde
3294 1028 3435 1086 tales
3476 1029 3851 1090 advenissent

2132 1125 2327 1182 panes,
2347 1110 2560 1186 quibus
2586 1112 2850 1170 videlicet
2869 1113 3091 1173 similes
3115 1121 3354 1174 eatenus
3379 1132 3495 1176 non
3520 1117 3802 1177 vidissent
3830 1139 3842 1177 :

2132 1196 2210 1255 Hi
2255 1207 2412 1272 sunt,
2462 1200 2674 1274 inquit,
2720 1218 2918 1275 panes,
2969 1202 3185 1277 quibus
3227 1203 3337 1262 lilii
3386 1205 3587 1278 Israel,
3630 1223 3848 1265 manna

2129 1292 2510 1366 percipientes
2539 1309 2572 1351 e
2595 1291 2758 1366 cii-ilo,
2787 1294 2914 1353 aliti
2942 1303 3077 1354 sunt
3106 1297 3168 1354 in
3193 1296 3417 1356 deserto
3451 1300 3654 1367 (Exod.
3690 1303 3842 1368 XVI).

2129 1379 2240 1439 Hic
2277 1397 2507 1456 quoque
2536 1383 2628 1443 vir
2657 1382 2792 1443 tulit
2822 1399 3084 1443 mensam
3120 1385 3364 1458 abbatis,
3401 1403 3537 1463 quae
3577 1387 3844 1445 occiden-

2131 1476 2248 1530 tem
2286 1490 2491 1533 versus
2539 1475 2727 1534 fuerat
2771 1476 3100 1548 constituta,
3143 1482 3199 1534 et
3247 1477 3320 1535 ad
3369 1476 3708 1536 orientalem
3749 1493 3843 1550 po-

2129 1561 2249 1620 suit
2288 1563 2574 1622 refectorii
2602 1564 2872 1638 plagam;
2904 1565 3007 1624 ubi
3046 1565 3315 1626 videlicet
3351 1567 3542 1641 imago
3573 1566 3844 1626 cruciﬁxi

2127 1648 2360 1707 Domini
2415 1651 2606 1709 fuerat
2657 1651 2721 1710 in
2777 1652 2992 1725 pariete
3048 1667 3151 1726 per
3205 1653 3493 1726 picturam
3548 1668 3842 1727 expressa.

2127 1735 2420 1810 Perpende
2469 1753 2605 1812 ergo
2655 1738 3019 1813 mysterium,
3070 1745 3127 1797 et
3175 1741 3436 1815 mysticae
3473 1740 3844 1800 revelationis

327 1848 592 1892 normam
623 1830 711 1901 in
770 1830 1075 1890 nonnullis
1136 1828 1522 1902 monasteriis,
1585 1829 1681 1904 pia
1735 1829 2102 1910 devotione};
2124 1825 2386 1902 intellige
2423 1836 2870 1888 sacramentum.
2903 1829 3054 1900 Quid
3105 1835 3190 1888 est
3234 1831 3392 1889 enim
3441 1830 3595 1905 quod
3638 1831 3843 1890 laudes

327 1923 806 1998 amplectentibus
835 1919 1140 1980 excitando
1177 1919 1447 1989 instituit,
1487 1926 1774 1994 quatenus
1805 1923 2041 1995 praefato

318 2012 680 2088 jejuniorum
731 2010 920 2071 triduo
971 2014 1122 2070 totus
1168 2014 1490 2069 conventus
1533 2009 1776 2068 fratrum
1827 2011 2042 2084 pariter

324 2103 389 2161 in
426 2101 674 2162 claustro
722 2101 973 2174 rigorem
1024 2097 1241 2158 silentii
1278 2103 1678 2166 conservaret;
1730 2113 1838 2155 nec
1874 2098 2038 2172 quis-

321 2193 478 2268 piam
507 2192 724 2265 absque
761 2188 1088 2248 inevitabili
1125 2187 1462 2246 necessitate
1499 2186 1884 2245 calceamenta
1927 2187 2038 2245 sibi

321 2282 608 2354 indueret,
637 2281 820 2340 donec
855 2278 1246 2337 communiter
1288 2274 1634 2334 Psalterium
1669 2274 1874 2335 diebus
1913 2277 2036 2335 sin-

321 2372 476 2447 gulis
529 2371 1027 2444 complevissent;
1104 2381 1406 2441 scoparum
1484 2380 1717 2438 quoque
1777 2365 2035 2440 discipli-

319 2478 459 2522 nam
513 2462 613 2534 (57)
657 2460 720 2517 in
772 2457 1025 2531 capitulo
1079 2457 1275 2515 cuncti
1330 2455 1728 2528 susciperent;
1768 2454 1834 2514 in
1885 2471 2035 2529 pane

319 2550 511 2611 solum
538 2558 594 2608 et
621 2563 771 2621 aqua
799 2546 1016 2620 pariter
1040 2544 1413 2603 abstinerent.

962 2653 1206 2713 CAPUT
1232 2653 1389 2712 XIX.

314 2749 592 2818 Jejum'um
637 2749 804 2802 sextae
841 2747 999 2818 feriae
1042 2746 1102 2798 in
1151 2744 1402 2818 honorem
1447 2743 1506 2798 S.
1555 2745 1730 2818 amcis
1763 2745 2029 2802 instituit.

529 2818 684 2886 Quod
705 2823 757 2872 et
773 2815 1078 2872 visionibus
1097 2815 1397 2870 caalestibus
1417 2815 1818 2885 comprobatur.

387 2907 500 2968 Sed
548 2911 604 2964 et
640 2909 866 2964 sextam
911 2902 1072 2962 omni
1122 2907 1377 2975 tempore
1414 2901 1619 2960 feriam
1669 2907 1878 2975 praeter
1921 2900 2026 2958 Pa-

313 2996 557 3067 schales,
592 2992 685 3053 vel
723 2997 957 3052 caeteros
991 2990 1114 3049 dies
1164 2991 1470 3061 solemnes,
1519 2990 1631 3050 sub
1669 2990 1869 3050 eadem
1913 2996 2029 3049 tam

312 3084 635 3159 disciplima
665 3098 842 3157 quam
882 3079 1250 3140 abstinentia;
1285 3096 1489 3139 norma
1527 3081 1601 3140 ob
1645 3081 2026 3140 reverentiam

2121 1915 2311 1974 crucis
2348 1916 2561 1975 chorus
2603 1917 2707 1975 ille
2749 1917 3124 1992 psallentium
3160 1917 3403 1976 melodis
3429 1918 3670 1978 vocibus
3692 1933 3839 1976 con-

2121 2004 2408 2078 crepabat,
2447 2005 2563 2064 nisi
2609 2005 2748 2080 quia
2795 2007 3061 2066 futurum
3089 2013 3228 2080 erat,
3258 2012 3323 2066 ut
3362 2007 3506 2066 dum
3548 2007 3613 2064 in
3658 2007 3840 2065 hono—

2120 2109 2245 2151 rem
2301 2093 2488 2152 crucis
2543 2094 2798 2154 solemne
2855 2096 3154 2171 jejunium
3214 2096 3606 2168 instituerent,
3668 2097 3836 2170 quasi

2119 2181 2318 2240 dulces
2367 2183 2423 2240 ei
2478 2182 2722 2243 laudum
2775 2185 3045 2244 modulos
3099 2185 3356 2244 suaviter
3416 2190 3788 2260 personarent
3809 2183 3839 2243 ?

2117 2270 2424 2346 Hymnum
2466 2272 2682 2347 quippe
2727 2271 2791 2331 in
2840 2273 3023 2332 beatae
3064 2274 3254 2332 crucis
3297 2275 3517 2333 honore
3551 2273 3834 2346 decantat,

2117 2361 2223 2435 qui
2257 2378 2324 2420 ea
2353 2361 2620 2422 videlicet
2646 2363 2740 2422 die
2769 2380 2888 2438 qua
2915 2363 3181 2423 Christus
3217 2367 3280 2424 in
3309 2381 3482 2425 cruce
3521 2381 3836 2440 suspensus

2115 2457 2220 2521 est,
2267 2450 2568 2525 jejunium
2627 2451 2895 2511 celebrat.
2961 2453 3033 2510 Et
3087 2453 3230 2528 quid
3281 2461 3365 2513 est
3427 2455 3582 2528 quod
3625 2455 3835 2515 melliti

2115 2539 2464 2598 videbantur
2501 2555 2680 2614 panes
2706 2542 2772 2600 in
2810 2557 3032 2615 mensa,
3070 2543 3189 2600 nisi
3221 2549 3286 2602 ut
3315 2543 3599 2604 nimirum
3641 2544 3835 2604 dulcia

2113 2629 2352 2702 spiritus
2396 2629 2674 2688 alimenta
2723 2631 3108 2700 comederent,
3149 2631 3292 2692 dum
3344 2648 3448 2706 per
3492 2633 3835 2693 amaritudi-

2113 2732 2251 2775 nem
2278 2719 2470 2778 carnis
2497 2718 2700 2778 dulces
2729 2719 2846 2778 Deo
2876 2720 3121 2780 laudum
3149 2721 3418 2780 modulos
3447 2728 3780 2782 resonarent
3802 2724 3832 2778 Τ

2113 2805 2298 2866 Tanto
2342 2809 2556 2884 quippe
2593 2808 2822 2868 dulcior
2847 2816 3052 2883 gustus
3087 2811 3352 2870 exoritur
3384 2810 3448 2868 in
3474 2811 3663 2884 palato
3703 2825 3831 2870 cor-

2111 2898 2222 2970 dis,
2271 2905 2488 2974 quanto
2530 2900 2715 2974 major
2756 2900 3079 2960 amaritudo
3117 2900 3493 2960 districtionis
3535 2903 3832 2976 perturbat

2111 2989 2413 3048 lasciviam
2465 2989 2674 3049 carnis.
2729 2991 2879 3061 Quid
2930 2997 3018 3050 est
3067 2991 3242 3050 etiam
3298 3007 3562 3050 mensam
3607 2990 3832 3050 abbatis

2111 3079 2222 3139 sub
2261 3080 2533 3140 cruciﬁxi
2577 3080 2979 3155 Redemptoris
3019 3081 3266 3155 pedibus
3309 3097 3546 3156 ponere,
3581 3081 3696 3140 nisi
3725 3097 3857 3154 per

311 3175 504 3234 crucis
558 3173 679 3232 illis
729 3170 1149 3232 observandam
1192 3169 1482 3229 adhibuit.
1533 3171 1792 3246 Deniqus
1835 3172 2092 3270 omnisC
2104 3173 2399 3246 jejunium
2449 3177 2632 3230 sextae
2679 3171 2860 3245 feriae,
2909 3187 3044 3246 quas
3091 3172 3214 3231 dies
3261 3174 3449 3233 crucis
3488 3178 3594 3245 est,
3641 3177 3828 3232 totum

311 3263 475 3322 illius
519 3260 840 3321 adhortatio
876 3259 1039 3330 adeo,
1081 3265 1420 3332 cooperante
1458 3257 1728 3329 Domino,
1782 3259 2028 3317 fructifi-
2050 3257 2092 3270 “
2110 3261 2481 3321 refectorium
2511 3261 2826 3321 salutiferae
2856 3264 3042 3320 crucis
3071 3262 3373 3335 signaculo
3413 3262 3680 3321 dedicare
3706 3272 3730 3321 ἱ)
3756 3261 3830 3320 Et

307 3371 467 3414 casse
517 3351 897 3425 dignoscitur,
953 3355 1018 3408 ut
1069 3349 1300 3422 insigne
1355 3349 1501 3408 illud
1553 3365 1786 3424 quoque
1833 3347 2029 3407 Casini

307 3445 523 3505 montis
570 3442 904 3502 coenobium
950 3441 1052 3515 (58)
1100 3445 1260 3498 tanto
1304 3455 1434 3498 eam
1475 3441 1701 3499 fervore
1744 3439 2027 3513 sumpsis-

305 3541 412 3607 set,
458 3533 613 3609 quod
665 3531 904 3606 praefata
959 3528 1157 3588 omnia
1212 3527 1364 3586 inter
1417 3526 1707 3601 regular-ia
1755 3525 2029 3584 mandata

306 3622 719 3684 conscribenda
767 3619 1076 3681 statuisset.
1114 3617 1224 3676 Hic
1263 3633 1432 3691 porro
1473 3630 1845 3691 nequaquam
1876 3616 2022 3674 otio-

305 3731 433 3774 sum
492 3717 767 3787 putamus
830 3709 1101 3784 quaedam
1157 3705 1580 3766 revelationum
1639 3706 2021 3775 monimenta,

303 3819 439 3878 quae
469 3803 620 3861 idem
652 3802 776 3874 ipse
808 3798 1056 3873 scripsit,
1096 3812 1506 3865 annumerare,
1536 3797 1752 3870 quibus
1791 3802 2021 3854 sanctus

303 3893 404 3951 ille
455 3896 605 3950 totus
650 3891 714 3947 in
766 3889 873 3946 hac
917 3886 1316 3946 observatione
1357 3891 1536 3944 sequ
1588 3885 1750 3943 feriae
1804 3885 2023 3943 obnixe

306 3981 418 4042 fuit
459 3979 759 4039 solidatus.
812 3976 942 4049 Ipsa
993 3975 1188 4049 itaque
1239 3974 1424 4048 ipsius
1472 3974 1646 4033 verba
1684 3990 2014 4048 ponamus:

303 4071 370 4129 In
401 4067 808 4146 aegrotandum
850 4067 996 4125 cella
1033 4081 1212 4123 senex
1260 4064 1496 4139 quidam
1535 4073 1693 4138 pater
1721 4072 1861 4137 erat,
1903 4065 2020 4123 Leo

305 4163 561 4235 nomine,
589 4160 693 4235 qui
734 4159 994 4234 jejuniis,
1027 4155 1264 4230 psalmis
1298 4162 1356 4213 et
1399 4155 1758 4214 orationibus
1786 4155 2018 4214 insiste-

304 4253 401 4310 bat
447 4249 744 4319 attentius,
796 4253 852 4304 et
897 4246 1030 4303 licet
1081 4244 1369 4318 corporeis
1415 4250 1563 4302 esset
1603 4243 1825 4302 viribus
1872 4243 2012 4302 eﬂ'e-

304 4348 418 4410 tus,
455 4336 707 4413 juvenili
745 4343 932 4394 tamen
981 4333 1193 4393 fervidi
1231 4332 1468 4407 spiritus
1515 4337 1634 4390 erat
1681 4331 1878 4406 vigore
1923 4347 2015 4390 ro-

301 4432 530 4490 bustus.
566 4427 677 4485 Hic
711 4424 980 4500 proxima
1020 4427 1204 4495 nocte,
1247 4437 1362 4496 qua
1391 4419 1692 4479 statuenda
1733 4428 1855 4478 erat
1892 4421 2018 4479 haec

303 4507 548 4579 censura
577 4515 811 4592 jejunii,
851 4513 996 4572 vidit
1031 4528 1133 4586 per
1171 4511 1466 4569 somnium
1505 4525 1784 4584 magnum
1827 4511 1885 4568 in
1924 4527 2018 4570 ec-

303 4609 478 4670 clesia
525 4609 769 4667 chorum
825 4604 1268 4664 consistentium
1321 4603 1588 4673 fratrum,
1645 4601 1770 4675 qui,
1812 4617 2022 4675 nempe

303 4697 598 4774 praeclaris
642 4693 904 4754 candidis
955 4692 1215 4751 vestibus
1263 4689 1590 4749 luculenter
1642 4690 1855 4762 induti,
1892 4690 2020 4748 dul-

307 4787 505 4847 cisona
542 4784 680 4846 satis
716 4788 888 4857 atque
932 4781 1214 4841 melliilua
1259 4777 1495 4838 melodii
1541 4783 1855 4838 concentus
1895 4795 2024 4838 sua-

2109 3350 2254 3426 quid
2282 3356 2365 3409 est
2393 3349 2503 3410 sub
2539 3349 2806 3410 cruciﬁxi
2837 3348 3072 3408 Domini
3112 3350 3359 3428 pedibus
3399 3349 3673 3422 residere,
3710 3349 3830 3408 nisi

2108 3449 2235 3518 post
2263 3446 2388 3520 ejus
2420 3443 2664 3517 vestigia
2697 3441 2965 3514 tendere;
2996 3449 3053 3500 et
3077 3458 3181 3517 per
3211 3459 3365 3516 eum,
3402 3459 3521 3518 quo
3547 3458 3655 3503 nos
3682 3459 3830 3518 prte-

2108 3532 2298 3606 cessit,
2330 3530 2617 3591 tramitem
2644 3531 2863 3604 jugiter
2884 3530 3183 3591 ambulare
3209 3530 3239 3592 ?

2177 3621 2397 3682 Verum
2442 3620 2515 3681 ad
2560 3621 2670 3680 hoc
2719 3620 2933 3680 arctius
2991 3621 3545 3694 commendandum,
3584 3625 3642 3679 et
3677 3619 3829 3680 illud

2103 3712 2400 3786 aptissime
2450 3711 2691 3786 contigit
2735 3717 2802 3772 ut
2855 3717 3086 3772 sanctus
3133 3711 3374 3787 quidam
3427 3710 3580 3770 alius
3628 3711 3826 3782 frater,

2105 3801 2312 3861 Petrus
2347 3802 2605 3873 nomine,
2638 3802 2778 3862 dum
2819 3801 2880 3860 id
2910 3803 3377 3874 constitueretur,
3408 3800 3652 3860 abesset.
3686 3798 3824 3869 Qui,

2105 3898 2298 3964 postea
2345 3890 2552 3964 quinta
2581 3889 2834 3962 quadam
2887 3890 3029 3950 feria
3067 3905 3380 3964 regressus,
3412 3889 3614 3950 eadem
3658 3894 3825 3946 nocte

2104 3995 2206 4053 per
2248 3979 2543 4036 somnium
2595 3978 2743 4036 vidit
2790 3979 2944 4052 quod
2992 3979 3244 4038 domnus
3287 3979 3492 4038 Petrus
3534 3978 3705 4038 illum
3747 3976 3821 4034 ad

2100 4066 2414 4141 prandium
2441 4071 2782 4124 convocaret
2805 4081 3118 4140 secumque
3142 4066 3266 4139 ipse
3293 4066 3540 4125 conviva
3558 4065 3817 4124 discum-

2099 4155 2279 4214 beret.
2317 4153 2596 4228 Sequenti
2643 4169 2779 4214 vero
2816 4153 2910 4213 die
2954 4155 3018 4212 in
3046 4155 3367 4228 capitulum
3399 4153 3639 4214 veniens
3684 4168 3818 4211 cum

2098 4243 2321 4302 caeteris
2370 4240 2646 4300 fratribus
2694 4241 3060 4315 disciplinam
3106 4241 3247 4301 novi
3296 4242 3445 4302 ritus
3486 4240 3722 4315 accepit,
3763 4247 3823 4299 et

2099 4332 2180 4391 sic
2205 4333 2392 4404 laetus,
2422 4336 2478 4390 et
2505 4332 2693 4390 alacer
2730 4332 2934 4405 factus,
2967 4331 3285 4392 exsultavit
3320 4331 3386 4390 in
3430 4331 3651 4405 Spiritu
3683 4345 3821 4388 san-

2099 4428 2210 4494 cto,
2258 4422 2498 4481 dicens:
2529 4420 2694 4492 Ecce,
2742 4420 2862 4480 Deo
2908 4421 3140 4495 gratias,
3172 4421 3509 4495 prandium,
3540 4420 3612 4478 ad
3661 4417 3820 4494 quod

2101 4529 2196 4572 me
2223 4514 2472 4573 domnus
2511 4513 2718 4574 Petrus
2747 4513 3065 4572 Damianus
3094 4517 3415 4572 vocaverat.
3463 4511 3581 4570 Nec
3616 4511 3821 4568 imme-

2104 4604 2214 4662 rito
2243 4619 2382 4662 sane
2427 4610 2642 4662 nostra:
2685 4603 2877 4661 carnis
2919 4601 3153 4660 aﬂlictio
3202 4617 3422 4673 mensa,
3454 4600 3549 4661 vel
3586 4597 3821 4658 refectio

2102 4689 2336 4764 dicitur,
2382 4693 2680 4765 quoniam,
2729 4690 2886 4749 unde
2934 4695 3198 4748 nostrum
3249 4705 3356 4762 per
3402 4687 3821 4748 continentiam

2101 4795 2308 4853 corpus
2339 4778 2625 4852 atteritur,
2672 4779 2810 4838 inde
2850 4778 3087 4853 spiritus
3136 4793 3404 4852 supernae
3443 4776 3640 4852 gratias
3682 4775 3818 4850 pin-

1464 4921 1873 4984 GODEFBIDI
1909 4923 2379 4984 HENSCHENII
2417 4920 2664 4982 ΝΟΤλΕ.

312 5061 503 5115 opusc.
563 5047 638 5112 15,
688 5047 758 5100 de
818 5057 933 5098 suae
992 5040 1431 5115 congregationis
1488 5039 1747 5115 institutis
1796 5053 1914 5106 cap.
1971 5041 2020 5115 6,

311 5111 386 5174 ait
427 5111 629 5172 multos
665 5117 961 5170 monachos
999 5115 1058 5166 in
1100 5111 1542 5176 Quadragesimas
1589 5111 1768 5162 solum
1803 5130 1830 5158 ‹‹
1867 5113 2020 5164 vesci

313 5191 512 5258 pomis,
569 5191 625 5241 et
677 5187 969 5240 herbarum
1010 5185 1304 5258 radicibus,
1333 5194 1431 5258 nac‘
1452 5179 1834 5258 leguminibus
1884 5184 2020 5258 infn-

313 5251 411 5325 sis,
458 5251 547 5314 vel
591 5259 753 5312 etiam
799 5259 975 5311 elixis.
1009 5275 1037 5304 ι)
1071 5256 1205 5308 Hinc
1252 5251 1653 5307 in’ustdarium
1701 5253 1913 5306 videtur
1953 5256 2018 5306 si-

317 5345 488 5401 gnare
532 5343 695 5385 omne
739 5329 927 5401 liquidi
971 5328 1076 5401 cibi
1117 5339 1302 5401 genus
1336 5337 1478 5401 aqua
1518 5329 1868 5401 maceratum,
1905 5338 2015 5401 non

317 5394 542 5459 Elixum.
594 5402 758 5463 Quam
799 5394 1208 5453 distinctionem
1273 5397 1489 5450 Vossius
1544 5394 1638 5448 lib.
1697 5410 1758 5450 ιιι
1816 5397 1891 5450 De
1940 5399 2013 5449 vi-

316 5477 408 5529 tiis
441 5474 726 5532 sermonis,
759 5483 876 5537 cap.
914 5471 988 5534 16,
1018 5482 1132 5523 non
1163 5468 1450 5523 intellexit.

383 5549 486 5610 (57)
551 5541 854 5608 Scoparum
903 5555 1109 5609 quoque
1154 5539 1519 5603 disciplinam.
1551 5539 1625 5610 7B.
1685 5539 1871 5594 Petrus
1920 5551 2022 5610 pro

318 5609 574 5674 defuncto
623 5615 800 5681 aliquo
844 5613 1013 5667 fratre
1057 5635 1082 5658 α
1122 5615 1330 5676 septem
1377 5609 1690 5673 disciplinas
1722 5623 1864 5681 cum
1911 5609 2023 5662 mile

320 5693 460 5746 lenis
487 5680 775 5754 scoparum
807 5687 1004 5740 ictibus
1035 5681 1385 5745 accipiendas
1420 5699 1447 5725 ιι
1491 5680 1795 5744 praescribit
1833 5693 2022 5745 opusc.

2127 5041 2185 5091 14
2222 5042 2276 5091 et
2320 5039 2396 5097 15,
2430 5049 2549 5102 cap.
2598 5039 2675 5090 12.
2707 5037 2920 5090 Modum
2946 5037 3250 5092 inferenda
3279 5037 3580 5103 disciplinae
3619 5037 3827 5090 indicat

2119 5111 2212 5163 lib.
2249 5123 2328 5171 vt,
2355 5109 2512 5173 epist.
2541 5111 2618 5167 34,
2643 5109 2714 5162 ad
2743 5121 2856 5162 suae
2885 5109 3338 5174 Congregationis
3370 5110 3646 5164 eremitas.

2183 5180 2285 5245 (58)
2340 5178 2400 5233 Ut
2445 5179 2656 5244 insigne
2708 5180 2845 5232 illud
2900 5193 3105 5246 quoque
3169 5181 3352 5232 Casini
3407 5180 3607 5233 montis
3650 5191 3829 5232 cano-

2117 5251 2283 5305 bium.
2332 5252 2562 5305 Praeerat
2610 5252 3017 5304 Cassinensibus
3081 5253 3404 5310 Desiderius,
3467 5255 3686 5304 creatus
3738 5263 3829 5304 an.

2121 5325 2257 5377 1058.
2325 5322 2461 5376 Huic
2525 5323 2819 5376 admodum
2872 5323 3156 5375 familiaris
3207 5322 3322 5374 fuit
3353 5322 3408 5373 B.
3469 5323 3675 5385 Petrus,
3738 5333 3832 5374 cu-

2112 5399 2206 5461 jus
2248 5394 2318 5447 ad
2371 5406 2499 5447 eum
2550 5397 2767 5448 exstant
2819 5392 3006 5458 plures
3054 5393 3300 5458 epistolae
3332 5396 3386 5444 et
3425 5393 3706 5458 opuscula.
3742 5395 3834 5444 Ast

2117 5469 2233 5519 haec
2287 5477 2458 5530 supra
2510 5479 2582 5519 ex
2637 5466 2811 5520 Leone
2859 5465 3155 5516 Marsicano
3211 5463 3674 5526 conﬁrmavimus,
3735 5464 3835 5527 qui

2120 5549 2268 5591 anno
2318 5537 2511 5602 quinto
2552 5537 2766 5591 abbatis
2794 5535 3058 5588 Desiderit‘
3100 5535 3244 5587 hunc
3278 5537 3402 5600 ejus
3446 5535 3516 5588 ad
3555 5536 3828 5589 Cassinen.

2087 5621 2216 5663 .ses
2267 5609 2560 5663 adventum
2614 5607 2909 5672 contigisse
2972 5605 3198 5664 scribit;
3256 5619 3391 5672 ergo
3443 5618 3586 5660 anno
3639 5603 3833 5657 Christi

2128 5679 2248 5734 1062
2266 5683 2355 5735 aut
2382 5681 2520 5734 1063.
