4106 6204
304 377 398 436 lii
1220 369 1799 433 PROLEGOMENA.
1841 405 1909 417 -
1949 334 2133 431 vrrA
2174 372 2232 432 s.
2277 370 2499 432 perm
2537 372 2881 433 DAMIANI.
3408 354 3411 363 ‘
3696 373 3799 433 lii:
3840 436 3851 446 κ

294 498 548 574 guedine
579 495 898 571 saginatur.
930 488 1169 555 Cunctis
1194 495 1388 574 itaque
1432 496 1833 571 hujuscemodi
1862 496 2368 570 reve-Atemporis
2419 506 2814 558 asseverantes
2860 501 3090 559 aiebant
3149 514 3284 559 eum
3352 497 3620 559 videlicet
3693 516 3797 577 pro

297 587 613 647 lationibus
638 584 811 660 plane
840 583 1230 659 noscentibus,
1261 600 1330 644 ea
1361 584 1480 645 illis
1520 586 1750 645 ccelitus
1780 584 2009 656 tradita,
2092 585 2234 661 ipsis
2270 586 2514 647 latenter
2555 602 2768 662 orasse,
2808 588 3006 663 sicque
3044 589 3130 648 eis
3180 588 3426 647 salutem
3476 603 3511 646 a
3553 587 3800 650 Domino

293 690 427 750 qua)
468 690 575 749 per
600 688 664 732 os
692 671 1015 732 beatissimi
1057 670 1173 731 viri
1210 671 1436 731 naviter
1469 672 1583 731 sibi
1614 674 1843 732 fuerant
1876 687 2012 746 pro-
2091 675 2476 753 impetrasse?
2504 678 2579 735 At
2607 677 2745 751 quia
2782 676 2950 736 nobis
2987 676 3243 748 difﬁcile,
3274 676 3394 736 imo
3442 676 3801 753 impossibile

294 765 574 840 mulgata,
610 777 729 822 non
777 762 969 823 solum
1012 761 1083 821 ad
1122 762 1381 837 ipsorum
1412 763 1843 822 observantiam
1896 762 2010 822 fer-

2093 772 2179 825 est
2204 765 2367 825 illius
2411 772 2570 840 gesta
2597 773 2804 826 cuncta
2840 782 3092 837 narrare,
3121 774 3512 841 opportunum
3551 765 3802 849 dicimus

294 853 527 913 ventius
586 852 851 910 succensi
895 856 1055 923 sunt,
1106 866 1313 910 verum
1373 849 1547 910 etiam
1589 868 1728 911 eum
1769 851 2014 924 insuper
2087 854 2212 930 jam
2259 853 2331 913 ad
2379 861 2636 913 extrema
2676 854 2892 929 stylum
2936 854 3204 928 dirigere,
3246 863 3304 914 et
3332 855 3582 930 qualiter
3625 872 3800 917 suum

292 950 646 1018 rogaverunt
689 950 776 1014 ut,
822 942 870 1000 si
909 940 1049 1015 quid
1074 940 1270 1000 deesse
1299 942 1453 1019 apud
1491 958 1588 1001 eos
1616 943 1809 1003 adhuc
1848 942 2014 1001 vide-

291 1041 475 1104 retur,
506 1033 864 1108 injungeret;
899 1030 948 1090 si
974 1031 1118 1106 quid
1147 1031 1531 1107 superﬂuum,
1562 1032 1827 1102 tolleret;
1858 1032 2013 1106 quod

293 1140 431 1184 vero
508 1123 919 1197 corrigendum
994 1124 1162 1195 foret,
1216 1123 1441 1182 cunctis
1506 1122 2011 1198 applaudentibus,

292 1215 650 1274 emendaret.
693 1212 859 1273 Unde
891 1213 1108 1273 factum
1144 1216 1232 1273 est
1278 1214 1431 1272 inter
1468 1220 1675 1273 caetera
1701 1254 1704 1257 η
1727 1216 1790 1272 ut
1839 1212 2013 1288 proji-

293 1313 494 1366 cerent
516 1307 774 1381 copulas,
807 1304 1024 1382 quibus
1047 1303 1215 1380 quasi
1252 1302 1606 1378 quibusdam
1631 1301 1802 1377 pileis
1826 1301 2012 1376 capita

294 1396 694 1471 contegebant,
746 1411 864 1470 quo
913 1393 987 1454 de
1033 1400 1239 1453 caetero
1290 1392 1429 1453 solis
1476 1392 1724 1468 caputiis
1769 1392 2013 1452 honesto

301 1490 495 1545 essent
518 1484 941 1545 monachorum
976 1498 1134 1542 more
1179 1476 1455 1544 cantenti.
1498 1482 1840 1545 Statuerunt
1866 1499 2012 1558 quo-

302 1590 421 1649 que
448 1581 516 1634 ut
544 1575 616 1634 de
648 1574 968 1650 peregrinis
997 1573 1321 1634 involucris
1356 1575 1512 1634 ultra
1531 1573 1651 1648 jam
1689 1570 2017 1648 grandioris

306 1661 475 1738 pretii
511 1661 853 1723 vestimenta
888 1678 1007 1724 non
1054 1668 1333 1738 emerent,
1387 1663 1489 1722 sed
1542 1677 1614 1721 ex
1666 1661 2016 1722 rusticorum

305 1751 579 1810 textrinis
612 1750 749 1812 vilia
776 1751 972 1826 potius
1001 1768 1069 1812 ac
1095 1751 1411 1813 vernacula
1437 1756 1797 1826 comparent.

306 1960 505 2016 Pueros
556 1957 825 2031 quosdam
876 1974 912 2014 a
960 1958 1295 2031 daemonibus
1338 1961 1565 2031 vexatos
1613 1957 1885 2031 in_monte
1920 1955 2019 2013 Ca-

375 2032 517 2095 sino,
552 2026 651 2085 ubi
690 2031 931 2087 basilice
971 2031 1031 2088 S.
1078 2026 1358 2086 Benedicti
1410 2027 1747 2101 zdiﬁcandz
1799 2042 2018 2098 operam

374 2101 610 2168 dabant,
638 2101 857 2159 liberat.

374 2195 577 2271 Ipsum
620 2186 760 2256 vero
806 2197 1119 2272 praefatum
1151 2196 1485 2257 coenobium
1516 2195 1829 2256 Casinense
1875 2197 2019 2255 dum

300 2285 620 2362 aliquando
671 2285 829 2346 idem
875 2287 1130 2347 domnus
1179 2286 1386 2346 Petrus
1441 2302 1517 2345 ex
1577 2301 1738 2345 more
1786 2283 2023 2344 visitas-

302 2384 390 2436 set
422 2376 545 2451 (59),
578 2392 712 2437 cum
743 2382 892 2436 esset
928 2376 1034 2449 ibi,
1080 2374 1399 2436 beatissimi
1435 2374 1730 2451 Benedicti
1788 2373 2025 2433 basilica

303 2465 661 2524 fundabatur
685 2464 836 2537 (60);
868 2481 1004 2541 quas
1047 2480 1192 2527 auro
1224 2482 1291 2525 ac
1318 2465 1614 2542 lapidibus
1653 2463 1825 2523 modo
1851 2463 2024 2523 ador-

303 2562 441 2615 nata
470 2555 776 2631 perspicue
811 2556 1090 2616 cernitur.
1127 2556 1475 2631 Aliquantos
1504 2554 1587 2615 ibi
1631 2553 1844 2630 reperit
1880 2568 2022 2628 pue-

304 2659 420 2718 ros,
451 2646 561 2721 qui
602 2661 710 2720 pro
746 2646 1044 2706 vectandis
1094 2645 1393 2720 lapidibus
1430 2649 1727 2716 venerant,
1769 2648 2028 2719 arreptos

304 2733 620 2795 daemoniis
648 2736 855 2796 acriter
896 2737 1142 2807 vexari;
1170 2750 1426 2811 quorum
1474 2732 1609 2793 licet
1647 2731 1891 2791 modicis
1930 2747 2025 2790 ar-

304 2824 504 2897 tubus,
538 2830 763 2886 tantum
783 2825 857 2885 ab
886 2825 1030 2901 ipsis
1058 2825 1366 2884 dmmoniis
1396 2822 1616 2884 virium
1641 2819 1935 2882 ferebatur
1961 2826 2029 2880 ut

304 2928 340 2971 a
385 2913 567 2985 binis,
595 2914 688 2973 vel
730 2914 908 2973 ternis
952 2913 1374 2974 robustissimis
1416 2911 1561 2973 viris
1608 2911 1829 2986 singuli
1875 2923 2028 2968 com-

306 2999 605 3074 prehensi,
657 3000 758 3060 vix
796 3000 1166 3077 aliquatenus
1194 3007 1428 3075 possent
1465 2999 1700 3059 arctari.
1735 2998 1883 3058 Cum
1916 3012 2024 3057 au-

309 3096 427 3149 tem
453 3089 551 3149 die
579 3090 834 3166 quadam
867 3090 1153 3151 domuum
1183 3090 1419 3150 Petrum
1462 3088 1537 3149 ad
1566 3104 1714 3165 opus
1750 3087 1900 3148 illud
1934 3087 2026 3146 in-

2095 958 2332 1003 cursum
2363 942 2736 1017 compleverit
2760 950 2935 1016 atque
2968 942 3107 1001 hinc
3135 943 3206 1002 ad
3238 959 3490 1018 superna
3519 944 3802 1020 migrave-

2094 1032 2191 1106 rit,
2224 1032 2470 1092 Domino
2499 1031 2836 1108 opitulante,
2867 1033 3220 1121 depromere.

2729 1140 2975 1201 CAPUT
3001 1140 3158 1201 XXI.

2098 1232 2292 1289 Urbem
2336 1234 2652 1305 Ravennam
2684 1235 2839 1289 Rom.
2884 1233 3164 1305 pontiﬁcis
3211 1233 3422 1305 legatus
3457 1249 3494 1289 a
3540 1234 3800 1299 censuris,

2357 1304 2755 1376 archiepiscopi
2780 1303 2916 1359 vitio
2944 1304 3279 1368 obstrictum,
3308 1303 3566 1363 absoluit.

2168 1390 2322 1450 Dum
2348 1391 2481 1465 pius
2509 1391 2690 1465 igitur
2725 1390 2939 1451 Christi
2972 1391 3236 1451 sacerdos
3274 1391 3680 1465 hujuscemodi
3712 1392 3802 1452 lu-

2095 1480 2440 1549 crandarum
2496 1479 2828 1540 animarum
2886 1479 3095 1541 studiis
3155 1479 3446 1539 inhianter
3494 1480 3808 1541 inhaereret

2096 1570 2351 1645 vitasque
2396 1569 2699 1645 praesentis
2754 1569 2912 1629 labor
2957 1576 3237 1629 extremae
3280 1567 3402 1641 jam
3446 1585 3595 1642 pene
3635 1571 3808 1630 lineae

2099 1675 2325 1721 moram
2380 1666 2616 1732 teneret,
2669 1660 2841 1734 jussu
2900 1659 3222 1719 Alexandri
3281 1658 3335 1717 II
3390 1658 3503 1731 (6i)
3560 1661 3807 1723 Romani

2097 1748 2407 1824 pontiﬁcis,
2442 1748 2805 1822 Ravennam,
2850 1750 3097 1824 patriam
3127 1760 3315 1820 suam,
3348 1750 3634 1829 proﬁcisci
3656 1767 3806 1827 prae-

2036 1837 2332 1923 Bcipitur,
2375 1851 2499 1896 rem
2547 1836 2716 1896 valde
2755 1837 3142 1896 necessariam
3180 1836 3350 1898 saluti
3380 1832 3573 1899 totius
3619 1839 3809 1913 urbis,

2099 1923 2258 1998 cieri,
2284 1939 2350 1984 ac
2396 1923 2597 1999 pepuli
2652 1931 3004 1999 peracturus.
3048 1926 3186 1985 Erat
3226 1925 3444 2002 quippe
3484 1934 3623 1986 tunc
3661 1932 3807 1986 tem-

2101 2014 2257 2087 poris
2297 2014 2609 2073 defunctus
2649 2014 2912 2089 ejusdem
2953 2014 3119 2074 urbis
3159 2016 3626 2092 archiepiscopus
3674 2015 3809 2090 (62),

2101 2103 2204 2177 qui
2261 2119 2364 2178 pro
2408 2119 2514 2163 sua
2570 2103 2877 2178 protervia,
2929 2104 3214 2163 sententia
3264 2104 3545 2164 Romanas
3602 2107 3814 2181 synodi

2100 2191 2243 2251 olim
2290 2192 2479 2251 fuerat
2516 2192 2929 2250 communione
2976 2192 3274 2266 privatus,-
3309 2194 3407 2254 cui
3441 2200 3629 2253 tamen
3678 2210 3811 2254 cum

2103 2282 2288 2342 nimia
2314 2283 2631 2342 temeritate
2669 2298 3045 2359 nequaquam
3070 2285 3145 2344 ob
3170 2284 3392 2344 illatam
3440 2285 3553 2345 sibi
3589 2291 3814 2346 senten-

2105 2375 2245 2435 tiam
2274 2374 2390 2446 (63)
2434 2375 2820 2450 tremefactus,
2850 2375 2925 2435 ab
2966 2376 3440 2452 archiepiscopali
3477 2385 3818 2453 temperaret

2105 2461 2314 2534 oliicio,
2347 2468 2799 2522 consentaneum
2840 2461 2952 2521 sibi
2995 2461 3277 2537 p0pulum
3327 2480 3434 2523 sua
3474 2465 3816 2539 contagione

2108 2552 2320 2611 misere
2364 2550 2621 2623 foedavit,
2651 2557 2946 2629 totamque
2992 2554 3288 2612 ecclesiam
3327 2553 3550 2614 illicitis
3575 2555 3817 2616 ausibus

2107 2639 2455 2716 profanavit.
2490 2640 2749 2699 Tandem
2779 2656 2915 2700 vero
2941 2639 3012 2700 de
3041 2641 3233 2701 medio
3270 2643 3632 2716 profanatore
3675 2643 3815 2703 sub-

2109 2731 2246 2801 lato,
2304 2730 2580 2805 praefatus
2630 2729 2981 2804 apostolicus
3060 2737 3177 2789 tam
3256 2731 3553 2791 numerosi
3619 2733 3825 2808 populi

2110 2821 2350 2880 exitiale
2401 2820 2735 2895 contagium
2790 2820 3056 2880 fraternis
3103 2821 3424 2881 visceribus
3490 2822 3816 2895 miseratus,

2111 2918 2335 2972 tantum
2381 2917 2625 2985 patrem,
2671 2910 2775 2985 qui
2824 2911 3163 2971 auctoritate
3197 2912 3508 2987 apostolica
3549 2912 3819 2973 eumdem

2112 3000 2535 3062 reconciliando
2622 3000 2963 3070 absolveret,
3019 2999 3121 3058 illo
3194 3000 3460 3075 delegare
3544 3002 3817 3072 decrevit,

2112 3092 2409 3152 neminem
2440 3089 2658 3149 scilicet
2696 3089 2768 3148 ad
2815 3089 2925 3149 hoc
2953 3104 3100 3165 opus
3128 3092 3449 3164 gerendum
3494 3091 3821 3167 digniorem

312 3174 599 3239 tuendum
655 3181 988 3257 contigisset
1031 3179 1215 3251 exire,
1270 3178 1629 3252 Desiderius,
1683 3176 2204 3284 venerabiliscvel
2262 3179 2541 3256 aptiorem
2592 3178 2959 3251 existimans,
3012 3194 3080 3238 eo
3129 3178 3282 3253 quod
3332 3178 3378 3237 is
3432 3195 3548 3239 non
3598 3181 3822 3241 modica

309 3267 576 3343 ejusdem
627 3271 878 3329 ccenobii
917 3269 1246 3330 Casinensis
1292 3270 1493 3344 abbas,
1540 3270 1757 3346 ipsum,
1789 3274 1856 3328 ut
1892 3282 2033 3326 con-

308 3366 601 3431 sueverat,
629 3376 704 3420 ex
750 3362 987 3420 nomine
1029 3362 1288 3437 jucunde
1328 3360 1706 3437 compellans,
1731 3356 1813 3417 ait
1847 3376 1861 3416 :
1918 3356 2032 3416 Do-

310 3447 473 3507 mine
501 3447 689 3520 Petre,
722 3463 830 3510 cur
870 3450 1011 3509 istos
1047 3457 1272 3509 nostros
1320 3465 1440 3509 non
1469 3464 1638 3509 curas
1689 3442 1982 3521 operarios
2006 3443 2036 3504 ?

312 3536 421 3597 Cui
466 3537 572 3596 ille
603 3561 618 3595 :
653 3536 882 3597 Habent
920 3538 1035 3611 hic,
1082 3538 1301 3614 inquit,
1340 3537 1691 3597 sanctissimi
1736 3533 2033 3596 Benedicti

310 3625 705 3700 praesentiam,
738 3626 842 3701 qui
878 3627 985 3701 eis,
1027 3627 1077 3687 si
1125 3628 1287 3701 velit,
1325 3626 1481 3687 valet
1524 3626 1731 3686 salutis
1778 3626 2038 3685 conferre

313 3714 627 3774 medelam.
674 3715 797 3790 Ego
842 3716 1001 3776 enim
1049 3716 1191 3793 quid
1217 3731 1351 3777 sum
1377 3719 1407 3775 τ
1433 3715 1810 3776 Existimavit
1843 3721 2033 3774 tamen

314 3803 498 3863 abbas
537 3820 614 3863 ex
652 3802 737 3863 eis
775 3804 1005 3879 aliquos
1039 3806 1112 3865 ad
1140 3805 1325 3883 ipsius
1368 3805 1494 3864 fore
1528 3804 1845 3881 hospitium
1890 3800 2035 3862 diri-

316 3893 559 3965 gendos,
604 3896 896 3968 quatenus
932 3892 1171 3954 illorum
1218 3892 1591 3954 vexationem
1650 3892 2033 3968 conspiciens,

316 3980 602 4041 attentius
628 3997 735 4058 pro
778 3978 865 4042 eis
902 3985 1177 4044 misertus
1217 3990 1423 4045 oraret.
1460 3982 1625 4055 Quod
1668 3982 1908 4059 quidem
1938 3981 2037 4041 ille

316 4069 565 4128 omnino
608 4069 933 4145 prohibuit,
962 4085 1083 4131 non
1136 4086 1277 4131 sane
1306 4070 1761 4131 inhumanitatis
1797 4070 2035 4139 duritia,

317 4156 420 4216 sed
464 4157 866 4231 observandae,
898 4160 1055 4234 quod
1083 4160 1271 4234 magis
1313 4158 1692 4232 censendum,
1734 4158 2037 4219 humilita-

318 4248 394 4309 tis
442 4250 732 4311 custodia.
788 4250 1206 4312 Verumtamen
1281 4250 1425 4313 dum
1504 4258 1643 4311 tunc
1703 4250 2042 4326 contigisset

315 4352 454 4399 eum
505 4334 721 4415 viginti
774 4340 897 4400 fere
956 4339 1165 4401 diebus
1217 4339 1435 4401 ibidem
1505 4347 1737 4416 propter
1796 4341 2041 4398 fratrum

316 4426 660 4488 charitatem
739 4429 1024 4490 mansisse
1043 4477 1061 4503 ,
1119 4430 1439 4509 eodemque
1513 4430 1696 4506 spatio
1777 4426 2005 4490 dierum
2024 4477 2038 4499 ,

314 4524 747 4592 energumenos
777 4519 914 4580 illos
950 4536 1154 4581 omnes
1181 4520 1353 4596 plene
1390 4526 1621 4582 curatos
1657 4520 1878 4594 fuisse;
1907 4519 2040 4597 quis

314 4580 494 4669 illud"
515 4608 767 4671 ﬁdeliter
806 4624 925 4672 non
964 4580 1202 4686 credat;
1227 4609 1383 4687 quod
1421 4580 1723 4671 coenobiis;
1771 4580 1878 4671 illi,
1904 4580 2107 4671 tuncD

2117 3275 2391 3335 existeret
2440 3274 2777 3334 auctoritate
2829 3271 3145 3341 subnixus,
3193 3287 3259 3330 ac
3309 3287 3410 3345 per
3452 3274 3827 3347 regeneratio-

2115 3366 2211 3423 nis
2243 3364 2487 3439 gratiam
2534 3362 2794 3438 ejusdem
2823 3369 2970 3420 esset
3015 3361 3289 3420 Ecciesia}
3320 3361 3498 3433 filius,
3529 3362 3826 3437 ipsiusque

2116 3454 2291 3513 etiam
2324 3454 2554 3512 hortatu
2585 3453 2718 3523 (64),
2750 3450 2907 3510 idem
2958 3466 3360 3526 saepenumero
3406 3451 3477 3508 ad
3526 3452 3677 3509 hanc
3712 3451 3827 3510 cle-

2118 3542 2394 3617 mentiam
2443 3548 2805 3617 provocatus.
2853 3539 3036 3611 Quam
3086 3539 3287 3615 utique
3329 3540 3677 3613 legationem
3705 3540 3829 3611 ille,

2121 3631 2254 3693 licet
2277 3633 2398 3707 jam
2439 3636 2604 3690 astate
2633 3630 2949 3700 confectus,
2981 3633 3045 3687 ut
3089 3636 3364 3688 strenuus
3415 3628 3572 3687 filius
3622 3636 3827 3688 mater-

2118 3722 2213 3781 nis
2270 3719 2567 3781 beneficiis
2622 3734 2738 3778 non
2795 3719 3058 3792 ingratus
3107 3722 3297 3791 optato
3343 3718 3616 3792 suscepit.
3686 3717 3831 3777 Nam

2118 3807 2515 3883 gratulabatur
2562 3823 2624 3866 se
2671 3804 2903 3866 tandem
2960 3807 3239 3881 reperisse
3281 3805 3526 3881 aliquid,
3557 3807 3713 3881 quod
3759 3809 3833 3867 ob

2119 3899 2214 3959 sui
2265 3897 2526 3957 debitum
2555 3896 2841 3973 obsequii,
2874 3897 2987 3973 pias
3031 3903 3221 3971 posset
3263 3897 3591 3972 persolvere
3640 3900 3830 3959 matri.

2119 3987 2244 4058 Quo
2287 4002 2444 4059 cum,
2476 3984 2723 4046 Domino
2762 3984 3133 4060 suffragante,
3173 4000 3442 4059 prospero
3478 3987 3835 4061 pervenisset

2118 4076 2347 4147 itinere,
2373 4075 2435 4134 in
2460 4090 2639 4133 manu
2668 4073 2889 4134 civium
2918 4080 3218 4149 susceptus
3249 4072 3472 4146 ingenti
3501 4090 3633 4133 cum
3682 4074 3831 4135 laeti-

2121 4165 2220 4236 tia,
2255 4164 2346 4224 sui
2380 4178 2612 4222 causam
2664 4161 2929 4237 patefecit
2973 4178 3257 4233 accessus,
3304 4178 3479 4236 super
3520 4178 3641 4239 quo
3683 4165 3838 4224 cives

2122 4250 2211 4309 illi
2265 4249 2575 4309 immodice
2625 4247 2954 4323 jucundati,
3008 4248 3326 4308 immensas
3399 4249 3537 4322 Deo,
3589 4251 3691 4325 qui
3743 4267 3839 4312 eos

2124 4345 2479 4415 respexerat,
2526 4338 2857 4413 Christique
2909 4337 3145 4409 vicario,
3200 4338 3304 4412 qui
3362 4338 3524 4400 hunc
3568 4339 3740 4400 talem
3785 4350 3840 4401 et

2127 4437 2355 4491 tantum
2403 4428 2599 4488 virum
2650 4428 2721 4486 ad
2768 4442 2831 4486 se
2877 4427 3186 4498 direxerat,
3239 4430 3455 4501 gratias
3507 4431 3839 4502 referentes,

2125 4514 2620 4592 praevaricationis
2652 4528 2773 4572 suae
2795 4513 3195 4588 paenitentiam
3221 4513 3523 4573 humiliter
3546 4524 3793 4589 egerunt
3823 4541 3836 4574 :

2123 4606 2280 4669 unde
2325 4613 2380 4666 et
2428 4610 2622 4664 reatus
2673 4603 2918 4673 veniam,
2970 4617 3146 4678 quam
3200 4604 3534 4679 suppliciter
3581 4605 3836 4679 postula-

1484 4771 1894 4835 GODEFRIDI
1930 4767 2396 4834 HENSCHENII
2432 4764 2676 4828 NOTAE.

379 4906 490 4975 (59)
531 4905 775 4961 Domum
810 4908 1005 4962 Petrus
1051 4922 1116 4961 cs:
1157 4920 1307 4962 more
1342 4908 1633 4963 cisitassct.
1684 4907 1797 4964 Fuit
1838 4922 1905 4963 ea
1948 4908 2029 4963 vi-

311 4979 498 5033 sitatio
530 4991 563 5035 ι
592 4980 925 5046 precedentl
952 4980 1188 5045 diversa,
1208 4981 1286 5034 uti
1313 4988 1386 5034 ex
1408 4980 1768 5046 sequentibus
1796 4984 2027 5035 constat.

379 5050 492 5116 (60)
549 5053 608 5103 Β.
666 5049 947 5105 Benedicti
1000 5051 1229 5106 basilica
1285 5051 1649 5117 fundabatur.
1714 5054 1895 5120 Caspia
1949 5052 2034 5106 est

316 5123 532 5176 exstrui
584 5134 652 5176 ea
712 5122 942 5176 basilica
1001 5135 1144 5177 anno
1200 5122 1341 5187 1066,
1389 5123 1638 5177 dedicata
1687 5124 1754 5178 ab
1808 5123 2032 5185 Alexan-

313 5193 423 5247 dro
476 5192 525 5247 ll
570 5204 715 5260 papa
752 5206 899 5249 anno
938 5195 1092 5253 1071;
1144 5195 1236 5248 cui
1287 5194 1618 5249 solemnitatl
1669 5194 2034 5248 interfuerunt

313 5264 719 5330 archiepiscopi
777 5265 859 5329 10,
916 5267 1162 5332 episcopi
1214 5266 1292 5330 li,
1344 5264 1640 5332 principes,
1700 5266 1892 5327 duces,
1943 5264 2033 5318 ab-

315 5335 482 5405 nues
534 5334 738 5401 aliique
778 5336 1180 5405 quamplurimi.
1233 5335 1359 5401 Legi
1413 5336 1483 5390 de
1528 5348 1596 5390 ea
1650 5340 1878 5402 possunt
1930 5338 2035 5390 Leo

318 5404 589 5460 Ostiensis
652 5406 750 5460 lib.
814 5419 885 5461 ιιι
957 5404 1204 5462 Chronic.
1272 5406 1571 5469 aestuans.
1638 5418 1759 5474 cap.
1818 5406 1900 5472 26,
1947 5407 2033 5471 27,

318 5475 404 5539 28,
432 5480 489 5530 et
509 5476 605 5530 alii
623 5489 813 5532 rerum
836 5477 1204 5536 Casinenstum
1226 5477 1540 5542 scriptores.

383 5546 497 5613 (61)
531 5549 699 5603 Iussa
726 5548 1031 5603 “camuri
1070 5551 1142 5601 ΙΙ.
1189 5549 1497 5605 Alexander
1528 5549 1576 5602 ll
1610 5549 1753 5603 sedit
1790 5547 1861 5601 ab
1892 5559 2034 5603 anno

327 5617 452 5672 1061
490 5618 579 5677 ιὰ
602 5619 726 5674 ma
768 5621 860 5675 cui
902 5620 958 5677 Β.
1008 5621 1194 5676 Petrus
1243 5623 1444 5684 praeter
1487 5618 1750 5686 epistolas
1795 5622 1852 5673 et
1892 5631 2035 5685 opu-

323 5688 488 5747 scuta
539 5690 734 5757 missa,
783 5690 930 5751 Vitas
985 5691 1074 5749 88.
1135 5691 1405 5759 Rodnlphl
1463 5690 1706 5758 episcopi
1758 5689 2038 5757 iugulant

2131 4906 2501 5030 ettizomliiiiiitci
2553 4903 2779 4959 Lai-testi
2821 4904 3111 4970 inscripsit.
3168 4907 3222 4958 et
3273 4905 3375 4959 sub
3425 4917 3551 4971 quo,
3599 4912 3656 4961 ut
3711 4908 3838 4964 hinc

2131 4992 2198 5030 ιιι
2227 4991 2254 5030 ε
2286 5020 2295 5030 .
2323 4990 2356 5030 0
2462 5016 2475 5028 .

2130 4981 2295 5044 patet.
2323 4978 2475 5031 obiit.

2192 5049 2299 5116 (62)
2357 5046 2612 5114 Ejusdem
2658 5046 2807 5101 urbis
2857 5047 3304 5115 archiepiscopus.
3366 5044 3633 5104 Henricus
3697 5064 3838 5106 anno

2135 5120 2277 5182 1070,
2309 5118 2563 5175 Kalendis
2585 5119 2845 5183 Januarii,
2881 5118 3187 5174 defunctus.

2194 5192 2299 5259 (63)
2361 5192 2434 5244 0b
2478 5191 2697 5244 illatam
2751 5191 2859 5244 sibi
2907 5193 3253 5252 sententiam.
3318 5193 3420 5245 etc.
3479 5192 3553 5245 Ab
3611 5194 3837 5249 Alexan-

2134 5266 2234 5320 dro
2276 5275 2414 5328 papa
2453 5274 2579 5315 eum
2616 5262 3139 5315 excommunica-‘um
3179 5261 3348 5314 fuisse
3381 5275 3549 5328 supra
3580 5264 3834 5319 diximus.

2193 5333 2299 5401 (64)
2343 5331 2621 5398 Ipsiusquc
2675 5331 2845 5384 etiam
2905 5330 3147 5386 hortatu.
3210 5333 3263 5385 Β.
3316 5332 3501 5386 Petrus
3550 5336 3709 5400 epist.
3754 5338 3834 5397 lli,

2132 5405 2226 5461 lib.
2284 5417 2324 5466 ι.
2365 5404 2436 5457 ad
2488 5402 2852 5455 Alexandrum
2904 5403 2963 5464 li,
3015 5404 3092 5458 uti
3140 5408 3270 5459 ante
3310 5404 3559 5459 relatum.
3601 5405 3739 5461 Hinc
3774 5407 3834 5460 li-

2133 5480 2262 5544 quet
2299 5474 2481 5531 omnia
2524 5472 2642 5525 haec
2681 5484 2970 5541 perperam
3011 5476 3080 5530 ad
3119 5476 3441 5541 Gregorium
3471 5474 3577 5540 ιιι,
3614 5476 3838 5530 Alexan-

2132 5548 2219 5602 dri
2281 5556 2674 5606 successorem,
2740 5547 3025 5601 trausterri
3083 5561 3117 5603 a
3175 5546 3431 5603 Fortunlo
3497 5550 3552 5601 et
3630 5546 3832 5609 Rubeo,

2133 5614 2291 5744 gum
2379 5618 2451 5673 ad
2533 5616 2823 5671 Wlbertuin
2901 5619 3371 5687 archiepiscopum
3461 5628 3836 5673 successorem

2181 5688 2353 5744 enrlci
2376 5689 2579 5743 missus
2609 5686 2819 5743 tuncet.

2181 5688 2353 5747 cnrlci
2376 5689 2579 5743 missus
2609 5686 2819 5743 tuncet.
