4106 6204
298 341 402 403 143

1211 330 1268 395 S.
1312 327 1604 393 PETBUS
1646 323 2040 388 DAMIANUS
2083 326 2143 385 S.
2186 325 2253 384 R.
2299 325 2363 383 Ε.
2406 323 2890 383 CARDINALIS.

3700 329 3802 388 144

283 468 444 535 baut,
479 468 648 538 atque
691 460 1113 519 absolutionem
1173 472 1248 514 ex
1296 454 1624 530 apostolicm
1655 448 2499 538 auetoritatisAfronte-chori,
2517 447 2687 520 juxta
2730 446 2945 518 gradus
2975 446 3242 538 videlicet
3264 448 3494 538 quibus
3524 450 3596 506 ad
3624 451 3804 511 altare

288 570 535 615 munere
553 535 992 627 vgratulabundi
1035 549 1327 623 percipere
1380 562 1669 606 meruere.
1725 544 2008 604 Absoluto
2090 536 2441 607 ascenditur,
2472 537 2739 595 decenter
2785 535 3199 608 componitur:
3256 537 3452 611 ibique
3494 541 3802 601 sacerdotis

288 644 484 716 itaque
507 641 580 700 ab
620 635 1239 698 excommunicationis
1269 633 1432 693 illius
1460 633 1721 703 vinculo,
1751 637 2006 690 cunctae—

2089 629 2302 687 Christi
2341 627 2671 687 venerabile
2713 641 2923 699 corpus
2963 641 3191 684 summa
3235 643 3369 686 cum
3416 629 3802 692 exsultatione

291 713 405 805 que
455 727 730 787 Ecclesiae
783 727 936 784 dono
979 726 1182 799 gratia:
1228 729 1509 780 maternae
1566 737 1857 792 concesso,
1893 724 2008 778 tota
2087 725 2431 777 cunctorum
2480 721 2808 776 reverenter
2853 713 3204 784 reconditur,
3234 718 3602 777 omnibusin
3639 721 3796 794 psal-

289 820 438 881 urbe
465 819 742 878 immanis
769 816 966 875 effecta
996 821 1082 874 est
1108 812 1438 872 exsultatio.

914 957 1159 1017 CAPUT
1189 954 1373 1014 XXII.

290 1074 564 1130 Fauentia
604 1071 946 1127 sanctissime
971 1070 1222 1131 moritur,
1253 1070 1303 1120 et
1351 1067 1409 1119 in
1439 1065 1636 1134 templo
1667 1066 1731 1120 B.
1765 1063 2000 1131 virginis

683 1158 889 1198 sum-mo
914 1156 1034 1195 cum
1064 1141 1259 1194 honore
1287 1138 1610 1192 tumulatur.

365 1269 496 1328 Istis
542 1285 680 1328 vero
705 1267 951 1342 aliisque
983 1263 1286 1324 nonnullis
1317 1261 1582 1336 negotiis,
1614 1277 1748 1334 qua:
1776 1265 1999 1318 tantum

291 1360 488 1418 virum
530 1374 729 1432 gerere
776 1356 1032 1426 decebat,
1064 1354 1320 1428 patratis,
1369 1353 1477 1410 iter
1522 1367 1647 1410 suae
1699 1349 2001 1424 legationis

292 1463 559 1522 egressus
608 1447 750 1506 urbe
803 1461 1036 1519 pergere
1087 1443 1258 1518 erepit
1315 1441 1446 1513 (65).
1500 1441 1763 1516 Cumque
1814 1440 2001 1514 prima

293 1538 594 1598 mansione
670 1534 1009 1594 Faventiam
1091 1532 1388 1600 tenuisset,
1444 1530 1597 1604 apud
1673 1529 2001 1588 venerabile

291 1628 709 1687 monasterium
733 1623 1024 1699 quoddam
1049 1619 1115 1679 B.
1141 1620 1339 1679 Mariae
1363 1619 1465 1678 Dei
1494 1617 1809 1693 genitricis,
1845 1619 2000 1692 quod

2088 809 2219 879 mis,
2257 815 2312 867 et
2339 807 2578 882 hymnis
2602 821 2770 864 voces
2794 803 2853 861 in
2877 802 3172 861 excelsum
3204 803 3560 878 tollentibus,
3592 807 3797 882 digna-

2083 914 2196 971 que
2240 899 2358 955 Deo
2393 895 2711 969 gratiarum
2746 891 3037 966 praeconia
3079 891 3208 950 totis
3252 893 3479 954 viribus
3512 896 3796 956 exhiben-

2084 987 2260 1055 tibus,
2292 987 2461 1060 cujus
2494 998 2761 1053 munere,
2795 986 2950 1039 tanto
3005 996 3064 1038 se
3107 981 3314 1042 ditatos
3345 983 3466 1043 fore
3511 985 3792 1046 beneﬁcio

2081 1075 2539 1149 gratulabantur.
2590 1071 2707 1146 Ipsi
2758 1070 2962 1144 gloria,
3009 1070 3156 1144 laus,
3206 1073 3409 1144 virtus,
3465 1075 3670 1146 honor,
3736 1082 3793 1134 et

2082 1166 2257 1223 decus
2287 1170 2460 1237 atque
2506 1159 2820 1235 imperium
2865 1157 2941 1215 sit
2965 1174 3144 1231 nunc,
3175 1167 3230 1218 et
3267 1178 3494 1237 semper
3531 1169 3587 1223 et
3617 1179 3790 1223 omne

2080 1270 2183 1328 per
2207 1267 2422 1312 aevum.
2449 1253 2659 1311 Amen.

2688 1345 2932 1406 CAPUT
2971 1344 3184 1406 XXIII.

2081 1434 2144 1490 B.
2175 1433 2292 1488 Pet.
2338 1434 2496 1486 Dam.
2535 1450 2638 1504 per
2685 1437 2864 1491 visum
2910 1437 3159 1492 abbatem
3205 1433 3630 1502 ingratitudinis
3686 1451 3784 1488 ar—

2188 1505 2328 1571 guit,
2358 1520 2584 1574 eumque
2613 1511 2854 1574 gutturis
2905 1514 3111 1564 tumore
3144 1509 3379 1575 castigat
3406 1510 3457 1560 et
3490 1510 3672 1562 sanat.

2155 1612 2328 1670 Anno
2376 1612 2688 1673 millesimo
2761 1615 2873 1686 (69)
2949 1615 3292 1689 octogesimo
3369 1613 3785 1673 incarnationis

290 1717 432 1776 foris
482 1722 706 1790 portam
757 1718 1127 1787 nuncupatur
1182 1709 1308 1783 (66),
1361 1710 1626 1769 decenter
1681 1716 1998 1782 susceptus,
2084 1700 2337 1771 Domini,
2370 1717 2570 1760 mense
2607 1705 2887 1778 Augusto,
2933 1705 3248 1763 indictione
3275 1710 3478 1778 quarta
3510 1703 3632 1776 (70),
3662 1709 3787 1777 post

289 1820 431 1864 mox
462 1805 618 1863 febre
647 1809 947 1876 correptus
976 1800 1273 1860 decubuit.
1309 1797 1434 1868 Qua
1465 1797 1751 1856 nimirum
1787 1798 1849 1856 in
1879 1798 2002 1856 dies
2020 1792 2382 1878 Bdecessum
2410 1794 2722 1868 supradicti
2761 1797 2961 1854 domui
3000 1796 3150 1854 Petri
3197 1795 3462 1854 Damiaui
3510 1795 3640 1868 (71),
3664 1801 3787 1853 erat

289 1895 698 1966 invalescente,
760 1893 913 1952 circa
969 1892 1230 1951 medium
1285 1897 1501 1948 octava;
1585 1889 1769 1948 noctis
1821 1888 2001 1947 silen-
2084 1879 2322 1954 quidam
2354 1884 2696 1956 monachus,
2729 1886 2830 1961 qui
2860 1886 3037 1944 abbas
3065 1885 3207 1944 olim
3234 1882 3784 1943 exstititvenerabi-

289 1986 456 2053 tium,
495 1997 632 2056 quae
679 1980 964 2039 cathedra;
1009 1979 1075 2038 Β,
1113 1979 1266 2038 Petri
1307 1977 1547 2052 apostoli
1587 1977 2001 2035 anniversaria;
2083 1967 2157 2025 lis
2200 1969 2538 2028 monasterii
2570 1970 2631 2031 S.
2665 1972 2925 2048 Gregorii
2959 1973 3071 2043 (72)
3113 1973 3176 2031 111
3222 1970 3584 2030 Ariminensi
3618 1971 3787 2028 terri-

286 2070 405 2129 diei
455 2069 846 2128 celebritatem
892 2068 1160 2138 ducebat,
1191 2066 1388 2125 exitus
1426 2066 1518 2125 sui
1565 2066 1769 2123 horam
1803 2080 2002 2139 appro-
2083 2056 2228 2116 torio
2274 2061 2591 2120 constituti.
2621 2061 2731 2121 Hic
2777 2080 3028 2138 namque
3060 2064 3204 2122 vidit
3237 2063 3519 2122 domuum
3549 2060 3787 2120 Petrum

216 2181 222 2208 ι
283 2159 568 2234 pinquare
594 2173 964 2231 cognoscens,
987 2155 1300 2228 extemplo,
1330 2154 1498 2212 nobis
1522 2153 1729 2212 lectulo
1760 2153 2002 2211 011011111-
2083 2147 2234 2234 inter
2259 2149 2700 2211 multitudinem
2725 2154 3160 2213 candidatorum
3199 2154 3598 2228 episcoporum
3627 2151 3788 2209 infu-

284 2233 592 2317 stantibus,
623 2253 998 2315 nocturnum,
1022 2260 1123 2302 seu
1156 2242 1498 2301 matutinale
1527 2239 1783 2300 oﬂicium
1816 2246 1998 2299 totum
2083 2233 2285 2305 latum,
2341 2237 2657 2308 sedentem,
2714 2248 2769 2299 et
2822 2246 3112 2300 tenentem
3166 2241 3509 2314 pastoralem
3567 2238 3787 2312 virgam

284 2351 555 2410 peragere
580 2335 772 2410 jussit,
806 2334 1008 2392 volens
1039 2332 1242 2404 utique
1273 2331 1434 2404 prius
1471 2329 1823 2389 solemnitati
1860 2345 1999 2404 apo-
2081 2323 2143 2382 in
2175 2340 2355 2383 manu
2402 2333 2574 2401 atque
2603 2329 2902 2388 docentem
2932 2346 3028 2390 eos
3073 2347 3140 2389 ea
3168 2346 3301 2404 qua;
3347 2332 3419 2389 ad
3449 2331 3638 2389 Deum
3666 2346 3788 2403 per-

284 2426 508 2484 stoliczn
535 2430 671 2483 vota
700 2424 1050 2498 persolvere,
1079 2439 1145 2481 ac
1173 2424 1254 2481 sic
1280 2422 1517 2479 demum
1547 2437 1786 2480 securus
1815 2421 1993 2479 abire.
2083 2413 2285 2472 tinent.
2327 2413 2591 2489 Cumque
2632 2433 2769 2476 eum
2819 2417 2974 2477 idem
3027 2417 3205 2479 abbas
3263 2418 3578 2478 summisso
3623 2419 3788 2477 vultu

281 2516 424 2574 Tota
471 2530 607 2587 ergo
654 2519 882 2587 peracta
925 2512 1162 2587 synaxi,
1216 2517 1483 2569 sanctum
1532 2517 1658 2584 post
1702 2510 1994 2570 modicum
2079 2502 2402 2573 salutasset,
2431 2503 2510 2561 ait
2532 2505 2783 2564 domnus
2809 2506 3011 2566 Petrus
3036 2508 3108 2565 ad
3129 2513 3366 2566 caeteros
3388 2509 3783 2581 coepiscopos:

280 2601 530 2661 Domino
543 2601 812 2677 spiritum
834 2602 937 2675 (67)
964 2599 1252 2673 corporeis
1277 2597 1526 2656 reddidit
1552 2597 1805 2656 nexibus
1835 2599 1996 2658 abso-
2078 2592 2192 2653 Iste
2222 2596 2562 2666 monachus,
2583 2613 2757 2670 quem
2785 2614 2889 2672 ego
2915 2598 3079 2657 valde
3105 2599 3287 2657 dilexi
3318 2618 3331 2658 ε
3363 2598 3461 2657 sed
3481 2605 3783 2672 postquam

281 2691 495 2764 lutum,
525 2697 590 2751 ut
615 2707 681 2750 ea
709 2690 978 2749 videlicet
1006 2689 1100 2747 die
1124 2705 1239 2762 qua
1268 2703 1526 2762 praesens
1553 2688 1767 2746 meruit
1796 2688 1994 2747 Eccle-
2075 2701 2110 2742 a
2137 2701 2230 2744 me
2261 2686 2511 2755 recessit,
2545 2704 2851 2763 nunquam
2876 2691 2949 2748 ad
2979 2706 3071 2749 me
3106 2689 3314 2762 rediit;
3348 2696 3402 2749 et
3432 2704 3549 2747 non
3592 2689 3787 2747 solum

281 2781 366 2840 sia
418 2783 478 2839 in
530 2782 805 2854 pastorali
858 2777 1090 2839 Petrum
1127 2778 1260 2837 sede
1316 2778 1525 2849 locare,
1583 2779 1781 2837 eadem
1840 2779 1993 2838 Petri
2075 2775 2197 2847 ille,
2230 2776 2332 2834 sed
2381 2783 2437 2835 et
2464 2777 2566 2836 alii
2596 2778 2815 2852 plures,
2841 2795 2988 2854 quos
3026 2796 3131 2855 ego
3159 2779 3399 2838 educavi
3443 2786 3497 2837 et
3541 2779 3783 2849 nutrivi,

278 2869 636 2945 discipulum
681 2869 929 2928 ecclesiis
957 2869 1118 2928 curia
1165 2868 1226 2926 in
1266 2867 1432 2926 beata
1475 2869 1791 2942 susciperet
1837 2869 1990 2928 sede.
2076 2863 2288 2939 ingrati
2318 2866 2591 2925 exstitere
2617 2867 2922 2928 beneﬁcio.
2953 2868 3174 2928 Deinde
3194 2869 3275 2926 ait
3296 2870 3366 2926 ad
3397 2867 3610 2926 illum:
3645 2866 3786 2938 Cur,

279 2957 427 3016 Cum
467 2972 600 3032 ergo
637 2958 825 3031 ipsius
866 2956 1142 3015 transitus
1177 2954 1336 3014 illico
1385 2955 1691 3013 nuntiatus
1741 2956 1800 3014 in
1849 2956 1994 3015 urbe
2076 2954 2290 3028 inquit,
2320 2971 2438 3014 non
2471 2957 2542 3014 ad
2585 2972 2676 3014 me
2705 2955 2768 3014 in
2807 2957 3018 3029 locum,
3049 2973 3168 3032 quo
3205 2973 3384 3030 eram,
3416 2957 3676 3015 venisti?
3709 2959 3787 3015 At

277 3046 498 3116 fuisset,
530 3046 602 3105 ab
653 3046 726 3104 iis
770 3045 1055 3116 videlicet,
1099 3045 1201 3119 qui
1253 3044 1401 3103 circa
1444 3045 1702 3103 eamdem
1751 3044 1989 3103 domum
2074 3043 2174 3101 ille
2200 3043 2350 3100 dixit
2384 3060 2396 3093 :
2432 3044 2476 3104 Ο
2518 3045 2601 3103 1111
2629 3044 2884 3118 domine,
2916 3061 2994 3104 ex
3029 3062 3146 3120 quo
3196 3063 3230 3104 a
3263 3046 3432 3104 nobis
3475 3043 3786 3116 recessisti,

278 3140 666 3210 excubabant,
699 3153 773 3196 ne
802 3137 894 3195 vel
925 3151 1132 3210 corpus
1156 3136 1426 3194 exanime
1452 3152 1486 3193 a
1519 3135 1988 3236 suis‘mouacbis,
2007 3177 2051 3236 Ο
2075 3135 2290 3205 10011111,
2329 3135 2391 3233 in
2438 3151 2556 3209 quo
2605 3136 2849 3207 habites,
2899 3137 3226 3209 nescimus;
3273 3137 3564 3212 quomodo
3607 3135 3786 3210 igitur

277 3230 379 3302 qui
436 3229 507 3286 de
564 3227 760 3286 vicino
813 3227 1001 3300 ipsius
1051 3225 1399 3284 monasterio
1450 3225 1556 3298 (68)
1606 3224 1988 3296 advenerant,
2009 3223 2051 3236 “
2073 3224 2144 3281 ad
2175 3230 2227 3282 te
2252 3223 2453 3283 venire
2476 3225 2687 3297 potui?
2715 3225 2879 3284 Tunc
2912 3226 3064 3284 dixit
3093 3225 3147 3284 ei
3173 3226 3425 3284 domnus
3457 3223 3666 3283 Petrus
3699 3243 3712 3282 :
3741 3223 3785 3283 Ο

279 3317 434 3375 furto
485 3315 765 3386 asportari
819 3313 1120 3389 potuisset,
1181 3317 1296 3370 tota
1351 3312 1555 3370 civitas
1609 3317 1841 3386 repente
1915 3310 1986 3370 ad
2072 3312 2271 3383 hebes,
2303 3328 2381 3371 an
2408 3312 2597 3372 nescis
2621 3314 2778 3389 quod
2823 3313 2886 3371 in
2930 3329 3156 3372 camera
3209 3311 3267 3371 S.
3305 3311 3502 3370 Marias
3533 3312 3784 3384 virginis

279 3407 408 3480 ejus
454 3404 783 3481 exsequias,
833 3404 1058 3477 ingenti
1113 3417 1417 3472 concursu,
1450 3400 1581 3460 laeta
1635 3402 1985 3475 properavit.
2071 3401 2290 3473 habito,
2322 3401 2467 3459 etin
2500 3401 2662 3460 illius
2701 3402 2948 3460 sacrario
2985 3399 3309 3460 demoror?
3351 3400 3496 3458 Nam
3540 3400 3606 3456 111
3653 3400 3782 3472 ejus

275 3493 532 3562 Quorum
568 3490 944 3550 multitudine
973 3490 1111 3548 dum
1160 3489 1418 3558 ecclesia,
1451 3504 1565 3563 qua
1615 3488 1833 3546 locatus
1861 3488 1987 3547 fue-

279 3588 387 3650 rat,
419 3581 611 3641 subito
651 3581 860 3639 referta
912 3578 1136 3649 fuisset,
1171 3582 1227 3635 et
1276 3577 1376 3650 qui
1431 3577 1526 3651 pio
1577 3577 1770 3635 funeri
1822 3578 1990 3650 prius

272 3671 546 3731 accedere
598 3669 952 3730 unanimiter
1003 3667 1298 3741 gestirem,
1338 3666 1629 3725 undarum
1679 3682 1856 3738 more,
1911 3682 1992 3725 re-

275 3765 527 3820 trorsum
582 3775 642 3818 se
700 3759 952 3816 invicem
1005 3755 1394 3830 repellebant;
1444 3759 1718 3829 tantoque
1778 3755 1992 3814 tardior

273 3849 489 3922 cuique
532 3863 796 3906 accessus
841 3847 1086 3920 patebat,
1141 3850 1357 3918 quanto
1399 3845 1648 3902 celerius
1688 3845 1990 3918 pervenire

275 3934 685 3994 tumultuando
715 3934 1024 4008 satagebat.
1057 3933 1405 4006 Quicunque
1444 3937 1638 3990 autem
1662 3933 1869 4006 ipsum
1903 3950 1991 3992 ac-

273 4026 474 4084 cedere
525 4025 767 4100 ejusque
819 4025 1074 4085 loculum
1128 4025 1501 4084 merebantur
1550 4025 1851 4100 attingere,
1895 4027 1990 4100 pia

271 4114 708 4187 gratulabantur
733 4113 950 4184 oscula,
974 4112 1150 4172 illatis
1178 4112 1544 4185 muneribus,
1569 4115 1695 4187 ejus
1725 4115 1986 4188 pedibus,

273 4218 374 4260 seu
443 4203 882 4262 linteaminibus
952 4201 1092 4275 ipsis
1180 4201 1442 4275 infigere.
1501 4203 1677 4262 Porro
1766 4221 1992 4264 mauso-

270 4292 431 4350 leum
470 4291 689 4351 interea
716 4292 1133 4351 oiliciosissime
1185 4299 1562 4367 praeparatur.
1619 4293 1710 4354 Ab
1757 4295 1869 4353 alia
1913 4297 1991 4356 si-

276 4383 514 4460 quidem
537 4383 773 4442 basilica
793 4385 1068 4458 quadam,
1095 4385 1324 4443 eminus
1342 4385 1468 4456 sita,
1486 4386 1746 4443 immane
1764 4385 1991 4446 labrum

274 4473 591 4547 lapideum,
655 4475 834 4532 nitido
881 4475 1129 4534 candore
1171 4473 1469 4546 decorum,
1523 4475 1671 4532 mira
1719 4475 1992 4535 facilitate

2071 3490 2244 3549 domo
2285 3490 2504 3563 habito,
2535 3497 2590 3549 et
2639 3491 2801 3549 illius
2855 3491 3237 3550 camerarium
3287 3505 3411 3549 esse
3460 3504 3556 3548 me
3609 3491 3784 3564 proii-

2074 3585 2213 3640 teor.
2249 3580 2434 3650 Quem
2474 3589 2779 3656 postquam
2828 3581 2998 3657 vidit,
3030 3583 3221 3642 statim
3261 3596 3464 3640 somno
3501 3585 3590 3638 est
3621 3579 3784 3638 exci-

2076 3675 2244 3730 tatus.
2294 3672 2516 3730 Deinde
2555 3679 2681 3746 post
2724 3673 3053 3747 paululum,
3105 3689 3341 3734 rursum
3388 3671 3779 3744 obdormiens,

2074 3762 2221 3820 vidit
2248 3762 2517 3820 eumdem
2537 3763 2822 3821 domuum
2843 3762 3078 3822 Petrum
3105 3762 3241 3822 talia
3261 3761 3370 3820 sibi
3389 3761 3566 3820 verba
3592 3761 3784 3819 dicen-

2074 3856 2189 3909 tem
2221 3856 2380 3921 (nam
2422 3851 2500 3908 ita
2533 3851 2646 3909 sibi
2681 3851 3004 3922 videbatur,
3036 3852 3205 3926 quasi
3240 3857 3372 3909 ante
3425 3849 3622 3924 plures
3658 3849 3781 3907 dies

2074 3939 2199 3998 haec
2230 3938 2429 3997 eadem
2484 3939 2556 3996 ab
2609 3955 2677 3998 eo
2729 3941 2905 3998 verba
2955 3940 3233 4005 audisset)
3266 3964 3279 3998 :
3311 3939 3539 4012 Nonne,
3568 3939 3781 4012 inquit,

2072 4027 2199 4086 dixi
2233 4027 2334 4084 tibi
2363 4031 2426 4084 ut
2455 4026 2527 4084 ad
2559 4042 2650 4084 me
2679 4028 2908 4086 venires
2933 4029 2959 4084 ‘?
2987 4033 3044 4085 et
3067 4044 3244 4102 quare
3275 4044 3394 4086 non
3423 4026 3635 4086 venisti
3660 4027 3686 4083 ?
3709 4029 3784 4083 At

2072 4116 2172 4174 ille
2202 4122 2479 4191 tauquam
2501 4121 2699 4174 mutus
2721 4115 2890 4188 coepit
2920 4123 3086 4174 stare.
3121 4116 3258 4174 Mox
3278 4117 3530 4175 domnus
3557 4114 3782 4184 Petrus,

2077 4205 2244 4278 quasi
2275 4222 2408 4265 cum
2441 4208 2546 4277 ira,
2588 4208 2835 4280 pupugit
2872 4223 3008 4266 eum
3051 4206 3256 4266 subtus
3298 4206 3596 4264 sinistram
3622 4205 3784 4264 auri-

2075 4298 2269 4356 culam
2314 4300 2385 4356 de
2435 4299 2769 4357 summitate
2810 4299 3010 4372 virgae,
3042 4315 3219 4372 quam
3262 4314 3441 4357 manu
3479 4295 3780 4370 gestabat;

2075 4405 2192 4462 quo
2241 4390 2362 4448 ictu
2411 4391 2489 4449 ita
2525 4406 2586 4448 se
2628 4391 2808 4449 sensit
2854 4407 2977 4449 esse
3027 4389 3451 4464 perturbatum,
3480 4405 3546 4446 ac
3570 4389 3620 4445 si
3663 4387 3785 4446 lan-

2074 4495 2192 4546 rea.
2225 4481 2320 4539 vel
2362 4480 2606 4539 terribili
2647 4481 2856 4540 vertice
2885 4479 3205 4538 terebratus
3251 4478 3470 4538 fuisset.
3519 4477 3781 4550 Denique

273 4542 637 4639 quantocius,
662 4583 779 4625 non
805 4567 1025 4641 absque
1055 4567 1316 4642 ipsorum
1349 4542 1580 4641 quoque
1599 4565 1987 4625 deferentium
2005 4542 2055 4600 D
2074 4542 2312 4626 maxilla
2343 4568 2509 4629 illius
2544 4575 2659 4628 tota
2689 4586 2824 4628 cum
2843 4576 3077 4644 gutture
3104 4569 3180 4626 ita
3207 4567 3512 4638 intumuit,
3544 4573 3608 4624 ut
3633 4542 3781 4639 pene

271 4654 674 4729 admiratione,
707 4673 773 4714 ac
798 4656 847 4713 si
880 4655 1174 4714 levissima
1206 4655 1475 4712 materies
1506 4655 1780 4728 quzelibet
1810 4657 1983 4717 adve-

271 4745 472 4820 hitur;
507 4750 681 4818 atque
726 4745 786 4803 in
815 4744 938 4818 ipsa
972 4745 1151 4802 beatm
1183 4743 1285 4803 Dei
1316 4743 1614 4817 genitricis
1664 4745 1924 4820 basilica,
1955 4764 1990 4806 a

2070 4657 2141 4716 de
2185 4658 2311 4729 ejus
2349 4658 2467 4717 vita
2513 4658 2930 4732 desperaretur.
2971 4656 3137 4715 Tune
3175 4656 3368 4729 itaque
3414 4661 3548 4711 ante
3601 4653 3779 4710 altare

2071 4745 2234 4804 illius
2284 4746 2542 4804 ecclesiae
2591 4751 2926 4820 prostratus,
2957 4760 3022 4802 ac
3075 4749 3188 4802 toto
3246 4745 3416 4802 corde
3465 4744 3535 4801 ad
3595 4741 3775 4799 Deum

1434 4859 1836 4920 GODEFRIDI
1877 4859 2340 4922 HENSCHENII
2378 4859 2622 4919 NOT/E.

331 4959 434 5025 (65)
485 4956 736 5024 Egressus
788 4957 918 5010 urbe
973 4970 1190 5023 pergere
1245 4959 1417 5020 carpit.
1479 4978 1505 5006 (ι
1558 4959 1774 5012 Romam
1836 4962 1981 5014 redi-

270 5031 379 5088 bat,
411 5047 438 5075 »
469 5033 541 5082 ita
562 5030 869 5083 Fortuuius.

333 5100 439 5166 (66)
492 5101 640 5164 Quod
686 5099 824 5165 foris
883 5111 1100 5167 portam
1147 5103 1521 5164 nuncupatur.
1579 5101 1736 5154 quta
1780 5102 1982 5154 Faven-

268 5173 394 5226 tinae
441 5171 594 5222 urbis
641 5175 836 5224 minuta
887 5175 1117 5226 collocat
1167 5173 1219 5225 B.
1279 5173 1462 5223 Petrus
1513 5184 1706 5237 opusc.
1759 5174 1807 5234 6,
1859 5185 1979 5238 cap.

271 5244 348 5295 18.
407 5242 787 5295 Mouasterium
847 5243 952 5296 hoc
1017 5256 1163 5295 nunc
1233 5243 1374 5294 intra
1447 5242 1637 5294 urbem
1703 5248 1980 5308 receptum

270 5327 397 5368 esse
427 5311 644 5364 tradunt
674 5312 958 5365 Fortunius
985 5319 1037 5365 et
1059 5314 1289 5366 Rubeus.

337 5385 441 5447 (67)
477 5383 703 5435 Domino
730 5383 1007 5446 spiritum.
1037 5387 1186 5437 Anno
1227 5385 1362 5444 1072,
1397 5387 1454 5438 ut
1480 5397 1646 5449 supra
1675 5385 1973 5450 probatum.

333 5455 438 5520 (68)
490 5453 569 5506 De
619 5452 798 5506 vicino
842 5453 1012 5518 ipsius
1061 5457 1407 5509 monasterio.
1445 5456 1698 5509 Gamonlo
1732 5455 1822 5508 vel
1855 5457 1976 5508 Ace-

263 5529 402 5590 reta,
456 5525 524 5579 de
580 5523 776 5590 quibus
819 5537 983 5588 supra
1039 5531 1233 5580 actum.
1308 5528 1403 5580 Pro
1459 5528 1652 5580 horum
1715 5528 1974 5579 alterutro

265 5600 478 5652 videtur
546 5598 649 5650 hoc
707 5599 753 5648 S.
819 5595 991 5648 Mariae
1055 5600 1440 5650 monasterium
1503 5601 1750 5662 accipere
1803 5598 1968 5659 Wlon,

267 5682 399 5754 dum
444 5671 478 5720 Ι.
523 5683 560 5720 11
602 5668 749 5733 Ligni
793 5667 936 5728 Vitae,
984 5681 1032 5722 c.
1067 5670 1117 5732 9,
1151 5672 1488 5721 exstructum
1532 5682 1564 5721 a
1602 5669 1653 5720 Β.
1693 5668 1844 5722 Petro
1876 5668 1968 5721 ait.

2145 4961 2250 5026 (69)
2299 4960 2451 5009 Anno
2496 4957 2796 5017 millesimo,
2847 4961 2950 5010 etc.
3011 4959 3299 5022 Sequentia
3347 4959 3558 5022 adjecta
3606 4957 3788 5010 viden-

2082 5034 2172 5084 tur
2225 5031 2364 5088 Vitae,
2429 5034 2499 5091 et,
2572 5032 2632 5080 ut
2707 5030 2959 5091 vidimus,
3030 5031 3189 5083 solita
3248 5029 3539 5084 verborum
3602 5029 3788 5093 phrasi

2084 5103 2362 5156 conclusa.
3730 5140 3734 5144 .

2148 5174 2248 5234 (70)
2305 5170 2606 5224 Indictionc
2653 5174 2878 5237 quarta.
2922 5170 3034 5224 lmo
3086 5175 3202 5224 erat
3241 5171 3458 5224 indictio
3498 5183 3584 5233 m,
3627 5182 3790 5234 quam

2081 5254 2392 5307 annumque
2437 5241 2624 5295 Christi
2676 5255 2948 5308 nusquam
3007 5242 3247 5296 adhibuit
3297 5242 3535 5294 Joannes
3595 5243 3786 5294 auctor

2081 5314 2222 5366 Vitae.

2141 5386 2247 5446 (7t)
2310 5385 2434 5438 Post
2507 5384 2776 5438 decessum
2842 5382 3145 5448 supradicti
3208 5382 3396 5435 damni
3460 5383 3606 5436 Petri
3668 5381 3786 5435 Da-

2073 5454 2273 5506 miani.
2300 5453 2517 5507 Videtur
2540 5458 2700 5508 desse
2729 5468 2875 5507 anno
2894 5464 3053 5506 nono.

2137 5526 2242 5586 (7‘2)
2311 5523 2626 5580 Monasterii
2693 5527 2754 5580 S.
2821 5524 3084 5590 Gregorii.
3149 5523 3237 5576 Est
3311 5535 3486 5588 pagus
3545 5523 3596 5576 S.
3661 5523 3783 5576 Gre.

2071 5596 2210 5660 θοι-11
2260 5607 2429 5662 prope
2474 5599 2798 5651 Mureiauum
2851 5594 3238 5648 monasterium
3282 5611 3316 5650 a
3360 5596 3416 5648 Β.
3471 5595 3620 5647 Petro
3679 5605 3773 5646 ex-

2071 5671 2329 5722 structum
2337 5703 2356 5724 ο
