4100 6210
3776 289 3812 313 λ

330 309 430 366 145
1198 312 1776 372 PROLEGOMENA.
1819 345 1884 355 --
1925 311 1985 372 S.
2031 311 2251 370 PETRI
2294 313 2615 370 DAMIANI
2659 313 2835 372 VITA
2876 315 2950 372 II.
3726 323 3768 370 ιη

317 446 657 502 conversus,
690 450 821 492 cum
851 450 1063 507 magno
1099 434 1319 508 gemitu
1349 435 1504 493 dixit
1535 455 1547 493 :
1578 435 1839 505 Domine,
1875 435 2272 498 DeusAhumi
2303 451 2369 492 ac
2407 435 2678 508 perfusus
2718 436 2983 510 lacrymis
3022 437 3162 494 facie
3195 437 3454 494 adoravit
3481 445 3533 495 et
3567 438 3823 496 laudavit

315 521 709 594 omnipotens,
739 523 840 598 qui
890 523 1102 582 cmlum
1149 531 1203 582 et
1235 530 1444 582 terram
1483 531 1540 583 et
1576 532 1782 583 cuncta
1810 541 1942 600 qum
1968 526 2028 583 iu
2111 542 2178 583 ac
2203 525 2498 584 benedixit
2518 527 2700 584 Deum
2730 542 2904 598 super
2924 527 3142 602 judicia
3162 527 3405 600 justitiae
3425 543 3569 585 suae.
3601 528 3826 586 Dehinc

316 609 402 666 eis
426 617 564 666 sunt
601 611 931 681 condidisti,
959 611 1007 668 si
1038 612 1142 670 tibi
1182 613 1431 671 servitus
1465 612 1665 671 domui
1704 613 1818 670 mei
1855 613 2026 684 Petri,
2114 613 2253 671 foris
2290 630 2554 686 egressus
2599 614 2672 672 ad
2716 615 2917 673 fratres
2953 631 3090 674 suos
3119 616 3290 689 ccepit
3330 632 3564 674 narrare
3599 632 3826 690 praepo-
3907 633 3918 640 ·

315 705 382 753 ut
422 696 735 767 credimus,
765 697 1132 770 complacuit,
1165 699 1343 758 libera
1383 716 1475 758 me
1529 717 1629 774 per
1664 701 1790 773 ejus
1831 699 2030 758 merita
2115 703 2225 760 sito
2253 719 2318 761 ac
2359 704 2583 762 caeteris
2617 704 2891 762 fratribus
2916 705 3111 762 omnia
3139 721 3272 780 qua:
3301 704 3411 763 sibi
3445 706 3823 779 contigerant.

315 783 391 840 ab
426 784 668 841 instanti
703 801 876 857 quem
929 787 1114 859 patior
1151 789 1365 847 dolore.
1405 789 1566 848 Dixit
1604 791 1748 858 haec,
1777 797 1834 848 et
1861 789 2031 862 coepit
2115 791 2225 860 Qui
2272 794 2573 852 audientes
2625 793 3012 852 laudaverunt
3045 810 3112 851 ac
3148 794 3571 853 benedixeruut
3615 796 3824 868 Deum,

319 882 490 930 stare.
525 873 594 931 Et
617 890 767 944 ecce,
797 890 915 932 non
954 883 1078 948 post
1103 875 1345 950 longum
1374 885 1619 951 tempus,
1650 879 1722 936 ab
1752 895 1819 937 eo
1848 879 2039 938 omnis
2120 881 2222 954 qui
2261 882 2396 940 talia
2447 899 2550 956 per
2597 898 2833 941 servum
2869 898 3046 942 suum
3089 885 3387 942 ostendere
3430 885 3703 957 dignatus
3744 891 3831 942 est

318 968 516 1020 tumor
537 968 594 1020 et
621 963 784 1022 dolor
803 965 881 1022 ita
904 965 1151 1039 aufugit,
1179 982 1246 1024 ac
1275 967 1323 1024 si
1351 967 1564 1042 aliquis
1592 968 1833 1026 veniens
1857 985 2038 1028 manu
2125 969 2431 1029 mirabilia.
2464 970 2728 1044 Denique
2772 971 3116 1043 praepositus
3153 987 3286 1030 cum
3325 972 3598 1045 praedicto
3625 972 3830 1031 abbate

317 1053 520 1126 ipsum
565 1053 782 1112 vulnus
819 1054 891 1112 ab
935 1055 1062 1128 ejus
1092 1056 1335 1114 maxilla
1369 1057 1461 1115 vel
1498 1065 1734 1131 gutture
1763 1059 2034 1117 auferret.
2123 1058 2323 1131 Ugano
2370 1060 2490 1131 (73),
2522 1059 2624 1133 qui
2670 1060 2748 1117 ita
2787 1061 3117 1132 vocabatur,
3157 1077 3223 1119 ac
3270 1063 3566 1132 fratribus,
3601 1062 3828 1134 ingres-

317 1141 431 1211 Qui
463 1141 654 1200 statim
695 1145 865 1215 cmpit
891 1143 1214 1216 glorificare
1251 1145 1458 1217 Deum,
1494 1163 1560 1204 ac
1594 1147 1880 1205 famulum
1911 1149 2039 1221 ejus
2122 1164 2225 1206 sus
2277 1148 2577 1207 ecclesiam
2631 1156 2846 1207 sanctae
2896 1150 2998 1208 Dei
3052 1151 3348 1223 genitricis
3377 1197 3392 1224 ,
3448 1152 3830 1226 pulsaverunt

319 1232 558 1289 Petrum
609 1230 978 1300 Damianum,
1027 1233 1130 1306 qui
1181 1248 1318 1290 eum
1375 1233 1654 1308 castigare
1711 1234 1920 1307 primo,
1972 1251 2038 1293 ac
2119 1238 2314 1295 omnia
2363 1237 2526 1310 signa
2575 1245 2629 1296 et
2669 1245 2986 1313 posuerunt
3024 1249 3309 1313 ceroptata
3338 1242 3452 1310 (74)
3483 1258 3616 1299 cum
3647 1241 3830 1299 lumi-

314 1320 530 1378 deinde
561 1336 764 1378 sanare
801 1319 1072 1390 dignatus
1100 1331 1205 1380 est.
1238 1322 1468 1381 Postera
1502 1323 1752 1398 denique
1782 1325 1874 1383 die
1904 1342 2033 1384 sur-
2118 1327 2356 1385 naribus
2404 1335 2536 1385 ante
2583 1344 2775 1386 arcam
2815 1329 3000 1402 ipsius
3048 1329 3228 1386 sancti
3264 1328 3417 1387 Petri
3461 1331 3747 1401 Damiani,
3775 1337 3829 1388 et

312 1424 461 1481 gens
489 1407 634 1465 bene
665 1407 975 1480 castigatus
1003 1426 1077 1467 ex
1107 1410 1364 1480 verbere,
1391 1411 1729 1471 Faventiam
1758 1415 2031 1487 perrexit,
2117 1414 2470 1474 celebrantes
2510 1416 2735 1487 missas,
2765 1417 3097 1476 obtulerunt
3134 1419 3419 1477 solemnes
3456 1419 3672 1477 hostias
3711 1419 3828 1477 Deo

312 1504 371 1554 et
417 1497 662 1555 veniens
709 1503 842 1555 ante
884 1496 1065 1556 altare
1109 1498 1166 1557 S.
1213 1499 1410 1558 Marize
1467 1501 1607 1559 foris
1657 1510 1900 1575 portam,
1931 1505 2033 1562 ubi
2116 1507 2177 1564 in
2208 1506 2445 1566 odorem
2469 1507 2770 1567 suavitatis
2798 1525 2900 1584 pro
2923 1510 3279 1584 auimzeejus
3298 1510 3660 1570 absolutione
3688 1511 3826 1583 (75).

311 1601 529 1659 corpus
571 1586 794 1644 domini
842 1586 994 1645 Petri
1043 1587 1404 1646 reconditum
1454 1590 1661 1663 fuerat,
1719 1585 2095 1665 prostratusB
2115 1594 2324 1652 Amen.

1475 1721 1881 1782 GODEFRIDI
1919 1724 2384 1784 HENSCHENII
2421 1726 2666 1787 NOTJE.

374 1833 483 1895 (73)
541 1829 678 1884 Cum
728 1833 976 1897 praedicto
1026 1833 1215 1886 abbate
1273 1834 1471 1899 Ugano,
1529 1835 1804 1890 Urbanum
1866 1843 2025 1894 vocat
2121 1841 2398 1894 confectas.

310 1904 618 1983 Fortunius.
821 1979 831 1983 _
1046 1981 1054 1983 Δ
1249 1980 1272 1983 _
1479 1982 1485 1983 γ
1606 1981 1618 1983 _
2185 1912 2290 1977 (75)
2329 1913 2440 1966 Pro
2489 1915 2686 1967 animae
2734 1917 2852 1980 ejus
2896 1915 3245 1970 absolutione.
3278 1919 3355 1969 An
3393 1915 3599 1970 abbatis
3645 1919 3832 1983 Ugani,

379 1976 483 2037 (74)
529 1973 832 2028 Posuerunt
873 1981 1172 2042 ceroptata.
1234 1980 1543 2043 Ceroptata,
1597 1981 1747 2034 faces
1787 1994 1861 2035 ex
1899 1994 2026 2035 cera
2127 1973 2288 2049 quem
2318 1985 2371 2037 Β.
2413 1986 2594 2040 Petrus
2626 1973 2978 2052 culpaverat?

1358 2329 1720 2445 BEATI
1798 2330 2161 2446 PETRI
2246 2333 2783 2449 DAMIANI

1810 2567 2017 2640 VITA
2095 2568 2332 2640 ALIA.

923 2741 1069 2801 PER
1107 2741 1460 2802 JOANNEM
1497 2740 1893 2802 ANTONIUM
1931 2742 2367 2802 FLAMINIUM
2408 2743 3208 2806 FOROCORNELIENSEM.

1390 2922 1492 2986 Ea:
1519 2941 1644 2987 ms.
1679 2923 2082 3004 autographa
2111 2923 2293 3004 apud
2326 2923 2740 2989 Faventinos.

377 3263 588 3334 Magna
632 3263 790 3321 soleo
831 3263 1125 3336 voluptate
1159 3263 1332 3334 afﬁci,
1362 3264 1476 3323 viri
1502 3264 1830 3335 Faventini,
1862 3278 2010 3337 quo-
2033 3266 2375 3325 Cinfantem
2405 3268 2672 3341 persequi
2697 3269 2888 3340 cmpit.
2915 3267 3061 3326 Nam
3090 3283 3223 3325 cum
3247 3275 3373 3340 post
3395 3269 3607 3328 multos
3637 3270 3813 3342 ﬁlios,

305 3354 410 3409 ties
453 3357 651 3423 repeto
697 3367 874 3424 quam
918 3359 1078 3424 grata
1112 3359 1168 3409 et
1205 3368 1382 3426 quam
1412 3351 1672 3424 jucunda
1710 3352 1878 3411 vobis
1915 3352 2013 3410 ob-
2097 3355 2256 3412 buuc
2281 3371 2514 3429 quoque
2535 3357 2864 3429 peperisset,
2889 3357 3389 3416 exclamavitcum
3411 3355 3811 3431 indignatione

301 3443 488 3510 tingat
515 3456 708 3514 opera,
736 3456 915 3513 quam
957 3441 1019 3498 in
1064 3441 1478 3512 describendis,
1513 3441 1615 3516 qui
1650 3457 1685 3497 a
1723 3439 1887 3498 vobis
1921 3455 2012 3497 re-
2096 3460 2171 3502 ex
2208 3445 2526 3519 majoribus
2569 3453 2710 3504 natu
2754 3446 2893 3503 ﬁliis
2920 3461 3075 3503 unus
3113 3465 3125 3502 :
3165 3446 3234 3502 Et
3260 3447 3550 3520 quomodo
3578 3455 3658 3506 tot
3687 3450 3807 3507 hee-

297 3531 675 3603 ligiosissime
723 3531 1014 3600 coluntur,
1047 3539 1318 3604 praestare
1358 3532 1528 3604 ccepi,
1573 3537 1725 3588 tanta
1777 3530 2013 3604 quidem
2097 3535 2261 3591 redes
2305 3535 2488 3606 capiet
2549 3549 2668 3590 una
2717 3534 2843 3591 haec
2891 3534 3149 3591 domus?
3176 3533 3311 3591 inde
3356 3535 3527 3608 coepit
3574 3536 3809 3596 infenso

290 3621 483 3678 animi
534 3622 844 3689 alacritate,
877 3628 1094 3694 quanta
1144 3636 1259 3679 non
1301 3620 1470 3677 facile
1507 3620 1766 3694 praestari
1791 3635 1825 3676 a
1867 3634 2014 3692 quo-
2095 3624 2292 3680 animo
2331 3636 2579 3695 puerum
2617 3629 2799 3678 mater
2844 3620 3015 3690 alere,
3045 3628 3108 3679 ut
3155 3638 3308 3693 {egre
3350 3623 3664 3680 admodum
3719 3623 3810 3681 lac

292 3725 478 3784 quam
507 3711 682 3767 vestri
712 3709 1112 3767 amantissimo
1139 3717 1333 3782 queat.
1372 3710 1496 3768 Hoc
1528 3717 1724 3767 autem
1748 3707 2014 3765 animad-
2096 3711 2183 3768 illi
2229 3711 2527 3784 praeberet.
2586 3710 2673 3767 Ita
2725 3710 2961 3784 quidem
3018 3711 3169 3768 fame
3227 3718 3284 3769 et
3338 3712 3530 3785 algore
3587 3712 3809 3785 peribat

293 3802 444 3858 verti
485 3801 550 3858 in
597 3801 878 3872 descripta
929 3816 1116 3874 nuper
1161 3815 1196 3858 a
1240 3815 1332 3856 me
1381 3799 1446 3856 Β.
1494 3799 1750 3857 Terentii
1787 3799 2013 3856 confes-
2095 3799 2373 3872 paulatim
2401 3800 2631 3869 infans;
2675 3800 2772 3857 sed
2809 3800 3170 3874 omnipotens
3198 3801 3368 3871 Deus,
3400 3803 3502 3876 qui
3530 3802 3701 3861 illum
3735 3804 3804 3862 ad

293 3889 468 3959 soris,
506 3890 608 3962 qui
672 3889 820 3946 mihi
882 3888 1107 3962 primus
1161 3888 1389 3947 oblatus
1435 3893 1542 3958 est,
1593 3903 1660 3944 ac
1694 3887 1764 3945 Β.
1809 3886 2012 3945 Sabini
2095 3895 2503 3947 ornamentum
2554 3887 2826 3946 Ecclesia:
2876 3905 3000 3947 suae
3047 3891 3206 3948 nasci
3243 3891 3523 3960 voluerat,
3566 3907 3680 3949 non
3723 3900 3809 3951 est

292 3981 591 4054 episcopi,
646 3988 702 4038 et
764 3980 1034 4054 martyris
1114 3980 1248 4037 vita.
1307 3977 1498 4048 Quare
1569 3994 1703 4037 cum
1758 3993 1793 4035 a
1851 3976 2016 4035 vobis
2101 3992 2300 4049 passus
2336 3975 2561 4034 diutius
2589 3978 2672 4034 sic
2701 3977 2864 4035 omni
2892 3993 3001 4050 ope
3035 3976 3290 4036 destitui.
3318 3978 3608 4036 Excitavit
3645 3979 3804 4037 enim

293 4069 574 4136 duorum,
615 4069 720 4142 qui
772 4068 962 4128 adhuc
1020 4068 1328 4140 restabant,
1376 4076 1708 4126 sanctorum
1762 4067 2015 4124 similem
2099 4067 2366 4138 spiritum
2398 4067 2635 4124 feminm
2664 4068 2988 4141 cujusdam,
3020 4084 3153 4142 quas
3193 4068 3266 4125 ad
3305 4084 3430 4126 eam
3461 4068 3720 4138 accessit,
3748 4075 3806 4126 et

293 4172 329 4213 a
358 4173 455 4214 me
481 4173 720 4230 operam
758 4158 1078 4230 exspectari
1121 4158 1409 4228 audirem,
1441 4156 1643 4230 putavi
1681 4171 1774 4213 me
1809 4155 2015 4212 debere
2097 4155 2261 4213 illius
2299 4154 2583 4212 saevitiam
2617 4155 2822 4212 acriter
2861 4156 3171 4225 accusavit,
3206 4154 3440 4212 dicens:
3490 4155 3702 4214 Leaena
3749 4162 3806 4213 et

290 4246 501 4303 eodem
576 4245 768 4303 studio
841 4245 1254 4319 exspectationi
1320 4253 1522 4304 vestras
1595 4261 1661 4302 ac
1731 4243 2016 4302 desiderio
2099 4245 2260 4318 tigris
2305 4260 2442 4303 suos
2492 4260 2625 4302 cum
2678 4244 3008 4303 admirabili
3066 4260 3202 4302 cura
3243 4253 3298 4302 et
3336 4260 3532 4303 amore
3585 4245 3806 4304 catulos

290 4333 663 4408 respondere.
682 4334 867 4407 Igitur
885 4334 1034 4391 beati
1053 4334 1206 4392 Petri
1221 4334 1579 4405 Damiaui,et
1601 4335 1662 4393 S.
1688 4331 2011 4404 JEmiliani,
2096 4333 2420 4403 enutriunt,
2449 4340 2505 4390 et
2561 4339 2622 4390 tu
2673 4332 2968 4406 proprium
3005 4331 3195 4391 tilium
3229 4333 3301 4389 ad
3346 4332 3662 4406 imaginem
3699 4332 3804 4391 Dei

293 4441 448 4499 quos
503 4424 824 4498 episcopale
874 4426 1167 4498 fastigium
1221 4441 1356 4484 cum
1414 4427 1712 4484 sanctitate
1757 4425 2014 4483 illustres
2095 4429 2476 4496 procreatum,
2517 4420 2796 4478 hebetatis
2847 4427 3126 4477 maternae
3180 4422 3404 4492 pietatis
3463 4420 3800 4492 visceribus,

291 4513 452 4582 fecit,
498 4511 748 4583 duobus,
805 4527 951 4586 quos
991 4513 1139 4583 dixi,
1173 4512 1462 4586 prioribus
1506 4511 1687 4586 adjeci
1720 4535 1732 4568 :
1771 4519 1837 4570 ut
1891 4527 2014 4584 spe-
2097 4518 2213 4568 tam
2255 4511 2562 4569 crudeliter
2615 4508 2873 4566 tractas?
2901 4508 3098 4566 Nescis
3145 4510 3271 4567 fieri
3321 4525 3485 4583 posse
3541 4515 3606 4568 ut
3654 4523 3802 4581 puer

288 4610 512 4659 ctatum
547 4602 690 4673 jam,
723 4600 786 4658 ui
829 4601 1020 4669 fallor,
1058 4616 1314 4659 amorem
1360 4616 1493 4673 erga
1548 4616 1648 4658 vos
1707 4615 1926 4670 meum,
1959 4600 2201 4688 etDiste
2251 4598 2539 4657 illustrem
2585 4596 2898 4671 aliquando
2943 4597 3095 4654 inter
3125 4612 3261 4655 suos
3302 4599 3494 4688 locum
3525 4596 3798 4656 obtineat.

291 4692 680 4759 voluntatem,
714 4689 880 4748 vobis
900 4691 1119 4760 omnia,
1146 4707 1279 4763 quas
1302 4690 1558 4763 praestari
1589 4705 1624 4747 a
1651 4705 1744 4747 me
1771 4685 2066 4764 possint,‘
2096 4688 2247 4747 Mota
2295 4694 2383 4747 est
2433 4686 2732 4744 occasione
2776 4685 2872 4743 tali
2920 4693 3118 4757 mater,
3151 4703 3218 4744 ac
3268 4686 3527 4756 erubuit;
3573 4692 3630 4743 et
3670 4693 3802 4743 tau-

285 4778 679 4854 gratiﬁcaudi,
723 4779 1218 4838 manifestioribus
1260 4778 1516 4853 quotidie
1558 4777 1790 4835 iudiciis
1836 4793 2009 4851 expe-
2094 4793 2270 4852 quam
2317 4792 2392 4834 ex
2437 4776 2552 4834 alto
2598 4774 2842 4832 excitata
2875 4790 3102 4846 somno,
3135 4775 3466 4848 resipiscere
3495 4781 3550 4834 et
3587 4782 3800 4834 mater-

292 4867 555 4926 riamiui.
586 4865 804 4926 Valete.
2092 4881 2228 4924 nam
2257 4865 2534 4924 exhibere
2569 4863 2932 4935 diligentiam
2965 4863 3177 4920 infanti
3214 4863 3402 4936 coepit.
3441 4864 3518 4920 At
3550 4862 3670 4935 ille,
3696 4862 3803 4937 qui
3881 4933 3883 4936 q

361 4956 540 5013 initia
575 4957 713 5013 vitae
752 4955 864 5013 viri
899 4955 1226 5026 clarissimi,
1257 4962 1431 5030 atque
1469 4955 1817 5014 sanctissimi
1859 4954 2009 5012 Petri
2097 4963 2210 5013 tam
2246 4956 2396 5012 male
2430 4952 2604 5028 paulo
2653 4959 2787 5011 ante
2837 4957 3122 5024 acceptus,
3153 4951 3500 5024 obriguerat,
3530 4958 3585 5010 et
3608 4952 3801 5026 potius

288 5043 565 5101 Damiani
620 5057 892 5115 magnam
948 5043 1267 5116 unicuique
1315 5043 1760 5100 admirationem
1803 5042 2011 5098 all‘erre
2093 5045 2259 5118 pueri
2311 5044 2522 5103 umbra
2581 5057 2759 5116 quam
2816 5057 2960 5114 puer
3020 5039 3204 5096 videri
3253 5047 3488 5111 poterat,
3528 5040 3681 5099 vires
3734 5057 3802 5100 ac

286 5140 572 5205 possunt:
605 5147 739 5204 quas
759 5131 900 5190 adeo
921 5131 1158 5205 quidem
1180 5131 1430 5190 humilia
1448 5129 2005 5202 fuere,acdiﬂicilia,
2094 5135 2338 5192 formam
2386 5132 2549 5190 brevi
2599 5131 2846 5204 recepit;
2875 5129 2972 5186 sed
3003 5129 3339 5186 inchoatum
3384 5129 3449 5186 in
3495 5129 3800 5189 lactentem

285 5226 354 5277 ut
377 5217 618 5276 nonnisi
650 5216 904 5276 divinitu
936 5218 1523 5291 factumintelligant,
1553 5219 1744 5292 quiea
1770 5221 2006 5286 norunt,
2089 5223 2312 5295 odium,
2352 5223 2413 5280 in
2470 5220 2775 5295 pueritiam
2825 5234 3054 5292 quoque
3110 5216 3273 5274 illius
3323 5219 3641 5278 excitatum
3690 5227 3795 5278 est.

288 5317 355 5366 ut
398 5309 461 5365 in
513 5305 686 5365 talem
716 5323 783 5364 ac
832 5313 1056 5366 tantum
1095 5309 1310 5377 virum,
1352 5310 1453 5382 qui
1493 5317 1549 5365 et
1575 5305 1923 5381 eloquentia,
1951 5311 2008 5363 et
2093 5311 2261 5383 Nam,
2292 5309 2579 5369 defunctis
2633 5307 2991 5380 parentibus,
3035 5321 3189 5364 unus
3242 5322 3317 5364 ex
3367 5307 3642 5368 fratribus
3692 5309 3797 5382 qui

282 5398 594 5455 sanctitate
654 5397 788 5455 vita:
840 5398 944 5456 Dei
1000 5398 1314 5457 Ecclesiam
1379 5400 1716 5468 illustraret,
1767 5397 2009 5455 evadere
2092 5408 2231 5458 natu
2269 5406 2391 5458 erat
2420 5397 2734 5467 maximus,
2770 5411 2905 5454 cum
2938 5410 3120 5454 uxore
3169 5412 3275 5454 sua
3313 5397 3478 5455 miris
3503 5398 3797 5472 exagitare

283 5489 562 5564 potuerit.
594 5488 712 5547 Vix
754 5490 913 5548 enim
941 5491 1116 5549 illum
1147 5493 1327 5550 enixa
1353 5491 1415 5551 in
1442 5493 1632 5551 lucem
1657 5498 1779 5549 erat
1808 5496 2006 5559 mater,
2095 5489 2261 5547 illum
2306 5487 2493 5546 modis
2543 5484 2798 5560 aggressi
2845 5492 2984 5544 sunt
3025 5504 3038 5542 :
3084 5491 3140 5542 et
3189 5485 3350 5545 velut
3395 5487 3453 5544 in
3511 5487 3796 5561 abjectum

282 5578 523 5655 quando
576 5594 902 5639 numerosa:
981 5581 1157 5653 prolis
1222 5591 1479 5655 pertzesa,
1538 5581 1825 5641 novercali
1879 5579 2012 5638 odio
2095 5575 2472 5649 mancipium,
2502 5572 2916 5634 exsecrabilem
2964 5580 3378 5648 contemptum,
3410 5581 3464 5632 et
3513 5573 3796 5634 saavitiam
