4106 6204
277 243 373 300 ,47
440 271 450 277 -

1189 243 1246 302 S.
1295 241 1586 301 PETRUS
1623 236 2018 298 DAMIANUS
2055 236 2116 297 S.
2161 239 2231 299 Β.
2273 240 2338 298 Ε.
2380 239 2862 304 CARDINALIS.

3674 242 3776 302 148

269 385 559 429 exercere.
590 369 760 430 Cibos
817 376 972 428 taceo
1019 371 1224 430 suibus
1274 365 1771 428 convenientiores
1797 378 1972 440 quam
1993 363 2266 438 Avoluit,
2297 381 2372 426 an
2411 365 2546 426 vitae
2579 366 2740 427 illius
2779 368 3168 443 asperitatem,
3200 384 3335 445 quae
3370 372 3587 444 quanta
3625 375 3775 427 esset

271 457 530 530 homini;
555 459 757 518 nullus
773 460 993 532 corpori
1020 461 1248 528 cultus;
1276 458 1516 516 vestitus
1532 453 1934 515 eratsordidus
1955 470 1973 524 ;

269 547 412 605 nudi
439 547 628 621 pedes.
653 548 865 607 Omitto
886 553 1088 607 caetera
1111 563 1246 622 quae
1265 547 1369 606 vix
1395 547 1454 604 in
1478 551 1736 604 extrema
1754 543 1972 618 inopia,

267 639 328 697 in
380 639 647 698 mendico
699 639 922 699 toleres.
980 641 1258 698 Praetereo
1316 636 1575 710 verbera,
1620 653 1863 712 pugnos,
1921 643 1977 695 et

266 729 468 804 calces,
505 730 721 804 quibus
759 730 1090 805 frequenter
1129 729 1369 788 affectus
1396 734 1482 787 est
1512 747 1524 786 :
1558 735 1612 786 et
1650 728 1765 786 alia
1791 727 1977 786 multa

268 821 369 878 vix
407 820 568 879 dictu
607 827 661 879 et
695 820 917 889 auditu,
946 818 1163 878 nedum
1195 818 1326 876 visu
1359 815 1694 876 tolerabilia.
1729 816 1822 875 Sic
1852 822 1977 874 acta

267 918 351 967 est
381 909 471 968 illi
491 909 769 984 pueritia;
793 908 892 967 ubi
923 924 1058 967 vero
1083 908 1526 968 adolescentiam
1554 907 1760 982 attigit,
1786 904 1976 964 nihilo

268 998 471 1058 melior
495 999 585 1071 illi
615 997 868 1057 conditio
895 996 1148 1056 accessit.
1183 996 1334 1055 Hinc
1372 995 1557 1056 facere
1587 997 1973 1071 conjecturam

267 1085 418 1158 licet,
443 1086 592 1162 quod
626 1087 694 1145 ad
726 1101 927 1160 porcos
954 1087 1169 1145 missus
1193 1094 1279 1144 est
1305 1087 1639 1160 pascendos,
1662 1085 1766 1145 ubi
1795 1101 1975 1160 quam

267 1176 409 1234 dura
440 1175 636 1235 omnia
681 1175 757 1233 sit
790 1189 1011 1250 passus,
1048 1173 1256 1247 cogitet
1301 1175 1403 1248 qui
1447 1192 1513 1233 ea
1553 1190 1688 1248 quae
1726 1189 1976 1248 przeceS-

264 1281 387 1324 sere
440 1265 706 1336 noverit;
761 1264 860 1322 sed
921 1264 1123 1322 divina
1194 1264 1565 1324 Providentia
1645 1264 1728 1322 sic
1799 1279 1971 1322 suum

262 1371 532 1414 exercere
580 1355 874 1426 athletam,
923 1362 978 1413 et
1011 1354 1265 1427 experiri
1309 1354 1602 1426 voluit,ut
1651 1354 1724 1412 ad
1757 1355 1976 1414 uberio-

265 1464 384 1506 rem
419 1447 657 1519 gratiam
708 1447 904 1506 omnia
938 1448 1060 1504 haec
1091 1445 1172 1503 illi
1203 1445 1593 1504 accnmularet
1623 1465 1637 1502 :
1667 1449 1722 1503 et
1751 1460 1825 1504 ex
1856 1450 1974 1504 tam

259 1537 520 1609 ignobili,
548 1543 720 1611 atque
773 1537 914 1595 adeo
956 1537 1239 1610 despecto,
1275 1536 1372 1594 toti
1422 1535 1663 1594 demum
1705 1535 1975 1594 Ecclesim

264 1641 385 1685 sua:
415 1625 731 1699 gloriosum
779 1625 1058 1684 redderet.
1091 1625 1313 1695 Quibus
1365 1631 1560 1684 autem
1600 1625 1784 1684 initiis
1811 1625 1883 1684 ad
1914 1626 1971 1684 id

2064 455 2346 532 audierat,
2401 458 2650 532 perferre
2703 465 2913 533 posset.
2955 459 3274 531 Quamdam
3330 459 3509 534 igitur
3549 460 3772 534 ingres-

2064 563 2166 606 sus
2191 547 2480 620 cellulam,
2515 550 2894 625 quadraginta
2947 569 3008 612 se
3053 553 3259 612 diebus
3287 554 3348 612 in
3399 569 3464 612 ea
3512 553 3775 612 exercuit

2061 651 2272 713 corpus
2310 653 2501 706 suum,
2534 639 2826 706 omnibus,
2856 657 3002 716 quos
3045 649 3358 718 acceperat,
3400 642 3588 702 modis
3646 658 3771 700 ma-

2061 742 2261 785 eerans
2288 734 2343 786 et
2373 729 2651 803 aﬂligens.
2679 730 2865 803 Igitur
2915 731 3099 792 multo
3154 731 3336 806 magis
3385 732 3445 790 in
3487 729 3774 790 sententia

2061 815 2457 888 conﬁrmatus,
2489 825 2718 892 tempus
2758 817 3105 890 observavit,
3135 833 3252 894 quo
3295 825 3484 892 posset
3514 817 3770 876 commo-

2061 901 2299 961 dissime
2349 904 2600 962 salutare
2655 905 2962 964 consilium
3018 906 3302 980 exsequi;
3354 911 3491 965 tunc
3531 903 3604 963 de
3646 904 3770 964 suis

2059 989 2228 1050 bonis
2259 993 2576 1052 necessaria
2603 994 2875 1066 qumdam
2912 994 3025 1053 sibi
3055 1010 3378 1066 assumens,
3411 991 3613 1052 insciis
3640 1009 3766 1052 om-

2063 1080 2237 1140 nibus
2265 1082 2406 1154 suis,
2442 1083 2514 1140 ad
2541 1090 2791 1158 optatam
2829 1099 3089 1143 eremum
3127 1083 3278 1142 clam
3329 1083 3437 1142 iter
3475 1083 3765 1158 arripuit:

2061 1171 2162 1230 ubi
2194 1186 2402 1245 magna
2436 1188 2569 1230 cum
2611 1173 2812 1232 laetitia
2853 1178 2908 1232 et
2955 1173 3245 1232 hilaritate
3272 1178 3556 1248 receptus,
3585 1172 3765 1230 tradi-

2063 1268 2154 1322 tus
2199 1268 2285 1321 est
2331 1264 2436 1322 uni
2489 1280 2564 1322 ex
2609 1263 2937 1324 senioribus
2987 1263 3059 1322 de
3111 1279 3272 1324 more
3320 1262 3764 1323 instituendus:

2059 1359 2394 1429 quemicum
2413 1357 2486 1416 ad
2505 1355 2775 1416 cellulam
2802 1356 3185 1431 perduxisset,
3205 1360 3452 1416 exutum
3482 1354 3768 1424 vestibus,

2059 1461 2204 1522 quas
2255 1461 2450 1505 secum
2501 1444 2790 1518 attulerat,
2821 1445 2885 1502 in
2925 1444 3114 1503 cilicio
3170 1444 3342 1504 illum
3392 1444 3462 1503 ad
3498 1443 3767 1504 abbatem

2059 1534 2312 1605 reduxit,
2345 1534 2445 1608 qui
2476 1535 2749 1595 continuo
2773 1534 2949 1609 jussit
2985 1549 3122 1594 eum
3161 1532 3392 1593 cuculla
3431 1532 3620 1594 indui.
3655 1531 3766 1590 La-

2059 1627 2194 1685 bare
2228 1626 2379 1685 inter
2415 1628 2542 1686 haec
2573 1629 2701 1702 ejus
2735 1626 2969 1684 animus
3003 1624 3195 1698 coepit,
3223 1639 3371 1698 pene
3410 1621 3537 1680 facti
3576 1619 3768 1695 poeni—

267 1717 611 1786 pervenerit,
639 1729 826 1787 operae
870 1714 1118 1787 pretium
1163 1721 1248 1772 est
1298 1729 1484 1773 nosse.
1519 1713 1681 1774 Unus
1733 1730 1808 1772 ex
1854 1717 2034 1790 fra-B
2060 1721 2206 1782 tens,
2239 1723 2513 1790 tanquam
2543 1715 2795 1775 nimium
2821 1715 2892 1772 ad
2933 1715 3040 1773 ista
3067 1711 3405 1782 festinasset,
3437 1724 3569 1769 cum
3607 1709 3770 1784 prius

266 1803 470 1874 tribus,
503 1802 711 1877 pietate
767 1819 882 1877 qua
929 1801 1130 1862 debuit
1175 1803 1409 1861 fratrem
1463 1802 1830 1877 complexus,
1861 1811 1975 1864 tra-

266 1898 419 1950 ctare
455 1891 628 1950 illum
657 1892 992 1952 humaniter
1023 1892 1215 1966 coepit,
1242 1906 1308 1950 ac
1351 1892 1660 1966 diligenter
1684 1908 1886 1952 curare
1914 1901 1983 1955 ut

266 1979 468 2038 litteris
507 1979 854 2053 erudiretur,
881 1981 944 2040 in
975 1980 1190 2055 quibus
1238 1980 1400 2040 brevi
1454 1986 1678 2041 tantum
1718 1984 1981 2058 profecit,

265 2077 328 2127 ut
373 2070 498 2128 suis
533 2071 705 2129 etiam
741 2071 1074 2153 doctoribus
1108 2071 1469 2153 admirabilis
1498 2075 1681 2135 fieret.
1719 2075 1983 2152 Cumque

267 2158 604 2220 liberalibus
649 2162 873 2220 artibus
909 2163 1168 2238 apprime
1205 2171 1354 2222 esset
1393 2165 1729 2236 instructus,
1763 2174 1827 2226 ut
1860 2167 1982 2240 jam

264 2247 493 2307 erudire
519 2250 663 2309 alios
708 2258 914 2325 posset,
947 2253 1237 2312 conﬂuere
1261 2255 1334 2312 ad
1369 2269 1504 2313 eum
1532 2256 1797 2332 undique
1826 2255 1982 2315 mul-

268 2339 454 2398 titudo
478 2340 828 2401 discentium
858 2343 1048 2418 ccepit,
1077 2349 1134 2404 et
1159 2341 1417 2416 quotidie
1446 2345 1654 2419 magis,
1695 2351 1984 2406 crescente

270 2429 424 2487 fama
453 2437 507 2487 et
543 2432 741 2505 populi
779 2433 991 2505 favore,
1020 2434 1229 2508 opibus
1271 2434 1443 2493 etiam
1483 2437 1705 2509 augeri.
1741 2436 1980 2511 Verum,

274 2536 347 2577 ne
390 2520 630 2578 terrenis
676 2520 962 2580 illecebris
999 2523 1360 2593 retineretur,
1389 2524 1591 2582 divina
1639 2526 1792 2584 cavit
1843 2527 1981 2588 Pro-

273 2607 548 2677 videntia,
581 2607 674 2665 cui
721 2615 973 2666 mentem
1017 2609 1257 2668 immisit
1301 2617 1524 2669 terrena
1565 2627 1800 2685 prorsus
1845 2631 1983 2674 con-

277 2695 592 2766 temnendi,
631 2702 688 2755 et
731 2696 948 2756 mirum
987 2697 1185 2773 injecit
1230 2699 1550 2759 caelestium
1602 2701 1983 2766 desiderium.

279 2787 482 2846 Studia
523 2786 704 2860 igitur
744 2789 997 2846 humana
1027 2783 1324 2862 ‘paulatim
1363 2789 1654 2864 deserens,
1683 2801 1738 2850 et
1769 2793 1986 2854 divinis

277 2876 611 2950 invigilans,
661 2877 769 2935 sub
823 2877 1096 2936 mollibus
1149 2894 1216 2937 ac
1265 2879 1526 2940 delicatis
1576 2881 1832 2942 vestibus
1883 2900 1984 2958 ge-

282 2971 430 3022 stare
473 2965 726 3023 cilicium
756 2966 947 3040 cmpit.
969 2966 1232 3041 jejuniis,
1271 2968 1632 3029 orationibus
1671 2988 1736 3030 ac
1766 2972 1988 3046 vigiliis

2064 1805 2360 1866 debuisset
2403 1806 2655 1882 experiri
2703 1805 2846 1881 quid
2897 1806 2960 1864 in
3006 1802 3358 1862 monasterio
3397 1806 3625 1876 posset;
3669 1799 3768 1857 sed

2065 1910 2204 1955 mox
2244 1896 2605 1971 resipiscens,
2635 1900 2899 1954 accusata
2935 1893 3095 1952 velut
3122 1890 3352 1966 ignavia
3387 1888 3634 1966 quadam
3667 1902 3775 1946 sua

2067 1994 2124 2046 et
2169 1987 2348 2046 sancti
2386 1986 2678 2046 oblivione
2718 1983 3013 2060 propositi,
3044 1999 3160 2058 quo
3191 1981 3480 2056 impulsus
3519 1985 3774 2048 venerat,

2070 2083 2132 2135 ut
2182 2078 2244 2135 in
2288 2075 2388 2134 tali
2434 2075 2786 2150 austeritate,
2826 2089 3034 2148 corpus
3079 2072 3396 2131 edomitum
3434 2069 3667 2146 spiritui
3711 2084 3779 2128 ac

2069 2163 2237 2225 suavi
2259 2165 2400 2238 jugo
2437 2162 2652 2222 Christi
2680 2162 3021 2237 subjaceret,
3051 2166 3328 2235 tanquam
3367 2159 3531 2218 fortis
3563 2157 3779 2215 athleta

2069 2252 2430 2328 spiritalibus
2471 2252 2650 2310 armis
2692 2251 2983 2310 accinctus
3011 2265 3224 2324 pugnae
3259 2265 3320 2307 se
3354 2249 3655 2308 ultroneus
3682 2246 3778 2305 ob-

2073 2343 2204 2402 tulit
2238 2361 2250 2400 :
2282 2342 2345 2400 in
2385 2357 2500 2415 qua
2550 2344 2804 2416 quantus
2837 2337 3140 2408 exstiterit,
3177 2354 3246 2396 ea
3281 2352 3415 2410 quae
3455 2341 3778 2410 sequuntur

2069 2433 2392 2492 ostendent.
2424 2429 2518 2488 Sic
2549 2427 2709 2486 enim
2755 2427 3033 2487 continuo
3061 2442 3271 2500 corpus
3295 2425 3472 2500 cmpit
3501 2423 3775 2498 affligere,

2069 2521 2448 2592 orationibus,
2505 2516 2760 2594 jejuniis,
2815 2515 3033 2590 vigiliis
3088 2521 3144 2574 et
3195 2515 3446 2573 aliarum
3504 2513 3778 2572 varietate

2072 2597 2524 2671 macerationum
2581 2615 2843 2677 atterere,
2876 2605 3061 2664 nullis
3110 2604 3520 2665 exercitiorum
3572 2616 3777 2660 mona-

2071 2702 2229 2762 sterii
2260 2699 2554 2761 laboribus
2579 2713 2832 2772 parcere,
2865 2701 2931 2756 ut
2957 2694 3062 2766 diu
3095 2695 3158 2754 in
3187 2693 3535 2754 monasterio
3566 2689 3775 2752 versati

2071 2798 2125 2851 et
2152 2790 2392 2850 exerciti
2425 2787 2792 2857 mirarentur,
2821 2800 2888 2843 ac
2925 2799 2987 2842 se
3024 2782 3180 2858 ipsos
3218 2782 3382 2843 velut
3409 2783 3651 2857 ignavos
3679 2794 3775 2839 ac-

2071 2888 2469 3030 cuﬁlbﬁthoc
2522 2970 2644 3028 loco
2691 2969 2828 3028 vita;
2882 2964 3193 3025 formulam
3235 2963 3569 3022 monasterii
3620 2962 3782 3020 illius

281 3065 480 3108 curam
531 3051 848 3139 intendere,
876 3059 932 3110 et
979 3053 1229 3112 assiduis
1269 3056 1752 3116 macerationibus
1781 3074 2045 3139 cogeret).
2067 3063 2419 3132 sanctissimi
2439 3058 2784 3129 describere,
2807 3062 2872 3116 ut
2893 3062 3129 3126 quantm
3153 3070 3214 3114 se
3242 3053 3561 3114 austeritati
3585 3052 3785 3110 beatus

283 3153 517 3195 carnem
553 3138 783 3211 spiritui
817 3154 1033 3212 parere.
1079 3141 1341 3215 Cumque
1369 3144 1654 3218 juvenilis
1692 3147 1984 3208 interdum
2014 3138 2028 3139 ί
2069 3160 2160 3218 vir
2212 3149 2541 3225 subjecerit,
2573 3153 2835 3207 constare
2877 3146 3075 3218 possit.
3105 3144 3242 3203 Erat
3282 3147 3415 3202 ante
3453 3142 3650 3202 omnia
3680 3142 3785 3200 hu-

283 3225 437 3283 €310?
495 3225 839 3323 ίοεΨὲθιὌι,
871 3233 925 3284 εἴ
978 3227 1208 3287 acribus
1261 3233 1444 3290 εθίεηίε
1489 3233 1684 3306 eiusce
1735 3235 1989 3295 Slimlllis
2064 3243 2319 3323 jusmodi
2344 3239 2716 3299 institutum:
2747 3235 2958 3295 Utbini
2984 3231 3334 3308 persingula
3359 3235 3784 3290 commorantes

283 3321 567 3386 ageretur,
610 3313 950 3389 intempesta
1000 3323 1164 3376 nocte
1218 3319 1399 3379 iratus
1445 3320 1578 3391 sibi,
1607 3338 1640 3380 e
1680 3324 1824 3382 lecto
1857 3337 1988 3381 sur-
2064 3313 2269 3397 Eubicu

2064 3313 2361 3404 cubicula,
2401 3329 2497 3388 die
2540 3331 2831 3402 noctuque
2870 3324 3114 3399 spiritali
3163 3322 3493 3391 certamine,
3528 3321 3688 3380 velut
3722 3322 3782 3380 in

284 3405 472 3478 gebat,
512 3422 578 3465 ac
624 3406 795 3467 (Ῐοωο
837 3422 937 3481 081‘
940 3407 1258 3482 ediebatlll‘,
1289 3418 1345 3470 εἴ
1387 3428 1448 3472 Se
1500 3414 1771 3474 ﬂuViatili
1820 3431 1990 3490 aquae
2071 3426 2193 3486 acie
2217 3419 2578 3489 dimicantes,
2607 3429 2910 3489 nunquam
2947 3411 3183 3471 brachia
3215 3409 3597 3479 remitterent;
3629 3408 3784 3482 psal-

287 3497 682 3570 immergebat,
718 3497 900 3556 donec
949 3497 1142 3571 algore
1195 3501 1380 3561 nimio
1429 3505 1689 3564 membra
1716 3506 1988 3581 rigerent,
2072 3512 2284 3573 modia:
2338 3509 2689 3568 incessanter
2715 3548 2732 3575 ,
2788 3500 3037 3560 orationi
3092 3514 3158 3558 ac
3220 3497 3501 3567 lectioni,
3556 3511 3782 3555 necnon

287 3594 344 3644 et
378 3587 457 3644 ita
493 3601 728 3660 prorsus
763 3602 894 3646 cum
931 3587 1111 3648 noxio
1165 3589 1354 3650 calore
1403 3592 1608 3652 molles
1647 3593 1734 3652 illi
1776 3596 1993 3656 calores
2073 3600 2286 3661 inediae
2332 3613 2400 3657 ac
2447 3593 2792 3657 obedientite
2840 3589 3020 3650 armis
3073 3585 3336 3657 accincti,
3380 3585 3469 3644 ira
3518 3585 3786 3644 instructi

289 3683 714 3735 evanescerent.
761 3677 1089 3751 Egenorum
1135 3679 1390 3754 inopiam
1428 3682 1811 3759 elecmosynis
1852 3685 1995 3745 sub-
2074 3689 2353 3751 adversus
2392 3699 2589 3745 aereas
2625 3685 2928 3756 potestates
2964 3676 3334 3738 dimicabant.
3371 3673 3589 3733 Inedia;
3627 3688 3784 3746 vero,

292 3762 535 3836 levabat,
570 3764 839 3854 convivia
878 3767 1114 3839 parabat
1149 3774 1206 3826 et
1249 3768 1374 3828 suis
1411 3769 1535 3844 ipse
1563 3773 1836 3832 manibus
1873 3773 1994 3833 illis
2075 3795 2254 3854 quam
2281 3773 2692 3835 abstinentiam
2719 3775 2945 3841 vocant,
2979 3767 3185 3826 modus
3208 3765 3304 3824 hic
3331 3771 3453 3824 erat
3483 3782 3496 3823 :
3530 3763 3786 3833 Quatuor

291 3863 566 3926 tanquam
597 3853 822 3912 Christo
855 3855 1236 3916 ministrabat.
1263 3855 1372 3918 Sed
1401 3858 1571 3920 altior
1598 3861 1685 3918 illi
1709 3861 1830 3935 jam
1856 3878 1994 3921 cura
2077 3853 2140 3928 in
2183 3865 2442 3943 qualibet
2484 3860 2843 3921 hebdomade
2895 3856 3100 3916 diebus
3137 3871 3283 3928 pane
3321 3854 3698 3943 vescebantur
3731 3858 3788 3911 et

289 3943 595 4012 insederat,
629 3950 684 4002 et
710 3945 995 4018 cogitatio,
1024 3947 1096 4005 ad
1147 3948 1463 4008 iucundam
1509 3953 1810 4022 rationem,
1847 3968 1992 4026 quo-
2075 3941 2261 4032 aqua;
2316 3953 2482 4012 tertia
2529 3952 2672 4010 feria
2719 3955 2776 4006 et
2821 3948 3028 4022 quinta
3080 3944 3414 4018 pauxillum
3476 3941 3788 4016 leguminis

291 4032 460 4092 modo
507 4033 750 4092 liberius
778 4040 834 4093 et
873 4036 1173 4110 attentius,
1203 4038 1409 4097 amotis
1456 4040 1831 4100 smcularibus
1881 4042 1993 4100 im-
2076 4043 2361 4104 addebant
2393 4061 2407 4100 :
2439 4041 2620 4115 idque
2669 4039 2731 4096 in
2767 4052 2874 4096 sua
2910 4035 3160 4110 quilibet
3197 4033 3408 4092 cellula
3444 4032 3787 4106 coquebant.

289 4123 651 4196 pedimentis,
691 4124 805 4184 Deo
853 4125 1122 4185 famulari
1168 4134 1375 4201 posset.
1408 4129 1562 4189 Deus
1605 4137 1803 4190 autem
1848 4132 1992 4206 ipse,
2080 4139 2297 4198 Diebus
2320 4141 2537 4203 autem,
2569 4133 2786 4210 quibus
2819 4131 3117 4190 decretum
3145 4137 3267 4188 erat
3291 4128 3606 4203 jejunium,
3639 4125 3794 4186 nulli

289 4213 391 4287 qui
459 4220 709 4272 mentem
764 4214 851 4274 illi
911 4217 1078 4276 talem
1139 4219 1498 4290 immiserat,
1553 4221 1706 4279 viam
1763 4237 1994 4297 quoque
2079 4227 2151 4286 ad
2205 4225 2438 4284 libitum
2497 4222 2706 4280 licebat
2753 4235 2960 4294 panem
3003 4234 3254 4289 sumere,
3282 4217 3382 4275 sed
3429 4213 3792 4274 solummodo

289 4303 482 4361 statim
534 4305 895 4376 monstravit,
922 4320 1038 4379 qua
1087 4321 1194 4366 suo
1237 4308 1375 4366 satis
1423 4308 1710 4369 desiderio
1767 4311 1990 4370 faceret.
2079 4321 2364 4391 quantum
2409 4311 2634 4370 decreta
2683 4311 2916 4369 Patrum
2949 4305 3233 4381 jubebant
3257 4324 3276 4376 ;
3307 4304 3459 4365 nulli
3490 4305 3629 4363 vino
3658 4319 3792 4378 per-

290 4395 354 4452 In
385 4392 534 4450 duos
572 4391 728 4452 enim
776 4395 1086 4452 monachos
1128 4411 1201 4454 ex
1254 4395 1345 4470 iis,
1374 4397 1477 4470 qui
1505 4413 1766 4458 eremum
1797 4399 2054 4475 Fontisn
2083 4405 2431 4472 mittebatur,
2482 4408 2868 4475 prmterquam
2919 4399 2979 4457 in
3031 4395 3312 4456 sacriﬁcio
3356 4402 3458 4454 aut
3505 4395 3568 4452 in
3615 4395 3789 4466 aagri-

289 4485 561 4544 Avellani
595 4485 674 4551 (id
705 4485 862 4544 enim
905 4487 1024 4546 loco
1062 4502 1270 4546 nomen
1310 4492 1451 4558 erat)
1497 4489 1720 4562 incidit,
1749 4485 2053 4564 quibus,"
2080 4493 2282 4554 tudine
2319 4493 2402 4551 uti
2434 4510 2449 4563 ;
2482 4490 2657 4549 nudis
2683 4488 2948 4563 pedibus,
2986 4494 3100 4545 tam
3140 4486 3334 4544 hieme
3367 4499 3544 4559 quam
3571 4489 3788 4551 astate,

287 4574 428 4648 quid
458 4574 654 4632 animo
690 4573 907 4647 agitare
947 4580 1003 4633 et
1051 4581 1285 4650 cuperet
1309 4578 1554 4650 aperuit.
1586 4577 1730 4648 Quia
1761 4595 1894 4638 vero
1921 4579 1994 4638 ad
2078 4581 2453 4653 incedebant;
2488 4579 2806 4655 caligarum
2831 4575 3030 4636 nullus
3059 4581 3176 4634 erat
3203 4590 3365 4634 usus.
3391 4572 3626 4632 Czeteris
3653 4586 3791 4630 vero

286 4678 488 4721 eorum
544 4661 808 4722 abbatem
858 4665 979 4736 jam
1026 4665 1206 4722 sancti
1266 4665 1378 4723 viri
1437 4667 1590 4724 fama
1636 4675 1992 4740 pervenerat,
2078 4669 2484 4746 spiritualibus
2524 4667 2840 4738 exercitiis,
2884 4664 3240 4735 verberibus,
3274 4661 3789 4738 genuﬂexionibus

288 4751 550 4810 Ῑδὲιηῐιῐθν
577 4751 634 4809 id
660 4752 750 4810 illi
772 4760 1142 4827 εκεθρρι’ρ,θι
1169 4769 1278 4814 8110
1303 4770 1566 4813 sermone
1598 4754 1782 4813 multo
1814 4757 1996 4830 magis
2078 4769 2135 4822 et
2163 4761 2406 4837 prolixis
2439 4759 2716 4819 ulnarum
2743 4755 2805 4812 in
2831 4753 3018 4813 crucis
3053 4752 3293 4812 modum
3330 4749 3790 4820 extensionibus,

287 4841 638 4901 desiderium
675 4842 841 4901 illius
867 4843 1196 4902 accendere.
1228 4843 1664 4902 Discedentibus
1695 4852 1890 4903 autem
1918 4846 1994 4904 il-
2078 4857 2248 4926 prout
2283 4839 2515 4923 cuique'
2537 4848 2730 4905 fervor
2775 4851 2897 4903 erat
2940 4842 3263 4914 virtusque.
3296 4841 3595 4899 vacabant.
3630 4837 3790 4910 Vigi-

289 4931 380 5000 lis,
411 4931 750 5004 pretiosum,
776 4930 928 5005 quod
947 4947 1052 4990 suo
1069 4930 1262 4989 abbati
1283 4933 1573 5002 offerrent,
1591 4933 1808 4992 donare
1829 4950 1997 4994 cona-
2078 4940 2289 4999 liarum
2321 4953 2457 4997 vero
2500 4951 2716 4994 morem
2763 4934 2921 4992 hunc
2965 4930 3272 4990 servabant
3306 4949 3318 4988 :
3353 4929 3423 4990 Ut
3450 4929 3618 5002 signo
3650 4933 3793 4986 tem-

288 5024 474 5076 tusest
494 5035 595 5076 vas
614 5019 902 5094 quoddam
921 5021 1450 5093 argenteum,quod
1468 5021 1991 5093 utacciperentilli,
2077 5027 2362 5103 pestivius
2409 5028 2561 5095 dato,
2589 5028 2719 5097 post
2747 5019 3018 5097 quzedam
3072 5019 3209 5090 alia,
3240 5026 3444 5087 totum,
3481 5023 3791 5103 antequam

290 5106 472 5165 nullis
515 5107 782 5180 precibus
829 5108 1038 5166 adduci
1077 5115 1332 5182 potuere.
1372 5108 1710 5168 Admiratus
1743 5110 1840 5169 ille
1871 5118 1994 5169 tan-
2080 5102 2460 5184 illucesceret,
2493 5111 2831 5187 psalterium
2862 5113 3284 5183 percurrerent.
3316 5109 3392 5164 At
3419 5111 3658 5164 sanctus
3709 5102 3797 5161 vir

293 5204 415 5256 tum
471 5211 673 5254 eorum
724 5212 917 5256 rerum
971 5205 1329 5257 terrenarum
1370 5205 1782 5272 contemptum,
1811 5199 1996 5259 multo
2083 5203 2324 5274 Petrus,
2382 5217 2501 5260 non
2553 5204 2881 5274 exspectato
2939 5196 3238 5256 communi
3293 5194 3461 5267 signo
3490 5235 3506 5264 ,
3559 5197 3796 5251 caeteros

289 5285 473 5357 magis
526 5290 921 5359 paupertatem
986 5284 1198 5346 Christi
1255 5286 1520 5360 amplecti
1576 5287 1831 5349 decrevit
1858 5302 1996 5360 ;'ac
2081 5291 2264 5349 multo
2295 5296 2429 5348 ante
2459 5288 2843 5363 praaveniens,
2869 5284 3157 5360 quidquid
3195 5281 3377 5341 noctis
3404 5286 3530 5353 post
3555 5279 3792 5338 ordina-

286 5390 524 5448 prorsus
548 5373 860 5433 mundanis
890 5375 1079 5445 rebus,
1102 5381 1157 5434 et
1183 5375 1460 5435 omnibus
1480 5392 1682 5437 earum
1714 5376 1995 5437 illecebris
2081 5378 2164 5436 ria
2203 5384 2502 5452 supererat
2549 5375 2892 5436 excubando
2933 5370 3303 5444 transigebat,
3341 5375 3399 5428 et
3444 5367 3560 5427 alia
3608 5365 3792 5426 multa

287 5462 620 5524 renuntiare
650 5482 662 5522 :
691 5463 790 5522 sed
815 5463 1150 5538 priusquam
1181 5479 1241 5522 se
1265 5464 1335 5522 ad
1362 5465 1707 5527 antalictam
1732 5480 1994 5526 eremum
2078 5468 2340 5542 injussus
2364 5467 2579 5527 obibat.
2608 5466 2756 5527 Cum
2785 5472 2978 5526 autem
3006 5468 3214 5540 praeter
3239 5458 3484 5520 modum
3511 5460 3787 5534 frequen-

284 5557 590 5628 conferret,
630 5561 686 5616 et
735 5554 1109 5615 monasticam
1153 5555 1234 5614 ibi
1285 5558 1465 5616 vitam
1501 5559 1694 5631 iniret,
1741 5557 1995 5634 experiri
2079 5562 2224 5618 taret
2265 5558 2563 5629 excubias,
2603 5556 2994 5634 perniciosum
3042 5553 3246 5630 capitis
3286 5553 3578 5615 contraxit
3631 5564 3787 5614 mor-
