4106 6204
261 238 362 297 149

1136 239 1713 300 PROLEGOMENA.
1757 271 1824 280 —
1869 239 1926 297 S.
1969 238 2195 297 PETRI
2234 237 2557 296 DAMIANI
2602 236 2780 295 VITA
2819 237 2894 295 ΙΙ.

3672 237 3770 297 150

252 363 416 431 bum,
450 360 593 418 adeo
627 362 889 435 quidem,
929 370 993 422 ut
1029 364 1132 422 vix
1169 363 1407 422 brevem
1449 379 1651 438 capere
1691 362 2139 431 somnumAvir
2165 362 2436 435 gustavit,
2469 377 2787 421 conversus
2817 361 2888 420 ad
2918 361 3310 434 discipulum:
3342 363 3490 432 Non,
3538 363 3760 439 inquit,

249 454 693 524 possetzquare
749 454 880 523 post
948 452 1206 511 adhibita
1272 452 1678 524 medicamina,
1736 452 1968 510 sanitati

250 538 571 604 restitutus,
605 538 802 596 mitior
833 539 899 597 in
939 557 1000 598 se
1035 556 1102 598 ac
1149 543 1561 616 temperantior
1598 557 1720 600 esse
1771 541 1962 615 coepit.

258 625 404 684 Baro
461 627 643 700 igitur
685 632 812 699 post
858 627 1262 700 psalmodiam,
1313 629 1586 688 cellulam
1642 629 1964 703 egrediens,

248 714 490 774 lectioni
543 717 877 775 vehementi
928 719 1121 778 studio
1165 720 1529 778 vacabatzin
1574 736 1691 795 qua
1740 725 1966 779 tantum

251 804 415 863 brevi
449 805 710 878 profecit,
752 811 816 864 ut
851 805 914 864 in
943 807 1147 866 divina
1187 809 1483 884 Scriptura
1520 816 1745 868 tantum
1782 809 1966 867 clare-

253 899 456 964 sceret,
503 901 787 967 quantum
832 895 894 952 in
933 897 1210 956 humanis
1245 897 1452 956 litteris
1487 906 1622 957 ante
1659 899 1962 958 claruerat.

253 981 380 1051 Quo
422 983 643 1040 factum
671 990 775 1054 est,
807 991 874 1042 ut
914 986 1173 1059 magistri
1219 987 1312 1046 sui
1344 988 1534 1062 jussu,
1567 988 1719 1062 apud
1763 1004 1966 1046 mona-

253 1072 413 1141 chos,
454 1073 559 1146 qui
600 1089 720 1131 una
760 1076 1288 1149 commorabantur,
1335 1077 1740 1137 declamatorio
1781 1094 1964 1150 more,

249 1163 451 1222 crebro
497 1165 672 1224 verba
707 1167 936 1238 faceret,
981 1169 1150 1242 cujus
1193 1168 1272 1227 rei
1319 1175 1610 1228 crescente
1643 1171 1816 1240 fama,
1865 1187 1964 1229 ve-

249 1253 532 1312 nerabilis
572 1255 752 1314 abbas
781 1257 1200 1331 Pomposianus
1245 1260 1317 1318 ad
1352 1260 1479 1332 ejus
1515 1259 1781 1318 abbatem
1805 1276 1966 1318 nun-

250 1343 358 1402 tios
392 1343 573 1414 misit,
609 1346 715 1418 qui
759 1361 896 1405 eum
940 1354 1227 1421 rogarent,
1272 1355 1338 1408 ut
1367 1349 1582 1407 sineret
1617 1365 1756 1408 eum
1791 1349 1862 1407 ad
1906 1365 1968 1407 se

248 1433 474 1504 venire,
516 1441 574 1491 et
603 1435 828 1510 aliquot
869 1453 1067 1495 secum
1115 1437 1238 1496 dies
1281 1438 1646 1497 commorari.
1697 1439 1969 1497 Permisit

249 1523 351 1582 ille
379 1523 735 1596 humaniter,
764 1532 827 1584 ut
851 1527 1100 1586 Charitas
1122 1529 1408 1601 poscebat,
1441 1529 1608 1601 cujus
1632 1530 1963 1603 praesentia,

247 1623 302 1675 et
339 1616 625 1689 moribus,
671 1633 737 1676 ac
790 1619 926 1679 vitae
972 1622 1292 1693 sanctitate,
1323 1621 1533 1680 deinde
1560 1622 1747 1681 divini
1776 1622 1962 1694 verbi,

2043 451 2216 526 jussi,
2253 456 2320 510 ut
2366 450 2513 509 mihi
2558 449 2763 508 vinum
2807 449 3060 507 aﬁ‘erres.
3110 450 3184 506 At
3224 448 3612 522 illequuam
3655 467 3762 525 ego

2051 557 2127 599 ex
2174 543 2330 600 fonte
2376 540 2543 600 hausi
2587 546 2642 598 et
2690 538 2875 598 attuli.
2924 538 3180 613 Negabat
3234 539 3327 596 vir
3383 544 3647 609 sanctus;
3703 547 3765 598 at

2050 631 2372 706 discipulus
2451 636 2778 689 constanter
2835 630 3176 688 afﬁrmabat.
3234 629 3308 688 Ut
3357 645 3492 703 ergo
3555 644 3762 690 verum

2050 720 2396 794 exploraret,
2437 719 2621 777 alium
2647 719 2719 776 ad
2747 719 2964 776 fontem
2989 718 3168 786 misit,
3207 723 3263 776 et
3289 718 3636 788 observavit,
3685 733 3762 776 ne

2051 826 2111 868 se
2157 810 2272 868 alio
2304 809 2591 879 ﬂecteret;
2635 808 2849 878 attulit,
2881 809 3134 881 gustavit
3161 809 3323 882 ipse:
3352 814 3407 866 et
3443 807 3611 881 quasi
3639 823 3758 867 non

2049 899 2290 958 credens
2348 899 2482 969 sibi,
2531 898 2603 956 iis
2655 899 2758 972 qui
2807 898 3066 966 aderant,
3138 896 3484 970 gustandam
3561 895 3754 968 dedit;

2049 1004 2253 1047 omnes
2291 988 2654 1046 aﬂirmarunt
2683 989 2887 1046 vinum
2919 1003 3043 1045 esse
3070 986 3376 1060 optimum,
3408 991 3464 1043 et
3495 1002 3632 1044 cum
3661 986 3758 1044 in-

2046 1077 2204 1148 genti
2254 1077 2454 1134 lzetitia
2499 1083 2790 1149 stupuere.
2833 1077 2908 1134 At
2940 1075 3061 1149 ipse
3092 1076 3153 1132 in
3198 1091 3303 1132 sua
3331 1082 3612 1147 praestans
3641 1075 3755 1132 hu-

2051 1165 2312 1234 militate,
2371 1165 2632 1222 divinam
2685 1180 2820 1237 erga
2865 1180 2925 1222 se
2963 1163 3362 1222 liberalitatem
3399 1163 3755 1237 intelligens,

2047 1255 2347 1314 silentium
2393 1254 2688 1325 omnibus,
2739 1255 2840 1328 qui
2882 1270 3005 1312 rem
3055 1259 3356 1322 noverant,
3405 1251 3639 1324 indixit,
3680 1267 3756 1311 ne

2048 1346 2204 1419 quis,
2231 1361 2292 1403 se
2318 1344 2475 1417 vivo,
2503 1345 2775 1418 cuiquam
2801 1344 2861 1402 id
2889 1346 3182 1418 panderet.

2123 1434 2233 1493 Sed
2273 1450 2462 1509 neque
2505 1433 2717 1491 minori
2748 1433 3132 1492 admiratione
3169 1433 3417 1505 dignum
3448 1436 3556 1503 est,
3597 1429 3754 1504 quod

2047 1525 2330 1599 sequitur.
2374 1524 2632 1582 Habebat
2681 1523 2744 1581 B.
2800 1523 3004 1582 Petrus
3045 1524 3385 1597 amphoram
3422 1521 3545 1580 vini
3597 1519 3754 1593 apud

2046 1613 2452 1687 presbyterum
2527 1612 3030 1671 vicinum:venit
3109 1611 3278 1670 turba
3347 1611 3627 1679 militum,
3696 1615 3756 1664 et

245 1706 405 1780 quod
467 1722 541 1765 ex
587 1707 750 1767 illius
793 1725 891 1767 ore
937 1709 1130 1768 mellis
1173 1711 1356 1769 instar
1406 1713 1700 1782 manabat,
1748 1713 2026 1786 pabulo};
2049 1704 2381 1776 presbytero
2425 1710 2616 1778 petere
2656 1703 2863 1762 vinum
2899 1702 3180 1760 instanter
3207 1700 3399 1774 cnspit.
3440 1695 3757 1772 Respondit

247 1792 392 1850 adeo
423 1793 663 1867 quidem
681 1793 891 1864 allecti,
918 1801 1091 1871 atque
1119 1797 1368 1856 demulsi
1392 1804 1533 1857 sunt
1555 1801 1826 1858 monachi
1848 1800 1957 1874 illi,

248 1897 503 1952 quorum
547 1881 756 1957 ingens
802 1884 886 1943 ibi
936 1885 1058 1943 erat
1109 1901 1409 1957 numerus,
1457 1893 1654 1962 utpote
1707 1897 1958 1962 centum,

247 1975 316 2027 ut
343 1985 497 2044 aegre
524 1975 650 2041 post
688 1971 993 2031 biennium
1020 1974 1090 2032 ad
1120 1990 1294 2034 suum
1329 1975 1516 2034 redire
1547 1979 1963 2038 monasterium

245 2057 420 2117 illum
472 2060 627 2133 passi
683 2060 944 2134 fuerint;
1014 2063 1114 2120 sed
1172 2063 1340 2137 jussu
1398 2064 1662 2138 magistri
1721 2066 1816 2124 sui
1870 2082 1963 2125 re-

246 2154 511 2220 vocatus,
565 2165 701 2208 cum
745 2151 1093 2212 obedientize
1143 2153 1504 2214 inviolabilis
1557 2155 1647 2212 illi
1702 2170 1861 2228 cura,
1909 2163 1966 2216 et

245 2238 442 2297 cultus
479 2245 645 2309 esset,
689 2241 872 2299 teneri
901 2242 1054 2300 ultra
1080 2259 1198 2301 non
1236 2243 1440 2316 potuit.
1477 2243 1590 2304 Sed
1626 2244 1800 2318 paulo
1838 2252 1965 2318 post

244 2327 316 2385 ad
374 2326 436 2386 S.
481 2327 773 2388 Vincentii
823 2331 1242 2391 monasterium
1288 2333 1372 2390 ire
1416 2335 1613 2406 jussus
1652 2339 1757 2403 est,
1809 2333 1965 2408 quod

243 2415 487 2489 quidem
539 2416 766 2476 celebre
817 2419 1235 2478 monasterium
1286 2428 1502 2494 quanto
1544 2423 1962 2481 monachorum

245 2507 410 2579 capia
451 2506 816 2581 frequentius
853 2515 976 2567 erat
1005 2516 1061 2568 et
1093 2510 1303 2584 opibus
1341 2512 1590 2586 illustre,
1631 2517 1790 2571 tanto
1832 2529 1962 2572 mo-

246 2596 484 2654 nasticae
519 2597 867 2656 austeritatis
891 2613 958 2655 ac
989 2599 1316 2672 disciplima
1352 2606 1474 2660 erat
1510 2599 1956 2661 admirabilius:

246 2684 350 2742 ubi
388 2699 625 2759 quoque
665 2701 783 2745 non
823 2687 1016 2762 segnis
1053 2688 1117 2747 in
1158 2689 1327 2748 vinea
1367 2689 1601 2749 Domini
1633 2691 1820 2750 cultor
1852 2693 1961 2750 ali-

243 2772 514 2848 quandiu
557 2781 945 2834 commoratus
989 2780 1092 2836 est.
1125 2769 1268 2850 Ejus
1298 2783 1492 2838 autem
1526 2780 1818 2855 magister,
1857 2783 1962 2856 qui

244 2868 405 2920 tanto
454 2862 727 2938 discipuli
773 2866 865 2923 sui
911 2866 1191 2940 profectu,
1248 2882 1472 2927 necnon
1527 2869 1854 2943 prudentia,
1907 2879 1964 2931 et

243 2953 580 3011 admirabili
618 2955 756 3013 vita;
791 2955 957 3014 illius
1001 2956 1329 3030 integritate
1355 2958 1677 3031 laetabatur,
1716 2962 1962 3022 manda-

242 3041 333 3144 vit
365 3040 478 3116 illi,
517 3044 814 3144 .utneremi
841 3047 1308 3120 procurationem
1341 3054 1469 3124 post
1514 3066 1574 3108 se
1620 3051 1956 3126 susciperet.
1981 3083 2026 3144 α

245 3128 557 3190 Βωιιδεινὶι
604 3131 705 3192 ille
758 3139 1042 3208 quantum
1097 3137 1300 3211 potuit,
1351 3154 1416 3198 ac
1465 3138 1778 3200 reluctatus
1831 3146 1950 3202 est:

241 3224 341 3281 sed
382 3229 630 3298 urgente
655 3226 1004 3301 obedientia,
1037 3229 1264 3289 diutius
1293 3231 1570 3290 obsistere
1598 3249 1716 3292 non
1746 3234 1949 3294 valuit.

238 3311 487 3385 Accepta
515 3313 692 3386 igitur
718 3313 830 3374 loci
857 3315 1379 3391 administratione,
1412 3319 1584 3395 coepit
1611 3319 1953 3396 circumspi-

233 3415 362 3460 cere
393 3418 464 3460 ac
496 3401 807 3478 diligenter
833 3407 1190 3482 perquirere,
1233 3407 1336 3468 ubi
1374 3408 1490 3468 alia
1532 3412 1953 3471 monachorum

230 3491 475 3567 collegia
521 3503 911 3572 congregaret,
951 3503 1018 3557 ut
1051 3499 1456 3560 ministrorum
1495 3501 1600 3560 Dei
1636 3518 1952 3562 numerum

231 3588 495 3655 augeret.
528 3583 653 3653 Quo
676 3586 915 3659 quidem
942 3589 1155 3660 studio,
1181 3605 1247 3648 ac
1279 3590 1544 3663 diligenti
1575 3591 1954 3665 vestigatione

236 3674 423 3732 multa
444 3674 693 3736 diversis
715 3677 777 3735 in
798 3678 938 3737 locis
953 3679 1246 3738 eremitica
1270 3681 1618 3739 monasteria
1637 3683 1950 3755 exstruxit,

235 3762 296 3820 in
326 3763 604 3836 Camerti,
637 3767 699 3825 in
726 3768 1030 3841 Perusino,
1063 3769 1168 3829 ubi
1193 3770 1465 3828 cellulam
1494 3769 1743 3842 invenit,
1773 3787 1952 3846 quam

215 3850 600 3912 inhabitasse
629 3853 696 3912 B.
728 3855 1123 3916 Romualdum
1151 3858 1430 3916 ferebant.
1462 3857 1608 3916 Item
1638 3857 1699 3916 in
1729 3859 1952 3917 Arimi-

239 3941 414 3998 nensi
463 3957 622 4015 agro,
677 3961 904 4004 necnon
961 3947 1022 4004 in
1075 3947 1415 4017 Faventino,
1465 3947 1693 4006 duobus
1743 3947 1952 4007 vicinis

238 4027 397 4086 inter
437 4045 499 4088 se
552 4030 729 4102 locis;
777 4032 955 4107 priori
1013 4050 1226 4093 nomen
1273 4034 1385 4094 fuit
1428 4033 1810 4108 Gamunium,
1857 4052 1952 4110 po-

238 4119 472 4177 steriori
503 4136 640 4178 vero
668 4123 926 4182 Acerete.
975 4123 1253 4194 Quamvis
1280 4130 1475 4185 autem
1515 4127 1608 4184 his
1635 4142 1950 4200 procuran-

233 4207 327 4266 dis
386 4213 563 4282 atque
613 4212 882 4283 gerendis
928 4215 1185 4273 maxime
1244 4216 1502 4272 intentus
1555 4220 1723 4287 esset,
1777 4229 1952 4272 suum

233 4303 448 4367 tamen,
481 4299 544 4356 in
569 4301 724 4374 quod
747 4301 1004 4374 primum
1035 4319 1158 4361 sese
1184 4302 1502 4373 addiderat,
1534 4305 1951 4362 monasterium

229 4385 436 4445 crebro
466 4387 709 4459 visebat,
757 4395 813 4448 et
841 4392 1197 4466 prmcipuam
1243 4392 1403 4451 illius
1447 4408 1647 4452 curam
1695 4392 1948 4465 gerebat.

229 4473 487 4533 Caeteros
523 4492 757 4550 quoque
794 4477 988 4536 adibat
1032 4481 1365 4552 monachos,
1406 4486 1462 4538 et
1502 4495 1606 4538 sua
1637 4479 1769 4538 illos
1797 4495 1950 4552 pras-

229 4563 422 4620 sentia
478 4563 807 4637 plurimum
857 4567 1282 4640 consolabatur,
1339 4573 1396 4627 et
1447 4569 1519 4627 ad
1575 4567 1948 4627 serviendum

231 4653 352 4714 Deo
384 4656 646 4731 quotidie
676 4658 860 4732 magis
885 4659 1262 4731 accendebat;
1296 4665 1353 4717 et
1379 4660 1427 4718 si
1459 4659 1690 4733 quando
1720 4659 1804 4718 ire
1827 4674 1947 4718 non

231 4750 476 4816 poterat,
539 4745 809 4817 epistolas
875 4753 975 4806 aut
1031 4749 1270 4806 nuntios
1322 4747 1600 4806 mittebat.
1664 4747 1776 4807 Sed
1829 4762 1948 4806 non

231 4848 480 4890 suorum
528 4835 950 4907 tantummodo,
983 4836 1080 4894 sed
1118 4841 1172 4895 et
1206 4837 1533 4896 alienorum
1562 4851 1793 4910 quoque
1820 4851 1947 4894 mo-

239 4923 656 4995 nasteriorum,
692 4930 966 4998 tanquam
995 4927 1322 4984 communis
1349 4927 1616 4984 omnium
1638 4931 1818 5000 pater,
1845 4941 1947 4983 cu-

236 5028 360 5069 ram
416 5013 667 5086 gerebat,
715 5015 953 5074 studens
999 5016 1230 5075 assidue
1265 5015 1715 5090 quibuscumque
1761 5022 1950 5090 posset

232 5102 449 5171 modis,
480 5103 583 5162 Dei
616 5104 900 5163 honorem
930 5121 1159 5179 augere.

307 5192 443 5250 Non
500 5193 679 5252 debeo
738 5195 972 5254 silentio
1036 5197 1332 5270 praaterire
1399 5197 1618 5257 mirum
1673 5197 1949 5257 testandaa

230 5280 558 5340 sanctitatis
587 5282 747 5342 illius
771 5284 1133 5360 exemplum,
1165 5285 1320 5361 quod
1351 5285 1412 5343 in
1439 5285 1703 5345 coenobio
1732 5286 1950 5345 Faven-

232 5374 380 5443 tino,
427 5373 490 5432 in
532 5373 657 5433 loco
685 5376 780 5434 cui
811 5378 1069 5448 Acerete,
1111 5383 1176 5436 ut
1227 5376 1507 5448 diximus,
1554 5375 1664 5436 fuit
1710 5392 1944 5447 nomen,

227 5463 496 5536 contigit.
531 5463 764 5523 Miserat
793 5481 869 5525 ex
894 5465 1197 5540 discipulis
1225 5482 1436 5538 unum,
1468 5467 1569 5540 qui
1592 5482 1803 5540 aquam
1836 5465 1948 5523 sibi

228 5570 305 5614 ex
348 5554 550 5614 vicino
597 5556 755 5615 fonte
796 5557 1093 5628 hauriret;
1151 5557 1344 5617 attulit
1392 5558 1526 5616 ille:
1555 5556 1655 5615 ubi
1713 5562 1946 5615 sanctus

2050 1791 2150 1851 ille
2197 1807 2258 1850 se
2299 1791 2453 1850 nihil
2491 1792 2637 1864 vini,
2675 1792 2791 1850 nisi
2820 1792 2977 1866 quod
3016 1791 3186 1850 modo
3228 1790 3490 1849 diximus
3517 1788 3752 1856 habere,

2048 1897 2240 1955 neque
2272 1899 2332 1940 se
2358 1882 2573 1941 audere
2603 1883 2923 1957 quidquam
2957 1897 3032 1939 ex
3073 1896 3140 1938 eo
3170 1880 3439 1947 haurire;
3479 1884 3537 1936 at
3569 1876 3753 1935 multo

2046 1973 2232 2045 magis
2277 1972 2363 2030 illi
2399 1973 2709 2047 eﬂlagitare
2751 1987 2889 2030 cum
2916 1971 3069 2030 nihil
3110 1971 3472 2045 proficerent,
3500 1967 3571 2026 ad
3601 1967 3754 2024 hau-

2044 2064 2317 2122 riendum
2373 2064 2486 2138 ipsi
2541 2065 2852 2123 festinant:
2887 2066 2945 2120 at
2989 2061 3132 2120 dum
3182 2061 3241 2118 id
3299 2063 3542 2129 tentant,
3600 2055 3752 2114 nihil

2044 2151 2283 2211 aﬂluere
2343 2153 2568 2224 vident,
2621 2153 3031 2212 miranturzet
3081 2150 3154 2208 de
3203 2148 3409 2208 multis
3451 2147 3751 2222 amphorae

2044 2240 2204 2310 locis,
2231 2258 2306 2300 an
2338 2241 2534 2300 efﬂuat
2556 2243 2960 2315 experiuntur.
3014 2241 3125 2301 Sed
3174 2242 3406 2312 frustra,
3435 2241 3577 2315 quia
3602 2239 3754 2297 nihil

2044 2329 2248 2400 eiﬂuit,
2303 2337 2570 2403 exempto
2618 2332 2855 2390 demum
2897 2331 3054 2390 vasis
3097 2330 3387 2404 operculo,
3441 2329 3751 2402 explorant

2043 2433 2118 2475 an
2163 2419 2301 2477 insit
2347 2420 2582 2492 vinum;
2619 2420 2952 2493 inveniunt,
2983 2421 3084 2478 sed
3117 2419 3273 2493 quod
3312 2433 3432 2475 non
3463 2417 3604 2476 ﬂuat
3635 2420 3751 2474 stu-

2042 2513 2424 2583 pent:quare
2476 2515 2633 2567 tanta
2684 2511 2898 2584 saepius
2950 2511 3247 2567 incassum
3301 2523 3492 2580 opera,
3545 2507 3753 2566 disces-

2044 2610 2189 2653 sere.
2237 2595 2412 2654 Venit
2457 2599 2824 2670 postmodum
2867 2597 3210 2672 peregrinus
3262 2595 3524 2669 quidam,
3569 2602 3627 2654 et
3679 2593 3754 2652 ab

2044 2684 2246 2742 eodem
2274 2686 2609 2758 presbytero
2638 2687 2864 2760 petebat
2893 2694 3095 2759 potum
3121 2707 3134 2757 ;
3178 2686 3477 2745 recusabat
3506 2685 3624 2756 ille,
3659 2701 3751 2743 re-

2041 2781 2244 2847 petens
2297 2790 2433 2850 quae
2476 2774 2761 2835 militibus
2802 2776 3048 2849 dixerat,
3094 2783 3151 2835 et
3195 2776 3336 2851 quid
3375 2776 3496 2835 illis
3538 2775 3752 2850 eiﬂagi-

2044 2866 2300 2925 tantibus
2327 2867 2629 2926 acciderat.
2660 2867 2771 2927 Sed
2801 2883 2918 2927 non
2950 2868 3162 2927 idcirco
3191 2884 3391 2942 rogare
3415 2867 3746 2940 desistebat,

2042 2969 2291 3029 arguens
2345 2955 2604 3015 militum
2647 2956 3163 3031 importunitatem,
3228 2972 3294 3014 ac
3340 2955 3746 3030 petulantiam,

2042 3061 2104 3104 se
2145 3044 2448 3104 humiliter
2486 3044 2547 3102 in
2587 3045 2704 3117 siti,
2735 3061 2852 3121 qua
2881 3051 3092 3119 praeter
3135 3045 3375 3104 modum
3423 3050 3747 3118 urgeretur,

2040 3150 2290 3208 poscere.
2337 3132 2422 3191 Ne
2458 3134 2704 3208 longum
2735 3135 2978 3206 faciam;
3025 3133 3213 3192 victus
3254 3132 3551 3207 presbyter
3586 3132 3750 3191 illius

2037 3224 2304 3300 precibus
2343 3238 2682 3298 quanquam
2711 3224 2912 3282 timide
2946 3222 3260 3283 admodum
3291 3229 3520 3281 tentare
3565 3236 3748 3282 ausus

2038 3321 2125 3373 est
2172 3332 2248 3373 an
2285 3315 2517 3374 haurire
2547 3321 2776 3390 posset;
2831 3315 2929 3375 sed
2982 3330 3225 3374 manum
3256 3314 3532 3373 tentantis
3561 3313 3744 3372 conti-

2038 3422 2158 3466 nuo
2207 3411 2470 3466 secutum
2501 3411 2585 3464 est
2613 3405 2842 3465 vinum.
2871 3404 3027 3464 Bibit
3059 3403 3416 3478 peregrinus,
3453 3409 3510 3462 et
3533 3403 3654 3462 Deo
3680 3419 3746 3462 ac

2036 3495 2387 3570 presbytero,
2408 3493 2808 3554 admirationis
2832 3494 3061 3568 plenus,
3086 3492 3299 3566 gratias
3321 3491 3456 3564 egit.

2107 3580 2212 3638 Die
2260 3581 2375 3639 alio
2419 3588 2772 3655 ccenaturus,
2824 3583 3068 3642 unicum
3121 3580 3366 3640 habebat
3410 3595 3642 3653 panem,
3689 3587 3744 3638 et

2035 3684 2341 3744 convivam
2367 3672 2592 3740 unum;
2621 3692 2727 3736 nec
2772 3675 2956 3746 aliud,
3013 3675 3130 3733 nisi
3182 3674 3358 3743 olera,
3406 3671 3738 3730 obsonium.

2037 3776 2224 3850 Igitur
2270 3773 2526 3833 oleribus
2576 3768 2699 3842 ipse
2746 3766 2900 3825 vesci
2944 3763 3166 3833 voluit;
3220 3778 3429 3838 panem
3476 3761 3741 3850 conviva:

2035 3849 2262 3933 obtulit,
2315 3861 2576 3918 hortatus
2626 3861 2692 3915 ut
2739 3868 3048 3928 pauperem
3094 3867 3320 3910 coenam
3354 3865 3524 3923 aequo
3571 3849 3744 3907 ferret

2035 3954 2254 4024 animo,
2301 3950 2613 4010 crastinam
2659 3945 2970 4003 habiturus
3015 3941 3332 4016 opiparam.
3393 3941 3508 3999 Nec
3559 3940 3740 3999 falsus

2034 4043 2144 4101 fuit
2182 4046 2358 4099 vates.
2406 4037 2553 4095 Nam
2594 4034 2687 4093 die
2727 4033 2829 4108 qui
2872 4037 3104 4090 secutus
3134 4037 3242 4102 est,
3283 4035 3439 4087 tanta
3475 4028 3738 4087 ciborum

2033 4135 2204 4194 allata
2258 4138 2342 4190 est
2390 4129 2572 4204 copia,
2634 4132 2700 4186 ut
2755 4127 2817 4183 in
2873 4123 2996 4183 dies
3046 4121 3311 4182 suﬂicere
3362 4119 3578 4180 multos
3634 4136 3741 4194 po-

2035 4221 2272 4281 tuerint.

2108 4311 2211 4368 Vir
2241 4307 2482 4383 quidam
2515 4306 2731 4366 nobilis
2759 4321 2825 4364 ac
2850 4303 3012 4363 dives
3045 4303 3202 4363 festis
3230 4301 3591 4360 solemnibus
3617 4301 3742 4360 vim

2035 4414 2311 4474 magnam
2381 4396 2628 4472 piscium
2686 4394 2910 4452 mittere
2963 4391 3201 4451 solebat.
3264 4391 3479 4449 Aderat
3534 4389 3745 4448 natalis

2039 4488 2251 4547 Christi
2305 4485 2716 4545 celeberrimus
2762 4483 2905 4553 dies,
2957 4497 3061 4539 nec
3109 4480 3377 4539 invenire
3423 4477 3743 4552 quidquam

2039 4577 2287 4651 piscium
2338 4581 2642 4648 potuerat;
2688 4571 3005 4643 angebatur
3049 4569 3264 4638 animo,
3313 4583 3419 4625 nec
3449 4566 3744 4642 quiescere

2040 4673 2294 4742 poterat;
2346 4671 2508 4723 nocte
2557 4679 2803 4735 magnus
2853 4661 2941 4719 illi
2987 4659 3160 4734 piscis
3197 4659 3406 4717 allatus
3437 4655 3742 4715 estzillius

2039 4755 2197 4816 enim
2245 4753 2528 4813 desiderio
2556 4753 2708 4812 Deus
2740 4751 2930 4809 aﬂ‘uit.
2974 4749 3177 4808 Statim
3215 4748 3393 4822 igitur
3435 4761 3670 4805 servum
3711 4761 3743 4804 e

2038 4846 2161 4904 suis
2197 4859 2382 4902 unum
2414 4842 2481 4900 ad
2525 4847 2785 4899 sanctum
2814 4839 3008 4898 virum
3053 4852 3190 4896 cum
3231 4837 3384 4910 pisce
3419 4836 3594 4910 jussit
3633 4835 3740 4894 ire.

2041 4933 2404 4991 Nocturnum
2434 4935 2556 4987 erat
2583 4937 2829 4999 tempus,
2862 4933 2917 4983 et
2956 4924 3285 4983 hebetatum
3316 4922 3575 4982 nubibus
3606 4923 3742 4981 stel-

2039 5020 2230 5078 larum
2262 5019 2459 5078 lumen
2488 5017 2641 5074 viam
2674 5015 2857 5074 multo
2885 5013 3272 5072 difﬁciliorem
3305 5011 3625 5084 efﬁciebat;
3665 5019 3742 5083 et,

2037 5110 2193 5185 quod
2244 5109 2375 5166 aliis
2426 5106 2810 5166 incommodis
2865 5103 3186 5172 accedebat,
3241 5100 3568 5172 superanda
3622 5107 3746 5159 erat

2036 5198 2274 5275 prmalta
2322 5214 2529 5271 rupes;
2581 5197 2750 5269 cujus
2793 5209 2929 5252 cum
2962 5193 3084 5265 jam
3133 5187 3582 5247 transcendisset
3622 5205 3747 5263 par-

2041 5297 2175 5359 tem,
2221 5303 2321 5359 per
2373 5286 2665 5343 lubricum
2705 5281 2975 5356 gradiens
3010 5279 3134 5349 iter,
3181 5295 3247 5337 ac
3293 5280 3480 5352 potius
3512 5294 3740 5352 repens,

2037 5379 2099 5436 in
2137 5373 2486 5449 profundam
2523 5370 2732 5430 decidit
2763 5368 2993 5442 vallem,
3036 5374 3098 5427 ut
3132 5369 3501 5428 membratim
3540 5369 3742 5428 divelli

2036 5461 2338 5534 debuerit;
2377 5468 2624 5520 attamen
2667 5457 2846 5517 sancti
2886 5457 2998 5517 viri
3036 5457 3259 5517 meritis
3293 5459 3504 5518 factum
3532 5463 3639 5531 est,
3678 5464 3744 5517 ut

2036 5554 2107 5612 ad
2136 5567 2272 5612 eum
2294 5567 2428 5612 cum
2457 5551 2610 5625 pisce
2634 5548 2943 5609 incolumis
2973 5549 3236 5610 evaserit.
