4078 6202
275 268 368 329 151

1184 266 1242 323 S.
1288 261 1577 324 PETRUS
1616 259 2011 321 DAMIANUS
2052 262 2112 323 S.
2154 263 2225 325 Β.
2267 266 2337 325 Ε.
2377 265 2857 332 CARDINALIS.

3670 277 3773 339 152

344 394 537 453 Unum
579 410 654 453 ex
690 395 995 468 discipulis
1030 393 1153 453 suis
1190 393 1255 452 B.
1296 391 1497 449 Petrus
1546 391 1614 448 ad
1669 389 2043 462 quemdamA
2065 409 2296 467 gregem
2328 410 2527 455 curam
2565 398 2881 471 intendere,
2925 399 3144 473 crebris
3182 400 3679 464 adhortationibus
3713 413 3772 465 et

270 484 536 542 abbatem
565 483 835 555 miserat;
867 483 1159 557 profectus
1182 488 1268 539 est
1293 478 1413 550 ille,
1446 478 1546 537 sed
1577 493 1695 537 non
1726 478 1980 552 invenit;

273 571 578 647 requisivit
603 570 931 645 diligenter,
972 587 1045 629 an
1076 568 1343 628 invenire
1376 572 1587 640 posset,
1617 581 1734 624 non
1766 568 1977 641 potuit;

271 667 327 720 et
348 662 468 735 jam
494 661 894 735 praescriptum
925 660 1035 718 sibi
1072 667 1300 732 tempus
1335 656 1407 713 ad
1442 655 1689 714 reditum
1713 655 1981 714 elabeba-

274 758 400 820 tur;
435 749 855 823 correptionem
888 757 1174 817 metuens,
1212 744 1459 818 arripuit
1488 744 1595 803 iter
1620 744 1983 816 intempesta)

275 838 460 897 noctis
496 837 765 907 silentio;
810 852 1062 910 cumque
1099 833 1405 910 paululum
1450 830 1835 905 processisset,
1886 847 1982 891 co-

277 941 397 986 mes
435 932 489 985 et
529 926 652 985 dux
698 924 923 984 itineris
949 940 1084 983 eum
1120 922 1393 992 deseruit,
1425 927 1482 978 et
1521 920 1772 979 tenebrae
1802 920 1986 979 noctis

274 1021 438 1075 erant
492 1014 813 1073 denszezet
866 1014 975 1071 iter
1031 1009 1372 1085 ignorabat;
1406 1008 1586 1068 tristis
1639 1015 1693 1067 et
1752 1024 1983 1082 anceps,

275 1103 415 1179 quid
471 1108 665 1174 ageret
717 1103 1055 1178 ignorabat;
1093 1117 1197 1159 nec
1244 1099 1531 1174 progredi,
1593 1114 1701 1157 nec
1730 1105 1987 1173 ‘retroce-

276 1197 431 1262 dere,
476 1197 525 1254 si
564 1196 757 1263 vellet,
806 1196 961 1254 viam
1009 1202 1267 1254 noverat.
1318 1192 1504 1266 Igitur
1556 1208 1754 1267 rogare
1802 1193 1982 1252 Deum

274 1286 466 1361 cmpit,
500 1303 572 1345 ne
605 1286 715 1345 sibi
743 1287 1000 1355 deesset;
1030 1300 1283 1359 cumque
1306 1283 1677 1357 progrediens
1705 1283 1984 1357 paulatim

274 1376 345 1435 ad
399 1375 626 1435 bivium
699 1376 1075 1448 pervenisset,
1136 1373 1485 1447 ambigebat,
1546 1388 1801 1446 quonam
1880 1372 1989 1431 iter

274 1480 447 1524 suum
501 1462 815 1537 dirigeret:
845 1463 1145 1535 ingressus
1191 1462 1429 1520 demum
1476 1476 1550 1519 ex
1593 1459 1824 1519 duabus
1877 1459 1988 1518 viis

274 1554 533 1623 alteram,
590 1567 723 1610 cum
775 1551 1078 1625 paululum
1115 1551 1502 1625 processisset,
1547 1549 1719 1623 coepit
1748 1550 1988 1623 jumen-

276 1648 401 1701 tum
430 1640 584 1699 nolle
609 1640 897 1715 progredi,
928 1656 1033 1699 nec
1070 1639 1327 1700 stimulis
1363 1639 1488 1712 cogi
1520 1644 1584 1696 ut
1615 1637 1988 1712 progredere-

2061 481 2549 544 declamationum
2598 487 2927 562 frequentia
2963 488 3026 547 in
3068 490 3226 550 viam
3263 490 3514 562 dirigere
3549 492 3769 565 salutis,

2060 575 2118 627 et
2147 571 2204 629 in
2241 588 2305 631 ea
2337 574 2667 635 continere:
2695 581 2751 635 et
2794 577 2944 637 miro
2975 578 3219 652 cupiens
3249 577 3537 638 desiderio
3563 594 3770 640 omnes

2064 659 2181 717 Deo
2224 660 2582 734 lucrifacere,
2621 664 2854 724 nullum
2883 666 3131 726 habebat
3159 681 3536 740 personarum
3566 668 3773 729 discri-

2063 766 2219 822 men,
2250 759 2305 810 et
2333 755 2557 813 cunctis
2583 755 2873 814 amabilis.
2907 755 3017 816 Sed
3047 757 3303 817 vicissim
3344 757 3491 817 mira
3525 758 3590 818 in
3637 776 3775 821 eum

2066 842 2264 915 populi
2305 846 2645 917 reverentia,
2687 844 2875 905 mirus
2910 862 3094 918 amor,
3134 854 3191 906 et
3227 847 3613 907 observantia.
3646 851 3776 910 Au-

2064 928 2330 989 diebatur
2371 938 2568 991 autem
2606 939 2763 993 tanta
2808 949 2944 994 cum
2991 934 3306 995 attentione
3343 952 3409 995 ac
3456 936 3774 1013 voluptate,

2066 1033 2291 1077 necnon
2325 1019 2724 1094 admiratione,
2765 1029 2833 1082 ut
2869 1039 3027 1083 unus
3056 1024 3241 1083 videri
3269 1030 3459 1099 posset
3499 1026 3645 1086 omlo
3673 1028 3775 1086 de-

2066 1107 2280 1167 missus
2299 1111 2614 1184 apostolus.
2640 1110 2803 1182 Quod
2826 1112 3025 1172 mirari
3050 1114 3295 1173 minime
3322 1120 3563 1190 oportet.
3593 1116 3777 1177 Tanta

2066 1204 2187 1256 erat
2236 1199 2389 1257 enim
2446 1201 2557 1258 viri
2603 1207 2849 1275 spectata
2890 1202 3167 1261 omnibus
3214 1204 3351 1262 vita:
3388 1205 3680 1278 sanctitas,
3720 1214 3778 1265 et

2067 1301 2295 1345 morum
2328 1288 2643 1363 integritas,
2678 1296 2732 1349 et
2762 1291 2822 1350 in
2854 1291 3022 1350 dictis
3047 1291 3325 1366 factisque
3352 1294 3629 1354 omnibus
3652 1312 3780 1369 gra-

2068 1376 2234 1447 vitas,
2273 1384 2336 1437 ut
2368 1380 2701 1438 maximum
2747 1380 2977 1454 pondus
3016 1381 3231 1439 inesset
3265 1381 3480 1455 verbis,
3519 1389 3578 1443 et
3614 1387 3778 1445 omni

2070 1466 2246 1525 melle
2268 1466 2494 1527 dulcior
2520 1484 2597 1527 ex
2628 1468 2797 1528 illius
2820 1484 2918 1528 ore
2947 1475 3204 1529 manaret
3223 1471 3424 1530 oratio.
3452 1472 3579 1531 Hoc
3603 1474 3777 1533 etiam

2070 1554 2375 1629 luculenti,
2406 1556 2513 1631 qui
2536 1563 2788 1627 exstant,
2819 1574 3115 1619 sermones
3143 1564 3445 1620 testantur.
3478 1560 3669 1631 Quare
3694 1579 3779 1621 sa-

2071 1641 2427 1716 luberrimae,
2484 1660 2551 1703 ac
2606 1645 3045 1705 facundissimae
3099 1646 3263 1706 illius
3332 1648 3780 1710 declamationes

276 1741 388 1804 tur,
419 1739 636 1807 poterat
662 1752 677 1803 ;
710 1733 811 1790 tali
838 1732 1024 1790 victus
1056 1730 1391 1806 pertinacia,
1421 1729 1511 1788 illi
1536 1730 1793 1788 habenas
1820 1728 1989 1787 remi-
2012 1741 2374 1807 Bnunquam
2406 1734 2549 1793 adeo
2581 1734 2771 1807 longae
2811 1734 3245 1808 contingebant,
3280 1736 3424 1810 quin
3458 1738 3772 1796 advenien-

274 1823 368 1895 sit,
381 1828 436 1879 et
450 1837 568 1896 quo
585 1820 759 1880 vellet
774 1821 879 1891 ire,
894 1821 1173 1895 permisit.
1192 1819 1459 1893 Cumque
1471 1819 1591 1893 jam
1608 1817 1987 1890 illucesceret,

269 1928 338 1972 ac
366 1912 847 1986 circumspiceret,
880 1911 1026 1970 vidit
1054 1927 1115 1970 se
1142 1911 1213 1969 ad
1244 1911 1365 1969 loca
1395 1916 1726 1985 pervectum
1754 1914 1907 1979 nota,
1934 1916 1990 1968 et

277 2002 519 2061 mirifice
563 2002 792 2060 laetatus
838 2006 963 2073 est;
1016 2007 1074 2059 et
1118 2000 1255 2072 Deo,
1311 2015 1459 2075 quas
1515 1999 1726 2070 decuit,
1778 1998 1991 2072 gratias

273 2091 427 2163 egit:
455 2106 562 2149 nec
585 2090 894 2160 dubitavit,
930 2106 993 2149 se
1024 2090 1283 2163 magistri
1321 2089 1413 2148 sui
1462 2087 1702 2160 meritis,
1740 2103 1855 2163 quo
1884 2103 1989 2146 cu-

272 2180 468 2256 piebat
490 2197 616 2239 esse
633 2186 985 2253 pervectum.

345 2270 546 2328 Alium
586 2271 795 2329 deinde
840 2270 1116 2329 nuntium
1167 2272 1240 2330 ad
1292 2269 1609 2345 quemdam
1655 2269 1990 2341 episcopum

278 2358 557 2418 mittebat.
590 2359 646 2417 Is
672 2359 743 2417 ad
773 2359 967 2418 rivum
995 2359 1278 2433 pervenit.
1303 2358 1361 2416 in
1388 2374 1505 2432 quo
1530 2358 1724 2416 brevis
1752 2356 1987 2432 quidem

281 2455 402 2507 erat
441 2464 620 2522 aqua;
655 2448 753 2508 sed
788 2450 937 2505 circa
972 2446 1305 2506 ulteriorem
1347 2447 1531 2520 ripam
1570 2447 1757 2504 altum
1804 2445 1992 2504 inerat

275 2552 531 2599 omnum.
570 2541 628 2595 et
662 2536 805 2594 adeo
847 2541 1041 2604 tenax,
1082 2541 1146 2593 ut
1182 2534 1348 2592 nullo
1384 2541 1596 2593 conatu
1634 2534 1771 2592 inde
1802 2540 1990 2608 posset

277 2640 467 2699 equus
494 2623 668 2697 pedes
699 2624 961 2683 educere.
1006 2623 1150 2681 Cum
1189 2620 1353 2681 nulla
1388 2622 1666 2681 evadendi
1701 2623 1815 2680 alia
1842 2621 1988 2681 ratio

279 2720 713 2783 monstraretur,
756 2719 1022 2790 precatus
1072 2720 1158 2771 est
1205 2712 1415 2780 Deum,
1458 2720 1527 2772 ut
1567 2713 1789 2772 meritis
1841 2713 1987 2785 ejus,

275 2822 310 2862 a
367 2820 482 2877 quo
528 2804 882 2872 mittebatur,
938 2801 1049 2860 sibi
1105 2801 1333 2860 auxilio
1385 2809 1554 2872 esset,
1622 2808 1690 2859 ut
1735 2808 1988 2874 emptum

276 2898 383 2954 iter
435 2894 707 2968 prosequi
763 2899 966 2968 posset.
1025 2890 1141 2949 Vix
1200 2892 1379 2949 tinem
1438 2890 1707 2965 precibus
1756 2892 1984 2971 fecerat,

274 2984 508 3060 quando
535 2998 723 3057 equus
751 2982 901 3043 saltu
931 2981 990 3040 in
1023 2982 1245 3040 siccum
1274 2980 1531 3040 exsiluit.

2071 1822 2227 1881 tibus
2281 1822 2639 1882 brevissima:
2696 1822 3050 1891 viderentur,
3106 1831 3164 1881 et
3230 1824 3381 1882 nihil
3434 1826 3663 1884 avidius
3723 1833 3782 1885 et

2070 1912 2348 1971 attentius
2385 1909 2577 1970 audiri
2609 1917 2819 1984 posset.
2862 1910 3075 1971 Nullus
3118 1910 3289 1970 illum
3329 1912 3646 1971 delassabat
3694 1915 3780 1973 la-

2069 2001 2194 2060 bor.
2228 2000 2549 2060 Habiturus
2578 2000 2649 2058 ad
2686 1999 2969 2074 populum
2996 2016 3343 2073 sermonem,
3378 2007 3601 2061 noctem
3632 2019 3780 2077 pene

2069 2089 2312 2148 ducebat
2340 2088 2707 2147 insomnem:
2736 2104 2842 2147 nec
2869 2088 2979 2148 sibi
3007 2089 3301 2164 parcebat;
3336 2105 3471 2149 cum
3508 2106 3780 2164 saepenu-

2070 2194 2228 2237 mero
2267 2178 2424 2237 febre
2463 2178 2767 2250 laboraret,
2806 2179 2927 2238 imo
2964 2179 3252 2239 robustior
3285 2187 3424 2239 tunc
3452 2180 3777 2253 videbatur,

2068 2274 2243 2342 atque
2274 2267 2601 2327 facundior.

2141 2358 2307 2417 Diem
2345 2359 2663 2417 Dominicze
2695 2360 2979 2433 passionis
3022 2360 3413 2421 venerabilem
3461 2364 3780 2423 admodum

2068 2465 2135 2508 ac
2159 2449 2385 2523 jejunio
2412 2450 2720 2509 colendum
2750 2450 2812 2508 in
2845 2456 2958 2512 tota
2993 2454 3293 2525 provincia
3330 2454 3593 2513 reddidit.
3630 2455 3782 2515 Nec-

2072 2554 2187 2597 non
2224 2539 2518 2597 borarium
2549 2538 2615 2597 B.
2660 2537 2917 2613 Virginis
2952 2540 3232 2615 ofﬁcium,
3265 2549 3321 2601 et
3359 2544 3665 2604 canonicos
3693 2545 3780 2602 ri—

2071 2636 2185 2701 tus,
2231 2645 2485 2704 quorum
2521 2630 2839 2690 desuetudo
2869 2633 3148 2706 paulatim
3183 2632 3507 2708 irrepserat,
3547 2636 3619 2694 ad
3656 2636 3780 2709 pri-

2069 2721 2281 2778 stinam
2333 2720 2763 2780 observantiam
2812 2722 3083 2782 restituit.
3134 2724 3221 2782 Ad
3271 2724 3585 2784 tollendam
3641 2742 3782 2785 vero

2067 2811 2443 2870 simoniacam
2496 2812 2707 2883 labem,
2743 2819 2799 2871 et
2847 2812 3260 2872 Nicolaitarum
3312 2815 3603 2885 haeresim,
3643 2831 3782 2890 qua;

2067 2915 2185 2959 non
2218 2900 2332 2958 alia
2366 2901 2508 2972 loca,
2542 2899 2641 2960 sed
2667 2907 2724 2958 et
2751 2901 2935 2975 ipsam
2972 2901 3296 2962 Romanam
3332 2905 3537 2963 urbem
3572 2905 3655 2963 sic
3684 2905 3780 2962 in-

2071 2988 2298 3061 fecerat,
2329 2997 2395 3048 ut
2426 2990 2527 3049 vix
2557 2990 2658 3065 qui
2686 2992 3131 3065 reprehenderet
3154 2992 3315 3051 ullus
3344 3000 3614 3063 exstaret,
3645 2992 3780 3066 plu-

346 3074 565 3134 Verum
599 3088 733 3132 cum
768 3074 889 3147 jam
931 3072 1075 3130 tanti
1120 3073 1231 3130 viri
1274 3072 1446 3142 fama,
1493 3078 1548 3129 et
1590 3071 1984 3146 prodigiorum
2008 3077 2286 3161 Crimum
2314 3076 2597 3136 laboravit
2623 3085 2794 3153 atque
2828 3080 3085 3153 profecit.
3125 3080 3211 3140 0b
3239 3096 3335 3140 eas
3364 3087 3547 3154 pestes
3572 3096 3605 3138 a
3633 3095 3784 3153 pon-

277 3164 613 3238 magnitudo
658 3162 1101 3232 diffunderetur,
1141 3169 1196 3221 et
1237 3161 1553 3220 sanctitatis
1591 3161 1755 3220 illius
1789 3162 1988 3236 opinio

275 3251 537 3328 quotidie
575 3250 761 3325 magis
796 3257 1094 3319 cresceret,
1136 3250 1466 3322 Stephanus
1498 3264 1690 3309 nonus
1728 3250 1987 3324 pontifex

277 3341 574 3401 maximus
612 3341 682 3400 ad
722 3357 783 3399 se
822 3341 991 3401 illum
1035 3340 1279 3412 vocavit,
1321 3347 1618 3412 ratusque,
1654 3339 1807 3416 quod
1843 3347 1985 3411 erat,

277 3431 443 3490 talem
488 3432 683 3490 virum
727 3432 788 3490 in
836 3431 1092 3489 Ecclesia
1133 3430 1233 3489 Dei
1277 3430 1446 3488 valde
1479 3429 1890 3493 necessarium.
1933 3437 1989 3488 et

276 3535 554 3592 magnum
589 3521 788 3580 lumen
821 3521 1105 3590 futurum,
1130 3519 1260 3579 aliis
1285 3518 1488 3578 multis
1518 3518 1800 3593 episcopis
1832 3518 1987 3578 idem

273 3612 678 3685 sentientibus,
732 3618 789 3670 ct
842 3612 1227 3684 hortantibus,
1272 3627 1406 3672 eum
1454 3611 1789 3686 episcopum
1832 3612 1982 3682 fecit,

276 3702 653 3761 reluctantem
707 3719 772 3761 ac
831 3718 1065 3776 prorsus
1121 3709 1479 3762 renuentem.
1538 3701 1780 3760 Videbat
1828 3702 1989 3760 enim

276 3808 339 3849 se
367 3791 644 3849 solitaria}
670 3791 905 3865 quietis,
939 3793 998 3849 in
1034 3808 1151 3867 qua
1185 3792 1352 3851 modo
1386 3791 1606 3850 divina:
1631 3790 1987 3864 contempla-

277 3877 441 3943 tioni,
508 3877 681 3936 modo
750 3894 927 3936 sacra}
999 3880 1228 3939 lectioni
1278 3887 1335 3939 et
1384 3879 1517 3938 aliis
1591 3879 1991 3953 spiritualibus

277 3967 572 4027 exercitiis
603 3967 821 4042 jugiter
860 3968 1114 4039 vacabat,
1158 3970 1441 4028 suavitate
1487 3969 1726 4042 privari,
1776 3975 1832 4027 et
1880 3970 1990 4028 ite-

278 4073 412 4116 rum
439 4056 511 4115 ad
539 4055 773 4115 civilem
802 4057 1105 4130 strepitum
1133 4055 1345 4116 vocari.
1379 4056 1490 4116 Sed
1519 4072 1654 4116 cum
1685 4073 1790 4116 nec
1818 4065 1991 4117 caete—

281 4162 482 4206 rorum
521 4146 839 4220 praesulum
881 4147 1329 4217 adhortationes,
1375 4164 1477 4205 nec
1513 4149 1989 4207 excommunica-

282 4236 459 4297 tionis
488 4236 665 4295 minae
690 4236 1009 4311 quidquam
1045 4236 1401 4309 proﬁcerent,
1438 4236 1675 4295 demum
1706 4237 1989 4310 pontifex,

282 4327 387 4399 qui
428 4326 594 4385 nullo
638 4332 799 4400 pacto
842 4326 1146 4385 inventum
1191 4326 1531 4385 thesaurum
1581 4326 1989 4386 dimittendum

283 4413 534 4488 putabat,
575 4412 919 4472 obedientite
956 4412 1201 4486 imperio
1240 4412 1297 4471 in
1340 4429 1507 4472 suam
1545 4412 1716 4471 illum
1758 4420 1986 4472 senten-

286 4505 425 4563 tiam
455 4503 631 4562 traxit
660 4509 753 4561 :et
778 4508 1002 4576 arrepta
1034 4502 1192 4562 illius
1223 4518 1422 4573 manu,
1449 4503 1691 4575 annulo,
1723 4511 1779 4562 et
1804 4506 1989 4579 virga,

285 4612 419 4672 quae
468 4594 766 4669 dignitatis
817 4602 1005 4653 essent
1057 4594 1399 4671 episcopalis
1469 4594 1655 4654 veluti
1730 4597 1991 4670 pignora,

286 4685 610 4762 insignivit,
643 4696 697 4744 et
728 4684 976 4745 Ostiensi
1012 4684 1282 4744 Ecclesiae
1313 4685 1583 4758 praefecit.
1620 4686 1704 4744 Ita
1732 4686 1989 4760 quidem,

286 4785 353 4838 ut
393 4778 516 4852 ipse
553 4784 745 4851 postea
782 4775 972 4835 dicere
1015 4776 1248 4844 solebat,
1296 4774 1671 4849 adimpletum
1712 4783 1797 4834 est
1838 4777 1993 4851 quod

287 4877 419 4925 ante
447 4866 767 4926 triennium
794 4866 851 4923 in
889 4867 1111 4924 somnis
1140 4865 1381 4923 viderat.
1414 4862 1659 4923 Putabat
1688 4865 1845 4924 enim
1874 4867 1992 4924 cla-

288 4956 576 5012 rissimam
618 4954 730 5013 sibi
774 4969 1039 5027 sponsam
1084 4952 1279 5022 locari,
1322 4968 1498 5027 quam
1554 4968 1657 5011 nec
1705 4953 1995 5013 dimittere

289 5043 399 5101 sibi
425 5044 766 5116 copulatam,
803 5057 907 5099 nec
934 5041 1180 5099 libenter
1212 5047 1399 5114 posset
1420 5040 1692 5114 aspicere.
1729 5041 1993 5100 Humili-

290 5138 374 5187 ter
426 5128 602 5200 igitur
656 5129 818 5200 gravi
872 5130 1143 5197 nimium,
1200 5134 1265 5186 ut
1322 5127 1575 5202 putabat,
1640 5129 1781 5202 jugo
1846 5128 1995 5187 colla

290 5215 569 5291 subjecit:
594 5223 649 5273 et
708 5232 1047 5293 quanquam
1112 5217 1396 5290 jacturam
1434 5231 1494 5273 se
1530 5224 1819 5275 consueta:
1853 5232 1994 5274 con-

291 5306 683 5380 templationis
738 5322 1007 5381 magnam
1053 5309 1237 5368 facere
1290 5306 1697 5377 arbitrabatur,
1742 5314 1995 5367 attamen

292 5395 715 5471 prreteritorum
764 5393 1062 5468 dispendia
1117 5395 1293 5456 lucris
1333 5411 1557 5465 corum,
1614 5410 1749 5470 qua}
1802 5405 1998 5455 secuta

289 5491 471 5555 erant,
501 5481 922 5558 compensabat.

362 5574 551 5650 Coepit
586 5589 721 5649 ergo
767 5588 995 5633 summa
1024 5574 1328 5648 vigilantia
1365 5576 1425 5636 in
1470 5578 1847 5637 commissum
1885 5577 1996 5653 sibi

2076 3166 2228 3225 tiﬁce
2281 3167 2542 3225 maximo
2614 3167 2789 3226 etiam
2851 3167 3245 3227 Mediolanum
3285 3170 3519 3240 missus,
3559 3167 3661 3228 ubi
3698 3169 3787 3225 sic

2073 3256 2307 3328 quidem
2349 3255 2730 3328 inoleverant,
2770 3263 2835 3315 ut
2877 3272 2994 3315 non
3032 3257 3160 3314 sine
3201 3257 3424 3330 ingenti
3464 3257 3678 3326 labore,
3713 3272 3790 3314 ac

2074 3359 2286 3418 magno
2324 3344 2461 3403 vitae
2499 3344 2834 3403 discrimine
2868 3344 3064 3402 tollere
3099 3344 3229 3403 illas
3265 3344 3585 3403 tentaverit.
3619 3344 3791 3402 Adeo

2073 3433 2231 3491 enim
2274 3435 2334 3491 in
2376 3435 2703 3508 pontiﬁcem
2744 3433 3074 3493 Romanum
3110 3434 3266 3504 elati,
3306 3442 3362 3492 et
3409 3442 3791 3493 contumaces

2075 3522 2207 3581 facti
2228 3531 2393 3582 erant
2423 3522 2901 3593 Mediolanenses,
2934 3530 3000 3582 ut
3023 3532 3222 3582 exorta
3250 3522 3471 3597 ingenti
3499 3529 3790 3581 concerta-

2076 3612 2230 3672 tione
2274 3614 2472 3688 populi
2502 3620 2555 3672 et
2584 3613 2723 3672 cleri
2760 3612 3160 3682 clamantium,
3206 3613 3678 3687 indignissimam
3725 3619 3790 3671 et

2076 3705 2318 3763 minime
2348 3704 2703 3762 tolerandam
2724 3719 2842 3762 rem
2866 3703 3081 3775 aﬂ’erri,
3107 3703 3556 3761 Ambrosianam
3584 3702 3786 3761 Eccle-

2073 3795 2215 3851 siam
2251 3810 2355 3852 nec
2387 3794 2566 3852 fuisse
2597 3800 2782 3860 antea,
2816 3808 2924 3850 nec
2960 3791 3169 3850 debere
3204 3791 3474 3866 deinceps
3508 3790 3783 3850 Ecclesia:

2073 3881 2351 3941 Romanae
2378 3880 2694 3955 subjectam
2725 3896 2849 3938 esse
2875 3899 2887 3936 :
2913 3886 3147 3938 sanctus
3178 3886 3372 3938 autem
3401 3879 3511 3949 vir,
3545 3878 3784 3937 collecto

2074 3970 2135 4029 in
2163 3968 2462 4040 ecclesiam
2496 3967 2730 4041 populo,
2773 3973 2828 4024 et
2871 3966 3088 4025 indicto
3116 3966 3366 4036 silentio,
3414 3966 3787 4025 evidentissi-

2074 4060 2186 4118 mis
2217 4058 2559 4127 rationibus,
2608 4063 2664 4115 et
2710 4072 2886 4115 sacra:
2920 4055 3235 4130 Scriptura:
3263 4055 3785 4128 testificationibus,

2073 4156 2130 4207 et
2172 4146 2629 4215 auctoritatibus,
2681 4145 2899 4219 quibus
2945 4147 3071 4219 ejus
3116 4146 3387 4204 facundia
3434 4148 3556 4203 vim
3593 4145 3791 4203 adhuc

2076 4239 2349 4313 majorem
2397 4236 2659 4307 addebat,
2691 4235 2934 4310 planum
2971 4238 3249 4297 omnibus
3279 4239 3429 4309 fecit,
3461 4238 3788 4296 Romanam

2075 4327 2387 4386 Ecclesiam
2423 4326 2688 4385 omnium
2738 4325 3126 4385 Ecclesiarum
3154 4327 3477 4400 principem
3526 4331 3583 4383 et
3616 4330 3789 4397 caput

2075 4433 2220 4486 esse,
2270 4424 2325 4474 et
2376 4416 2705 4489 pontificem
2758 4415 3086 4475 Romanum
3127 4417 3263 4490 jure
3316 4415 3517 4474 divino
3564 4412 3790 4472 cunctis

2078 4519 2344 4579 praeesse.
2377 4501 2561 4577 Quam
2590 4518 2727 4561 sane
2758 4503 3197 4576 praerogativam
3243 4501 3429 4576 ipsius
3473 4499 3791 4560 Salvatoris

2077 4610 2179 4654 ore
2232 4593 2472 4665 adeptus
2529 4600 2633 4662 est,
2685 4609 2816 4652 cum
2875 4593 3061 4651 dixit:
3094 4597 3173 4649 Tu
3221 4609 3276 4648 es
3332 4596 3542 4658 Petrus,
3601 4597 3651 4647 et
3698 4607 3794 4647 su-

2074 4701 2175 4755 per
2217 4685 2355 4739 hanc
2400 4689 2611 4755 petram
2659 4684 2937 4753 zdz'ﬁcabo
2984 4684 3284 4738 Ecclesiam
3334 4698 3553 4750 meam;
3593 4686 3643 4736 et
3681 4681 3789 4736 tibi

2079 4775 2219 4829 dabo
2274 4775 2451 4828 claves
2506 4776 2663 4842 regni
2725 4774 2973 4828 calorum
2999 4791 3016 4825 :
3046 4777 3097 4827 et
3150 4772 3507 4842 quodcunque
3557 4771 3787 4826 solveris

2078 4878 2241 4933 super
2299 4867 2520 4925 terram,
2588 4863 2693 4916 erit
2752 4862 2991 4915 solutum
3051 4864 3102 4913 et
3156 4861 3215 4914 in
3274 4861 3439 4924 cwlis,
3497 4866 3548 4915 et
3603 4858 3783 4929 quod-

2080 4965 2289 5019 cunque
2314 4950 2573 5017 ligaveris
2598 4963 2762 5020 super
2790 4952 3010 5011 terram,
3050 4949 3154 5002 erit
3188 4948 3421 5016 ligatum
3456 4952 3507 5003 et
3544 4949 3605 5001 in
3636 4946 3785 5001 cadis

2082 5032 2304 5107 (M‘atth.
2328 5043 2482 5105 xvr).

2150 5124 2293 5194 Quae
2339 5131 2555 5194 autem,
2606 5124 2819 5200 inquit,
2868 5124 3167 5198 provincia
3212 5141 3314 5200 per
3359 5123 3559 5182 omnia
3604 5128 3787 5179 terra-

2082 5229 2219 5271 rum
2266 5229 2444 5288 regna
2477 5213 2591 5270 dici
2641 5219 2817 5287 queat
2849 5213 2925 5271 ab
2977 5214 3083 5271 hac
3136 5212 3358 5271 ditione
3396 5227 3464 5269 ac
3511 5216 3791 5284 potestate

2082 5312 2379 5375 extranea,
2425 5298 2597 5371 cujus
2634 5302 2873 5362 arbitrio
2918 5303 3112 5376 ipsum
3142 5319 3373 5378 quoque
3401 5302 3622 5361 coelum
3650 5317 3788 5376 ape—

2083 5393 2230 5453 ritur
2271 5401 2328 5455 et
2369 5392 2706 5455 clauditur?
2751 5396 2997 5453 Uaeteras
3042 5394 3278 5470 quidem
3322 5390 3623 5463 Ecclesias,
3681 5409 3789 5453 cu-

2078 5485 2409 5562 juscunque
2453 5486 2752 5562 dignitatis
2807 5482 3155 5553 exstiterint,
3208 5481 3310 5541 ille
3364 5481 3466 5557 qui
3514 5480 3788 5553 instituit,

2084 5576 2258 5636 homo
2306 5576 2543 5652 quidem
2591 5590 2773 5651 purus
2826 5573 2978 5643 fuit;
3027 5570 3349 5632 Romanam
3396 5586 3532 5631 vero
3587 5569 3792 5631 Eccle-
