4078 6202
227 287 334 346 153

1109 290 1688 353 PBOLEGOMENA.
1728 323 1798 334 —
1841 290 1900 350 S.
1943 289 2164 351 PETRI
2208 292 2527 351 DAMIANI
2571 293 2751 352 VITA
2795 292 2871 352 II.

3646 290 3750 354 154

219 413 375 470 siam
417 412 578 472 solus
626 414 728 474 ille
771 415 1060 489 fundavit,
1091 425 1147 478 et
1197 435 1372 493 super
1408 426 1628 494 petram
1667 416 2025 479 nascentisA
2112 417 2235 476 Non
2267 419 2434 477 facile
2458 419 2650 477 verbis
2675 417 2951 492 consequi
2980 417 3272 492 quispiam
3310 425 3518 492 posset,
3552 434 3744 492 quan-
3801 415 3808 420 ’

219 499 362 557 fidei
398 503 706 572 exstruxit,
739 506 842 579 qui
894 506 1058 565 beato
1108 506 1398 580 clavigero
1438 507 1646 566 terreni
1685 506 1861 564 simul
1899 513 1954 564 et

220 587 476 647 caelestis
528 595 691 666 regni
726 594 861 666 jura
901 596 1212 656 commisit.
1256 597 1425 656 Illius
1468 613 1602 671 ergo
1650 596 1954 671 privilegio

223 675 526 736 Romanus
566 683 828 754 pontifex
870 683 1156 757 fungitur,
1194 684 1354 745 illius
1401 686 1733 745 auctoritate
1782 684 1952 742 fulci-

223 774 340 827 tur.
401 769 590 840 Quare
638 774 908 850 quisquis
974 776 1074 835 ille
1129 784 1231 847 est,
1297 779 1396 852 qui
1448 777 1621 837 audet
1678 776 1956 851 principis

226 855 502 918 Ecclesiae
546 861 646 936 jus
688 863 1048 935 labefactare,
1093 867 1248 926 haud
1304 867 1554 926 dubium
1602 873 1686 924 est
1740 865 1956 938 injuste

220 943 404 1007 illum
442 968 635 1024 agere,
676 970 742 1012 ac
783 956 895 1014 sibi
942 959 1093 1015 male
1147 959 1465 1017 consulere.
1502 957 1646 1015 Nam
1693 956 1794 1030 qui
1841 955 1954 1013 Bo-

237 1054 432 1096 manae
457 1041 640 1114 ipsius
662 1043 1034 1118 privilegium
1061 1047 1134 1104 ab
1161 1049 1286 1120 ipso
1311 1062 1544 1105 summo
1568 1045 1954 1103 Ecclesiarum

232 1128 505 1186 omnium
556 1130 740 1203 capite
789 1147 1146 1204 concessum,
1210 1135 1525 1206 infringere
1592 1139 1854 1200 conatur,
1909 1129 1960 1189 is

229 1218 434 1290 procul
462 1217 641 1276 dubio
684 1219 745 1276 in
787 1219 1053 1279 haeresim
1099 1223 1337 1292 labitur;
1385 1223 1555 1280 fidem
1593 1219 1806 1294 quippe
1843 1219 1960 1277 vio-

231 1306 327 1363 lat.
391 1305 504 1374 Qui
563 1321 700 1378 ergo
746 1309 1026 1368 adversus
1081 1311 1240 1369 illam
1293 1311 1562 1383 insurgit,
1603 1325 1737 1382 quae
1778 1315 1960 1365 mater

229 1403 319 1452 est
371 1395 528 1466 fidei,
582 1399 754 1458 etiam
807 1399 866 1457 in
908 1399 1080 1458 illum
1123 1408 1438 1460 contumax
1492 1397 1957 1473 deprehenditur,

230 1485 336 1556 qui
371 1502 499 1544 eam
537 1489 760 1547 cunctis
800 1489 1070 1547 Ecclesiis
1111 1505 1357 1563 praeesse
1411 1505 1476 1548 ac
1536 1490 1819 1563 imperare
1857 1503 1962 1546 vo—

230 1573 364 1632 luit.
398 1576 619 1634 Eﬂicax
660 1579 774 1637 fuit
816 1580 960 1637 tanti
1000 1579 1115 1637 viri
1153 1580 1352 1650 oratio,
1381 1587 1437 1638 et
1464 1579 1523 1637 in
1564 1579 1731 1637 corda
1771 1577 1962 1635 homi-

231 1680 380 1723 num
448 1669 774 1740 penetravit
835 1693 846 1725 :

2036 512 2111 576 to,
2149 513 2204 564 et
2241 507 2475 582 quantis
2513 507 2627 566 Deo
2663 507 2838 580 gratis
2875 507 3145 580 operibus
3178 507 3269 564 vir
3309 512 3542 566 sanctus
3570 506 3745 566 ell'ul-

2034 597 2192 666 serit,
2244 605 2346 654 aut
2423 612 2744 670 pauperum
2828 596 3076 654 lavando
3140 597 3332 669 pedes,
3389 602 3490 654 aut
3559 597 3748 655 nudos

2037 685 2356 753 vestiendo,
2399 697 2498 742 aut
2550 684 2836 743 visitando
2877 691 3137 757 aegrotos,
3177 693 3232 743 et
3273 685 3512 743 afflictos
3551 701 3750 744 conso-

2036 773 2228 831 laudo.
2266 773 2617 846 Frequentes
2651 781 2814 830 erant
2847 774 2918 830 ad
2949 773 3074 845 ejus
3117 775 3320 832 limina
3357 775 3558 845 egeni;
3597 790 3748 848 quo-

2037 876 2167 918 rum
2219 861 2365 918 alios
2423 859 2713 918 reficiebat
2784 861 2911 918 cibo
2943 906 2956 932 ,
3028 861 3172 918 alios
3242 861 3550 921 distributa
3602 862 3749 936 stipe

2036 949 2359 1008 dimittebat
2384 950 2563 1020 lmtos,
2594 949 2796 1007 nullus
2831 965 3069 1008 munere
3098 965 3321 1009 vacuus
3353 951 3426 1008 ab
3463 950 3622 1008 illius
3656 951 3746 1024 ja-

2038 1057 2153 1100 nua
2191 1039 2505 1098 recedebat.
2549 1039 2828 1098 Constans
2868 1040 2952 1098 illi
2996 1058 3120 1100 mos
3159 1047 3297 1112 erat,
3340 1047 3403 1099 ut
3441 1040 3748 1099 duodecim

2037 1146 2358 1205 pauperum
2402 1130 2573 1203 pedes
2613 1131 2847 1187 lavaret.
2898 1129 2959 1188 Si
3001 1131 3102 1204 qui
3155 1139 3338 1201 erant,
3377 1131 3479 1204 qui
3519 1129 3577 1186 in
3619 1145 3751 1202 gra-

2041 1220 2188 1278 batis
2230 1219 2508 1292 jacerent,
2542 1217 2944 1291 particularem
2993 1235 3192 1276 eorum
3229 1233 3430 1276 curam
3470 1218 3703 1290 gerebat
3737 1236 3751 1275 :

2043 1326 2230 1370 unum
2269 1311 2429 1368 enim
2468 1311 2802 1383 quempiam
2829 1310 2902 1368 iis
2934 1310 3264 1383 deputabat,
3298 1309 3400 1382 qui
3439 1307 3660 1365 adesset
3688 1321 3756 1363 ac

2043 1399 2362 1458 necessaria
2419 1398 2904 1457 subministraret.
2951 1399 3035 1456 Ita
3083 1398 3234 1457 bona
3283 1395 3572 1466 Ecclesiae,
3615 1410 3751 1468 quae

2042 1490 2193 1547 bona
2227 1497 2364 1548 sunt
2391 1506 2731 1563 pauperum,
2763 1491 2823 1546 in
2864 1505 3006 1548 usus
3040 1488 3165 1562 pios
3203 1485 3588 1560 dispensabat,
3621 1501 3754 1558 pro-

2043 1579 2187 1651 priis
2224 1595 2464 1652 parcens
2503 1579 2852 1652 sumptibus,
2887 1586 2944 1636 et
2982 1592 3170 1635 sacros
3207 1575 3757 1633 commonefaciebat

909 1676 966 1727 et
1027 1669 1231 1743 majori
1281 1686 1341 1728 se
1396 1667 1682 1743 potestati,
1742 1667 1965 1726 sublata
2046 1669 2365 1739 ministros,
2413 1668 2612 1726 dicens
2648 1688 2660 1726 :
2696 1667 2925 1738 Scitote,
2978 1666 3182 1723 fratres
3226 1663 3582 1734 charissimi,
3625 1678 3752 1721 om-

230 1757 650 1828 contentione,
707 1759 1051 1818 submisere.
1116 1760 1228 1819 Sed
1301 1775 1434 1818 cum
1501 1759 1750 1832 diligens
1802 1758 2145 1838 lieretBnia
2184 1757 2292 1816 ista
2340 1756 2612 1815 Ecclesiae
2663 1756 2813 1814 bona
2865 1770 3022 1812 sacra
3074 1769 3218 1822 esse,
3275 1768 3340 1810 ac
3389 1757 3755 1826 peccatorum

233 1859 531 1903 sacrorum
608 1847 1014 1906 ministrorum
1076 1848 1402 1921 inquisitio,
1477 1849 1578 1905 vix
1643 1847 1955 1920 quisquam

233 1941 500 2006 repertus
543 1944 632 1994 est
678 1937 777 2011 qui
827 1936 899 1995 ad
948 1951 1140 1995 sacros
1167 1937 1402 1995 ordines
1435 1936 1562 1995 sine
1604 1936 1785 2008 pretio
1822 1950 1954 2008 pro-

232 2028 429 2080 motus
474 2031 640 2082 esset.
685 2024 911 2100 Magnis
948 2027 1022 2084 ob
1061 2027 1169 2084 hoc
1207 2032 1440 2084 sanctus
1478 2028 1566 2083 vir
1595 2024 1751 2082 curis
1776 2040 1956 2096 ange-

231 2112 409 2170 batur
449 2133 461 2171 :
493 2113 722 2172 videbat
759 2103 921 2172 enim
962 2121 1080 2174 tam
1111 2115 1285 2173 latam
1323 2115 1620 2174 ditecesim
1661 2129 1799 2172 cum
1839 2121 1951 2170 tam

233 2200 444 2269 nobili,
477 2208 532 2259 et
569 2201 761 2276 ampla
795 2203 959 2275 urbe,
1001 2210 1198 2278 totque
1235 2203 1506 2262 ecclesias
1545 2202 1859 2275 profanari,
1892 2208 1957 2260 ut

229 2287 316 2346 sic
354 2289 593 2361 quidem
635 2290 972 2364 religionem
1031 2291 1212 2350 everti
1269 2291 1658 2350 Christianam
1712 2297 1952 2364 putaret.

231 2377 350 2437 Sed
406 2387 522 2436 erat
579 2379 745 2438 valde
801 2379 1126 2453 litigiosum
1177 2381 1482 2454 indulgere
1540 2379 1760 2454 paucis,
1821 2395 1954 2438 cum

231 2466 354 2525 fere
405 2467 670 2526 omnium
713 2476 862 2527 esset
904 2470 1076 2544 culpa
1123 2471 1501 2541 communis;
1562 2485 1667 2527 nec
1718 2483 1957 2542 aequum

232 2555 542 2616 videbatur
580 2558 868 2617 diversam
905 2560 964 2618 in
1006 2575 1105 2618 eos
1137 2561 1392 2634 proferre
1427 2559 1791 2630 sententiam,
1822 2574 1956 2616 cum

229 2655 390 2704 esset
433 2663 555 2706 una
596 2649 862 2706 omnium
913 2665 1105 2708 causa.
1157 2649 1224 2707 In
1275 2657 1429 2707 tanta
1479 2648 1656 2722 igitur
1713 2647 1958 2706 difﬁcul-

231 2742 350 2794 tate
391 2738 634 2810 positus,
667 2739 806 2812 quia
847 2753 965 2797 non
1000 2745 1218 2813 poterat
1257 2739 1386 2798 sine
1439 2739 1662 2812 ingenti
1701 2738 1957 2812 periculo

226 2824 398 2884 illius
454 2827 607 2884 mala
668 2829 959 2900 Ecclesiae,
1016 2829 1177 2887 salva
1240 2845 1532 2888 canonum
1600 2828 1956 2898 auctoritate,

230 2914 541 2986 corrigere,
602 2915 827 2974 studuit
911 2917 1117 2975 saltem
1196 2934 1484 2992 perversae
1550 2915 1958 2976 consuetudini

231 3003 416 3060 ﬁnem
464 3004 788 3077 imponere,
821 3022 888 3065 ac
933 3007 1260 3081 providere,
1291 3015 1359 3066 ut
1407 3009 1678 3080 deinceps
1712 3005 1958 3080 gratuita

2043 1848 2260 1920 pretia;
2318 1861 2496 1920 quare
2542 1861 2910 1919 summopere
2962 1845 3291 1902 cavendum
3336 1851 3440 1914 est,
3487 1859 3563 1900 ne
3613 1841 3756 1915 quid

2037 1939 2268 2009 horum,
2296 1945 2395 1997 aut
2414 1937 2675 1996 avaritiae
2697 1935 2996 2006 instinctu,
3021 1942 3122 1994 aut
3143 1934 3352 2008 quavis
3380 1932 3752 2006 negligentiae

2037 2028 2577 2098 incuria,\Christi
2644 2026 2997 2101 pauperibus
3061 2025 3480 2094 subtrahatur,
3540 2020 3757 2094 quibus

2037 2117 2280 2176 debetur
2331 2117 2612 2190 quidquid
2667 2117 2835 2174 nobis
2885 2115 3185 2174 residuum
3231 2121 3335 2172 est.
3384 2110 3529 2170 Cum
3573 2111 3752 2183 igitur

2039 2206 2206 2264 nobis
2243 2213 2571 2280 suppetant,
2617 2205 2833 2279 quibus
2863 2204 3058 2278 juvari
3101 2202 3270 2276 egeni
3312 2209 3367 2260 et
3412 2201 3594 2259 foveri
3630 2215 3754 2273 pos-

2038 2295 2175 2366 sint,
2227 2294 2535 2367 diligenter
2584 2293 2898 2366 exquirite,
2949 2294 2997 2348 si
3057 2291 3158 2365 qui
3209 2290 3342 2358 sint,
3386 2289 3487 2362 qui
3540 2286 3751 2345 vicinis

2039 2385 2178 2444 locis
2217 2392 2516 2457 aegrotent,
2563 2383 2738 2458 quive
2782 2382 2952 2450 fame,
2997 2388 3099 2440 aut
3140 2381 3254 2438 alia
3300 2378 3510 2454 quavis
3557 2377 3753 2449 inopia

2039 2473 2321 2541 laborent,
2385 2473 2597 2546 quibus
2653 2472 2702 2530 si
2757 2469 3075 2528 necessaria
3136 2467 3566 2537 miuistrabitis,
3621 2466 3748 2524 the‘

2039 2577 2239 2620 sauros
2299 2559 2461 2619 vobis
2508 2561 2570 2617 in
2619 2560 2766 2618 caelo
2800 2557 3093 2632 parabitis.
3136 2556 3361 2614 Sanctis
3406 2554 3749 2628 hujusmodi

2041 2649 2276 2709 monitis
2333 2649 2465 2723 pius
2520 2655 2680 2722 pater
2733 2662 2871 2706 suos
2921 2645 2990 2705 ad
3042 2645 3269 2720 pietatis
3319 2659 3491 2718 opera
3542 2641 3748 2715 impel-

2041 2741 2213 2808 lebat,
2274 2749 2329 2798 et
2376 2740 2633 2815 quotidie
2701 2739 2883 2811 magis
2957 2737 3318 2796 adhortando
3384 2733 3747 2792 accendebat.

2039 2830 2260 2890 Memor
2287 2837 2482 2890 autem
2512 2837 2786 2888 anteactae
2816 2830 2878 2886 in
2917 2841 3109 2886 eremo
3148 2827 3304 2896 vitae,
3338 2825 3488 2883 miro
3528 2839 3754 2898 semper

2042 2926 2348 2984 tenebatur
2405 2923 2818 2982 sollicitudinis
2871 2923 3033 2980 illius
3074 2919 3360 2978 desiderio
3417 2943 3429 2975 :
3490 2917 3552 2974 in
3609 2933 3748 2990 qua,

2040 3015 2175 3088 quia
2220 3030 2334 3071 non
2387 3019 2607 3086 poterat
2650 3011 2902 3084 amplius
2938 3027 3082 3074 esse,
3115 3009 3338 3078 saltem,
3385 3006 3539 3081 quod
3584 3005 3756 3064 daba-

231 3099 386 3194 esset
547 3109 738 3191 sacros
775 3095 1010 3194 ordines
1047 3096 1346 3170 promotio.
1390 3096 1591 3168 Exigit
1625 3096 1803 3168 igitur
1842 3101 1955 3192 tam
1981 3110 2154 3194 Ctur,
2204 3101 2621 3171 austeritatem,
2662 3100 3110 3175 quibuscumque
3149 3103 3366 3170 poterat
3406 3095 3614 3164 modis,
3658 3110 3748 3152 re-

231 3181 308 3237 ab
346 3182 779 3256 archiepiscopo
833 3183 1272 3256 Mediolanensi,
1304 3200 1482 3258 quam
1513 3201 1545 3241 a
1584 3184 1823 3251 caeteris,
1852 3181 1954 3255 qui
1984 3181 2438 3264 “praesentabat.
2474 3190 2620 3247 Nam
2659 3187 2996 3262 quotidiano
3027 3201 3108 3255 se,
3141 3191 3349 3258 praeter
3392 3184 3516 3242 dies
3557 3185 3750 3254 festos,

232 3270 432 3343 aliquo
468 3270 623 3343 apud
664 3272 834 3330 illum
881 3274 1266 3346 fungerentur
1303 3274 1512 3345 ofﬁcio,
1554 3269 1954 3330 inviolabilem
2036 3280 2260 3353 jejunio
2303 3279 2646 3347 macerabat,
2699 3277 2875 3350 idque
2920 3275 3212 3349 jejunium
3261 3275 3438 3331 nimis
3483 3279 3604 3330 erat
3644 3272 3751 3330 du-

232 3360 634 3432 sponsionem:
665 3368 731 3418 ut
764 3362 1034 3436 deinceps
1061 3364 1254 3421 omnis
1294 3363 1395 3422 illa
1433 3362 1747 3421 simoniaca
1777 3362 1954 3434 labes,
2042 3384 2173 3426 rum
2202 3383 2267 3425 ac
2309 3367 2560 3440 rigidum
2598 3391 2610 3424 ε
2643 3365 2932 3438 siquidem
2961 3379 3163 3438 aspero
3204 3364 3541 3422 vescebatur
3577 3374 3748 3435 pane,

231 3463 461 3506 necnon
526 3448 942 3508 Nicolaitarum
1006 3452 1244 3510 haeresis
1323 3467 1556 3525 prorsus
1611 3451 1951 3509 aboleretur.
2040 3464 2096 3514 et
2119 3466 2419 3515 externam
2455 3457 2684 3514 bibebat
2715 3471 2950 3529 aquam,
2982 3454 3253 3528 quamvis
3279 3455 3441 3512 senio
3461 3454 3580 3526 jam
3607 3466 3746 3508 con-

231 3536 316 3594 Ita
358 3537 746 3596 reconciliatis
788 3546 961 3613 atque
998 3541 1328 3614 compositis
1364 3539 1601 3610 animis,
1638 3541 1953 3609 decretum,
2044 3548 2240 3606 fectus.
2268 3547 2512 3619 Insuper
2541 3545 2742 3602 ferreis
2767 3560 2940 3616 super
2965 3544 3124 3602 nudo
3152 3543 3390 3614 catenis,
3409 3543 3608 3601 multis
3630 3561 3751 3602 ma-

231 3633 318 3683 ut\
358 3641 498 3683 mox
553 3627 827 3686 omnibus
889 3629 1103 3701 passim
1144 3628 1543 3687 restitueretur
1588 3627 1955 3686 ministrandi
2039 3644 2296 3695 ceratum
2343 3637 2528 3694 modis
2573 3633 2999 3706 constringebat
3045 3649 3271 3707 corpus,
3314 3639 3369 3690 et
3417 3633 3748 3705 frequenter

228 3713 528 3785 Ofﬁdum;
582 3715 680 3773 sed
725 3716 800 3774 iis
843 3717 1146 3787 duntaxat,
1200 3719 1304 3791 (ῐυὶ
1353 3718 1577 3785 litteris.
1630 3725 1686 3775 et
1729 3732 1954 3775 morum
2040 3728 2210 3786 modo
2252 3727 2577 3802 palmarum
2620 3723 2979 3793 verberibus,
3016 3722 3185 3780 modo
3231 3721 3370 3780 loris
3406 3721 3743 3793 afﬂigebat:

229 3805 538 3877 gravitate,
594 3821 660 3863 ac
711 3807 1006 3865 honestate
1058 3807 1220 3881 digni
1279 3807 1665 3876 viderentur;
1734 3811 1839 3862 caet

2147 3835 2279 3878 cum
2343 3826 2420 3876 tot
2479 3817 2642 3876 duris
2717 3815 2971 3874 confecta
3035 3813 3222 3872 modis
3274 3813 3480 3870 senilia
3537 3813 3743 3886 fatiga-

230 3901 432 3951 δυωίη
474 3893 781 3962 Sunime
809 3897 961 3968 q110d
1002 3895 1272 3956 ECC’BSiiB
1304 3903 1517 3954 8311th
1562 3911 1664 3968 Der
1692 3894 1953 3953 divinam
2038 3917 2124 3969 ret
2151 3911 2428 3979 membra,
2463 3924 2579 3966 non
2611 3907 2857 3966 cubabat
2890 3906 2950 3964 in
2990 3904 3225 3979 plumis,
3255 3910 3355 3963 aut
3391 3903 3742 3974 stramentis,

232 3982 725 4071 gratiamﬁssem
769 3984 990 4055 inserti,
1034 4001 1068 4043 εὶ
1115 4002 1232 4060 qua
1281 3985 1512 4044 fueram
1560 3985 1778 4042 diVimB
1820 4000 1955 4042 $911-
2038 4001 2134 4058 sed
2191 4015 2363 4071 super
2412 3997 2568 4055 nuda
2619 4003 2770 4054 crate
2820 4009 3114 4063 somnum,
3150 3992 3255 4067 qui
3300 3999 3420 4050 erat
3470 3992 3559 4049 illi
3608 4008 3742 4064 par-

233 4070 436 4126 tentiae
481 4068 626 4128 falce
673 4071 920 4143 praecisi.
974 4072 1066 4130 Illi
1117 4074 1294 4131 etiam
1345 4073 1477 4146 ipsi,
1519 4072 1737 4146 quibus
1780 4088 1836 4129 m

2134 4068 2324 4159 :imus,
2356 4087 2632 4160 capiebat.
2676 4085 2824 4155 Quid
2864 4083 3024 4143 illius
3055 4081 3362 4156 psallendi,
3402 4081 3628 4151 orandi,
3658 4082 3744 4141 le-

231 4159 459 4251 strandi
516 4159 756 4251 facultas
807 4161 1069 4251 restituta
1127 4169 1232 4231 est,
1291 4178 1408 4220 non
1463 4179 1539 4220 ex
1577 4161 1746 4251 Amille
1796 4169 1956 4234 ρειπῐᾶ
2037 4178 2232 4251 gendi,
2257 4194 2322 4235 ac
2350 4159 2603 4234 dictandi
2631 4173 2971 4232 admirabile
3000 4171 3258 4231 studium
3299 4170 3595 4229 referam?
3626 4169 3742 4231 Nec

234 4247 417 4304 veteri
469 4247 849 4318 promotione,
905 4249 1004 4306 sed
1063 4265 1135 4308 ex
1196 4251 1360 4309 beata
1405 4249 1682 4323 principis
1735 4265 1843 4323 apo

2134 4266 2184 4323 ιὰ
2231 4263 2724 4338 praetereundum,
2763 4263 2916 4335 quod
2965 4277 3040 4319 ex
3076 4259 3276 4319 eadem
3319 4258 3494 4332 pelvi,
3529 4259 3588 4315 in
3627 4274 3744 4332 qua

233 4336 427 4393 lorum
466 4335 830 4428 auctoritate,
864 4339 1086 4428 quain
1138 4338 1204 4396 B.
1237 4338 1633 4428 Apollinarem
1684 4354 1825 4397 usus
1872 4355 1957 4396 re-
2036 4335 2362 4428 ρθυρριὲιιω
2437 4351 2610 4424 pedes
2686 4349 2935 4418 lavabat,
2987 4351 3183 4409 cibum
3257 4349 3380 4422 ipse
3455 4347 3743 4408 sumebat.

231 4431 406 4498 pente
432 4432 538 4494 est,
587 4425 784 4484 dicens
817 4449 830 4484 :
877 4427 1088 4501 Accipe
1126 4427 1407 4501 Spiritum
1442 4435 1727 4498 sanctum,
1770 4427 1841 4484 sir

2133 4425 2267 4504 oties
2316 4444 2714 4517 superioribus
2763 4442 3117 4514 temporibus
3159 4441 3230 4500 ad
3284 4441 3574 4513 synodum
3617 4455 3743 4497 mo-

231 4521 286 4613 ξεί
309 4513 716 4613 Ρορῖίθεὲξιιξῐι
744 4533 758 4585 ;
790 4515 862 4573 ad
904 4516 1295 4613 φίῐιίῆΐςθτίῑιω
1331 4516 1542 4613 re???“
1583 4518 1764 4577 fllere-
1807 4491 2566 4605 Ha3Cniiachoruquuod
2603 4491 2899 4604 appellantl
2924 4531 3230 4588 emnobitae
3269 4491 3614 4602 capitulum,
3644 4545 3746 4587 ac-

235 4605 491 4661 δτθνίῐετ
518 4605 835 4676 attigimus:
867 4611 936 4662 ut
963 4619 1035 4662 ex
1065 4605 1140 4663 iis
1165 4613 1373 4665 (πείθω
1403 4606 1563 4664 illius
1587 4614 1766 4680 gesta,
1799 4622 1949 4681 qua“
2033 4622 2287 4692 cedebat,
2321 4638 2380 4680 se
2422 4622 2554 4680 sede
2595 4636 2700 4678 sua
2738 4619 2955 4677 solebat
2993 4635 3249 4691 surgere,
3279 4627 3334 4676 et
3379 4619 3441 4675 in
3482 4618 3743 4676 medium

235 4693 312 4749 lia
353 4693 708 4764 exstiterim,
739 4694 1144 4768 ιιηιιεριιὶεαιιθ
1170 4697 1355 4754 facere
1391 4696 1777 4768 Conlecmi‘am
1816 4711 1947 4769 Ροε·
2033 4710 2320 4784 progredi,
2366 4711 2565 4784 ibique
2603 4725 2710 4768 sua
2747 4709 3050 4768 humiliter
3081 4702 3332 4765 crimina
3365 4707 3646 4776 confiteri,
3689 4713 3746 4764 et

232 4785 336 4873 είῖξ
391 4799 530 4840 nam
578 4784 846 4857 persequi
888 4785 1086 4842 omnia
1131 4786 1427 4844 neminem
1468 4801 1631 4859 P0359
1677 4785 1945 4854 arbitror,
2038 4799 2279 4857 multam
2335 4815 2436 4873 pro
2487 4799 2561 4858 iis
2619 4814 2871 4872 poscere,
2924 4805 2977 4856 et
3034 4799 3247 4855 sanctis
3294 4795 3747 4854 allocutionibus

231 4872 336 4947 qui
372 4873 612 4946 quidem
652 4872 714 4930 in
752 4880 944 4932 sancta
982 4873 1238 4932 Ecclesia
1275 4891 1579 4948 nunquam
1618 4875 1841 4933 desiste]

2135 4903 2157 4944 s
2208 4872 2376 4945 modo
2429 4888 2610 4959 hunc,
2673 4886 2842 4945 modo
2889 4886 3082 4956 illum,
3141 4885 3310 4943 modo
3356 4883 3745 4942 communiter

234 4961 528 5035 quidquid
605 4978 878 5036 pravum,
932 4963 1222 5038 quidquid
1290 4964 1546 5022 insolens
1609 4970 1948 5038 emergeret.
2035 4990 2239 5032 omnes
2280 4975 2586 5034 instruere.
2625 4975 2713 5032 Ad
2751 4976 3012 5049 juniores
3056 4981 3248 5032 autem
3287 4987 3600 5030 conversus
3634 4972 3748 5030 aie-

236 5067 476 5126 prorsus
518 5052 717 5111 tollere
757 5069 824 5111 ac
864 5053 1213 5127 exstirpare;
1243 5053 1528 5128 quidquid
1558 5061 1751 5113 autem
1784 5055 1947 5128 pium
2037 5063 2130 5120 bat
2165 5083 2178 5121 :
2211 5062 2388 5136 Scire,
2422 5063 2780 5122 dilectissimi
2821 5064 2950 5134 lilii,
2994 5063 3233 5133 debetis,
3265 5076 3748 5136 unumquemque

232 5156 301 5197 ac
347 5140 692 5213 religiosum
748 5141 1261 5212 animadvertebat,
1310 5143 1383 5200 ad
1437 5142 1652 5200 Christi
1703 5142 1949 5215 gloriam
2037 5161 2314 5222 vestrum,
2367 5161 2483 5210 tam
2545 5160 2798 5222 strenue,
2867 5159 3103 5224 tamque
3159 5151 3428 5208 ardenter
3479 5156 3742 5223 oportere

234 5229 563 5287 instituere.
611 5229 677 5286 In
725 5229 942 5303 quibus
984 5229 1222 5303 quidem
1265 5233 1542 5289 omnibus
1591 5231 1829 5289 divinus
1861 5230 1949 5289 illi
2038 5240 2214 5313 hujus
2271 5241 2496 5299 militiae
2559 5241 2819 5299 tirocinia
2876 5241 3170 5311 inchoare,
3238 5247 3294 5297 et
3346 5245 3523 5310 tanto,
3562 5239 3752 5312 quoad

233 5327 426 5395 favor,
456 5333 514 5383 et
549 5325 882 5384 exuberans
922 5326 1119 5384 aderat
1162 5327 1382 5400 gratia;
1411 5343 1545 5386 cum
1595 5326 1782 5400 ipsius
1814 5342 1950 5385 cen-
2035 5342 2322 5398 corporeae
2370 5334 2686 5402 suppetunt
2737 5331 2909 5399 vires,
2942 5328 3136 5387 labore
3187 5345 3246 5387 se
3298 5343 3588 5396 exercere,
3627 5343 3744 5402 quo

231 5432 372 5475 sura
421 5415 565 5488 quid
637 5415 1061 5475 admittendum
1093 5460 1107 5488 ,
1167 5416 1383 5490 quidve
1466 5417 1794 5488 agendum,
1853 5425 1954 5476 aut
2037 5422 2151 5473 tota
2195 5416 2373 5474 series
2420 5424 2708 5476 secuturae
2748 5417 2884 5475 vitae
2932 5418 3003 5474 ad
3053 5417 3273 5476 fortiter
3308 5420 3600 5490 agendum
3639 5433 3741 5475 va-

230 5521 352 5563 non
413 5503 706 5577 agendum
773 5503 938 5578 foret,
989 5503 1288 5564 canonicis
1347 5503 1747 5565 sanctionibus
1811 5519 1950 5564 con-
2037 5504 2145 5562 leat
2193 5505 2516 5564 informari.
2552 5506 2940 5564 Provectiores
2979 5521 3114 5565 vero
3155 5506 3226 5565 ad
3275 5508 3608 5566 conﬂictum
3654 5504 3744 5564 vi-

233 5598 428 5652 staret.
2040 5594 2276 5664 tiorum,
2317 5595 2388 5654 ad
2426 5594 2836 5668 cogitationum
2887 5594 3312 5667 discretionem,
3351 5591 3746 5670 compunctio-
