4078 6202
295 227 396 288 155

1204 233 1265 294 S.
1309 233 1603 294 PETRUS
1641 233 2035 295 DAMIANUS
2074 235 2138 295 S.
2179 234 2248 294 R.
2292 233 2358 292 E.
2399 231 2880 296 CARDINALIS.

3686 239 3789 300 156

291 353 404 427 nis,
436 359 492 414 et
518 355 1040 431 contemplationis,
1072 373 1179 418 nec
1202 373 1320 417 non
1347 359 1419 416 ad
1449 361 1758 434 puritatem
1782 358 2306 426 mentisAmelliti.
2355 359 2515 418 Inter
2554 359 2757 420 fratres
2786 366 2981 421 autem
3028 361 3289 436 undique
3330 363 3784 436 discumbentes,

289 444 422 506 totis
460 446 689 506 viribus
731 449 1204 518 conservandam,
1251 449 1412 522 gravi
1458 455 1515 508 et
1567 449 1817 508 facundo
1871 465 1993 508 ser-

289 555 463 598 mone
500 539 916 610 inﬂammabat,
950 541 1309 616 addebatque
1346 540 1553 600 debere
1581 541 1902 616 quemlibet
1929 540 1991 600 in

286 629 536 702 spiritali
567 629 880 688 certamine
911 647 1048 690 suas
1069 630 1223 689 vires
1258 646 1566 704 agnoscere
1592 655 1605 689 :
1639 630 1990 704 ignominio-

285 734 418 780 sum
465 721 679 794 quippe
714 722 998 779 monacho
1037 737 1160 780 esse
1192 721 1469 796 spiritalis
1507 721 1732 780 militiae
1769 723 1988 796 profes-

289 811 512 869 sionem
541 810 776 883 habere,
803 817 859 868 et
886 828 989 885 per
1018 811 1313 886 ignaviam
1342 811 1682 886 experiendi
1712 814 1856 887 quid
1885 829 1989 872 va-

287 899 417 970 leat,
473 899 758 971 ignorare.
807 901 970 959 Certe
1016 902 1137 974 ipse
1187 903 1248 960 in
1299 903 1528 975 magnis
1574 901 1990 962 certaminibus

282 991 536 1064 experiri
567 1007 627 1048 se
652 990 853 1050 voluit.
888 992 1032 1050 Nam
1076 991 1400 1050 fidelissimi
1431 997 1600 1050 testes
1635 992 1985 1064 asserebant,

282 1077 455 1138 illum
497 1095 600 1152 per
644 1085 788 1139 totos
833 1082 1215 1156 quadraginta
1267 1081 1390 1140 dies
1430 1080 1594 1141 nullo
1641 1088 1798 1141 cocto
1834 1081 1983 1152 cibo,

279 1166 377 1223 sed
427 1169 826 1228 tantummodo
871 1169 1080 1243 pomis,
1131 1176 1186 1230 et
1233 1171 1428 1230 crudis
1486 1170 1746 1230 oleribus
1809 1171 1982 1241 vesci,

282 1253 500 1328 absque
536 1255 660 1315 ullo
694 1262 852 1329 potu,
889 1258 1125 1317 solitum
1162 1277 1178 1316 :
1215 1260 1489 1333 quodque
1530 1260 1715 1333 magis
1753 1260 1984 1332 mirere,

278 1340 514 1400 totidem
564 1343 770 1404 diebus
818 1346 984 1406 nullo
1021 1363 1259 1422 prorsus
1296 1364 1475 1407 usum
1509 1348 1659 1419 cibo,
1683 1365 1854 1423 parca
1891 1365 1985 1410 so-

276 1431 576 1494 lummodo
616 1433 930 1509 leguminis
977 1436 1270 1496 infusione
1320 1443 1676 1498 contentum.
1725 1438 1888 1511 Quod
1934 1441 1985 1500 si

275 1523 512 1597 quando
548 1525 612 1582 in
651 1526 984 1584 austeritate
1026 1525 1184 1594 vitm,
1231 1541 1407 1600 quam
1443 1527 1662 1600 jugiter
1697 1529 1980 1604 servabat,

275 1610 503 1670 viribus
538 1628 598 1670 se
641 1613 812 1673 deﬁci
849 1614 1147 1686 sentiebat,
1181 1631 1301 1674 non
1339 1617 1598 1677 dandum
1635 1619 1778 1678 vitio
1815 1626 1983 1694 puta-

2077 453 2200 506 erat
2249 447 2341 506 vir
2385 447 2715 522 praeclarus,
2767 455 2824 508 et
2875 451 3095 525 insigni
3147 451 3349 510 decore
3399 453 3786 528 conspicuus;

2076 538 2179 613 qui
2206 537 2521 613 requisitas
2541 539 2697 598 unde
2728 539 2869 598 tales
2899 540 3270 600 advenissent
3301 557 3495 614 panes,
3536 557 3786 617 quorum

2076 627 2292 687 scilicet
2319 628 2542 688 similes
2571 634 2810 688 eatenus
2834 646 2953 690 non
2978 630 3293 690 vidissent:
3318 630 3395 689 Hi
3420 638 3563 691 sunt
3587 649 3787 707 panes,

2075 714 2284 792 inquit,
2319 718 2536 791 quibus
2565 717 2674 777 ﬁlii
2700 717 2876 777 Israel
2905 735 3121 777 manna
3150 720 3528 793 percipientes
3557 738 3588 780 e
3613 723 3781 796 coelo,

2071 805 2197 862 aliti
2254 811 2391 864 sunt
2447 806 2508 864 in
2559 807 2781 866 deserto
2831 809 3028 880 (Exod.
3071 809 3222 880 XVI).
3267 808 3377 881 Hic
3422 826 3655 885 quoque
3696 813 3787 871 vir

2075 894 2212 953 tulit
2241 910 2502 954 mensam
2535 895 2779 966 abbatis,
2808 911 2943 970 qua:
2981 896 3335 956 occidentem
3363 914 3568 958 versus
3597 901 3786 960 fuerat

2073 984 2395 1055 constituta,
2445 990 2501 1042 et
2551 985 2621 1042 ad
2669 986 3009 1044 orientalem
3069 987 3262 1060 posuit
3317 988 3604 1046 refectorii
3658 989 3784 1062 pla-

2072 1087 2203 1145 gam
2239 1091 2250 1129 :
2287 1071 2387 1130 ubi
2421 1071 2689 1131 videlicet
2722 1073 2912 1147 imago
2941 1073 3209 1133 crucifixi
3239 1075 3474 1134 Domini
3507 1077 3692 1135 fuerat
3720 1079 3784 1136 in

2070 1161 2284 1234 pariete
2328 1177 2429 1234 per
2472 1161 2754 1235 picturam
2803 1179 3094 1237 expressa.
3134 1163 3428 1239 Perpende
3473 1181 3609 1238 ergo
3649 1183 3781 1242 my-

2071 1251 2332 1322 sterium,
2367 1257 2422 1309 et
2454 1251 2714 1325 mystica:
2749 1254 3120 1312 revelationis
3158 1253 3420 1328 intellige
3449 1271 3781 1315 sacramen-

2075 1342 2216 1397 tum.
2253 1338 2407 1408 Quid
2451 1345 2535 1398 est
2573 1340 2752 1412 enim,
2781 1341 2938 1414 quod
2973 1340 3174 1399 laudes
3205 1341 3394 1399 crucis
3428 1343 3640 1401 chorus
3679 1343 3781 1401 ille

2068 1427 2443 1500 psallentium
2489 1429 2732 1487 melodis
2780 1429 3022 1488 vocibus
3059 1431 3454 1505 concrepabat,
3481 1433 3596 1490 nisi
3642 1433 3781 1508 quia

2069 1516 2333 1577 futurum
2381 1524 2520 1590 erat,
2556 1524 2620 1577 ut
2661 1519 2807 1577 dum
2857 1519 2918 1578 in
2972 1521 3253 1580 honorem
3293 1522 3482 1580 crucis
3522 1523 3783 1582 solemne

2063 1608 2355 1682 jejunium
2401 1608 2788 1678 instituerent,
2820 1609 2988 1684 quasi
3031 1610 3228 1669 dulces
3279 1611 3334 1668 ei
3377 1610 3614 1670 laudum
3652 1625 3778 1670 mo-

273 1700 390 1771 bat,
431 1715 507 1758 ex
555 1705 710 1760 tanto
755 1700 944 1775 rigore
974 1700 1198 1776 aliquid
1233 1703 1543 1776 remittere,
1574 1721 1690 1780 quo
1737 1698 2237 1788 validiorBfNIIOS
2265 1700 2682 1788 PGPSQDal‘ent?
2710 1700 2880 1774 Hle

2135 1698 2237 1757 llos
2265 1700 2682 1788 personarent?
2710 1700 3012 1774 Hymnum
3046 1701 3260 1776 quippe
3284 1701 3346 1788 in
3376 1701 3556 1760 beata)
3593 1700 3782 1788 crucis

273 1795 462 1863 posset
525 1791 595 1850 ad
648 1792 962 1868 pristinum
1019 1801 1309 1854 certamen
1357 1797 1567 1856 reverti
1612 1820 1626 1856 :
1669 1803 1724 1857 et
1776 1797 1984 1858 virtuti

272 1879 682 1940 ascribendum
726 1880 914 1942 aiebat
961 1883 1010 1942 si
1051 1885 1184 1958 quis
1216 1885 1365 1944 fessa
1405 1885 1590 1946 nimio
1624 1886 1821 1947 labore
1858 1889 1984 1947 bra-

270 1969 402 2027 chia
449 1969 663 2031 idcirco
708 1972 1019 2046 paululum
1064 1974 1338 2047 remittat,
1376 1981 1440 2036 ut
1486 1977 1856 2051 postmodum
1896 1993 1984 2038 ro-

274 2059 500 2119 bustior
543 2062 616 2120 ad
665 2062 890 2121 fortiter
933 2065 1226 2138 agendum
1270 2072 1598 2142 consurgat.
1651 2069 1791 2127 Erat
1833 2085 1982 2144 prae-

272 2155 428 2209 terea
465 2166 591 2211 mos
627 2152 738 2226 illi,
778 2155 1004 2228 quoties
1041 2155 1253 2216 diurno
1289 2173 1356 2215 ac
1391 2163 1674 2217 nocturno
1709 2159 1984 2218 intererat

270 2238 479 2311 otIicio,
509 2246 658 2300 stare
687 2247 744 2300 et
767 2242 918 2301 nulli
947 2244 1118 2317 podio
1144 2245 1458 2304 adhaerere.
1483 2248 1558 2304 At
1582 2246 1646 2304 in
1677 2248 1984 2322 utriusque

269 2325 738 2403 Quadragesimaa
794 2331 965 2391 initio
1017 2338 1199 2392 totum
1251 2334 1516 2395 triduum
1571 2334 1898 2395 abstinebat
1948 2354 1984 2396 a

271 2417 420 2492 cibo,
461 2419 534 2478 ad
587 2421 746 2495 quod
801 2421 931 2479 licet
982 2422 1105 2496 ipse
1150 2424 1446 2483 neminem
1497 2424 1761 2483 hortatus
1805 2425 1983 2485 fuerit

274 2522 558 2582 unquam,
595 2513 848 2567 attamen
887 2510 1125 2584 quidam
1161 2511 1233 2568 ad
1277 2511 1596 2586 spiritalem
1633 2520 1980 2587 proventum

273 2595 604 2654 uberiorem
657 2595 1010 2657 imitandum
1076 2606 1376 2674 putarunt.
1434 2599 1622 2670 Quare
1694 2605 1984 2664 nonnulla

269 2683 447 2742 etiam
507 2687 857 2746 monasteria
905 2687 1247 2760 hujusmodi
1297 2689 1642 2750 voluntaria;
1704 2691 1976 2752 observa-

271 2773 448 2833 tionis
492 2790 779 2849 normam,
811 2779 954 2836 tanti
1000 2778 1115 2837 viri
1149 2777 1436 2852 exemplo,
1478 2779 1752 2852 amplexa
1789 2787 1926 2840 sunt
1961 2802 1976 2842 :

271 2876 374 2936 per
401 2864 556 2938 quod
584 2865 824 2940 quidem
845 2866 1142 2939 integrum
1171 2868 1431 2928 triduum
1457 2868 1608 2927 intra
1639 2871 1983 2930 monasterii

271 2957 429 3026 septa
484 2953 559 3012 ab
607 2955 884 3015 omnibus
935 2956 1234 3016 silentium
1287 2959 1747 3019 constantissime
1782 2976 1979 3021 serva-

2065 1786 2345 1846 lionorem
2385 1787 2668 1858 decantat,
2712 1788 2815 1862 qui
2865 1805 2930 1847 ea
2976 1788 3246 1847 videlicet
3287 1787 3400 1860 die,
3451 1803 3566 1863 qua
3609 1787 3779 1847 Chri-

2062 1881 2186 1936 stus
2233 1877 2294 1936 in
2335 1892 2503 1936 cruce
2550 1892 2867 1952 suspensus
2911 1883 3016 1949 est,
3047 1875 3342 1951 jejunium
3393 1877 3661 1936 celebrat.
3706 1878 3780 1936 Et

2062 1966 2204 2040 quid
2245 1972 2349 2037 est,
2380 1966 2532 2040 quod
2577 1965 2786 2024 melliti
2833 1967 3180 2025 videbantur
3220 1982 3399 2040 panes
3444 1967 3507 2025 in
3552 1982 3777 2039 mensa,

2062 2054 2177 2113 nisi
2215 2060 2281 2114 ut
2321 2054 2511 2113 dulcia
2558 2055 2839 2114 nimirum
2891 2054 3127 2128 spiritus
3177 2054 3454 2114 alimenta
3508 2054 3776 2115 comede-

2063 2149 2210 2216 rent,
2241 2145 2384 2216 dum
2411 2158 2512 2216 per
2559 2141 3009 2202 amaritudinem
3045 2144 3234 2203 crucis
3265 2143 3464 2202 dulces
3495 2144 3612 2204 Deo
3641 2145 3776 2204 lau-

2061 2232 2204 2291 dum
2268 2231 2524 2290 melodos
2591 2229 2968 2290 resonarent?
3017 2233 3201 2292 Tanto
3272 2234 3485 2308 quippe
3552 2231 3777 2293 dulcior

2061 2327 2267 2394 gustus
2301 2320 2564 2379 exoritur
2599 2319 2661 2377 in
2696 2321 2882 2394 palato
2910 2320 3117 2392 cordis,
3147 2327 3365 2395 quanto
3395 2321 3579 2396 major
3612 2339 3775 2382 ama-

2061 2409 2256 2468 ritudo
2298 2409 2675 2468 districtionis
2711 2409 3006 2484 perturbat
3033 2410 3334 2468 lasciviam
3371 2412 3581 2469 carnis.
3621 2411 3774 2481 Quid

2061 2504 2148 2558 est
2174 2498 2346 2558 etiam
2376 2497 2600 2555 abbatis
2639 2513 2899 2555 mensam
2949 2497 3059 2557 sub
3107 2496 3324 2556 Christi
3369 2498 3774 2573 Redemptoris

2061 2591 2308 2666 pedibus
2338 2604 2570 2663 ponere,
2601 2589 2716 2647 nisi
2755 2603 2856 2662 per
2878 2589 3172 2662 jejunium
3211 2592 3396 2648 sextae
3431 2589 3612 2660 feriae,
3643 2605 3776 2665 quae

2060 2681 2184 2739 dies
2228 2680 2415 2738 crucis
2467 2683 2572 2748 est,
2604 2685 2789 2737 totum
2835 2679 3203 2738 refectorium
3234 2679 3547 2738 salutiferae
3587 2680 3781 2740 crucis

2059 2767 2358 2842 signaculo
2409 2766 2722 2826 dedicare?
2765 2767 2837 2824 Et
2885 2767 3026 2841 quid
3081 2773 3166 2826 est
3202 2768 3312 2827 sub
3351 2769 3620 2827 crucifixi
3658 2769 3780 2836 Do-_

2058 2857 2208 2916 mini
2248 2857 2494 2931 pedibus
2548 2856 2819 2927 residere,
2870 2855 2987 2914 nisi
3029 2863 3153 2930 post
3192 2857 3321 2931 ejus
3363 2857 3605 2931 vestigia
3644 2864 3777 2916 ten-

2058 2947 2212 3018 dere,
2278 2952 2334 3005 et
2387 2961 2490 3021 per
2542 2961 2702 3019 eum,
2752 2961 2868 3021 quo
2943 2961 3048 3006 nos
3111 2948 3422 3021 praecessit,
3483 2947 3777 3006 tramitem

272 3037 444 3148 batur
482 3063 497 3099 :
539 3057 647 3101 nec
692 3043 1028 3119 quisquam,
1086 3045 1202 3104 nisi
1257 3045 1612 3106 inevitabilis
1663 3035 2465 3148 necessitasc311133111311?1n

274 3127 577 3202 incideret,
631 3132 798 3206 prius
862 3134 976 3192 sibi
1025 3135 1412 3195 calceamenta
1455 3136 1754 3211 induebat,
1797 3156 1976 3214 quam

2135 3127 2274 3186 Haec
2317 3125 2429 3185 fuit
2477 3125 2592 3184 vita
2637 3125 2750 3184 viri
2797 3126 3165 3198 sanctissimi,
3193 3127 3321 3186 haec
3353 3131 3511 3202 gesta
3552 3141 3776 3185 memo-

268 3222 456 3278 totum
511 3221 854 3292 psalterium
902 3223 1322 3298 complevisset.
1380 3224 1694 3300 Scoparum
1747 3213 1984 3304 quoque
2064 3223 2215 3287 ratu,
2247 3221 2302 3274 et
2336 3215 2498 3304 omni
2535 3213 2918 3304 admiratione
2953 3216 3328 3290 dignissima;
3369 3216 3461 3274 his
3496 3215 3780 3290 gradibus

267 3323 403 3366 cum
447 3309 510 3367 in
553 3310 698 3384 loco,
734 3311 889 3386 quod
943 3313 1264 3388 capitulum
1318 3323 1544 3387 vocant,
1598 3319 1980 3393 susciperent,

272 3412 448 3470 quam
477 3400 784 3460 coenobitze
811 3401 1178 3476 disciplinam
1207 3410 1431 3476 vocant,
1456 3407 1650 3465 cuncti
1683 3407 1981 3482 jejunium

272 3488 439 3560 panis
466 3494 524 3547 et
563 3505 733 3565 aquae
763 3491 1089 3550 servabant.
1125 3492 1235 3552 Sed
1272 3500 1329 3552 et
1372 3499 1597 3552 sextam
1638 3496 1801 3554 omni
1836 3502 1981 3556 tem-

275 3592 412 3649 pore
463 3577 692 3652 feriam,
746 3588 956 3655 praeter
1007 3582 1324 3656 paschales,
1382 3589 1438 3644 et
1493 3584 1639 3645 alios
1692 3585 1982 3646 solemnes

275 3665 401 3726 dies
449 3669 671 3742 eadem,
705 3675 824 3730 tam
861 3671 1190 3745 disciplina,
1231 3689 1408 3749 quam
1439 3673 1688 3748 jejunio,
1728 3675 1803 3734 ob
1840 3692 1981 3734 san-

271 3763 378 3816 ctae
411 3760 601 3818 crucis
635 3761 1040 3835 reverentiam,
1079 3764 1468 3823 venerandam
1508 3765 1796 3824 exhibuit.
1839 3766 1981 3826 Haec

270 3850 468 3904 autem
508 3853 662 3907 tanto
701 3850 940 3924 quidem
979 3852 1382 3925 religiosorum
1419 3854 1727 3913 hominum
1771 3870 1980 3930 appro-

269 3934 402 3992 bata
450 3941 588 3994 sunt
626 3952 933 4008 consensu,
966 3945 1031 3998 ut
1074 3939 1219 3999 illud
1277 3939 1452 3998 etiam
1497 3941 1722 4000 illustre
1767 3940 1982 4004 Montis

270 4026 464 4085 Casini
504 4028 925 4088 monasterium
961 4045 1028 4088 ea
1063 4031 1261 4090 omnia
1298 4031 1409 4090 sibi
1445 4035 1726 4094 servanda
1764 4042 1979 4095 statue-

273 4114 368 4185 rit,
405 4121 462 4173 et
507 4118 661 4175 inter
707 4131 816 4176 sua
867 4118 1160 4192 regularia
1208 4126 1494 4194 praecepta
1538 4123 1824 4181 conscribi
1872 4140 1979 4183 vo-

273 4203 468 4263 luerit.
499 4203 669 4265 Libet
714 4207 824 4265 hoc
880 4208 1004 4267 loco
1049 4208 1335 4268 visionem
1381 4210 1616 4281 referre,
1653 4227 1771 4288 qua
1807 4213 1977 4272 miri-

271 4293 379 4350 tice
427 4295 490 4350 in
545 4294 944 4354 observatione
996 4303 1177 4356 sextae
1222 4297 1382 4356 ferias
1429 4315 1554 4358 mos
1601 4301 1978 4362 confirmatus

268 4389 392 4452 est;
443 4389 499 4442 et
545 4384 683 4458 quia
741 4385 906 4444 illam
961 4387 1204 4461 ipsemet
1254 4388 1571 4463 descripsit,
1620 4393 1746 4466 ejus
1800 4393 1977 4451 verba

271 4471 608 4532 subnectam
643 4495 656 4531 :
693 4498 721 4524 «ι
757 4473 827 4532 In
872 4476 1278 4549 aagrotantium
1327 4477 1470 4536 cella
1515 4495 1694 4538 senex
1740 4481 1978 4556 quidam

270 4565 432 4635 pater
477 4567 618 4629 erat,
657 4563 776 4624 Leo
818 4564 1074 4636 nomine,
1119 4565 1221 4640 qui
1255 4565 1516 4640 jejuniis,
1550 4567 1810 4641 psalmis,
1857 4585 1980 4628 ora-

270 4649 531 4710 tionibus
567 4651 871 4713 insistebat
904 4654 1180 4714 attentius
1208 4675 1222 4714 :
1252 4662 1307 4714 et
1338 4656 1473 4715 licet
1509 4657 1796 4731 corporeis
1831 4665 1980 4718 esset

272 4739 497 4799 viribus
533 4739 762 4812 effetus,
791 4741 1042 4814 juvenili
1089 4748 1281 4802 tamen
1326 4744 1536 4804 fervidi
1569 4746 1806 4820 spiritus
1859 4754 1980 4808 erat

269 4830 468 4905 vigore
501 4832 796 4892 robustus.
833 4832 944 4890 Hic
987 4835 1254 4908 proxima
1299 4842 1484 4910 nocte,
1517 4853 1631 4912 qua
1677 4839 1980 4898 statuenda

269 4926 392 4978 erat
439 4921 566 4981 haec
619 4937 863 4981 censura
897 4922 1135 4997 jejunii,
1177 4924 1322 4983 vidit
1374 4943 1473 5000 per
1527 4928 1821 4986 somnium
1860 4943 1980 4986 ma-

274 5025 460 5081 gnum
506 5011 570 5069 in
613 5011 870 5070 Ecclesia
923 5012 1166 5072 chorum
1207 5013 1650 5074 consistentium
1705 5017 1974 5091 fratrum,

269 5096 374 5172 qui
421 5113 628 5171 nempe
678 5101 974 5174 prteclaris
1025 5101 1286 5161 candidis
1340 5102 1600 5162 vestibus
1651 5104 1978 5164 luculenter

268 5184 482 5256 induti,
513 5185 812 5247 dulcisona
841 5189 978 5249 satis
1001 5207 1068 5250 ac
1090 5190 1375 5249 melliﬂua
1405 5191 1637 5250 melodii
1665 5199 1977 5254 concentus

270 5273 554 5334 suavitate
596 5277 903 5335 cantabant
937 5278 1088 5339 illud
1125 5279 1342 5339 scilicet
1378 5279 1654 5353 Alleluia,
1694 5283 1849 5357 quod
1884 5285 1976 5343 di-

271 5363 443 5434 citur,
503 5365 669 5421 Dulce
733 5367 964 5436 lignum,
1023 5369 1206 5425 dulces
1265 5371 1469 5435 clavos,
1523 5376 1629 5429 etc.
1689 5369 1978 5432 Videbant

272 5455 471 5523 etiam,
501 5452 655 5530 quod
681 5468 784 5528 per
810 5470 1015 5516 omnes
1042 5457 1328 5518 refectorii
1358 5475 1590 5520 mensas
1612 5477 1790 5535 panes
1813 5469 1979 5521 erant

2063 3304 2287 3364 aditum
2331 3303 2443 3362 sibi
2477 3304 2550 3362 ad
2593 3303 3085 3364 immortalitatem
3113 3305 3392 3375 nominis,
3423 3310 3478 3362 et
3508 3304 3579 3360 ad
3608 3309 3779 3362 aeter-

2066 3411 2202 3454 nam
2279 3394 2607 3453 felicitatem
2666 3396 2929 3470 patefecit
2988 3419 3001 3452 :
3055 3396 3225 3469 cujus
3273 3409 3406 3454 cum
3471 3399 3780 3452 maturum

2065 3491 2291 3558 tempus
2344 3485 2692 3556 advenisset,
2751 3485 2908 3544 Deus
2979 3484 3345 3555 omnipotens
3394 3483 3778 3542 constitutam

2063 3589 2229 3632 servo
2269 3573 2589 3632 mercedem
2619 3573 3042 3648 persoluturus,
3075 3572 3208 3632 fecit
3249 3580 3316 3633 ut
3342 3572 3598 3632 vicarius
3628 3586 3779 3631 suus

2064 3665 2396 3723 Alexander
2414 3665 2676 3740 pontifex
2689 3664 2984 3723 maximus
2993 3664 3221 3738 juberet
3240 3665 3282 3724 il
3294 3665 3333 3722 li
3349 3672 3412 3725 ut
3428 3664 3776 3723 Ravennam

2062 3758 2538 3833 proficisceretur.
2577 3759 2844 3818 Mittendi
2876 3774 3015 3818 vero
3051 3774 3225 3817 causa
3263 3757 3391 3816 haec
3428 3757 3539 3815 fuit
3572 3781 3585 3814 :
3617 3756 3778 3814 diem

2063 3863 2237 3908 suum
2285 3849 2476 3921 ejusce
2523 3847 2686 3907 urbis
2726 3849 3195 3923 archiepiscopus
3229 3848 3468 3919 obierat,
3501 3847 3602 3923 qui
3629 3849 3777 3908 dum

2063 3938 2303 4007 viveret,
2371 3939 2650 3997 adversus
2742 3939 3076 3998 Romanum
3149 3939 3480 4013 pontificem
3558 3954 3779 3998 cornua

2063 4036 2360 4099 erexerat;
2419 4029 2547 4088 ideo
2619 4030 2901 4088 Romamn
2976 4031 3187 4104 synodi
3245 4030 3534 4088 sententia
3589 4031 3780 4088 fuerat

2061 4119 2370 4178 damnatus
2398 4143 2410 4177 :
2443 4119 2584 4178 adeo
2617 4124 2806 4176 tamen
2841 4119 3187 4178 insolentem
3215 4119 3449 4193 gerebat
3483 4119 3777 4189 animum,

2063 4213 2130 4265 ut
2166 4222 2283 4264 non
2324 4206 2534 4265 idcirco
2579 4206 2923 4281 episcopalia
2973 4207 3378 4266 intermitteret
3417 4207 3642 4277 munia,
3675 4208 3777 4265 sed

2062 4315 2196 4358 cum
2245 4299 2500 4372 quodam
2539 4297 2820 4357 Romanae
2868 4297 3022 4356 sedis
3067 4304 3405 4372 contemptu
3455 4302 3777 4367 exerceret,

2064 4387 2460 4462 habueratque
2495 4385 2906 4461 obsequentem
2943 4386 3056 4445 sibi
3088 4386 3387 4460 populum.
3418 4385 3559 4444 Pius
3579 4390 3780 4443 autem

2001 4444 2328 4551 1)pontifex
2365 4444 2666 4535 'misertusl
2691 4482 2863 4535 tanta:
2914 4444 3248 4534 animarum
3280 4475 3546 4549 jacturaa,
3573 4473 3779 4532 virum

2066 4567 2520 4640 sanctissimum,
2563 4569 2738 4642 cujus
2782 4566 3088 4624 auctoritas
3138 4569 3195 4622 et
3248 4564 3398 4621 fama
3444 4579 3547 4636 per
3597 4569 3780 4621 totam

2064 4655 2291 4714 Italiam
2338 4657 2712 4714 celeberrima
2783 4661 2922 4722 erat,
2979 4669 3048 4712 eo
3109 4653 3286 4726 jussit
3355 4649 3656 4726 proficisci,
3706 4655 3776 4709 ut

2063 4747 2187 4806 sedi
2221 4746 2551 4820 apostolicae
2579 4745 2868 4817 rebellem
2919 4741 3204 4816 populum
3252 4739 3666 4809 reconciliaret,
3713 4744 3778 4797 et

2060 4833 2134 4891 ab
2174 4830 2793 4892 excommunicationis
2831 4828 3152 4888 absolveret
3190 4828 3492 4886 sententia.
3525 4825 3768 4884 Nullum

2060 4922 2220 4980 enim
2268 4921 2451 4995 magis
2492 4919 2790 4990 idoneum,
2821 4924 2922 4976 aut
2949 4917 3325 4977 eﬂicaciorem
3356 4915 3458 4974 illo
3504 4916 3771 4974 futurum

2059 5010 2283 5084 putavit
2306 5025 2573 5068 summus
2610 5015 2787 5083 pater.
2819 5005 3006 5076 Quam
3032 5005 3379 5080 legationem
3403 5004 3522 5074 ille,
3552 5010 3620 5061 ut
3645 5007 3775 5061 erat

2059 5101 2265 5160 salutis
2335 5099 2669 5158 animarum
2737 5097 3180 5156 ardentissimus
3254 5094 3483 5165 zelator,
3541 5092 3771 5151 tametsi

2052 5192 2175 5265 jam
2204 5192 2366 5250 senio
2394 5191 2708 5262 confectus,
2744 5189 2990 5248 libenter
3022 5187 3290 5259 suscepit,
3323 5185 3384 5242 in
3421 5199 3537 5256 qua
3566 5183 3770 5241 divina

2057 5282 2146 5340 illi
2190 5281 2374 5356 gratia
2415 5296 2534 5340 non
2575 5281 2762 5339 defuit
2802 5299 2817 5339 :
2859 5279 3145 5354 siquidem
3194 5275 3488 5333 civitatem
3536 5273 3770 5332 invenit

2057 5370 2313 5431 adventu
2363 5386 2468 5432 suo
2515 5369 2761 5429 mirifice
2812 5369 3083 5438 laetatam,
3121 5371 3176 5423 et
3213 5365 3303 5423 sui
3340 5361 3572 5422 veniam
3618 5377 3768 5422 com-

2056 5460 2222 5522 missi
2284 5467 2600 5537 rogantem.
2671 5459 2798 5531 Qua
2855 5459 3092 5532 quidem
3156 5453 3408 5528 benigne
3471 5468 3762 5524 concessa,

271 5542 536 5628 ΒΡΡοὲῙῐῘρ
563 5549 620 5618 ει
667 5543 855 5623 βρςςίθ
899 5545 1091 5618 nitidi.
1129 5551 1185 5605 et
1231 5548 1482 5614 nectarei
1525 5555 1730 5623 gustus
1778 5566 1975 5628 sapore
2060 5556 2252 5610 tantus
2300 5550 2412 5611 fuit
2466 5548 2665 5623 populi
2705 5548 2950 5624 plausus
2998 5550 3054 5604 et
3115 5542 3446 5615 exsultatio,
3484 5548 3760 5616 quantam
