4078 6202
189 194 296 282 157

959 257 966 260 -
1049 207 1632 290 PROLEGOMENA.
1677 262 1734 272 -
1781 229 1842 290 s.
1883 229 2108 290 PETRI
2147 231 2472 294 DAMIANI
2512 233 2694 294 VITA
2732 235 2836 296 III.

3505 279 3511 284 -
3572 235 3701 298 ‘158

180 365 304 409 non
343 349 508 410 facile
545 335 822 424 consequi
865 351 1060 412 verbis
1105 351 1398 429 quispiam
1433 360 1624 432 queat.
1667 353 1899 415 Peracta
1919 357 2158 420 Amodo
2206 358 2448 432 propius
2495 359 2840 432 accedebat,
2899 361 3072 420 modo
3125 359 3513 434 repellebatur
3564 359 3691 420 lon-

177 440 493 515 legatione,
543 441 788 502 Romam
837 443 1100 518 redibat;
1152 461 1406 520 cumque
1448 447 1786 507 Faventiam
1832 447 1905 505 ad

178 533 393 590 urbem
429 531 542 590 sibi
581 534 971 606 gratissimam
1001 537 1377 609 pervenisset,
1411 544 1467 596 et
1495 539 1568 596 ad
1611 545 1900 598 monaste-

181 620 342 678 rium
390 620 495 678 Dei
537 621 866 692 Genitricis,
905 624 1060 699 quod
1108 632 1246 685 tunc
1292 632 1455 686 extra
1503 641 1700 686 muros
1741 626 1921 686 urbis

177 715 323 779 erat,
355 708 702 782 divertisset,
744 710 802 767 in
845 711 1273 786 aagritudinem,
1304 731 1437 790 quae
1477 714 1564 773 illi
1607 716 1742 773 vitae
1789 714 1903 773 fuit

176 796 340 869 ﬁnis,
401 798 608 856 incidit
663 818 675 857 :
732 815 846 874 qua
893 802 1154 874 quotidie
1209 805 1394 877 magis
1442 803 1898 877 ingravescente,

174 889 367 946 octavi
424 889 539 947 diei
605 896 790 962 nocte,
860 908 1036 967 quam
1114 894 1358 954 celebris
1410 895 1697 954 cathedrm
1751 895 1899 954 beati

174 977 458 1053 principis
499 979 884 1053 apostolorum
937 983 1288 1058 sequebatur
1337 985 1482 1053 dies,
1538 985 1898 1057 intempestae

175 1067 369 1124 noctis
440 1066 674 1127 silentio
705 1116 722 1141 ,
786 1071 1228 1131 circumstantes
1304 1074 1514 1132 lectum
1589 1076 1902 1131 monachos

171 1155 422 1228 rogavit,
482 1164 544 1214 ut
594 1166 947 1219 nocturnum
1002 1169 1216 1220 sanctae
1284 1163 1572 1223 cathedrae
1642 1163 1899 1222 ofﬁcium

171 1254 641 1320 exsequerentur
674 1264 830 1324 :quo
868 1251 1035 1310 finito
1075 1268 1270 1326 parva:
1321 1269 1501 1313 morm
1529 1253 1732 1327 spatio,
1765 1252 1898 1310 feli-

167 1348 297 1392 cem
325 1333 447 1392 Deo
475 1335 743 1408 spiritum
786 1339 1036 1398 reddidit
1069 1359 1082 1399 :
1115 1347 1178 1400 ut
1226 1357 1340 1416 qua
1383 1342 1476 1400 die
1520 1343 1578 1400 in
1628 1340 1898 1414 pastorali

167 1423 446 1482 cathedra
528 1423 594 1482 B.
674 1426 908 1486 Petrum
983 1429 1236 1489 Ecclesia
1309 1431 1616 1502 locaverat,
1694 1431 1896 1488 eadem

167 1509 322 1570 Petri
369 1512 726 1588 discipulum
768 1516 828 1574 in
873 1516 1091 1576 cmlesti
1139 1519 1272 1577 sede
1324 1519 1552 1579 locaret.
1601 1518 1897 1578 Publicato

167 1599 324 1658 felici
378 1601 567 1674 obitu,
612 1620 839 1678 egressa
893 1612 980 1666 est
1018 1609 1092 1667 ad
1141 1609 1477 1668 venerabile
1526 1623 1734 1684 corpus
1777 1609 1898 1666 fere

1988 445 2122 518 gius
2169 464 2183 504 :
2237 447 2339 506 ubi
2415 447 2644 507 felicem
2695 464 2756 506 se
2822 449 3077 522 putabat,
3133 447 3238 522 qui
3291 451 3482 520 posset
3536 447 3699 510 illius

1988 548 2216 603 manus,
2248 534 2340 593 vel
2395 535 2586 609 pedes,
2619 535 2707 593 vel
2757 535 3097 596 linteamina
3131 535 3404 595 osculari.
3437 536 3508 594 Et
3561 537 3697 612 quia

1987 621 2057 681 de
2083 623 2292 681 vicinis
2331 631 2609 683 venerant
2635 624 2794 696 locis,
2825 641 2959 698 quas
2990 626 3092 684 diu
3129 625 3252 698 ipse
3279 624 3422 683 olim
3463 625 3698 684 inhabi-

1988 716 2228 782 taverat,
2275 711 2565 783 monachi,
2605 711 2852 770 adhibiti
2898 719 3037 770 sunt
3081 729 3116 770 a
3154 713 3367 786 populo
3407 712 3693 784 custodes,

1984 816 2057 858 ne
2095 816 2324 858 sacrum
2364 797 2437 858 ab
2479 801 2552 859 iis
2598 801 2840 859 cadaver
2880 803 3243 872 auferretur;
3272 802 3426 876 quod
3458 801 3694 860 demum

1982 887 2040 945 in
2075 889 2336 962 sepulcro
2367 904 2687 948 marmoreo
2712 890 2988 962 locarunt,
3021 890 3122 949 ubi
3150 907 3339 963 usque
3366 890 3428 949 in
3459 891 3695 948 hodier-

1983 996 2125 1038 num
2158 979 2312 1037 diem
2343 977 2542 1037 multis
2572 978 2848 1052 prodigiis
2875 986 3140 1038 sanctum
3171 980 3489 1037 antistitem
3518 994 3694 1040 suum

1983 1071 2136 1130 Deus
2178 1071 2467 1130 illustrem
2510 1086 2576 1129 ac
2630 1070 3016 1129 venerabilem
3053 1071 3282 1145 populis
3316 1071 3468 1129 facit.
3513 1070 3695 1144 Cujus

1981 1165 2227 1235 spectata
2278 1161 2507 1232 magnis
2549 1159 2910 1218 documentis
2957 1159 3103 1216 mira
3145 1160 3462 1229 sanctitate,
3519 1166 3694 1233 atque

1980 1250 2267 1320 facundia,
2300 1256 2586 1323 quantum
2628 1248 2792 1306 sidus
2839 1249 2896 1305 in
2941 1246 3196 1306 Ecclesia
3240 1248 3345 1306 Dei
3385 1248 3695 1321 exstiterit,

1979 1338 2080 1411 qui
2128 1353 2214 1408 ea,
2267 1352 2403 1410 qua;
2456 1337 2529 1395 de
2585 1336 2687 1394 illo
2737 1336 3139 1410 compendiose
3201 1335 3608 1410 descripsimus
3669 1355 3685 1394 :

1979 1427 2197 1500 quique
2250 1425 2573 1486 luculentus
2624 1441 2691 1483 ac
2733 1425 3144 1484 saluberrimos
3190 1424 3353 1485 illius
3397 1441 3694 1485 sermones

1981 1517 2247 1591 legerint,
2282 1517 2497 1589 testari,
2536 1517 2598 1575 ni
2636 1515 2827 1588 fallor,
2881 1516 3114 1575 abunde
3151 1521 3438 1590 poterunt.
3480 1517 3690 1576 Beatus

1979 1615 2176 1666 autem
2211 1607 2413 1667 Petrus
2466 1606 2618 1665 circa
2667 1622 2892 1666 annum
2943 1605 3160 1664 Christi
3201 1605 3585 1665 millesimum
3632 1611 3689 1665 et

169 1696 283 1748 tota
323 1691 554 1763 civitas,
597 1699 663 1754 ut
695 1696 1039 1758 conﬂuentis
1089 1698 1489 1760 multitudinis
1526 1716 1686 1759 sacra
1720 1697 2395 1782 mdes,Boctogesimum
2437 1695 2593 1756 diem
2638 1711 2812 1754 suum
2861 1694 3025 1767 obiit,
3055 1709 3306 1768 magnus
3348 1693 3691 1754 Faventiam

168 1783 232 1840 in
265 1797 388 1856 qua
413 1782 661 1856 jacebat,
693 1801 882 1863 capax,
911 1803 1032 1847 non
1061 1795 1212 1848 esset
1254 1809 1266 1848 :
1308 1795 1364 1848 et
1387 1805 1549 1850 more
1578 1789 1894 1860 undarum,

1979 1785 2143 1846 urbis
2170 1790 2451 1860 protector
2472 1790 2532 1843 et
2557 1790 2769 1848 custos.

1219 2099 1584 2216 BEATI
1668 2100 2032 2216 PETRI
2121 2097 2656 2216 DAMIANI

1687 2311 1896 2385 VITA
1947 2311 2185 2387 ALIA.

171 2454 270 2517 Ex
309 2457 674 2534 Augustino
726 2457 1058 2534 Fortunio,
1091 2463 1413 2524 monacho
1459 2463 1982 2543 congregationis
2027 2459 2584 2533 Camaldulensis,
2616 2461 2870 2523 ordinis
2913 2461 2984 2525 S.
3025 2462 3093 2523 P.
3132 2461 3479 2538 Benedicti,
3527 2463 3684 2526 libro

425 2559 654 2638 quinto
684 2557 1128 2632 Historiarum
1157 2561 1650 2628 Camaldulensi
1657 2582 1794 2638 um,
1827 2571 1890 2626 et
1907 2563 2122 2643 partis
2143 2561 2513 2643 posterioris
2540 2581 2584 2625 a
2617 2562 2831 2642 capite
2861 2561 2899 2627 6
2926 2578 3124 2642 usque
3153 2559 3244 2625 ad
3283 2563 3420 2626 144.

1733 2743 1881 2751 ..φ-ρ
1895 2747 1898 2749 λ

1899 2741 2117 2750 ..----.-

237 2862 448 2922 Petrus
522 2863 844 2927 Damianus
907 2865 1206 2927 Ravennae
1258 2872 1419 2927 ortus
1470 2873 1574 2938 est,
1639 2864 2107 2927 honestistuit
2149 2863 2529 2932 vestimentis,
2564 2870 2621 2922 et
2671 2864 2744 2921 ad
2802 2863 3056 2922 scholam
3097 2864 3256 2923 misit
3305 2865 3368 2922 in
3401 2879 3688 2936 gramma-

170 2953 536 3028 parentibus,
577 2955 676 3014 sed
728 2955 923 3030 parvis
965 2957 1174 3032 opibus
1218 2973 1284 3016 ac
1327 2956 1695 3018 facultatibus
1739 2972 1888 3030 prte-

169 3040 305 3100 ditis
333 3059 350 3112 ;
378 3057 556 3116 quem
605 3058 742 3104 cum
775 3049 960 3108 mater
996 3052 1350 3120 postremum
1398 3045 1712 3119 genuisset,
1739 3045 1889 3104 acci-

169 3129 252 3188 dit
276 3131 529 3205 quadam
567 3131 682 3201 die,
719 3139 786 3193 ut
813 3134 1262 3206 grandiusculus
1291 3133 1451 3194 ﬁlius
1494 3150 1614 3208 prae
1644 3149 1891 3208 pauper-

171 3224 282 3276 tate
350 3227 735 3294 quzereretur,
792 3228 849 3281 et
922 3223 1277 3282 exclamaret
1333 3243 1346 3282 :
1404 3223 1550 3282 Ecce
1615 3225 1738 3298 jam
1813 3228 1893 3282 tot

170 3322 399 3377 sumus,
427 3316 570 3382 quot
598 3310 807 3370 domus
849 3328 956 3371 nos
1000 3313 1245 3372 minime
1273 3328 1476 3388 capere
1516 3320 1716 3390 potest.
1749 3313 1891 3385 Qui-

171 3395 282 3453 bus
317 3396 517 3455 verbis
563 3405 744 3459 mater
794 3416 854 3460 se
904 3401 1365 3461 infelicissimam
1411 3418 1711 3474 accusans,
1739 3404 1893 3478 quod

170 3485 423 3544 nimium
459 3487 664 3548 fertilis
694 3494 865 3560 esset,
895 3507 971 3550 ex
1007 3506 1076 3550 ea
1113 3492 1256 3552 hora
1293 3491 1380 3550 lac
1410 3493 1700 3552 infantulo
1725 3493 1892 3554 Petro

173 3589 387 3646 negare
439 3577 614 3651 erepit
662 3598 676 3637 :
717 3579 1018 3653 nullisque
1064 3581 1194 3656 ejus
1234 3580 1552 3655 ploratibus
1593 3598 1660 3642 ac
1709 3583 1894 3658 ejula-

172 3663 325 3721 tibus
351 3672 662 3731 commota.
692 3667 865 3728 illum
907 3669 1141 3742 frigoris
1167 3668 1360 3743 algore
1409 3686 1476 3728 ac
1516 3671 1669 3730 fame
1709 3671 1893 3746 perire

170 3752 251 3810 nil
301 3761 492 3812 curat.
521 3754 590 3814 Id
621 3757 870 3818 audiens
899 3759 1168 3834 quadam
1199 3759 1394 3818 vicina
1423 3759 1636 3833 pellex,
1664 3760 1766 3820 illo
1792 3777 1892 3820 ac-

168 3843 369 3912 currit,
409 3850 467 3902 et
507 3846 708 3904 matris
753 3848 1150 3911 crudelitatem
1195 3853 1403 3912 acriter
1442 3869 1711 3925 arguens,
1753 3854 1892 3913 effe-

167 3939 360 3992 ratum
389 3933 656 3995 animum
694 3943 822 4010 post
867 3939 1112 3999 multam
1153 3942 1612 4003 adhortationem
1656 3945 1890 4003 tandem

167 4022 357 4093 leniit,
411 4039 588 4099 seque
639 4025 728 4084 illi
783 4028 997 4088 sociam
1047 4031 1234 4091 multa
1281 4033 1534 4108 jungens
1589 4034 1889 4106 charitate,

165 4109 373 4194 calidis
427 4113 618 4185 aquis,
657 4115 889 4188 pannis,
936 4117 1188 4191 aliisque
1233 4121 1574 4194 opportunis
1619 4121 1890 4183 remediis

1973 2952 2102 3012 ticis
2127 2951 2332 3014 studiis
2370 2951 2756 3016 erudiendum
2796 2971 2810 3012 ε
2844 2967 3022 3026 quem
3051 2967 3188 3012 cum
3219 2952 3437 3025 optimo
3473 2952 3691 3027 praedi-

1975 3047 2097 3104 tum
2149 3042 2384 3115 ingenio
2421 3043 2805 3114 cognovisset,
2854 3048 2910 3100 et
2954 3042 3027 3102 ad
3079 3042 3498 3117 amplexandas
3543 3044 3690 3102 alias

1972 3135 2310 3208 disciplinas
2380 3134 2679 3207 idoneum,
2741 3134 3079 3193 Faventiam
3140 3133 3420 3208 primum,
3477 3133 3689 3194 deinde

1975 3223 2242 3282 Parmam
2278 3223 2458 3296 misit,
2487 3239 2552 3282 ac
2589 3223 2752 3292 fovit,
2781 3229 2847 3283 ut
2883 3223 3065 3283 doctis
3099 3223 3244 3282 viris
3277 3237 3511 3296 operam
3550 3222 3690 3281 dare

1972 3312 2438 3372 commodissime
2476 3319 2685 3386 posset.
2732 3312 2839 3372 Ubi
2876 3329 3011 3372 cum
3065 3312 3230 3372 brevi
3281 3311 3484 3370 Petrus
3531 3310 3688 3370 mul-

1977 3408 2101 3460 tum
2134 3401 2486 3476 profecisset,
2518 3417 2729 3462 nomen
2767 3402 3028 3460 Damiani
3062 3402 3136 3459 ab
3174 3401 3303 3473 ejus
3340 3401 3578 3458 nomine
3609 3399 3692 3458 sic

1973 3491 2300 3563 usurpavit,
2326 3495 2392 3548 ut
2424 3507 2486 3549 se
2524 3489 2760 3549 Petrum
2801 3489 3067 3548 Damiani
3106 3505 3333 3563 semper
3369 3489 3694 3547 subscribe-

1976 3584 2080 3637 ret.
2111 3577 2412 3652 Tantaque
2463 3577 2575 3636 fuit
2616 3578 2678 3636 in
2721 3576 3222 3651 apprehendendis
3256 3577 3544 3636 bonarum
3594 3593 3689 3635 ar-

1977 3667 2120 3726 tium
2171 3666 2498 3740 disciplinis
2532 3667 2658 3740 ejus
2694 3666 2966 3738 eruditio,
3017 3671 3240 3724 tantum
3300 3665 3577 3738 nominis,
3624 3681 3692 3724 ac

1973 3758 2148 3818 famae
2195 3757 2438 3818 studiosi
2485 3756 2742 3832 juvenis,
2784 3772 2852 3816 ac
2903 3755 3103 3815 diserti
3145 3755 3258 3814 sibi
3309 3755 3686 3830 comparavit,

1972 3854 2040 3908 ut
2069 3847 2374 3907 rhetoricas
2419 3851 2477 3905 et
2503 3845 2853 3920 eloquentiae
2881 3843 3188 3904 volumina
3229 3844 3291 3902 in
3335 3859 3548 3918 magna
3583 3861 3690 3906 au-

1972 3937 2226 3996 ditorum
2310 3934 2654 4009 frequentia,
2710 3933 3001 4010 explicare
3049 3950 3086 3993 a
3139 3933 3554 4007 condiscipulis
3635 3940 3694 3994 et

1971 4027 2200 4101 magnis
2222 4027 2367 4086 viris
2397 4027 2471 4087 sit
2501 4031 2751 4086 coactus.

2042 4121 2190 4180 Cum
2240 4136 2377 4180 vero
2425 4124 2704 4180 cresceret
2739 4119 2803 4178 in
2843 4119 2968 4178 dies
3016 4118 3316 4178 favoribus
3364 4117 3687 4191 gratiaque,

165 4191 465 4269 adhibitis,
506 4201 856 4262 seminecem
902 4205 1208 4281 infantem,
1406 4209 1511 4268 vix
1554 4209 2188 4290 palpitabat,Ddivitiis
2243 4224 2478 4286 quoque
2523 4213 2580 4268 et
2624 4207 2981 4279 auctoritate,
3027 4211 3262 4282 repente
3313 4206 3517 4266 divino
3569 4206 3688 4282 spi-

167 4289 387 4348 nedum
416 4290 574 4349 vocis
601 4305 812 4351 sonum
834 4293 1139 4366 emitteret,
1162 4297 1470 4357 revocandi
1493 4298 1563 4356 ad
1587 4298 1766 4358 vitam
1788 4289 1935 4360 ex."
1973 4299 2090 4359 ritu
2145 4300 2394 4373 afﬂatus,
2453 4300 2713 4374 seipsum
2761 4299 3041 4373 increpat,
3095 4297 3295 4356 dicens
3345 4317 3360 4356 :
3409 4297 3689 4371 Nunquid

165 4379 310 4438 stitit
334 4380 588 4440 auctrix.
616 4381 848 4442 Exinde
873 4398 1020 4458 puer
1041 4385 1355 4447 ablactatus
1383 4391 1631 4464 utroque
1656 4391 1892 4451 orbatur

166 4476 422 4543 parente,
473 4485 748 4547 curasque
803 4474 1150 4536 commissus
1193 4479 1388 4538 fratris
1420 4481 1655 4557 majoris
1701 4486 1885 4542 natu:

166 4561 267 4632 qui
307 4559 416 4619 ubi
455 4577 702 4622 uxorem
739 4563 932 4640 duxit,
966 4567 1203 4629 Petrum
1243 4571 1606 4646 superﬂuum
1650 4571 1887 4632 fratrem

164 4649 280 4707 acri
329 4649 617 4710 servitute
654 4668 914 4727 premere
958 4673 1024 4716 ac
1072 4659 1414 4720 verberibus
1461 4661 1685 4722 allicere
1728 4679 1885 4723 nun-

164 4751 342 4826 quam
395 4738 587 4811 desiit,
619 4741 802 4801 donec
839 4744 1012 4804 illum
1063 4762 1372 4819 porcorum
1414 4766 1648 4826 quoque
1690 4758 1886 4812 custo-

165 4823 296 4884 dem
366 4827 524 4886 fecit.
590 4829 660 4889 In
711 4847 777 4892 eo
838 4833 946 4892 vili
997 4835 1328 4910 magisterio
1376 4823 1600 4912 positus
1659 4840 1881 4912 Petrus,

167 4921 391 4988 reperto
440 4918 691 4992 quadam
756 4921 850 4980 die
899 4938 1143 4984 nummo
1187 4933 1479 5002 argenteo,
1511 4945 1708 4989 secum
1755 4947 1889 5003 gra-

167 5003 529 5064 tulabundus
555 5009 839 5081 cogitabat
858 5012 1000 5086 quid
1021 5029 1096 5072 ex
1119 5030 1187 5073 eo
1213 5023 1462 5089 emeret;
1496 5020 1728 5078 tandem
1755 5035 1892 5080 vero

163 5093 446 5165 piissimae
503 5097 718 5156 mentis
750 5097 905 5158 intra
941 5117 1002 5160 se
1038 5102 1190 5162 dixit
1224 5127 1237 5163 :
1278 5104 1528 5180 Expedit
1563 5109 1674 5167 hoc
1705 5125 1892 5168 sacer-

161 5181 278 5239 doti
319 5183 565 5256 tradere,
605 5186 710 5262 qui
745 5202 872 5246 rem
927 5205 1150 5250 sacram
1185 5208 1290 5268 pro
1328 5195 1527 5254 anima
1561 5199 1742 5270 patris
1776 5199 1893 5258 mei

164 5270 348 5362 faciat.
403 5271 541 5332 Erat
581 5276 638 5333 ei
688 5275 842 5335 alius
890 5278 1066 5340 frater
1117 5281 1436 5345 Damianus
1482 5287 1742 5359 nomine,
1790 5288 1893 5362 qui

161 5357 388 5434 aliquot
420 5375 609 5421 annos
643 5378 680 5422 a
718 5366 902 5438 patria
936 5367 1220 5430 abfuerat.
1259 5371 1318 5431 Is
1356 5372 1608 5446 rediens,
1645 5381 1702 5434 et
1730 5357 1889 5435 Petri

168 5448 360 5539 tratris
432 5450 744 5515 miseratus
812 5472 1132 5532 aerumnas,
1185 5463 1372 5537 patrio
1429 5470 1612 5525 tactus
1668 5481 1886 5539 amore,

169 5538 381 5602 exemit
414 5555 555 5607 mox
588 5541 761 5608 illum
784 5544 870 5608 .de
901 5548 1220 5616 miserabili
1260 5551 1562 5626 servitute,
1591 5555 1761 5616 novis
1802 5538 1889 5616 in?-

1972 4405 2077 4463 ego
2131 4389 2226 4448 his
2281 4390 2516 4451 caducis
2569 4394 2626 4448 et
2683 4389 3009 4448 interituris
3065 4393 3345 4463 perpetuo
3404 4388 3693 4448 inhaerere

1971 4478 2202 4540 debeo?
2250 4482 2344 4539 An
2404 4495 2523 4539 non
2573 4478 2765 4554 potius
2809 4479 2903 4537 his
2962 4479 3207 4552 rejectis,
3243 4477 3496 4536 ctelestia
3547 4493 3688 4536 con-

1967 4573 2168 4639 secter,
2207 4569 2350 4627 dum
2388 4573 2528 4627 astas
2564 4567 2742 4640 viget,
2770 4566 2914 4625 dum
2946 4581 3220 4640 prospera
3262 4565 3575 4624 mulcent?
3600 4566 3692 4625 Ex

1967 4675 2083 4736 quo
2131 4660 2224 4719 die
2260 4658 2530 4733 quamvis
2571 4657 2877 4718 exterioris
2908 4657 3101 4716 cultus
3138 4655 3324 4729 specie
3361 4659 3551 4729 tegere
3593 4657 3691 4714 ni-

1966 4752 2201 4820 teretur,
2247 4746 2403 4821 quod
2454 4748 2651 4807 animo
2698 4750 3055 4820 conceperat,
3107 4744 3460 4819 pedetentim
3501 4747 3690 4801 tamen

1965 4855 2000 4897 a
2029 4835 2342 4898 mundanis
2374 4837 2581 4897 studiis
2617 4837 2691 4896 ad
2735 4852 2956 4896 sacram
2992 4849 3261 4895 revocare
3297 4832 3522 4892 studuit
3557 4833 3691 4905 phi-

1970 4930 2318 5005 losophiam,
2371 4935 2602 5004 totoque
2649 4929 2862 4988 mentis
2907 4927 3120 4987 aﬂ‘ectu
3167 4924 3496 4985 caelestibus
3538 4923 3692 4997 aspi-

1973 5037 2108 5079 rans
2154 5017 2344 5090 bonis,
2391 5019 2595 5078 subtus
2641 5018 2901 5078 cilicium
2953 5015 3166 5086 induit,
3217 5011 3482 5088 jejuniis,
3540 5011 3698 5084 vigi-

1974 5111 2190 5185 liisque
2223 5116 2282 5169 et
2317 5110 2680 5169 orationibus
2727 5107 2966 5167 sedulus
3013 5103 3322 5164 incumbit.
3350 5102 3505 5162 Dum
3552 5117 3692 5163 vero

1975 5201 2165 5258 carnis
2193 5200 2447 5258 stimulis
2471 5216 2576 5274 pro
2598 5195 2928 5272 juventutis
2951 5210 3129 5254 cursu
3155 5211 3217 5253 se
3243 5193 3450 5268 agitari
3482 5194 3692 5252 acriter

1975 5290 2171 5360 sentit,
2202 5289 2295 5348 vel
2334 5289 2542 5348 mediis
2569 5287 2836 5346 noctibus
2868 5285 3075 5360 surgit,
3107 5284 3448 5345 ﬂuvialibus
3475 5300 3538 5344 se
3575 5284 3689 5342 im-

1974 5378 2184 5452 mergit
2213 5377 2382 5451 aquis
2410 5400 2424 5434 :
2457 5374 2667 5434 deinde
2701 5389 3017 5449 regressus,
3048 5387 3168 5433 non
3206 5373 3422 5432 lectum
3469 5371 3699 5446 repetit,

1971 5465 2069 5525 sed
2119 5470 2231 5523 tem
2241 5461 2333 5536 pla
2379 5459 2752 5532 circumiens,
2780 5457 3120 5534 psalterium
3163 5467 3297 5521 ante
3345 5460 3696 5534 matutinam

1970 5557 2171 5616 horam
2196 5553 2484 5629 complere
2508 5550 2721 5612 studet.
