4078 6202
362 266 460 328 159

1272 269 1330 329 S.
1376 268 1670 329 PETBUS
1710 267 2100 331 DAMIANUS
2143 270 2200 330 S.
2243 271 2314 331 R.
2358 272 2422 328 E.
2465 272 2944 335 CARDINALIS.

3759 268 3867 328 160

426 395 738 456 Munificus
773 396 912 454 item
969 409 1101 469 erga
1131 409 1410 469 pauperes
1450 393 1662 452 Christi
1701 395 1900 465 factus,
1936 395 2065 456 illos
2085 400 2401 471 Aquatuor
2456 399 2580 456 dies
2630 399 2691 456 in
2746 399 3106 458 hebdomada
3160 398 3217 454 in
3272 412 3418 470 pane
3457 400 3513 454 et
3560 411 3709 468 aqua
3758 403 3866 455 tra-

357 487 688 558 frequenter
709 484 779 542 ad
803 484 1112 558 prandium
1136 490 1314 543 vocat.
1346 483 1511 541 Unde
1531 499 1664 541 cum
1691 487 1939 557 quadam
1968 487 2063 544 die

355 591 486 635 cum
512 576 692 634 sodali
720 577 1043 650 pranderet,
1069 591 1176 633 nec
1200 574 1362 632 aliud
1387 575 1621 633 haberet
1649 591 1825 651 quam
1854 593 2063 649 panem

357 668 598 727 unicum
636 683 709 726 ex
757 667 1087 740 similagine
1134 665 1329 738 tritici,
1379 667 1644 740 socioque
1687 668 2066 727 secundarius

354 760 521 830 panis
602 757 960 816 famulorum
1007 757 1210 815 fuisset
1265 757 1608 830 appositus;
1671 757 1872 817 Petrus
1926 775 2065 817 mox

358 862 555 907 secum
581 847 740 920 loqui
769 847 942 920 coepit
975 869 988 903 :
1022 843 1286 902 Christus
1314 846 1383 903 ad
1415 861 1674 904 mensam
1702 861 1890 903 meam
1918 847 2065 904 mibi

356 938 598 996 inferior
622 937 744 994 est?
770 936 841 992 Et
868 935 1021 1009 quod
1051 933 1326 1008 injuriam
1356 935 1508 992 socio
1540 935 1761 992 fecisset
1799 935 2066 993 animad-

358 1034 608 1098 vertens,
637 1025 865 1100 spinam
894 1025 1068 1098 piscis
1100 1024 1161 1081 in
1193 1031 1424 1097 gutture
1459 1023 1570 1081 sibi
1600 1025 1904 1082 inhmsisse
1933 1039 2066 1096 per-

362 1114 559 1185 sensit,
593 1129 708 1188 qua
733 1112 1188 1185 strangularetur
1220 1135 1231 1168 :
1273 1112 1427 1185 quod
1455 1119 1683 1185 propter
1721 1111 2067 1170 dissimilem

362 1206 556 1276 ipsum
602 1218 812 1276 panem
851 1201 1003 1260 socio
1038 1199 1390 1273 assignatum
1437 1201 1545 1259 sibi
1600 1201 1874 1260 accidisse
1904 1201 2066 1274 judi-

359 1307 518 1362 cans,
553 1291 710 1348 illico
737 1306 948 1362 panem
976 1304 1110 1347 cum
1149 1288 1301 1346 socio
1340 1288 1736 1357 commutavit,
1765 1289 2068 1362 primoque

363 1381 488 1452 ejus
513 1381 649 1438 bolo
677 1395 737 1437 se
765 1380 1130 1437 convaluisse
1158 1378 1448 1451 cognovit,
1480 1377 1932 1450 laetissimusque
1961 1377 2070 1434 mi-

364 1471 625 1528 raculum
652 1469 877 1527 cunctis
906 1460 1146 1542 aperuit.

435 1558 531 1618 Sic
558 1574 695 1631 ergo
723 1559 784 1615 in
817 1557 972 1616 bivio
1004 1558 1342 1631 Pythagorze
1373 1558 1610 1630 positus,
1639 1557 1915 1614 dextrum
1950 1555 2068 1613 cal-

365 1650 476 1707 lem
509 1650 906 1723 arripiendum
961 1653 1257 1719 statuens;
1309 1648 1449 1706 dum
1489 1649 1558 1706 de
1607 1645 2071 1705 abrenuntiando

2146 489 2359 547 ducere
2410 512 2424 545 :
2490 487 2656 546 tertia
2709 496 2764 546 et
2812 488 3016 561 quinta
3073 487 3214 546 feria
3267 503 3475 561 parum
3551 487 3869 560 leguminis

2147 577 2364 650 singuli
2388 577 2616 647 addere,
2641 576 2922 653 panisque
2943 592 3062 634 non
3088 582 3371 650 quantum
3397 575 3649 650 quisque
3672 575 3863 646 vellet,

2148 669 2248 725 sed
2274 675 2425 726 certa
2455 684 2729 727 mensura
2766 668 2976 726 diebus
3003 667 3212 741 jejunii
3248 666 3492 741 prieberi
3521 685 3533 723 :
3567 665 3770 724 vinum
3800 666 3865 724 in

2149 756 2429 815 sacriﬁcio
2466 757 2659 815 missze
2699 761 2949 828 tantum,
2980 762 3155 830 atque
3191 755 3602 827 aegrotantibus
3635 761 3865 826 notum,

2149 845 2300 903 nulli
2330 852 2644 919 praetcrea:
2677 845 3049 919 nudipedalia
3086 845 3144 902 in
3181 844 3343 903 omni
3381 851 3638 918 tempore
3676 852 3867 918 gesta-

2151 949 2234 1005 re,
2286 936 2510 1008 rejectis
2567 935 2785 1009 caligis.
2820 935 2885 992 In
2939 951 3054 1008 quo
3109 950 3320 1009 genere
3372 933 3509 991 vitae
3554 934 3756 992 Petrus
3805 948 3869 991 se

2151 1025 2575 1084 studiosissime
2605 1040 2900 1091 exercens,
2932 1024 3078 1083 illud
3105 1023 3383 1082 addebat:
3418 1039 3554 1082 nam
3580 1039 3711 1082 cum
3731 1029 3867 1080 ante

2152 1113 2498 1172 matutinam
2537 1114 2811 1188 synaxim
2845 1113 3065 1186 singuli
3095 1114 3165 1171 de
3205 1129 3364 1171 inore
3397 1112 3736 1184 psalterium
3773 1126 3866 1168 re-

2151 1203 2422 1272 citarent,
2459 1201 2624 1275 signo
2656 1202 2967 1275 temperius
2996 1209 3339 1274 personante
3363 1247 3377 1270 ,
3411 1200 3508 1258 ille
3538 1201 3687 1274 signi
3718 1209 3870 1260 tem—

2153 1309 2261 1366 pus
2305 1293 2556 1350 nimium
2597 1292 2979 1366 praeveniens,
3011 1298 3237 1365 pr0pter
3285 1291 3497 1348 nimias
3531 1290 3760 1364 vigilias
3803 1293 3866 1350 in

2153 1395 2289 1438 eum
2319 1379 2521 1437 incidit
2541 1380 2827 1446 morbum,
2853 1388 2918 1438 ut
2942 1379 3288 1438 beneficium
3316 1379 3528 1448 somni,
3556 1377 3692 1436 laeso
3717 1395 3872 1438 cere-
3915 1425 3933 1444 .

2154 1471 2276 1540 bro,
2303 1470 2600 1540 amiserit;
2645 1471 2744 1528 sed
2787 1469 3061 1528 adhibitis
3107 1469 3561 1537 medicamentis,
3588 1468 3692 1526 Dei
3737 1485 3868 1540 gra-

2155 1561 2253 1628 tia,
2281 1560 2595 1617 convaluit.
2639 1561 2902 1634 Cumque
2945 1575 2977 1615 a
3018 1559 3272 1617 docendo
3321 1565 3376 1615 et
3424 1557 3726 1616 scribendo
3764 1559 3873 1616 vix

2155 1649 2336 1709 ullam
2364 1651 2618 1724 quietem
2650 1651 2904 1720 accipere
2933 1655 3140 1722 posset,
3173 1653 3329 1705 tanta
3351 1647 3686 1704 divinarum
3711 1646 3869 1706 Scri-

363 1736 576 1794 saeculo
637 1751 831 1795 secum
909 1735 1137 1809 cogitat,
1186 1745 1241 1793 et
1293 1735 1582 1808 quomodo
1643 1739 1809 1791 extra
1861 1732 2073 1822 patrios
2095 1747 2460 1822 Bpturarum
2492 1739 2731 1796 scientia
2764 1738 2957 1796 clarus
2988 1736 3187 1794 haberi
3215 1735 3405 1808 ccepit,
3440 1743 3658 1810 quanta
3707 1735 3875 1810 prius

364 1827 510 1883 lines
567 1825 628 1882 id
680 1831 930 1898 praestet,
961 1824 1166 1882 accidit
1211 1829 1277 1883 ut
1317 1823 1435 1883 duo
1491 1825 1694 1882 fratres
1742 1839 1816 1881 ex
1869 1821 2072 1880 solitu-

363 1913 501 1971 dine
531 1913 731 1972 Fontis
765 1913 1036 1972 Avellani
1062 1911 1290 1972 cmlitus
1316 1913 1602 1986 inspirati,
1631 1914 1703 1972 ad
1731 1912 1901 1971 illum
1931 1913 2074 1970 forte

367 2004 653 2073 venerint,
695 2018 842 2075 quos
889 2017 1022 2060 cum
1072 2003 1476 2073 interrogasset
1517 2001 1668 2059 inter
1715 2001 2074 2074 loquendum

364 2091 438 2148 de
477 2089 804 2164 aliquorum
847 2090 1239 2159 conversione,
1279 2089 1454 2147 simul
1505 2097 1702 2148 utrum
1755 2091 1878 2164 ipse
1924 2104 2072 2164 quo-

365 2194 482 2250 que
527 2177 590 2234 in
644 2179 1056 2236 monasterium
1099 2178 1171 2234 ab
1210 2178 1414 2235 abbate
1453 2179 1822 2251 reciperetur,
1855 2185 1911 2234 et
1963 2177 2074 2249 ipsi

365 2265 607 2325 omnino
647 2273 1016 2339 recepturum
1055 2265 1522 2339 respondissent;
1566 2272 1704 2324 tunc
1735 2265 1921 2324 voluit
1957 2264 2074 2322 illis

362 2357 500 2414 dare
550 2356 832 2429 scyphum
881 2363 1238 2429 argenteum,
1299 2371 1477 2429 quem
1531 2356 1603 2413 ab
1655 2355 1920 2413 abbatem
1968 2355 2073 2412 de-

367 2448 602 2505 ferrent.
653 2446 814 2516 Quod
867 2463 1001 2505 cum
1053 2447 1140 2504 illi
1195 2447 1382 2504 facere
1434 2447 1874 2516 recusavissent,
1920 2445 2074 2519 quod

365 2551 473 2594 nec
501 2535 677 2594 abbas
715 2535 778 2592 iu
818 2540 1054 2608 argento
1095 2534 1332 2602 biberet,
1367 2550 1472 2591 nec
1515 2533 1826 2591 monachos
1865 2533 1950 2590 fas
1991 2538 2076 2590 est

365 2639 577 2682 aurum
615 2622 706 2682 vel
745 2629 1050 2695 argentum
1090 2637 1286 2680 secum
1326 2621 1556 2690 habere,
1583 2621 1688 2694 qui
1725 2621 2077 2695 paupertatis

367 2717 568 2771 votum
593 2712 838 2787 professi
869 2717 1042 2782 sunt;
1079 2711 1337 2769 laudavit
1371 2711 1573 2770 Petrus
1610 2726 1811 2770 eorum
1838 2725 2072 2784 respon-

367 2817 520 2871 sum,
544 2809 601 2858 et
628 2808 958 2874 conceptam
982 2799 1053 2857 de
1081 2800 1192 2858 loci
1217 2800 1512 2858 sanctitate
1537 2799 1869 2874 opinionem
1892 2799 2077 2873 magis

370 2907 436 2950 ac
468 2891 654 2964 magis
684 2891 991 2950 roboravit.

439 2981 524 3039 Ne
575 2987 768 3040 autem
811 2997 932 3039 rem
979 2989 1192 3041 tantam
1243 2982 1479 3056 aggredi
1529 2983 1655 3041 sine
1701 2982 2076 3041 fundamento

369 3069 662 3130 videretur
699 3075 763 3129 ut
807 3072 1152 3145 prudentem
1189 3087 1256 3129 ac
1296 3071 1608 3146 sapientem
1654 3070 1846 3129 virum
1891 3070 2052 3127 decet

366 3159 691 3232 periculum
720 3165 852 3218 ante
889 3162 1085 3219 omnia
1122 3162 1308 3219 facere
1345 3161 1550 3231 voluit,
1576 3166 1775 3219 utrum
1807 3158 2078 3218 monasti-

365 3265 449 3306 cae
479 3249 615 3307 vitae
644 3248 898 3307 laborem
936 3257 1086 3308 esset
1122 3251 1376 3322 laturus,
1411 3251 1815 3324 profectusque
1847 3249 1918 3307 ad
1956 3263 2078 3306 οω-

367 3340 612 3398 nobium
645 3338 704 3398 S.
738 3339 934 3398 Maria:
961 3342 1032 3399 ad
1078 3341 1238 3400 littus
1284 3342 1461 3399 maris
1507 3341 1769 3408 Adriani,
1803 3348 1866 3399 ut
1909 3340 2080 3397 edicit

370 3426 580 3484 Dantes
606 3428 847 3499 (Parad.,
883 3435 1034 3486 cant.
1073 3428 1184 3498 21),
1216 3428 1478 3487 exercuit
1513 3445 1574 3486 se
1603 3428 1685 3486 ibi
1721 3427 2078 3501 quadragin-

371 3521 425 3573 ta
474 3515 683 3575 diebus
715 3519 785 3575 ad
835 3518 1116 3575 eremitici
1158 3517 1364 3590 rigoris
1409 3517 1877 3586 similitudinem,
1904 3517 2080 3574 robo-

371 3609 646 3678 ratusque
675 3606 949 3673 multum,
981 3605 1232 3664 subinde
1267 3605 1413 3663 clam
1450 3605 1787 3678 parentibus
1815 3612 1870 3662 et
1905 3603 2076 3673 notis,

367 3695 438 3752 ad
462 3711 723 3754 eremum
750 3697 1092 3755 Avellanam
1121 3697 1540 3768 commigravit.
1571 3696 1660 3753 Ibi
1686 3711 1820 3768 ergo
1845 3701 2078 3766 gratan-

370 3791 454 3841 ter
483 3792 800 3857 susceptus,
829 3792 884 3842 et
904 3786 1223 3844 monachus
1245 3785 1489 3844 humilis
1517 3791 1571 3843 et
1592 3785 1846 3859 abjectus
1872 3785 2074 3853 factus,

371 3873 731 3946 magistrum,
792 3876 1045 3933 tironum
1100 3891 1278 3946 more,
1331 3877 1641 3933 discretum
1695 3875 1919 3942 habuit,
1974 3875 2078 3947 qui

370 3963 496 4036 ejus
524 3963 723 4021 virtuti
753 3964 1004 4024 multum
1032 3980 1256 4037 semper
1285 3964 1503 4022 tribuit.

441 4053 649 4111 Jussus
674 4059 866 4111 autem
897 4053 1147 4126 quadam
1186 4053 1282 4111 die
1313 4068 1508 4111 secum
1545 4054 1821 4128 equitare,
1849 4063 1904 4114 et
1949 4057 2077 4134 pul-

370 4142 655 4200 chriorem
683 4150 898 4200 vestem
940 4142 1217 4215 accipere,
1251 4143 1471 4214 rogavit
1506 4144 1677 4202 illum
1708 4145 1910 4203 Petrus
1939 4163 2078 4221 sup-

372 4227 616 4300 pliciter,
647 4242 718 4284 ne
744 4227 804 4284 id
829 4228 1181 4300 praeciperet,
1209 4231 1364 4302 quod
1395 4245 1511 4288 non
1539 4231 1797 4303 deceret;
1840 4234 1937 4291 sed
1978 4235 2076 4292 de-

374 4313 554 4388 nique
579 4323 828 4383 coactus,
865 4316 1055 4373 oblata
1085 4317 1426 4376 vestimenta
1452 4319 1689 4391 quidem
1713 4321 1906 4380 induit
1928 4341 1944 4393 ;
1979 4324 2078 4381 sed

371 4419 492 4477 prae
526 4403 742 4477 pudore
779 4404 1072 4463 neminem
1111 4406 1168 4463 in
1224 4412 1338 4466 toto
1371 4408 1579 4467 itinere
1615 4410 1868 4483 aspicere
1901 4428 2080 4471 ausus

374 4501 476 4552 est.
524 4493 835 4552 Videbatur
865 4495 1033 4561 enim
1087 4495 1399 4569 sibi,quod
1445 4497 1518 4554 ab
1573 4499 1847 4558 omnibus
1901 4502 2079 4574 digito

376 4589 792 4641 monstraretur
819 4582 1015 4656 sponsi
1041 4583 1300 4656 nomine,
1335 4599 1449 4641 non
1482 4586 1770 4644 monachi.

446 4671 512 4728 In
544 4672 733 4730 reditu
765 4687 900 4729 vero
923 4687 1058 4730 cum
1083 4672 1154 4729 ad
1183 4673 1515 4731 ccenobium
1544 4674 1603 4732 S.
1634 4674 1924 4733 Vincentii
1947 4691 2080 4748 per-

374 4778 617 4828 ventum
667 4768 888 4838 fuisset,
929 4767 1136 4826 idoneo
1177 4768 1500 4840 excogitato
1537 4769 1725 4827 colore
1759 4769 1844 4826 ibi
1891 4784 2079 4827 remo-

373 4857 563 4928 randi,
609 4857 882 4929 magistro
922 4856 1225 4914 accedente
1270 4861 1327 4914 et
1377 4857 1761 4930 permittente,
1817 4857 2082 4914 festinato

371 4947 736 5022 pannosiora,
770 4947 1093 5022 vilioraque
1120 4947 1455 5005 vestimenta
1486 4948 1649 5021 petiit
1677 4948 1924 5005 stamine
1950 4964 2082 5007 con-

369 5036 559 5093 colora
588 5053 601 5092 :
630 5051 816 5109 eaque
844 5049 982 5093 mox
1009 5033 1221 5105 induit,
1252 5035 1524 5093 omnibus
1553 5035 1851 5092 monachis
1881 5051 2078 5093 exem-

377 5121 536 5193 plum
577 5124 931 5198 relinquens,
973 5132 1039 5183 ut
1081 5123 1328 5197 quisque
1370 5123 1554 5194 magis
1600 5122 1857 5181 moribus
1905 5139 2080 5197 quam

381 5209 637 5269 vestibus
664 5215 857 5271 ornari
883 5213 1126 5272 studeat.

447 5299 584 5357 Loci
615 5303 759 5359 sacri
795 5301 1082 5362 institutio
1111 5311 1252 5362 tunc
1283 5304 1557 5378 temporis
1595 5303 1724 5362 talis
1754 5312 1876 5364 erat
1907 5321 1918 5354 :
1947 5304 2082 5363 Bini

375 5389 578 5446 fratres
627 5389 831 5447 divisis
882 5392 945 5449 in
1000 5391 1228 5451 cellulis
1283 5408 1667 5462 commanere,
1723 5391 2081 5466 psalmodiie,

377 5475 672 5547 orationis,
724 5475 1006 5548 lectionis,
1063 5479 1430 5539 abstinentia}
1473 5481 1934 5553 obedientiieque
1986 5497 2084 5538 ar-

382 5563 492 5629 mis
540 5563 799 5635 accincti,
854 5566 1132 5626 adversus
1174 5584 1370 5626 aereas
1418 5575 1716 5639 potestates
1767 5568 2078 5628 dimicare:

2058 3112 2140 3179 ’C

2161 1830 2553 1887 humanarum
2583 1827 2903 1900 polluisset.

2233 1916 2427 1974 Edidit
2501 1922 2694 1975 autem
2774 1915 2976 1988 primis
3056 1916 3176 1973 fere
3254 1913 3605 1988 temporibus
3687 1912 3906 1976 vitam.

2163 2004 2222 2063 S.
2254 2004 2316 2062 P.
2349 2002 2680 2072 Romualdi,
2710 2004 2936 2062 circiter
2963 2019 3187 2061 annum
3219 2002 3451 2060 Domini
3487 2001 3870 2060 millesimum

2160 2091 2690 2166 quadragesimum,
2731 2091 2879 2150 sicut
2924 2107 2996 2149 ex
3037 2107 3136 2150 ore
3181 2090 3411 2164 proprio
3451 2088 3874 2164 discipulorum

2161 2178 2323 2237 illius
2347 2179 2583 2252 accepit,
2610 2178 2712 2255 qui
2740 2179 2802 2236 in
2823 2194 3016 2237 eremo
3044 2179 3236 2236 vicina
3269 2177 3464 2237 Sitriae
3490 2176 3826 2234 habitabant
3854 2195 3871 2235 :

2161 2266 2308 2325 sicut
2346 2267 2519 2324 etiam
2547 2266 2619 2324 de
2649 2273 2920 2338 tempore,
2953 2267 3014 2324 in
3055 2266 3353 2325 Cbronicis
3383 2265 3716 2340 majoribus,
3760 2265 3876 2324 Ve-

2160 2354 2332 2413 netiis
2378 2355 2438 2412 in
2493 2355 2664 2414 domo
2715 2355 3005 2412 Francisci
3052 2353 3390 2425 Justiniani,
3435 2355 3700 2427 legimus.
3746 2353 3874 2423 Qua

2161 2447 2313 2504 fama
2367 2445 2655 2519 impulsus
2710 2441 2888 2502 Wido
2942 2442 3329 2503 Strambiatus
3387 2443 3563 2502 abbas
3619 2443 3873 2502 ocenobii

2163 2536 2549 2611 Pomposiani,
2587 2537 2802 2609 legatos
2849 2533 2921 2593 ad
2965 2534 3232 2593 abbatem
3273 2535 3626 2592 Avellanam
3671 2533 3870 2605 mittit,

2163 2626 2474 2700 multisque
2500 2624 2767 2699 precibus
2796 2623 3031 2682 Petrum
3054 2623 3177 2681 dari
3203 2639 3328 2682 sua;
3354 2620 3648 2693 juventuti
3671 2621 3874 2680 docto-

2159 2731 2280 2774 rem
2310 2722 2528 2774 exorat.
2564 2714 2675 2773 Ubi
2709 2729 2839 2772 cum
2876 2713 3179 2772 biennium
3216 2713 3515 2785 exegisset,
3547 2712 3728 2771 multo
3752 2726 3876 2770 mo—

2161 2808 2482 2865 nacborum
2529 2806 2807 2878 profectu,
2849 2804 3121 2862 defuncto
3172 2817 3276 2862 suo
3316 2803 3540 2874 abbate,
3572 2809 3656 2860 est
3702 2817 3874 2860 revo-

2160 2901 2320 2954 catus
2363 2895 2434 2954 ad
2478 2909 2642 2953 suam
2689 2893 2956 2951 dilectam
3005 2891 3397 2963 solitudinem,
3443 2889 3650 2966 illique
3694 2888 3874 2947 abbas

2161 2987 2526 3059 subrogatus.

2233 3076 2419 3148 Igitur
2472 3073 2807 3145 insignibus
2860 3072 3175 3145 susceptis,
3232 3079 3287 3130 et
3332 3069 3832 3130 administratione
3857 3114 3875 3142 ,

2159 3163 2490 3223 coenobium
2528 3162 2588 3218 in
2624 3176 2858 3218 omnem
2893 3159 3183 3234 imprimis
3216 3161 3532 3218 sanctitatis
3575 3159 3878 3217 meliorem

2161 3255 2405 3312 formam
2458 3251 2765 3308 emendare
2816 3249 3056 3308 studuit.
3115 3247 3222 3306 Sed
3270 3263 3516 3307 numero
3565 3246 3882 3318 discipulo-

2161 3360 2291 3403 rum
2343 3350 2648 3413 crescente,
2691 3349 2922 3400 coactus
2969 3348 3054 3398 est
3086 3342 3202 3399 alia
3247 3342 3364 3399 loca
3403 3339 3648 3396 subinde
3690 3338 3882 3410 inqui~

2161 3448 2304 3504 rere,
2343 3433 2444 3491 ubi
2492 3432 2624 3490 illos
2675 3430 3062 3488 constitueret.
3108 3429 3292 3501 Igitur
3333 3443 3673 3500 exsurgens,
3712 3441 3878 3483 com-

2160 3529 2320 3594 perto
2347 3523 2556 3580 idoneo
2581 3519 2866 3595 imprimis
2903 3519 3045 3590 loco,
3079 3518 3141 3576 in
3173 3517 3571 3576 Camerinensi
3616 3515 3874 3585 dimcesi,

2155 3614 2324 3685 juxta
2365 3613 2616 3668 vicinam
2662 3625 2828 3668 suam
2879 3623 3080 3681 rupem
3128 3615 3183 3665 et
3225 3607 3559 3665 omnobium
3603 3605 3687 3662 ibi
3733 3620 3876 3662 con-

2163 3701 2394 3770 struxit,
2428 3707 2482 3756 et
2511 3696 2928 3771 discipulorum
2957 3697 3150 3770 posuit
3176 3694 3482 3766 collegium
3515 3695 3625 3752 sub
3655 3693 3875 3767 priore;

2162 3789 2371 3847 deinde
2423 3789 2484 3846 in
2545 3788 2885 3846 Perusinam
2931 3786 3238 3859 profectus,
3291 3783 3450 3841 aliud
3497 3783 3570 3840 ad
3619 3789 3877 3840 montem

2164 3879 2434 3952 Regium,
2481 3877 2551 3934 ad
2601 3876 2804 3932 cellam
2855 3890 3030 3947 quam
3079 3873 3138 3932 S.
3196 3873 3258 3931 P.
3307 3871 3666 3930 Romualdus
3707 3870 3878 3927 babi-

2165 3975 2311 4025 tasse
2357 3965 2694 4023 dicebatur:
2724 3962 2932 4019 deinde
2964 3963 3124 4019 aliud
3161 3961 3222 4018 in
3257 3961 3595 4026 Faventino,
3646 3958 3704 4015 in
3750 3957 3880 4016 loco

2162 4056 2263 4130 qui
2299 4055 2512 4112 dicitur
2557 4052 2948 4121 Ganuinium,
2980 4065 3140 4108 nunc
3180 4049 3401 4107 Gavina
3425 4067 3438 4116 ;
3465 4047 3674 4104 deinde
3713 4046 3878 4105 aliud

2163 4145 2249 4202 illi
2277 4144 2540 4202 vicinum
2571 4141 2723 4216 quod
2755 4143 2934 4198 Acere
2961 4146 3330 4211 nuncupatur
3366 4159 3376 4196 :
3411 4136 3616 4196 deinde
3645 4135 3884 4194 Marcia-

2164 4248 2306 4290 num
2334 4232 2393 4288 in
2429 4229 2805 4288 Ariminensi.
2836 4229 2977 4297 Quae
3005 4227 3150 4284 dum
3187 4233 3542 4285 construeret
3574 4225 3714 4292 loca,
3748 4239 3878 4283 mo-

2167 4322 2496 4393 nachosque
2525 4319 2742 4391 ubique
2784 4317 2856 4374 ad
2902 4317 3263 4374 sanctitatem
3305 4315 3377 4373 ad
3427 4329 3737 4388 veramque
3772 4312 3880 4372 Dei

2163 4409 2500 4468 servitutem
2548 4405 2722 4480 probe
2760 4404 3053 4462 institutos
3093 4403 3360 4461 ordinare
3386 4402 3668 4472 studeret;
3719 4416 3877 4458 nun—

2097 4472 2338 4572 unam
2394 4472 2584 4555 tamen
2631 4493 2823 4553 dilecti
2873 4492 3120 4551 coenobii
3167 4491 3438 4550 Avellani
3488 4491 3791 4558 familiam,
3824 4496 3882 4546 et

2169 4590 2360 4646 locum
2416 4582 2681 4642 oblivisci
2725 4582 2928 4655 potuit.
2978 4579 3202 4652 Quippe
3244 4579 3375 4637 illos
3427 4594 3580 4651 saepe
3629 4577 3884 4635 revisere

2167 4674 2490 4743 festinabat,
2520 4679 2575 4729 et
2603 4670 2849 4728 caelestis
2892 4669 3174 4727 sermonis
3207 4668 3439 4740 pabulo,
3472 4674 3574 4726 aut
3617 4681 3885 4738 prmsen-

2169 4761 2268 4832 tia,
2298 4768 2398 4820 aut
2429 4757 2653 4827 litteris,
2696 4754 2978 4826 singulari
3009 4755 3190 4826 patrio
3229 4762 3285 4812 et
3334 4754 3630 4812 cbaritatis
3671 4754 3883 4812 affectu

2167 4849 2476 4908 reﬁciebat.
2509 4846 2694 4914 Quare
2722 4842 2840 4901 Deo
2868 4844 2929 4900 in
2959 4841 3082 4899 dies
3112 4842 3324 4915 plenus
3348 4843 3552 4914 factus,
3580 4842 3887 4900 miraculis

2167 4956 2401 5012 quoque
2427 4935 2637 4995 clarior
2664 4949 2790 4992 esse
2823 4933 3014 5006 erepit.

2239 5028 2498 5097 Quadam
2535 5023 2630 5080 die
2667 5021 2809 5080 dum
2837 5021 2988 5094 apud
3028 5023 3390 5081 Ganuinium
3423 5024 3481 5080 in
3516 5022 3659 5080 cella
3689 5022 3885 5080 consi-

2168 5125 2360 5187 steret,
2391 5130 2457 5172 ac
2489 5112 2692 5170 sitiens
2717 5126 2930 5183 aquam
2976 5111 3087 5195 sibi
3134 5127 3208 5168 ex
3257 5114 3414 5168 fonte
3458 5112 3651 5169 afferri
3695 5111 3883 5183 impe-

2168 5214 2367 5276 rasset,
2399 5204 2532 5263 fecit
2557 5203 2797 5278 quidem
2827 5202 3091 5260 minister
3114 5202 3391 5275 imperata
3419 5201 3667 5259 festinus
3715 5220 3728 5260 :
3781 5201 3886 5259 sed

2168 5296 2442 5368 magistro
2495 5298 2782 5367 gustante,
2816 5292 2971 5366 quod
3030 5291 3236 5350 vinum
3284 5289 3570 5349 attulisset
3620 5306 3886 5363 comper-

2169 5397 2294 5448 tum
2327 5394 2440 5457 est;
2469 5385 2574 5460 qui
2599 5384 2672 5443 ab
2699 5382 2800 5442 illo
2835 5383 3180 5455 increpatus,
3214 5397 3349 5440 cum
3381 5396 3442 5439 se
3486 5397 3696 5455 aquam
3731 5383 3885 5439 hau-

2169 5478 2312 5539 sisse
2337 5475 2671 5544 afﬁrmaret,
2686 5473 2968 5534 remissus
2990 5478 3074 5529 est
3095 5469 3245 5528 alius
3265 5469 3336 5528 ad
3359 5471 3578 5528 fontem
3597 5469 3883 5543 ;quicum

2173 5568 2376 5627 vinum
2427 5565 2626 5626 itidem
2680 5565 3046 5637 importasset
3071 5603 3086 5631 ,
3144 5560 3300 5633 quod
3353 5574 3557 5619 omnes
3608 5559 3884 5617 monachi
