4078 6202
181 353 276 411 itii

1040 352 1620 416 PBOLEGOMENA.
1664 387 1731 399 —
1773 356 1831 415 S.
1876 352 2096 415 PETRI
2138 355 2464 415 DAMIANI
2507 355 2685 417 VITA
2727 356 2828 418 ΙΙΙ.

3589 363 3688 426 162

175 487 577 554 gustaverunt,
606 479 839 553 cognito
869 479 1170 551 miraculo,
1203 482 1510 556 imperavit
1541 484 1764 540 cunctis
1797 482 1949 545 virA
2048 481 2375 540 Novissime
2421 483 2557 540 item
2611 490 2883 556 tempore,
2917 484 2974 542 in
3027 489 3434 549 reformatione
3485 507 3689 552 mena-

175 577 429 638 sanctus,
488 576 553 627 ut
599 584 723 626 rem
774 569 1006 627 silentio
1071 575 1344 644 tegerent,
1402 572 1556 646 quod
1608 587 1793 646 usque
1828 573 1900 631 ad

175 659 300 732 ejus
329 656 558 716 obitum
587 656 805 716 factum
833 664 938 716 est.

248 747 381 804 Alio
399 761 634 820 quoque
650 752 900 820 tempore
914 747 1160 805 habebat
1184 749 1514 807 virsanctns
1528 750 1752 807 dolium
1777 749 1900 806 vini

179 835 420 910 plenum
441 835 596 908 apud
614 835 928 909 quamdam
947 851 1116 894 suam
1128 837 1424 910 capellam.
1442 840 1667 897 Accidit
1680 848 1898 909 autem,

183 924 439 982 militum
489 925 655 982 turba
697 924 860 982 illinc
902 926 1207 984 transitum
1253 926 1517 998 faciente,
1549 936 1613 986 ut
1661 929 1900 1002 quidam

183 1014 467 1072 sacerdoti
495 1015 616 1072 vim
643 1015 969 1085 intulerint,
1006 1023 1073 1074 ut
1100 1032 1174 1074 ex
1200 1017 1324 1090 ipso
1359 1017 1513 1076 delia
1551 1025 1750 1090 potum
1783 1019 1900 1077 illis

182 1104 535 1176 propinaret,
567 1105 670 1178 qui
721 1120 851 1162 cum
911 1113 1192 1165 astrueret
1235 1123 1295 1164 se
1338 1108 1492 1165 nolle
1539 1109 1749 1167 vinum
1786 1110 1900 1168 viri

184 1193 332 1251 beati
373 1194 724 1266 contingere,
765 1194 854 1252 illi
892 1195 1115 1254 dolium
1155 1197 1513 1267 invadentes,
1541 1199 1738 1256 omnia
1775 1198 1901 1272 ejus

183 1282 474 1340 foramina
509 1299 806 1356 aperuere,
839 1286 1149 1358 virgasque
1187 1286 1652 1358 intromittentes,
1692 1288 1898 1345 vinum

180 1387 490 1445 nunquam
531 1372 765 1431 haurire
820 1380 1148 1446 potuerunt.
1207 1374 1594 1444 Quamobrem
1649 1376 1899 1449 quodam

181 1459 445 1519 interiori
508 1465 755 1520 tremore
820 1462 1090 1535 perculsi,
1152 1463 1310 1522 illico
1358 1466 1428 1523 de
1485 1464 1608 1523 loco
1659 1481 1895 1524 cessere.

181 1549 364 1608 Paulo
409 1557 538 1624 post
585 1566 744 1618 vero,
785 1558 1119 1611 transeunte
1171 1552 1385 1610 exinde
1433 1555 1756 1627 peregrino,
1797 1555 1899 1627 qui

179 1637 467 1698 instanter
527 1639 723 1696 bibere
772 1641 1113 1712 postulabat,
1170 1647 1400 1714 propter
1464 1656 1719 1699 amorem
1772 1641 1894 1708 Dei,

181 1729 447 1786 sacerdos
484 1727 705 1786 dolium
759 1729 1037 1798 revisens,
1077 1729 1274 1788 clausa
1308 1729 1593 1787 foramina
1629 1729 1804 1800 videt,
1846 1737 1901 1788 et

1981 570 2138 626 sterii
2181 567 2237 626 S.
2267 570 2580 641 Benedicti,
2610 571 2882 644 detegens
2935 574 3268 636 Desiderius
3301 580 3500 651 abbas,
3531 580 3685 656 quod

1980 657 2164 730 aliqui
2211 659 2457 731 operarii
2504 659 2846 718 daemoniaci
2893 663 2973 719 ibi
3025 665 3308 738 adessent,
3362 683 3688 742 rogansque

1980 746 2045 804 B.
2079 748 2333 817 Petrum,
2371 754 2435 807 ut
2483 748 2613 808 illos
2649 767 2849 809 curare
2883 752 3238 825 dignaretur,
3269 773 3329 814 se
3369 757 3682 831 indignum

1982 839 2278 911 respondit
2329 839 2551 912 Petrus,
2585 843 2688 913 qui
2747 843 2807 900 in
2864 860 3108 903 messem
3168 846 3226 904 S.
3279 847 3340 905 P.
3391 849 3685 909 Benedicti

1984 943 2192 986 manus
2241 929 2528 1000 mitteret;
2584 938 2985 990 verumtamen
3043 935 3125 992 ibi
3178 936 3401 997 diutius
3461 955 3686 999 moram

1983 1016 2234 1087 trahens,
2289 1016 2539 1075 obtinuit
2611 1026 2676 1076 ut
2752 1018 2907 1078 Deus
2981 1019 3130 1093 illos,
3199 1032 3428 1099 propter
3500 1027 3686 1100 ipsius

1983 1105 2205 1175 merita,
2234 1105 2584 1164 liberaverit.

2052 1192 2160 1251 Per
2186 1210 2283 1251 eos
2323 1194 2446 1253 dies
2476 1196 2792 1255 sanctitatis
2825 1198 2976 1256 Petri
3013 1201 3166 1259 fama
3200 1206 3415 1275 passim
3453 1205 3685 1282 lateque

1980 1293 2342 1355 personante,
2376 1285 2705 1360 Stephanus
2732 1290 2994 1361 pontifex
3026 1293 3320 1353 maximus
3353 1296 3544 1354 virum
3579 1298 3685 1356 bo-

1982 1386 2126 1430 num
2169 1375 2484 1433 sacerdotio
2531 1375 2774 1448 dignum
2819 1377 3088 1450 judicans
3124 1397 3260 1440 cum
3306 1384 3687 1444 sacratissimo

1981 1469 2434 1532 purpuratorum
2484 1465 2705 1534 ordine,
2737 1464 2910 1524 illum
2951 1467 3023 1524 ad
3067 1469 3448 1543 episcopalem
3498 1473 3685 1530 cathe-

1981 1547 2144 1605 dram
2173 1549 2605 1624 suscipiendum
2637 1552 2944 1612 invitavit:
2970 1555 3272 1629 quodcum
3295 1568 3581 1631 renueret,
3603 1576 3690 1618 ar-

1980 1633 2225 1694 bitratus
2251 1637 2512 1710 pontifex
2535 1639 2698 1697 illius
2726 1639 3002 1699 virtutem
3032 1643 3302 1703 Ecclesiae
3333 1647 3688 1720 corrigendae

1981 1739 2107 1781 esse
2148 1725 2410 1799 apprime
2466 1728 2867 1798 necessariam,
2914 1729 2974 1787 id
3012 1730 3102 1788 illi
3148 1733 3260 1791 sub
3305 1736 3690 1793 anathematis

185 1817 390 1875 \inum
452 1817 668 1886 hausit,
717 1818 1184 1892 miraculumque
1243 1825 1464 1884 notans,
1528 1819 1958 1900 peregrinumB
1983 1815 2282 1874 maledicto
2324 1817 2587 1890 imperat,
2633 1817 2994 1894 Romamque
3039 1820 3287 1881 accitum
3319 1831 3375 1882 et
3420 1824 3686 1883 dextram

182 1909 558 1976 esurientem,
586 1909 703 1968 Deo
737 1909 949 1984 gratias
979 1925 1178 1984 agens,
1209 1910 1426 1968 refecit.

244 1998 383 2056 Alio
453 2003 706 2070 tempore
767 1998 857 2056 vir
926 1996 1140 2056 nobilis
1208 2013 1454 2057 munera
1512 1999 1760 2072 piscium
1827 2000 1896 2056 ad

175 2086 236 2146 B.
269 2087 511 2146 Petrum
535 2088 760 2146 mittere
780 2087 1094 2161 aliquando
1119 2088 1345 2159 solitus,
1376 2087 1608 2146 miserat
1633 2089 1707 2145 ad
1728 2088 1897 2147 illum

173 2192 409 2235 servum
457 2192 634 2235 suum
673 2176 736 2232 in
777 2176 975 2249 vigilia
1015 2177 1222 2235 natalis
1262 2177 1494 2236 Domini
1535 2197 1549 2235 :
1601 2179 1704 2250 qui
1743 2179 1897 2236 viam

174 2267 476 2338 ingressus
517 2266 765 2325 obscura
799 2273 984 2334 nocte,
1020 2273 1076 2324 et
1106 2266 1347 2324 nivibus
1375 2266 1508 2324 altis
1533 2267 1897 2338 cadentibus,

175 2353 336 2427 lapso
398 2354 544 2428 pede
593 2354 654 2411 in
710 2369 986 2429 praeceps,
1051 2353 1114 2412 in
1166 2354 1418 2428 quodam
1475 2361 1736 2412 extremo
1786 2356 1900 2413 viae

180 2443 301 2501 loco
338 2457 482 2500 casu
520 2443 682 2500 ruit:
713 2443 839 2516 qui,
881 2459 1014 2502 cum
1056 2442 1302 2515 discerpi
1344 2441 1508 2500 facile
1547 2459 1664 2500 non
1698 2450 1899 2517 potue-

179 2533 271 2601 rit,
299 2531 527 2589 meritis
553 2531 665 2588 viri
695 2532 877 2590 sancti
909 2533 1092 2590 evasit
1119 2531 1446 2600 incolumis,
1492 2537 1900 2604 resumptoque

181 2623 507 2680 cervicibus
556 2639 757 2694 onere,
811 2640 945 2682 cum
994 2623 1067 2682 ad
1121 2623 1290 2681 illum
1335 2624 1715 2696 pervenisset,
1746 2631 1802 2681 et
1845 2622 1901 2680 ei

177 2712 393 2784 gratias
430 2717 643 2784 ageret,
685 2712 979 2786 respondit
1012 2712 1112 2770 ille
1147 2731 1159 2769 :
1190 2711 1341 2782 Noli,
1376 2711 1460 2768 lili
1501 2712 1603 2781 mi,
1633 2712 1750 2769 noli
1793 2712 1900 2769 hoc

174 2803 461 2874 peccatori
509 2802 735 2860 homini
775 2802 1068 2874 deputare,
1110 2802 1263 2876 quod
1322 2800 1469 2859 Deus
1505 2801 1780 2872 dignatus
1816 2807 1899 2858 est

175 2906 280 2949 sua
332 2891 709 2949 miseratione
758 2891 862 2948 tibi
911 2891 1150 2964 largiri;
1193 2891 1248 2948 ei
1299 2905 1373 2948 ex
1426 2889 1646 2948 collatze
1697 2889 1900 2947 salutis

177 2995 422 3040 munere
457 2979 672 3053 gratias
709 2995 831 3053 age,
867 2979 970 3054 qui
1000 2995 1290 3053 nusquam
1331 2978 1438 3037 sibi
1480 2977 1900 3036 famulantibus

177 3069 355 3128 deest.

245 3160 384 3218 Alio
429 3165 682 3232 tempore
737 3158 953 3218 direxit
994 3157 1347 3232 discipulum
1373 3157 1443 3214 ad
1474 3172 1659 3216 unum
1690 3157 1761 3214 de
1791 3157 1893 3215 ab-

176 3247 432 3319 batibus,
465 3248 568 3322 qui
599 3264 734 3305 cum
766 3248 937 3307 illum
965 3250 1027 3306 in
1054 3248 1402 3307 monasterio
1423 3262 1540 3304 non
1569 3248 1892 3321 reperisset,

175 3341 234 3392 et
249 3343 482 3408 propter
502 3336 628 3409 ejus
649 3352 871 3394 moram
888 3336 957 3393 ad
975 3335 1319 3409 magistrum
1338 3333 1649 3407 remigrare
1671 3335 1892 3406 volens,

176 3423 384 3481 ducem
415 3424 532 3480 vize
563 3425 817 3498 accepit;
848 3425 946 3482 sed
979 3424 1081 3482 ubi
1113 3423 1387 3481 nonnihil
1428 3437 1757 3496 processum
1790 3431 1894 3497 est,

175 3510 300 3568 dux
329 3513 445 3570 viae
473 3528 550 3569 ex
577 3512 762 3570 oculis
791 3519 1019 3586 propter
1050 3512 1301 3569 nimium
1339 3513 1652 3570 obscurum
1681 3512 1895 3570 ccelum

175 3601 461 3668 evanuit;
494 3601 616 3674 ipse
649 3617 785 3660 vero
811 3603 1052 3675 ignarus
1083 3601 1214 3672 VitB,
1247 3599 1318 3657 ad
1343 3601 1633 3672 quoddam
1667 3601 1895 3660 bivium

175 3689 547 3761 perveniens,
605 3695 796 3748 utram
875 3697 1089 3749 teneret
1154 3690 1477 3763 ambigens,
1533 3690 1782 3763 denique
1835 3691 1895 3747 in

174 3793 356 3851 quam
405 3779 590 3851 magis
638 3780 829 3837 tritam
871 3779 1116 3851 judicat,
1175 3781 1514 3853 jumentum
1567 3779 1786 3853 dirigit,
1842 3785 1898 3837 et

176 3883 364 3940 equus
408 3867 651 3926 alteram
709 3876 899 3928 tenere
952 3869 1174 3928 diutius
1224 3884 1452 3942 semper
1508 3867 1696 3926 voluit
1751 3869 1897 3926 resi-

174 3965 334 4017 stens
393 3983 406 4016 :
466 3961 560 4020 cui
611 3977 744 4020 cum
812 3965 1037 4021 tandem
1089 3962 1276 4021 victus
1325 3960 1576 4019 laxasset
1620 3960 1893 4030 habenas,

178 4063 320 4106 mox
378 4048 702 4109 albescente
765 4051 910 4110 cmlo
975 4051 1215 4109 brutum
1273 4049 1489 4108 animal
1544 4049 1745 4108 divino
1804 4049 1896 4108 in-

175 4141 394 4197 stinctu
448 4138 663 4198 bonam
721 4141 875 4198 viam
933 4141 1188 4199 tenuisse
1239 4139 1507 4212 cognovit
1564 4163 1576 4196 :
1636 4145 1692 4198 et
1747 4146 1898 4197 recta

177 4227 249 4283 ad
304 4227 652 4300 magistrum
710 4227 954 4300 delatus,
1014 4229 1132 4288 Deo
1187 4236 1242 4287 et
1295 4228 1460 4286 beato
1511 4228 1637 4286 viro
1683 4227 1896 4301 gratias

174 4317 400 4388 agebat.

246 4404 380 4462 Alio
408 4403 584 4462 etiam
616 4410 870 4478 tempore
916 4404 1229 4464 destinavit
1277 4407 1554 4465 nuntium
1581 4406 1652 4463 ad
1686 4421 1896 4479 quem-

172 4493 306 4550 dam
352 4493 714 4567 episcopum,
765 4495 935 4567 cujus
974 4511 1159 4569 equus
1207 4495 1267 4552 in
1315 4494 1555 4552 transitu
1609 4493 1894 4564 ﬂuminis,

172 4600 309 4644 cum
323 4586 388 4642 in
409 4586 551 4642 limo
569 4585 682 4643 alte
703 4584 925 4644 infixus
941 4602 1054 4644 non
1077 4586 1241 4645 exire
1260 4591 1484 4660 posset;
1507 4582 1605 4641 ille
1625 4590 1892 4641 sanctum

177 4672 370 4731 virum
415 4675 726 4744 invocavit,
759 4684 816 4733 et
859 4692 1044 4749 equus
1093 4676 1250 4735 illico
1292 4693 1368 4734 ex
1402 4675 1525 4734 luto
1557 4691 1618 4733 se
1653 4675 1896 4733 extrica-

175 4763 276 4821 vit.
307 4761 669 4821 Perveniens
707 4780 841 4824 vero
867 4766 939 4822 ad
974 4766 1327 4839 episcopum,
1360 4765 1598 4823 absente
1626 4764 1892 4837 episcopo

173 4852 456 4924 patruelis
502 4853 753 4928 episcopi
806 4855 963 4914 hunc
1012 4855 1266 4929 benigne
1314 4854 1553 4929 quidem
1610 4853 1891 4925 suscepit;

173 4941 270 4998 sed
306 4941 505 4999 solum
536 4943 597 4999 in
628 4943 836 5015 grandi
880 4944 1152 5004 cubiculo
1203 4944 1372 5004 illum
1422 4950 1601 5002 noctu
1637 4942 1890 5016 reliquit.

171 5027 444 5088 Timebat
492 5031 740 5090 nuntius
793 5048 827 5090 a
876 5032 1078 5092 timore
1127 5039 1432 5105 nocturno,
1467 5047 1574 5090 nec
1599 5037 1898 5106 propterea

170 5132 448 5176 somnum
494 5135 754 5192 unquam
800 5135 1001 5194 capere
1044 5120 1249 5179 valuit.
1283 5120 1428 5178 Ecce
1465 5126 1656 5178 autem
1684 5118 1752 5176 B.
1786 5119 1896 5177 Pe-

172 5215 296 5267 trus
351 5209 429 5267 ad
485 5211 771 5285 hospitem
820 5228 1101 5286 apparens
1150 5211 1223 5270 de
1271 5213 1460 5271 media
1518 5200 1701 5282 nocte’,
1759 5227 1894 5270 eum

172 5303 383 5358 acriter
427 5299 730 5373 increpat:
769 5300 872 5374 qui
911 5315 1082 5358 mane
1114 5301 1188 5359 ad
1234 5316 1370 5360 eum
1416 5301 1734 5374 ingressus,
1785 5299 1894 5357 sci-

175 5388 495 5446 scitabatur
536 5387 611 5445 ab
655 5388 756 5446 illo
797 5388 1079 5462 quidnam
1127 5387 1487 5460 negligenter
1534 5387 1894 5462 deliquisset,

176 5479 331 5552 quod
359 5479 431 5540 Β.
466 5479 674 5537 Petrus
698 5479 770 5537 ad
795 5495 935 5538 eum
965 5479 1381 5552 increpandum
1413 5485 1577 5538 nocte
1607 5478 1899 5538 venisset?

180 5571 662 5643 comsionemque
717 5568 994 5629 laudandi
1054 5569 1237 5629 Deum
1296 5571 1592 5630 universas
1651 5570 1898 5629 familia)

188 5661 458 5733 pmbuit.

1980 1905 2286 1978 accipiens,
2321 1922 2423 1979 per
2447 1907 2736 1966 annulum
2767 1925 2966 1980 suum,
2993 1917 3048 1968 et
3078 1912 3322 1985 virgam,
3364 1913 3686 1974 Ostiensem

1979 1991 2069 2050 illi
2123 1992 2414 2066 copulavit
2456 1995 2791 2062 Ecclesium,
2841 1997 3106 2070 sacrique
3145 1999 3372 2073 collegii
3417 2004 3689 2062 cardina-

1979 2079 2129 2139 lium
2158 2083 2437 2141 decanum
2467 2083 2619 2155 fecit,
2649 2100 2805 2142 anno
2836 2086 3146 2145 millesimo
3203 2089 3688 2164 quinquagesimo

1979 2176 2197 2239 octavo,
2258 2171 2425 2229 initio
2473 2170 2963 2246 Quadragesimze,
3021 2191 3220 2234 mense
3273 2177 3498 2250 Martio,
3557 2181 3688 2238 sab-

1981 2257 2112 2315 bato
2141 2266 2393 2332 quatuor
2444 2269 2785 2332 temporum.
2823 2263 3062 2321 Coactus
3092 2265 3270 2337 igitur
3297 2267 3688 2340 episcopatum

1982 2347 2187 2415 tenuit,
2222 2347 2531 2422 bonusque
2556 2355 2766 2423 pastor,
2789 2352 3077 2426 quidquid
3104 2363 3453 2426 proventum
3484 2373 3686 2431 super-

1981 2445 2122 2510 erat,
2153 2439 2214 2496 in
2252 2456 2572 2513 pauperum
2615 2442 2825 2501 Christi
2863 2445 3236 2504 commodum
3275 2447 3475 2505 cedere
3517 2447 3690 2520 potis-

1981 2527 2201 2586 simum
2253 2528 2517 2588 studebat
2551 2555 2563 2588 :
2596 2531 2900 2591 duodecim
2945 2532 3203 2606 quotidie
3230 2533 3403 2608 pedes
3432 2535 3687 2608 abluere,

1982 2615 2225 2688 epulum
2257 2624 2530 2690 prieterea
2554 2620 2816 2692 przebens
2842 2639 2856 2691 ;
2888 2619 3362 2695 pupillorumque
3383 2639 3449 2681 ac
3473 2625 3689 2684 vidua-

1982 2722 2111 2764 rum
2130 2708 2517 2778 patrocinium
2536 2709 2736 2768 sedulo
2750 2725 3029 2768 exercens
3045 2730 3058 2768 :
3074 2711 3322 2785 quicum
3339 2715 3690 2787 pauperibus

1983 2799 2354 2871 ministraret,
2384 2800 2445 2858 in
2472 2801 2779 2874 pelvicula,
2811 2818 2927 2875 qua
2968 2803 3140 2874 pedes
3168 2818 3368 2862 eorum
3396 2805 3688 2877 abluebat,

1982 2903 2137 2962 saepe
2191 2904 2420 2947 summa
2465 2890 2736 2949 aviditate
2781 2891 3079 2949 comedere
3131 2894 3452 2964 consuevit,
3511 2908 3688 2966 super

1981 2986 2195 3036 cratem
2226 2979 2446 3038 nudam
2478 2981 2668 3038 somni
2682 2980 2939 3054 quietem
2964 2981 3220 3054 capiens.

2051 3066 2336 3126 Defuncto
2415 3068 2702 3141 Stephano
2778 3067 3047 3141 pontifice
3120 3067 3448 3142 Florentiae,
3507 3071 3687 3128 inter-

1985 3152 2092 3211 fuit
2140 3154 2345 3213 Petrus
2389 3155 2655 3214 clectioni
2691 3154 2986 3214 Benedicti
3037 3155 3256 3215 decimi
3299 3157 3688 3216 successoris:

1980 3261 2154 3318 quem
2204 3261 2338 3304 cum
2389 3246 2580 3305 studio
2612 3253 2665 3304 et
2691 3263 2827 3305 cura
2867 3249 3147 3308 comitum
3197 3248 3688 3319 Tusculanorum,

1977 3334 2357 3406 pecuniarum
2441 3335 2766 3409 largitione,
2819 3343 2874 3393 et
2930 3352 3033 3410 per
3092 3337 3213 3395 vim
3279 3337 3492 3412 reliqui
3563 3353 3688 3395 car-

1977 3422 2199 3481 dinales
2285 3425 2522 3482 adorare
2593 3433 2969 3497 cogerentur,
3049 3426 3386 3484 reclamavit
3466 3428 3688 3486 fortiter

1978 3509 2200 3582 Petrus,
2231 3517 2296 3569 ut
2324 3515 2561 3570 comites
2591 3513 2743 3586 ipsos
2769 3513 2843 3570 ab
2873 3513 3130 3572 infandis
3157 3514 3400 3572 ausibus
3429 3531 3687 3574 remove-

1977 3605 2080 3668 ret,
2113 3599 2418 3672 effecitque
2467 3606 2531 3658 ut
2575 3601 2848 3659 Nicolaus
2897 3601 3186 3659 secundus
3228 3603 3400 3674 juxta
3453 3601 3686 3662 electio-

1977 3702 2133 3756 nem,
2164 3687 2340 3759 paulo
2393 3693 2541 3760 post,
2574 3687 2866 3761 Stephano
2911 3689 2985 3747 sit
3024 3687 3370 3761 subrogatus
3419 3701 3481 3748 III
3534 3689 3683 3748 Non.

1975 3777 2106 3837 Jan.
2138 3776 2293 3836 1059.

2047 3867 2177 3926 Jam
2230 3881 2368 3925 vero
2415 3866 2643 3938 videns,
2689 3867 2976 3941 quomodo
3029 3867 3193 3926 sedes
3244 3867 3396 3927 Petri
3443 3885 3476 3926 a
3526 3868 3689 3927 laicis

1976 3957 2309 4030 potentibus
2355 3957 2500 4015 viris
2540 3957 2623 4015 sic
2665 3959 3089 4031 opprimeretur
3119 3977 3131 4016 :
3160 3974 3234 4016 ex
3265 3957 3387 4016 alio
3423 3973 3559 4016 vero
3600 3957 3686 4014 la-

1980 4055 2116 4120 tere,
2145 4048 2436 4122 quomodo
2465 4048 2669 4108 sacrati
2699 4048 2810 4107 viri
2835 4050 3105 4106 omnium
3143 4048 3459 4106 libidinum
3486 4061 3597 4120 gen
3609 4047 3692 4104 eri

1976 4136 2372 4208 indulgerent,
2423 4142 2479 4194 et
2532 4136 2816 4210 plurimos
2875 4151 3130 4196 uxorum
3184 4135 3310 4193 loco
3360 4134 3687 4193 meretrices

1977 4227 2277 4297 haberent,
2305 4242 2410 4284 nec
2459 4241 2701 4284 cernens
2742 4225 3030 4298 quomodo
3074 4240 3171 4283 eos
3208 4225 3520 4299 quisquam
3561 4239 3687 4281 cor-

1978 4315 2163 4388 rigere
2189 4320 2412 4388 posset;
2446 4320 2587 4371 tunc
2619 4329 2858 4386 perosus
2895 4313 3076 4372 curize
3112 4327 3323 4384 mores,
3353 4311 3533 4371 satius
3571 4327 3693 4369 esse

1975 4403 2148 4462 duxit
2177 4404 2247 4461 ad
2272 4403 2542 4460 dilectam
2569 4402 2943 4462 solitudinem
2971 4402 3178 4472 redire,
3211 4402 3316 4460 ubi
3347 4403 3459 4460 sibi
3503 4400 3693 4459 liceret

1979 4493 2167 4552 solitze
2229 4493 2702 4567 contemplationi
2757 4493 2938 4551 libere
2991 4492 3303 4562 deservire,
3341 4500 3516 4566 atque
3572 4492 3688 4550 Ra-

1978 4585 2160 4642 chelis
2198 4586 2485 4641 venustati
2518 4584 2641 4641 Lize
2670 4583 3081 4642 fecunditatem
3119 4597 3469 4656 comparare,
3510 4597 3689 4655 quam

1973 4675 2036 4733 in
2085 4673 2434 4733 tumultibus
2463 4672 2664 4731 szeculi
2693 4672 2937 4731 ulterius
2963 4687 3219 4744 manere,
3239 4679 3294 4729 et
3310 4671 3502 4746 galero
3531 4685 3689 4728 sacro

1975 4773 2032 4825 et
2072 4765 2401 4837 episcopatu
2455 4769 2654 4837 sponte
2695 4778 2755 4820 se
2796 4761 3106 4821 abdicavit.
3146 4762 3258 4819 Hie
3302 4765 3452 4834 patet
3509 4774 3685 4833 quam

1976 4862 2167 4929 aperte
2211 4854 2572 4928 decipiantur
2613 4853 2671 4912 hi
2708 4855 2810 4928 qui
2845 4855 2912 4912 B.
2952 4854 3188 4914 Petrum
3227 4853 3576 4912 Damianum
3615 4868 3690 4910 ex

1976 4941 2266 5002 cardinale
2315 4942 2616 5000 eremitam
2660 4942 2879 5001 factum
2913 4959 3038 5002 esse
3083 4943 3512 5012 existimarunt,
3553 4956 3686 4998 cum

1977 5031 2222 5105 ipsemet
2265 5045 2400 5089 cum
2455 5031 2577 5090 suis
2633 5031 2956 5106 discipulis,
2995 5038 3050 5089 et
3102 5031 3336 5101 Dantes,
3379 5036 3445 5087 ut
3493 5046 3688 5104 supra,

1979 5122 2204 5194 (Parad.
2253 5127 2402 5178 cant.
2443 5121 2528 5193 21)
2570 5136 2802 5179 omnem
2860 5120 3282 5180 dubitationem
3331 5120 3690 5193 apertissime

1978 5213 2050 5272 de
2098 5212 2288 5270 medio
2335 5212 2553 5272 tollant.
2591 5212 2702 5271 Sed
2749 5212 3017 5271 Nicolaus
3054 5211 3315 5285 pontifex
3349 5214 3477 5287 ejus
3516 5231 3688 5290 repu-

1978 5302 2293 5361 diationem
2322 5302 2622 5360 admittere
2661 5303 2886 5374 nolens,
2920 5302 3089 5361 illum
3118 5303 3189 5361 ad
3219 5303 3515 5377 dignitatis
3541 5307 3690 5365 insi—

1979 5394 2118 5464 gnia
2165 5391 2573 5449 reassumenda
2618 5391 2759 5449 dum
2803 5397 3046 5465 cogeret,
3073 5408 3179 5452 nec
3236 5392 3406 5453 illum
3449 5411 3690 5455 exorare

1980 5497 2147 5556 posse
2195 5488 2470 5553 cerneret,
2495 5482 2742 5541 assensit
2799 5481 3029 5541 tandem
3077 5483 3262 5558 ipsius
3319 5501 3690 5559 perseveran-

1983 5570 2109 5642 tiae;
2139 5571 2237 5628 sed
2256 5571 2647 5630 centenariam
2679 5586 2909 5646 pcenam
2939 5570 3029 5631 illi
3056 5573 3382 5648 proposuit;
3402 5574 3685 5633 nimirum

1984 5664 2050 5718 ut
2075 5675 2176 5733 per
2199 5665 2432 5722 centum
2457 5676 2639 5720 annos
2662 5660 2955 5735 psalmum
2970 5661 3542 5737 quinquagesimum,
3568 5675 3689 5720 ver-
