4078 6202
356 377 458 438 163
1277 371 1336 431 S.
1375 368 1568 430 PETB
1579 369 1667 430 US
1708 366 2057 430 DAMIANU

2246 370 2314 429 Β.
2359 371 2423 429 Ε.
2466 340 2946 432 CARDINALIS.
3671 343 3682 350 ’
3764 373 3863 433 tot

352 503 585 565 beribus
645 499 956 574 adjunctis,
1019 499 1279 557 recitaret
1342 495 1620 570 quotidie.
1702 495 1866 564 Quod
1928 494 2330 568 fecitAlegato
2379 495 2585 554 fuerat.
2646 495 2813 555 Tunc
2865 494 2928 553 B.
2977 493 3179 554 Petrus
3222 495 3282 552 in
3333 495 3867 568 tantajc‘alamitate

345 593 482 670 pius
531 605 800 651 summus
858 595 1051 661 pastor
1105 595 1170 645 ut
1225 602 1285 644 re
1343 585 1620 655 maxima,
1651 592 1707 642 et
1737 586 1906 658 quasi
1947 584 2060 641 im-
2141 584 2506 655 constitutus,
2543 584 2746 643 divino
2783 584 2965 642 fretus
2995 583 3240 657 auxilio,
3288 584 3573 658 populum
3611 587 3684 645 ad
3715 594 3864 646 tem-

345 679 612 758 possibili
647 675 956 753 proposita,
1001 681 1057 732 et
1103 673 1306 732 Petrus
1351 672 1726 746 pertinaciam
1776 672 2064 746 relinque-

348 776 454 841 ret,
516 772 571 825 et
626 762 936 838 poutilicize
1001 761 1282 834 majestati
1349 759 1600 818 debitam
1672 759 2056 817 reverentiam

350 857 671 917 exhiberet.
725 853 838 912 Sed
893 851 1098 909 Petrus
1157 850 1344 908 alacer
1410 849 1809 922 paenitentiam
1876 849 2062 906 susci-

347 948 532 1022 piens,
596 959 724 1003 eam
779 940 1044 999 mirabile
1096 939 1273 1011 dictu,
1333 940 1473 996 anni
1535 940 1717 1012 spatio
1766 937 2056 1008 exhausit,

351 1035 731 1109 exaravitque
768 1032 840 1090 ad
888 1031 1220 1105 pontificem
1264 1028 1725 1101 elegantissimas
1768 1027 2060 1101 epistolas,

349 1124 698 1185 humilitatis
755 1140 820 1181 ac
881 1122 1197 1180 sanctitatis
1274 1119 1496 1194 plenas,
1574 1120 1790 1195 quibus
1849 1135 1910 1178 se
1973 1119 2061 1178 illi

346 1214 575 1289 egregie
642 1228 892 1287 purgare
955 1210 1194 1282 studuit,
1263 1210 1528 1268 virorum
1595 1217 1929 1267 sanctorum
2001 1207 2061 1266 id

347 1303 617 1377 exemplo
669 1303 872 1360 fecisse
927 1315 1409 1360 commemorans.
1460 1299 1622 1358 Inter
1676 1314 1742 1358 ea
1789 1299 1914 1357 hmo
1955 1299 2061 1357 ha-

347 1392 564 1451 bentur
615 1391 789 1450 verba
845 1410 859 1451 :
928 1390 1247 1462 Postremo,
1299 1396 1365 1449 ut
1420 1389 1653 1449 omissis
1705 1389 1947 1462 caneris,
1987 1389 2061 1447 ad

346 1479 728 1540 domesticum
813 1494 1184 1538 recurramus
1261 1479 1646 1551 exemplum;
1717 1477 2062 1537 Lambertus

348 1569 698 1628 veneraudze
743 1567 1062 1640 memoriae,
1091 1567 1194 1642 qui
1240 1573 1372 1625 aute
1417 1582 1523 1626 nos
1575 1565 1888 1624 Florentiae
1919 1581 2063 1638 prae-

345 1657 439 1718 sul
490 1658 758 1717 Ecclesiae
803 1657 1010 1717 tertius
1055 1657 1192 1730 fuit,
1222 1661 1413 1731 spreto
1463 1655 1822 1730 principatus
1873 1655 2061 1714 oﬂicio

347 1747 684 1807 monasticae
721 1763 783 1806 se
819 1745 1143 1820 disciplina}
1180 1746 1446 1821 subjecit.
1487 1745 1631 1817 Quze
1669 1745 1866 1816 verba,
1905 1747 2059 1822 quod

2141 672 2304 746 plum
2354 679 2647 742 convocat,
2678 678 2734 729 et
2784 671 2847 728 in
2903 671 3196 745 pulpitum
3248 673 3662 748 conscendens,
3715 676 3866 734 facto

2141 763 2393 831 silentio,
2427 761 2765 835 hujusmodi
2791 760 2850 820 in
2885 761 3058 820 totius
3095 760 3348 821 civitatis
3385 771 3679 823 conventu
3728 765 3866 824 fecit

2142 855 2317 912 verba
2349 854 2694 913 brevissima
2733 878 2746 912 :

2211 943 2483 1004 Nicolaus
2542 945 2804 1018 pontifex
2869 944 3188 1016 maximus,
3247 945 3450 1004 fratres
3507 947 3857 1020 charissimi,

2140 1033 2298 1092 misit
2329 1050 2421 1092 me
2457 1035 2528 1092 ad
2569 1052 2691 1105 vos,
2728 1051 2844 1094 non
2896 1043 2962 1094 ut
3005 1034 3278 1093 Ecclesia;
3327 1035 3607 1094 Romanas
3651 1037 3862 1096 honori

2138 1131 2310 1198 atque
2364 1123 2745 1198 amplitudini
2797 1124 3096 1195 servirem,
3130 1123 3230 1182 sed
3289 1131 3354 1182 ut
3394 1131 3603 1184 vestrae
3653 1125 3860 1198 glorize

2138 1219 2311 1288 atque
2349 1213 2523 1271 saluti
2561 1212 2946 1273 consulerem.
2985 1211 3139 1282 Quid
3174 1212 3332 1271 enim
3371 1213 3592 1273 honore
3628 1215 3857 1274 tenuis-

2139 1303 2273 1362 simi
2324 1303 2582 1363 hominis
2626 1304 2886 1363 Bomaua
2927 1311 3054 1375 eget
3101 1303 3380 1376 Ecclesia,
3424 1319 3561 1378 quae
3609 1303 3854 1364 laudum

2138 1393 2426 1467 przeconia
2447 1409 2523 1451 ex
2548 1393 2734 1467 ipsius
2759 1409 2857 1452 ore
2885 1400 2971 1451 est
3000 1391 3317 1452 Salvatoris
3345 1391 3549 1467 adepta
3575 1394 3602 1451 ?
3632 1396 3853 1468 (Matth.

2141 1485 2294 1553 XVI.)
2323 1480 2465 1551 Quae
2508 1487 2702 1541 autem
2753 1481 3050 1556 provincia
3095 1483 3158 1540 in
3205 1481 3372 1542 terris
3414 1481 3599 1541 libera
3627 1483 3701 1541 ab
3730 1482 3860 1557 ejus

2139 1568 2359 1627 ditione
2412 1570 2718 1643 reperitur,
2771 1571 2942 1644 cujus
3000 1569 3312 1629 arbitrium
3369 1569 3562 1644 ipsum
3617 1584 3857 1644 quoque

2139 1660 2354 1718 caelum
2403 1659 2662 1733 aperitur
2714 1664 2771 1718 et
2833 1659 3163 1719 clauditur?
3211 1659 3282 1718 Et
3327 1659 3589 1734 quidem,
3622 1659 3673 1719 si
3707 1666 3861 1718 recte

2138 1747 2519 1822 attenderitis,
2548 1747 2802 1822 reliquas
2847 1747 3134 1806 Ecclesias
3183 1747 3254 1806 ab
3307 1746 3649 1805 hominibus
3689 1746 3859 1805 insti-

346 1835 552 1895 Petrus
601 1836 922 1895 Damianus
967 1835 1266 1909 episcopus
1307 1834 1681 1893 Florentinus
1722 1834 1916 1906 fuerit,
1947 1833 2297 1918 ali-Btutas
2346 1853 2470 1896 esse
2524 1836 2858 1910 reperietis;
2909 1837 3230 1896 Ecclesiam
3283 1852 3421 1896 vero
3457 1837 3784 1896 Romanam
3824 1852 3859 1894 a

347 1923 563 2000 quibus
590 1922 894 1981 materiam
921 1921 1210 1995 cogitandi
1239 1923 1614 1998 prmbueruut
1646 1940 1658 1980 :
1694 1937 1798 1980 seu
1829 1921 2058 1980 Faven-

345 2011 527 2082 tinus,
563 2009 849 2084 corruptis
885 2009 1090 2084 primis
1128 2010 1390 2084 syllabis.
1431 2009 1600 2080 Quod
1636 2013 1786 2067 certe
1824 2024 1942 2066 non
1979 2008 2058 2067 ita

346 2108 454 2162 est.
510 2101 658 2161 Cum
717 2101 877 2158 enim
947 2098 1290 2158 Lambertus
1357 2099 1637 2158 tenuisset
1726 2097 2058 2156 cathedram

347 2190 623 2250 Ecclesias
668 2189 1020 2249 Florentium
1075 2203 1231 2246 anno
1286 2185 1424 2248 1026
1470 2188 1543 2246 ad
1593 2187 1749 2257 1037,
1779 2187 1876 2245 cui
1925 2202 2058 2245 suc-

346 2278 517 2338 cessit
554 2279 708 2349 Atto,
749 2283 806 2335 et
837 2276 889 2335 ei
925 2276 1234 2348 Gerardus,
1275 2276 1378 2350 qui
1416 2277 1613 2351 pOStea
1648 2275 1723 2333 ad
1758 2273 2056 2348 pontiﬁca-

343 2375 442 2428 tus
489 2369 712 2442 apicem
765 2371 1020 2437 evectus,
1068 2366 1192 2440 ipse
1245 2365 1520 2425 Nicolaus
1570 2364 1860 2424 secundus
1911 2380 2059 2439 papa

348 2456 596 2527 exstitit;
660 2454 1198 2514 manifestissimum
1251 2461 1338 2513 est
1403 2469 1656 2512 errorem
1726 2453 1929 2513 cadere
1993 2454 2057 2512 iu

346 2546 548 2615 verbo,
575 2561 692 2610 nos,
747 2544 901 2617 quod
954 2560 1048 2599 vos
1099 2543 1337 2602 fortasse
1393 2541 1584 2600 dicere
1620 2540 1809 2600 debet.
1856 2539 2059 2600 Voluit

345 2635 560 2710 quippe
631 2633 838 2693 Petrus
903 2647 1137 2690 causam
1201 2647 1368 2690 suam
1436 2629 1765 2702 defendere,
1828 2636 2058 2704 sumpto

346 2730 689 2800 argumento
739 2724 813 2784 ab
856 2731 1212 2784 antecessore
1257 2723 1441 2799 ipsius
1505 2722 1813 2798 pontiﬁcis,
1864 2727 2058 2796 utpote

346 2815 800 2892 propinquiore:
837 2830 945 2873 nec
980 2819 1219 2886 constat,
1261 2814 1416 2889 quod
1463 2813 1757 2872 Florentia
1799 2810 2057 2885 aliquem

345 2920 414 2964 ea
466 2908 797 2977 tempestate
844 2902 1080 2962 Petrum
1130 2902 1399 2964 habuerit
1452 2911 1584 2964 ante
1629 2921 1853 2964 annum
1896 2904 2057 2978 1064,

346 3008 463 3066 quo
501 2997 756 3065 tempore
793 2991 915 3066 ipse
949 2991 1223 3052 Nicolaus
1258 2992 1566 3052 defunctus
1609 2993 1736 3066 jam
1770 2992 1888 3052 vita
1926 2993 2055 3051 fue-

2143 1925 2262 1984 Dco
2309 1925 2434 2000 ipso
2481 1941 2606 1984 esse
2648 1925 2977 1997 fundatam,
3007 1934 3181 2000 atque
3220 1925 3293 1984 ab
3327 1941 3395 1985 ea
3439 1931 3560 1985 tum
3604 1925 3860 2000 reliquas

2141 2015 2308 2087 alias,
2363 2022 2486 2073 tum
2537 2015 2796 2074 maxime
2863 2015 3359 2074 Mediolanensem
3407 2005 3558 2074 hanc
3608 2023 3861 2074 vestram

2143 2108 2306 2160 ortus
2334 2101 2425 2160 sui
2455 2102 2796 2176 primordia,
2830 2109 2886 2161 et
2932 2103 3258 2178 disciplinae
3308 2104 3640 2165 rudimenta
3693 2120 3861 2162 sum-

2142 2189 2344 2262 psisse.
2374 2187 2524 2258 Quid
2571 2191 2733 2249 enim
2758 2191 2960 2251 Petrus
3007 2198 3065 2250 et
3111 2192 3349 2264 Paulus,
3381 2193 3485 2268 qui
3532 2193 3861 2253 Romanam

2143 2276 2460 2336 Ecclesiam
2511 2293 2618 2337 suo
2671 2280 2954 2353 sanguine
3004 2289 3431 2354 consecrarunt,
3462 2298 3659 2341 nonne
3710 2283 3864 2342 hanc

2143 2378 2379 2436 quoque
2402 2379 2504 2436 per
2526 2364 2840 2439 discipulos
2867 2381 3004 2425 suos
3033 2367 3461 2429 instituerunt?
3488 2369 3634 2428 Nam
3676 2369 3861 2428 Naza-

2143 2450 2268 2510 rius
2296 2467 2330 2509 a
2358 2451 2506 2510 Lino
2550 2452 2703 2511 Petri
2743 2453 3029 2528 discipulo
3075 2471 3240 2516 sacro
3271 2457 3430 2516 fonte
3475 2456 3731 2529 ablutus,
3768 2474 3862 2516 sa-

2139 2555 2305 2599 crum
2363 2539 2427 2598 in
2486 2548 2594 2600 uac
2639 2542 2786 2602 urbe
2841 2544 3188 2618 martyrium
3241 2551 3326 2605 est
3381 2561 3687 2621 perpessus
3737 2569 3753 2606 :
3804 2553 3862 2605 et

2140 2628 2452 2689 Gervasius
2495 2645 2562 2688 ac
2610 2631 2922 2703 Protasius,
2948 2648 3203 2708 quorum
3243 2643 3439 2694 sancta
3477 2636 3542 2694 in
3579 2635 3685 2693 hac
3713 2635 3862 2694 urbe

2141 2733 2378 2792 corpora
2405 2719 2698 2792 coluntur,
2734 2737 2847 2780 non
2877 2722 3059 2782 alium
3109 2739 3286 2797 quam
3315 2724 3563 2785 Paulum
3600 2725 3863 2784 habuere

2141 2809 2506 2882 magistrum.
2539 2810 2724 2871 Divus
2767 2813 3038 2888 denique,
3090 2829 3209 2888 quo
3256 2832 3358 2874 vos
3400 2820 3691 2890 tantopere
3729 2815 3858 2890 glo—

2142 2897 2398 2969 riamini,
2456 2898 2825 2973 Ambrosius,
2880 2917 3018 2962 cum
3094 2902 3507 2963 Nicolaitarum
3584 2905 3858 2962 lueresim

2141 2986 2598 3060 persequendam
2647 3003 2909 3048 coercere
2960 3005 3079 3048 non
3127 2997 3338 3065 posset,
3368 3007 3404 3050 a
3429 2991 3690 3050 Romana
3738 2992 3855 3051 Ec-

349 3086 473 3151 rat;
506 3080 622 3138 nisi
662 3079 810 3139 forte
853 3080 912 3139 S.
945 3079 1150 3140 Petrus
1197 3081 1517 3141 Damianus
1559 3088 1616 3140 et
1659 3081 2054 3139 Florentinam
2139 3073 2314 3134 clesia
2351 3075 2645 3136 auxilium
2686 3079 3038 3153 imploravit,
3089 3085 3262 3154 atque
3290 3089 3403 3140 tres
3433 3081 3544 3140 viri
3573 3080 3645 3138 ad
3676 3080 3862 3155 hujus

343 3177 401 3231 et
437 3170 760 3230 Ostiensem
795 3169 1127 3228 cathedram
1163 3169 1341 3230 simul
1378 3170 1650 3244 obtinuit,
1676 3171 1831 3245 quod
1875 3169 2058 3229 nullis
2077 3164 2352 3274 Cerroris
2397 3165 2789 3266 expiationem
2829 3185 2863 3227 a
2906 3167 3124 3229 Siriaco
3165 3177 3304 3231 tunc
3342 3169 3612 3244 pontifice
3666 3170 3862 3243 missi,

346 3261 478 3321 aliis
509 3259 852 3319 testimoniis
885 3260 1318 3333 comprobatur.
2077 3255 2399 3328 “prmseus
2449 3255 2672 3316 civitati
2722 3258 3019 3318 auxilium
3069 3259 3405 3320 attulerunt.
3459 3257 3856 3331 Quamobrem

416 3353 598 3412 Cessit
623 3352 764 3412 item
806 3351 1298 3411 administrationi
1337 3352 1592 3412 duorum
1643 3356 1896 3416 aliorum
1941 3372 2061 3416 (ξω-
2141 3357 2277 3401 Cum
2299 3349 2354 3401 οῖ
2385 3343 2564 3417 Primi
2592 3345 2798 3405 salutis
2850 3354 3058 3407 Vestra
3090 3355 3372 3420 auctores.
3405 3356 3463 3407 εἴ
3495 3357 3622 3422 PDSt
3650 3349 3858 3408 laben-

347 3441 658 3501 uobiorum
697 3440 808 3500 sibi
847 3441 1405 3512 commendatorum,
1446 3443 1595 3502 sicut
1620 3459 1698 3502 ex
1725 3460 1792 3504 ea
1824 3445 2063 3519 epistola
2142 3432 2216 3491 tis
2268 3433 2596 3508 (ΠΒΟῘΡΠΙΠΒ
2648 3435 3065 3510 emendatores.
3122 3439 3230 3499 sub
3283 3439 3537 3498 ECOleSia
3589 3438 3866 3498 Romam!

343 3529 440 3590 his
476 3529 669 3590 verbis
697 3531 847 3589 circa
881 3529 1234 3606 principium
1272 3532 1519 3591 habetur
1551 3555 1564 3590 :
1597 3532 1952 3608 Quapropter
1989 3535 2064 3592 ob
2141 3521 2481 3594 Pl‘Odiel‘im,
2511 3525 2653 3599 (Ιιιίά
2700 3533 2784 3584 θεῖ
2831 3527 2985 3602 (Ιαοά
3016 3528 3141 3602 eius
3176 3528 3420 3588 decretis
3461 3528 3862 3602 οδιθωρθτθΐθ

344 3621 752 3682 remissionem
815 3621 1084 3682 omnium
1147 3625 1513 3696 peccatomm
1580 3639 1868 3697 meorum,
1927 3641 2063 3698 qua,
2142 3609 2549 3686 intempestiva
2618 3631 2779 3675 nunc
2835 3618 3194 3678 contumacia
3243 3615 3574 3678 recusatis?
3625 3616 3863 3688 Quibus

348 3711 621 3785 nequiter
658 3711 999 3785 perpetravi,
1040 3710 1180 3770 cedo
1217 3711 1352 3786 jure
1388 3711 1749 3787 epiSCOpatus
1774 3728 1878 3788 per
1903 3713 2064 3773 hunc
2142 3701 2337 3761 verbis
2376 3719 2513 3762 cum
2547 3711 2884 3777 PPOtePVllm
2927 3706 3231 3782 Populum»
3261 3705 3465 3766 diViDa
3487 3712 3692 3780 agente
3718 3721 3863 3780 ἔξαι-

344 3798 659 3870 annulum,
700 3799 924 3872 virgam
955 3798 1113 3858 enim
1152 3798 1393 3869 tulistis,
1433 3800 1732 3873 desperata
1768 3801 1931 3859 omni
1970 3817 2060 3860 re-
2144 3791 2241 3862 tia.
2290 3791 2633 3865 ίηΠθΧίεεθι,
2678 3810 2818 3854 mox
2860 3795 3200 3869 irrumpunt
3236 3795 3296 3854 in
3329 3802 3621 3854 conventu
3662 3807 3860 3866 V0088,

344 3885 578 3960 petendi
631 3885 890 3962 querela,
917 3886 1189 3947 renuntio
1213 3909 1227 3944 :
1252 3893 1574 3963 utrumque
1624 3888 1800 3947 etiam
1857 3904 2062 3949 mona-

349 3972 592 4032 sterium
619 3971 818 4032 reddo.

419 4060 536 4121 Sed
570 4060 835 4134 pontifex
873 4060 1180 4121 emendare
1215 4063 1420 4123 volens
1479 4063 1795 4123 Ecclesiam
1839 4063 2061 4124 Medio-

2141 3885 2197 3939 et
2223 3895 2324 3954 per
2359 3884 2537 3938 totam
2561 3881 2857 3941 civitatem
2906 3883 3272 3957 ingeminant
3301 3883 3540 3957 ubique,
3573 3881 3860 3940 Mediola-

2141 3982 2382 4027 uensem
2426 3970 2709 4042 populum
2754 3969 3084 4031 obnoxium
3126 3987 3251 4030 esse
3288 3969 3635 4030 obedientize
3680 3975 3861 4044 atque

2140 4059 2405 4132 potestati
2459 4065 2674 4119 sanctas
2728 4060 2883 4120 sedis
2936 4063 3286 4136 apostolica,
3343 4066 3401 4120 et
3457 4067 3571 4119 tam
3616 4059 3863 4119 clericos

344 4151 669 4223 lanensem,
720 4167 756 4209 a
800 4151 1062 4211 Romana
1115 4151 1557 4227 discrepantem,
1606 4169 1832 4213 necnon
1883 4155 2061 4214 simo-
2140 4164 2316 4222 quam
2349 4147 2526 4208 laicos
2549 4150 2618 4208 ad
2644 4151 3061 4225 excipiendum
3112 4150 3381 4210 mandata
3426 4149 3598 4224 legati
3625 4155 3854 4225 aposto-

346 4237 513 4297 niaca
595 4238 746 4310 labe,
826 4244 883 4297 et
972 4239 1386 4300 Nicolaitarum
1462 4243 1673 4301 hteresi
1763 4243 2058 4314 infectam,
2141 4236 2238 4294 lici
2267 4253 2390 4296 esse
2416 4243 2661 4312 paratos.
2690 4239 2878 4314 Igitur
2915 4239 3237 4314 quaestione
3273 4239 3620 4299 clericorum
3656 4253 3853 4297 coram

347 4327 588 4388 Petrum
641 4343 845 4388 rursus
897 4343 972 4388 ex
1020 4345 1216 4390 eremo
1275 4331 1614 4408 abductum,
1663 4333 2061 4392 Mediolanum
2138 4322 2325 4397 legato
2353 4323 2633 4397 discussa.
2661 4325 2764 4383 Vix
2788 4325 3099 4400 quisquam
3130 4341 3285 4386 unus
3317 4331 3582 4400 repertus
3609 4332 3713 4396 est,
3744 4325 3850 4399 qui

345 4416 605 4491 legatum
659 4415 749 4475 de
779 4417 957 4476 latere
1004 4419 1198 4492 misit;
1234 4426 1300 4480 ut
1343 4422 1407 4480 iu
1447 4428 1661 4482 rectam
1714 4423 2061 4482 sententiam
2139 4412 2232 4472 Vel
2268 4428 2386 4471 DOII
2430 4413 2662 4473 ordines
2697 4430 2888 4474 sacros
2933 4415 3186 4486 emisset,
3233 4421 3336 4476 aut
3382 4413 3658 4475 muliebri
3710 4430 3850 4474 con-

347 4503 433 4564 ibi
457 4519 694 4564 omnem
730 4504 950 4564 clerum
998 4521 1130 4565 cum
1167 4508 1381 4581 populo
1420 4515 1734 4569 revocaret.
1761 4509 1874 4579 Qui
1921 4504 2442 4582 ohe-“suetudini
2494 4512 2740 4566 vacaret.
2792 4505 2904 4566 Sed
2951 4506 3176 4582 legatus
3215 4505 3670 4566 misericordiam
3721 4520 3856 4563 am-

345 4593 470 4653 dirc
484 4601 730 4667 coactus,
747 4593 890 4653 illuc
910 4567 1188 4669 perrexit,
1207 4567 1487 4657 Ahselmo
1505 4599 1769 4673 episcopo
1794 4567 2124 4658 LuceuseD
2144 4592 2437 4668 plexatus,
2467 4595 2744 4656 omnibus
2769 4613 2830 4656 se
2855 4567 3134 4658 daturum
3164 4598 3395 4657 veniam
3424 4597 3717 4672 pollicitus
3745 4604 3850 4669 est,

347 4682 571 4757 collega
620 4689 935 4758 assumpto.
962 4682 1052 4742 Ibi
1104 4699 1242 4743 cum
1290 4700 1394 4759 pro
1441 4686 1721 4760 dignitate
1774 4691 2057 4761 receptus,
2145 4684 2195 4742 si
2224 4701 2284 4744 se
2305 4687 2684 4761 jurejurando
2724 4689 3148 4762 obstringerent
3186 4689 3260 4748 ab
3303 4687 3706 4764 hujuscemodi
3744 4689 3852 4746 ﬂa-

345 4788 580 4834 causam
622 4773 925 4848 legatiOnis
969 4773 1350 4847 exposuisset,
1393 4790 1594 4834 rumor
1650 4773 1715 4832 in
1756 4775 1988 4834 civitate
2026 4789 2060 4833 a
2143 4772 2301 4847 gitiis
2337 4779 2768 4848 temperaturos.
2816 4773 2980 4846 Quod
3028 4791 3162 4836 cum
3201 4776 3429 4851 primus
3471 4775 3856 4850 archiepisco-

345 4863 592 4922 factioue
663 4863 1005 4923 clericorum
1059 4864 1345 4923 excitatus
1395 4871 1480 4923 est
1540 4881 1556 4924 :
1611 4864 2060 4925 Ambrosianum
2143 4879 2254 4939 pus
2282 4865 2642 4925 solemnibus
2667 4866 2881 4939 verbis,
2911 4865 3122 4925 deinde
3157 4867 3351 4926 clerici
3379 4883 3582 4926 omnes
3611 4866 3857 4941 professi

343 4949 662 5011 Ecclesiam
703 4951 965 5027 antiquis
1008 4952 1248 5012 Patrum
1292 4952 1579 5012 institutis
1628 4953 1874 5012 liberam
1911 4967 2058 5026 esse,
2144 4953 2411 5024 fuissent,
2452 4952 2718 5027 injuncta
2769 4952 3019 5028 singulis
3066 4953 3306 5014 salutari
3357 4955 3714 5029 paenitentia,
3756 4953 3860 5012 Pe-

347 5056 541 5117 neque
585 5042 919 5116 pontificem
965 5042 1300 5102 Romanum
1330 5043 1430 5116 jus
1464 5042 1651 5103 ullum
1682 5043 1746 5102 in
1785 5059 1852 5103 ea
1901 5044 2060 5103 ordi-
2146 5049 2269 5103 trus
2307 5045 2530 5118 legatus
2561 5043 2887 5104 Mediolano
2917 5042 3194 5104 discessit.
3237 5045 3544 5116 Caeterum,
3591 5058 3726 5104 cum
3759 5059 3858 5102 ar-

351 5132 547 5189 nauda
580 5132 816 5205 habere;
844 5148 952 5191 nec
989 5147 1170 5204 mora,
1202 5137 1575 5190 concurrente
1612 5129 1813 5204 populi
1849 5131 2061 5189 multi-
2143 5132 2544 5207 chiepiscopus
2578 5134 2945 5208 postmodum
2983 5135 3201 5194 aculeis
3239 5134 3580 5207 linguarum
3616 5149 3684 5192 ac
3713 5148 3860 5191 con-

352 5217 556 5277 tudine
593 5219 667 5277 ad
709 5220 1048 5294 praetorium
1085 5218 1356 5295 episcopi,
1400 5233 1555 5278 mors
1589 5235 1801 5293 magno
1839 5219 2062 5294 impetu
2143 5219 2311 5280 viciis
2358 5221 2701 5282 clericorum
2751 5223 3042 5296 seductus,
3089 5225 3163 5283 ad
3209 5223 3494 5282 vomitum
3526 5233 3661 5282 cum
3703 5221 3861 5280 clero

356 5306 526 5367 Petro
577 5308 762 5382 legato
814 5309 1077 5385 undique
1133 5309 1472 5380 intentatur,
1519 5315 1872 5384 repenteque
1918 5308 2062 5368 urbs
2144 5309 2426 5382 rediisset,
2467 5311 2535 5372 Β.
2577 5311 2781 5372 Petrus
2817 5319 3044 5388 postero
3078 5327 3251 5381 anno,
3294 5310 3366 5368 ad
3403 5313 3708 5385 quosdam,
3748 5310 3860 5384 qui

353 5407 766 5474 campanarum
829 5403 1071 5477 strepitu
1143 5407 1200 5463 et
1265 5401 1567 5462 turbarum
1625 5402 1894 5476 clangore
1946 5403 2063 5458 tota
2143 5399 2204 5459 in
2249 5401 2533 5462 sententia
2577 5401 2980 5476 persistebant,
3027 5402 3180 5460 hanc
3218 5399 3448 5474 scripsit
3494 5399 3799 5476 epistolam
3838 5419 3854 5458 :

349 5488 691 5565 completur.
751 5491 842 5550 Ad
907 5492 1036 5550 haec
1097 5491 1464 5567 ingeminant
1522 5505 1710 5564 voces,
1782 5489 2061 5565 iujuriam
2144 5484 2369 5548 Gratias
2442 5487 2672 5564 agimus
2747 5489 2888 5563 Deo,
2971 5493 3104 5561 etc.,
3161 5492 3228 5545 ut
3304 5485 3552 5547 habetur
3617 5485 3721 5546 lib.
3791 5497 3854 5557 v,

356 5578 629 5641 Widouis
687 5581 1102 5658 archiepiscOpi
1142 5581 1552 5642 vindicandam
1590 5589 1737 5654 esse,
1774 5580 1882 5656 qui
1918 5593 2061 5640 cou—
2142 5577 2308 5654 epist.
2335 5577 2427 5639 84.
2845 5607 2851 5612 α

349 5667 586 5731 stitutus
639 5670 826 5746 pridie
872 5671 949 5731 ad
995 5670 1288 5730 sinistram
1334 5675 1390 5729 ct
1432 5687 1547 5729 non
1591 5670 1664 5730 ad
1704 5670 2000 5728 dexteram
2028 5685 2060 5727 a
2216 5671 2390 5729 Anno
2425 5670 2499 5730 ab
2544 5670 2935 5729 incarnatione
2973 5667 3207 5729 Domini
3248 5667 3427 5728 nostri
3463 5667 3603 5727 Jesu
3639 5667 3858 5727 Christi
