4078 6202
224 369 317 429 165

1071 359 1652 428 PROLEGOMENA.
1695 400 1756 410 —
1801 366 1860 426 S.
1903 361 2127 426 PETRI
2165 364 2488 426 DAMlANl
2528 365 2708 425 VITA
2751 363 2854 424 III.

3610 366 3713 426 166

223 494 370 566 1068,
423 509 558 554 cum
601 499 850 570 gestaret
900 494 1278 567 tergeminam
1331 493 1514 552 sancti
1568 493 1720 552 Petri
1767 491 1982 553 thia—A
2007 506 2160 564 sum,
2202 498 2258 549 et
2286 491 2576 565 quomodo
2601 491 2684 550 sic
2715 507 2850 550 cum
2879 491 3185 560 amisisset,
3228 492 3559 551 recordatus
3601 501 3709 561 est,

218 600 332 643 ram
377 583 714 642 Alexander
759 582 1071 653 secundus,
1124 582 1414 641 Henricus
1461 588 1707 656 quartus
1748 597 1928 640 caesar

218 670 624 744 Moguntinum
678 669 1012 744 episcopum
1069 671 1140 728 ad
1190 670 1569 729 indicendum
1610 669 1926 729 concilium

215 759 609 834 episcoporum
635 759 898 830 urgebat,
931 759 1086 832 quod
1121 759 1245 833 ipse
1296 776 1430 818 cum
1462 761 1630 820 Bel-ta
1675 769 1926 835 augusta

216 850 454 924 conjuge
483 849 804 908 divortium
849 851 1036 907 facere
1089 850 1280 922 vellet,
1313 851 1756 924 libertatemque
1816 851 1926 908 Ec-

216 941 403 1000 clesiae
468 940 676 998 acriter
742 942 1121 1014 opprimebat,
1183 943 1480 1000 monachis
1558 941 1926 1016 potissimum

217 1029 475 1088 infestus.
507 1029 728 1099 Quibus
767 1029 996 1088 damnis
1040 1029 1298 1103 pontifex
1354 1029 1656 1102 pravidere
1702 1029 1920 1099 volens,

215 1118 278 1176 B.
308 1117 546 1176 Petrum
585 1118 852 1176 Damiani
895 1118 1150 1191 legatum
1188 1119 1252 1176 in
1300 1119 1675 1177 Germaniam
1728 1118 1922 1190 mittit,

214 1225 326 1283 quo
381 1210 607 1268 delatus
657 1210 881 1282 Petrus,
943 1209 1198 1268 Henrico
1274 1209 1766 1280 Frankcofordiaz,
1821 1209 1924 1268 ubi

213 1307 539 1358 conventus
596 1298 924 1373 cogebatur,
990 1299 1261 1357 mandata
1322 1298 1613 1372 pontiﬁcis
1676 1298 1784 1356 sub
1833 1297 1926 1356 his

213 1386 496 1461 capitibus
520 1385 788 1459 exposuit
812 1385 1159 1460 intrepidus,
1192 1391 1257 1445 ut
1281 1387 1482 1444 scribit
1519 1384 1828 1459 Sigonius:

281 1478 430 1537 Rem
476 1478 809 1550 pessimam,
838 1483 892 1535 et
936 1492 970 1533 a
1015 1475 1252 1534 nomine
1304 1475 1649 1549 Christiano,
1708 1477 1924 1536 nedum

211 1568 390 1640 regio,
424 1565 677 1625 alienam
723 1581 868 1636 esse,
907 1580 1085 1639 quam
1141 1565 1240 1623 ille
1295 1564 1636 1636 moliretur;
1669 1564 1825 1640 quod
1875 1565 1924 1623 si

210 1655 488 1715 humanis
514 1671 581 1713 ac
618 1653 836 1714 divinis
868 1654 1095 1728 legibus
1133 1669 1250 1712 non
1289 1659 1619 1725 terreretur,
1665 1660 1722 1712 at
1750 1654 1925 1712 famae

214 1752 268 1803 et
333 1745 785 1804 existimationis
844 1760 969 1804 suae
1024 1743 1309 1803 rationem
1361 1744 1622 1816 haberet,
1677 1759 1751 1802 ne
1805 1749 1923 1801 tam

2005 581 2144 655 quia
2199 580 2464 654 pridiano
2521 596 2754 654 vespere
2811 580 2996 637 lassus
3044 579 3114 637 dc
3171 579 3282 650 via,
3343 581 3604 639 membra
3648 580 3711 638 in

2007 671 2217 728 lectum
2250 669 2578 744 projiciens,
2602 668 2847 743 jacendo
2884 669 3272 749 compleverat
3320 671 3490 729 horas
3535 686 3712 730 cano-

2005 758 2163 817 nicas
2213 765 2268 816 et
2319 757 2537 816 crimen
2591 757 2780 815 debita
2832 757 3172 830 poenitentia
3228 757 3421 816 delere
3469 758 3709 818 studuit.

2006 846 2313 920 Religiosis
2357 845 2584 904 cunctis
2611 851 2664 903 et
2694 846 2870 904 sacris
2897 845 3139 904 initiatis
3167 847 3503 920 exemplum
3531 845 3710 904 relin-

2005 954 2211 1013 quens,
2240 938 2528 1011 quomodo
2577 937 2846 1010 singulus
2899 938 3148 1012 quisque
3197 938 3372 996 verba
3419 939 3713 1012 propheta;

2007 1043 2232 1100 semper
2256 1027 2330 1084 ob
2354 1025 2550 1084 oculos
2575 1025 2786 1084 habere
2811 1025 2976 1084 debet
3016 1045 3029 1082 :
3056 1030 3266 1100 Septies
3289 1029 3349 1082 in
3377 1028 3465 1082 die
3495 1029 3712 1083 laudem

2007 1117 2133 1172 dimi
2189 1117 2292 1171 tibi
2350 1117 2512 1187 (Psal.
2567 1115 2816 1187 CXVIII);
2869 1121 2922 1172 et
2981 1123 3195 1188 quanta
3265 1117 3585 1175 reverentia
3649 1131 3714 1174 ac

2006 1207 2312 1264 devotione
2370 1208 2445 1264 sit
2503 1206 2894 1278 peragendum
2949 1205 3168 1279 ubique
3219 1206 3491 1265 divinum
3545 1223 3712 1280 opus,

2007 1303 2276 1353 monente
2304 1311 2408 1353 nos
2432 1295 2632 1353 eodem
2674 1294 2947 1368 propheta
2978 1318 2992 1352 :
3035 1298 3263 1352 Psallz'te
3305 1299 3433 1361 Deo,
3462 1299 3710 1368 psallite,

1998 1389 2227 1460 psallite
2254 1388 2529 1458 sapienter
2557 1387 2726 1454 (Psal.
2772 1389 2977 1456 XLVI);
3015 1390 3071 1442 et
3095 1385 3236 1443 alibi
3271 1404 3285 1444 :
3336 1389 3400 1443 In
3427 1391 3712 1459 conspectu

2003 1478 2318 1544 angelorum
2337 1476 2581 1546 psallam
2604 1475 2708 1530 tibi
2743 1477 2913 1543 (Psal.
2942 1478 3243 1545 CXXXVII).

2075 1564 2365 1622 Reversus
2414 1562 2620 1623 Petrus
2659 1579 2694 1621 a
2746 1562 3029 1636 legatione
3085 1563 3431 1636 Germanias,
3473 1564 3548 1622 ad
3589 1579 3714 1622 ere-

2005 1670 2170 1714 mum
2225 1669 2391 1714 suam
2443 1653 2786 1714 Avellanam
2863 1656 3121 1715 concitus
3192 1655 3460 1727 redierat,
3511 1652 3714 1713 existi-

2006 1759 2173 1803 mans
2199 1749 2407 1816 optatze
2447 1743 2630 1817 quieti
2677 1759 2753 1801 ex
2787 1744 2972 1802 animi
3009 1744 3294 1804 sententia
3312 1745 3435 1819 jam
3483 1744 3716 1804 tandem

218 1841 356 1893 tetro
427 1851 654 1895 veneno
699 1852 734 1893 a
795 1850 930 1907 rege
985 1840 1299 1907 temperato
1375 1841 1558 1892 totum
1636 1833 1978 1908 populum};
2004 1848 2169 1908 posse
2212 1831 2588 1901 incumbere;
2624 1832 2723 1889 sed
2749 1839 3047 1891 revocatus
3079 1849 3113 1891 a
3152 1831 3426 1906 Gregorio
3472 1832 3716 1906 septimo

215 1925 608 1986 Christianum
632 1924 895 1984 inﬁceret
926 1944 940 1982 :
973 1929 1030 1982 et
1055 1924 1160 1999 qui
1186 1923 1402 1996 ﬂagitia
1432 1923 1638 1984 ulcisci
1673 1924 1926 1996 deberet,

215 2014 286 2074 iis
354 2031 412 2073 se
463 2017 731 2090 princeps
782 2013 1182 2086 obstringeret.
1241 2010 1406 2080 Quod
1460 2013 1509 2072 si
1564 2029 1682 2071 non
1735 2013 1927 2073 ﬂecte-

215 2109 377 2163 retur
428 2105 706 2177 consiliis,
765 2118 870 2178 pro
927 2107 1080 2160 certo
1130 2101 1371 2161 haberet
1423 2102 1754 2176 pontiﬁcem
1806 2101 1926 2160 vim

213 2191 665 2251 ecclesiasticam
724 2193 1177 2264 adhibiturum;
1229 2209 1420 2269 neque
1477 2193 1600 2252 suis
1655 2193 1930 2253 manibus

213 2299 350 2341 eum
393 2282 711 2356 aliquando
755 2283 1161 2357 imperatorem
1213 2289 1594 2342 sacraturum.
1643 2283 1732 2341 Ad
1784 2283 1931 2342 hanc

211 2372 535 2431 orationem
561 2387 697 2431 cum
728 2372 1041 2447 principes,
1079 2373 1182 2447 qui
1212 2373 1472 2445 aderant,
1504 2371 1930 2431 exclamassent

211 2475 385 2534 aequa
449 2459 656 2534 jubere
736 2461 1070 2520 Romanum
1137 2462 1491 2536 pontiﬁcem,
1555 2461 1929 2536 dicerentque

212 2565 350 2611 eum
401 2550 706 2610 turbandae
755 2551 1090 2624 reipublicae
1155 2551 1512 2611 occasionem
1568 2567 1703 2610 cum
1751 2550 1928 2609 armis

209 2639 549 2714 parentibus
598 2639 816 2713 reginze
866 2655 985 2699 non
1037 2640 1296 2714 praebere
1343 2639 1551 2699 debere
1596 2639 1928 2712 imperator,

210 2728 396 2788 nullis
431 2727 563 2787 aliis
591 2727 913 2787 rationibus
955 2729 1149 2788 locum
1181 2729 1540 2804 relinquens,
1576 2745 1638 2787 se
1679 2728 1740 2787 in
1779 2743 1926 2802 pon-

211 2817 384 2877 tiﬁcis
413 2819 752 2878 auctoritate
780 2824 963 2876 totum
990 2817 1230 2876 remisit.

188 2953 196 2959 .
279 2906 352 2964 In
387 2921 454 2963 ea
492 2905 777 2980 legatione
807 2906 1012 2966 Petrus
1056 2906 1120 2965 in
1164 2921 1341 2979 regno
1387 2903 1753 2978 Burgundiae
1786 2919 1928 2963 con-

2007 1939 2170 1998 papa,
2200 1921 2302 1997 qui
2329 1936 2484 1980 anno
2527 1918 2664 1980 1073
2690 1921 3022 1980 cathedram
3069 1921 3222 1980 Petri
3269 1922 3543 1994 obtinuit,
3571 1921 3717 1980 mis-

2009 2031 2109 2075 sus
2132 2020 2216 2074 est
2253 2013 2478 2087 legatus
2515 2013 2587 2070 de
2615 2011 2792 2071 latere
2831 2028 2934 2086 per
2980 2018 3157 2072 totam
3192 2012 3443 2085 Italiam,
3475 2018 3542 2072 ut
3594 2027 3720 2085 pro-

2009 2103 2298 2177 mulgaret
2319 2103 2541 2161 decreta
2570 2102 2640 2160 de
2673 2101 2916 2160 dicendo
2947 2100 3146 2160 Ofﬁcio
3179 2099 3246 2160 B.
3293 2100 3491 2160 Mariae
3523 2100 3718 2173 Virgi-

2007 2195 2119 2265 nis,
2154 2193 2309 2268 quod
2359 2193 2580 2267 ubique
2634 2192 2873 2251 siluerat
2911 2215 2925 2249 :
2967 2191 3146 2251 simul
3190 2191 3487 2267 jejunium
3537 2197 3721 2249 sextae

2008 2283 2168 2342 ferite
2221 2283 2284 2340 in
2338 2284 2622 2342 honorem
2692 2290 2906 2341 sanctaa
2963 2282 3153 2342 crucis
3213 2282 3513 2355 indiceret,
3562 2282 3719 2356 quod

2007 2372 2398 2432 oblitteratum
2462 2387 2587 2430 esse
2641 2372 2966 2431 videbatur.
3018 2371 3182 2442 Quod
3250 2387 3467 2432 munus
3515 2371 3720 2431 Petrus

2003 2462 2410 2521 ardentissima
2439 2462 2718 2520 charitate
2746 2463 2948 2534 obivit,
2979 2463 3183 2523 multis
3211 2477 3278 2522 ac
3319 2461 3520 2522 multis
3563 2461 3719 2520 ditii-

2005 2551 2338 2623 cultatibus,
2369 2551 2487 2611 Deo
2511 2552 2775 2626 juvante,
2807 2551 3114 2625 superatis.

2077 2639 2254 2697 Porro
2301 2639 2372 2696 de
2411 2637 2636 2712 jejunio
2685 2638 2874 2697 crucis
2922 2653 3041 2698 non
3077 2643 3163 2696 est
3216 2637 3447 2698 silentio
3489 2642 3720 2712 praeter-

2007 2725 2288 2798 eundum,
2325 2741 2460 2800 quze
2508 2727 2580 2784 ad
2627 2742 2891 2786 eremum
2939 2727 3283 2786 Avellanam
3329 2727 3717 2800 contigerunt.

2008 2814 2341 2888 ZEgrotabat
2368 2814 2451 2872 ibi
2494 2814 2601 2873 loci
2634 2815 2693 2872 in
2739 2815 3009 2875 cubiculo
3047 2831 3248 2888 senex,
3284 2816 3401 2876 Leo
3441 2816 3720 2886 nomine;

2007 2903 2105 2963 hic
2149 2903 2492 2978 precabatur
2525 2903 2758 2964 assidue
2792 2905 2976 2964 Deum
3013 2920 3115 2979 pro
3171 2905 3240 2964 B.
3293 2904 3481 2977 Petro,
3519 2911 3578 2964 et
3618 2921 3722 2979 pro

209 2993 494 3053 viatorem
546 2995 769 3065 habuit,
846 2994 997 3053 sicut
1068 2994 1191 3068 ipse
1261 2995 1326 3052 in
1380 2992 1681 3051 miraculis
1748 2997 1927 3065 notat,
2009 2993 2472 3067 congregatione,
2502 3000 2557 3050 et
2583 3008 2686 3066 pro
2731 2993 3028 3052 Ecclesia:
3058 2994 3216 3070 quod
3250 3009 3386 3053 cum
3422 2993 3725 3054 ardentius

210 3082 562 3155 Adraldum,
617 3083 972 3158 prudentem
1033 3090 1090 3142 et
1146 3084 1488 3158 religiosum
1546 3085 1765 3154 virum,
1826 3083 1930 3157 qui
2009 3084 2176 3144 solito
2226 3085 2457 3156 faceret,
2513 3092 2697 3155 nocte,
2740 3101 2877 3159 quae
2924 3085 3081 3144 diem
3130 3085 3447 3160 praecessit,
3489 3083 3724 3160 quando

208 3170 574 3263 Bremetensi
621 3174 1035 3263 prmeminebat
1069 3176 1437 3246 monasterio,
1476 3175 1579 3248 qui
1628 3174 1690 3233 in
1722 3173 1990 3263 itinerec
2013 3176 2310 3236 decretum
2355 3175 2427 3234 de
2465 3175 2690 3250 jejunio
2729 3183 2910 3235 sextae
2957 3177 3122 3237 ferite
3156 3196 3191 3236 a
3242 3177 3410 3236 Petro
3460 3176 3721 3252 promul-

209 3260 328 3320 duo
369 3261 458 3320 illi
504 3261 702 3321 retulit
754 3263 1053 3334 miracula,
1089 3278 1222 3337 qua;
1268 3263 1366 3321 hic
1419 3263 1628 3322 addere
1678 3263 1929 3322 otiosum
1957 3260 1988 3263 “’
2013 3264 2275 3338 gandum
2299 3270 2439 3337 erat,
2475 3280 2605 3324 ecce
2643 3265 2789 3323 vidit
2816 3282 2955 3324 mox
3000 3267 3063 3324 in
3093 3268 3317 3325 somnis
3362 3266 3725 3340 frequentem

206 3365 329 3408 non
364 3351 494 3409 erit.
1903 3399 1910 3406 .
2012 3354 2431 3414 monachorum
2459 3359 2818 3413 conventum
2844 3356 2908 3414 in
2934 3356 3167 3430 templo,
3200 3356 3304 3430 qui
3341 3356 3492 3415 albis
3529 3354 3724 3414 induti

280 3443 544 3503 Clericus
599 3445 838 3520 quidam
897 3447 1152 3507 ﬂuvium
1220 3446 1508 3506 transiens
1569 3445 1638 3507 B.
1696 3445 1927 3506 Severi-
2012 3442 2296 3516 vestibus,
2353 3442 2721 3502 suavissimis
2776 3445 3016 3504 vocibus
3067 3450 3124 3503 et
3186 3445 3346 3505 dulci
3409 3443 3725 3504 admodum

206 3545 355 3591 num
408 3533 745 3608 episcopum
790 3535 1029 3595 obvium
1078 3535 1288 3595 habuit
1328 3555 1341 3594 :
1383 3535 1480 3594 cui
1521 3551 1656 3594 cum
1699 3539 1930 3608 rogatus
2012 3537 2314 3601 concentu,
2335 3529 2439 3589 illa
2468 3531 2675 3605 hymni
2698 3533 2886 3590 crucis
2911 3531 3090 3591 verba
3112 3532 3458 3591 cantabant:
3492 3531 3723 3614 «Dulce

211 3621 286 3679 ab
317 3622 424 3681 illo
457 3640 703 3684 manum
735 3627 1003 3701 dedisset,
1037 3643 1281 3702 eamque
1313 3627 1616 3702 episcopus
1654 3626 1930 3686 ﬂuctibus
2013 3620 2262 3693 lignum,
2287 3619 2486 3679 dulces
2510 3621 2722 3695 clavos,
2751 3621 2945 3682 dulcia
2965 3623 3158 3683 ferens
3177 3621 3504 3697 pondera.»
3535 3621 3722 3680 Panes

206 3711 620 3786 impressisset,
659 3720 854 3774 tantus
913 3715 1192 3775 clericum
1241 3715 1411 3774 ardor
1449 3719 1685 3788 repente
1727 3714 1928 3771 absor-
2014 3711 2155 3768 item
2196 3709 2261 3766 in
2310 3709 2610 3768 refectorio
2657 3725 2781 3769 esse
2837 3713 3127 3785 appositos
3179 3711 3396 3770 mensis
3447 3710 3724 3770 nitidissi‘

205 3797 358 3870 buit,
412 3806 478 3859 ut
545 3801 809 3876 undique
863 3819 1066 3862 carnes
1117 3803 1291 3862 totius
1370 3819 1580 3862 manus
1630 3801 1930 3861 dissoluta:
2014 3814 2160 3871 mos,
2192 3804 2534 3873 exstareque
2568 3799 2720 3858 inter
2749 3802 3062 3860 monachos
3095 3803 3294 3863 virum
3324 3801 3720 3862 venerabilem

206 3887 564 3960 difﬂuerent,
600 3897 654 3948 et
701 3906 828 3949 ossa
872 3891 974 3950 vix
1028 3892 1385 3951 haerentibus
1433 3890 1693 3951 articulis
1740 3907 1930 3950 rema-
2014 3888 2159 3946 albis
2199 3885 2495 3959 indutum,
2527 3888 2629 3961 qui
2669 3887 2925 3947 diceret:
2958 3889 3034 3948 Hi
3081 3897 3219 3950 sunt
3266 3905 3470 3964 panes,
3502 3889 3719 3964 quibus

208 3983 440 4034 nerent.
477 3976 642 4036 Tunc
678 3994 797 4052 prie
837 3979 1039 4038 dolore
1079 3980 1429 4038 exclamanti
1475 3980 1724 4038 clerico:
1764 3979 1932 4038 Unde
2015 3977 2126 4036 ﬁlii
2149 3977 2328 4036 Israel
2369 3978 2434 4036 in
2481 3979 2704 4038 deserto
2731 3980 2858 4041 aliti
2899 3988 3038 4041 sunt
3079 3984 3276 4055 (Ea-od.
3305 3984 3453 4056 XVI).
3490 3982 3718 4053 Quibus

210 4070 300 4135 tu,
370 4066 540 4139 cujus
596 4082 808 4125 nomen
855 4067 917 4126 in
970 4075 1126 4128 tanta
1172 4069 1576 4128 benedictione
1651 4075 1756 4142 est,
1812 4077 1932 4127 tam
2015 4066 2250 4141 prolatis
2278 4065 2492 4138 verbis,
2525 4083 2808 4140 mensam,
2837 4085 2971 4143 quze
2999 4071 3226 4130 eratad
3255 4071 3605 4130 occidentem
3650 4069 3723 4129 ad

206 4153 508 4227 pestilenti
559 4158 834 4231 voragine
878 4158 1288 4231 constringeris
1313 4157 1342 4218 ?
1371 4159 1666 4232 respondit
1711 4158 1932 4233 episco-
2017 4156 2299 4214 orientem
2352 4157 2662 4229 transtulit,
2715 4158 2818 4220 ubi
2874 4160 2940 4220 in
2980 4160 3196 4235 pariete
3253 4159 3465 4221 Christi
3525 4159 3720 4220 cruci-

207 4259 368 4319 pus:
422 4244 549 4304 Hac
595 4263 700 4319 ego
753 4248 984 4306 residua
1040 4255 1266 4308 tantum
1321 4249 1545 4308 ultione
1600 4249 1816 4324 plector
1868 4249 1932 4306 in
2019 4244 2125 4303 fixi
2153 4244 2345 4320 imago
2376 4245 2560 4319 posita
2580 4251 2723 4305 erat.

205 4333 550 4407 purgatorio
571 4357 584 4405 ;
637 4335 774 4409 quia
807 4336 871 4394 in
901 4337 1038 4396 aula
1072 4336 1232 4411 regia
1270 4338 1516 4412 negotiis
1557 4337 1935 4397 saecularibus
2089 4333 2264 4393 Alius
2314 4334 2454 4392 item
2501 4335 2839 4408 monachus,
2879 4334 3082 4395 Petrus
3119 4335 3378 4410 nomine,
3417 4336 3488 4394 ad
3530 4352 3727 4398 (xeno-

206 4439 307 4482 me
359 4424 667 4498 implicare
720 4426 900 4497 volui,
947 4428 1336 4502 canonicaque
1405 4427 1594 4487 oﬂicia
1667 4445 1785 4487 non
1833 4443 1966 4502 per-
2019 4420 2185 4481 bium
2215 4422 2309 4480 die
2332 4422 2493 4481 Jovis
2516 4439 2830 4497 regressus,
2860 4423 3100 4497 ignarus
3128 4423 3511 4484 institutionis
3535 4442 3727 4499 novae,

205 4512 498 4572 horarum
554 4514 758 4587 spatia,
816 4515 914 4574 sed
993 4523 1323 4577 coacervata
1389 4518 1750 4591 negligenter
1802 4526 2125 4626 per-Dper
2152 4511 2407 4586 quietem
2449 4526 2483 4568 a
2519 4510 2584 4570 B.
2623 4511 2789 4570 Petro
2810 4509 2894 4584 .ad
2921 4511 3236 4585 prandium
3279 4512 3560 4572 invitatus
3586 4531 3724 4575 cum
3802 4528 3804 4530 '

205 4601 358 4626 ..ΑΙ-ζ
438 4601 527 4626 ΥΠ.-
563 4617 696 4626 ..ι-...Λ
754 4602 845 4626 n..:
908 4602 1261 4626 ..I.._.-__1:___
1321 4605 1619 4626 L______":L-_
1665 4605 1903 4626 :___l-____
2022 4601 2223 4626 n.-.'........|.
2282 4601 2554 4626 ..-αι-ρειιζιι
2602 4601 2887 4626 ,ιι-ΑἶνιζΑ-υ.
2940 4602 3072 4626 ηΑ--ζ
3132 4602 3278 4626 ..ει-υ.
3333 4603 3690 4626 Δε--;-1;..-..

205 4601 384 4659 solvi.
438 4601 531 4660 Tu
563 4617 700 4661 vero
746 4602 850 4661 Dei
902 4602 1269 4664 clementiam
1321 4605 1622 4667 humiliter
1665 4601 2243 4679 implora,“fuisset,
2282 4601 2556 4676 postridie
2601 4601 2890 4676 accipiens
2940 4602 3078 4662 novi
3132 4602 3280 4661 ritus
3329 4603 3728 4678 disciplinam,

206 4695 277 4747 ut
323 4705 578 4748 manum
637 4696 797 4751 tuam
836 4691 1094 4766 pristinae
1151 4695 1383 4753 sanitati
1438 4695 1724 4754 restituat.
1771 4692 1935 4762 Quod
2021 4691 2324 4751 monachis
2409 4691 2674 4766 patefecit
2747 4708 3046 4752 arcanum.
3099 4692 3323 4764 Quibus
3401 4693 3728 4754 visionibus

205 4777 314 4837 ubi
350 4779 579 4838 factum
607 4786 714 4852 est,
755 4783 976 4855 rogavit
1021 4799 1160 4842 eum
1201 4790 1266 4844 ut
1305 4799 1502 4858 preces
1552 4783 1671 4842 Deo
1727 4781 1934 4841 funde-
2021 4781 2291 4839 monachi
2337 4782 2631 4848 commoti,
2663 4797 2802 4841 mox
2830 4797 3031 4840 omnes
3068 4798 3102 4841 a
3150 4783 3217 4842 B.
3250 4783 3417 4842 Petro
3455 4781 3733 4856 supplici-

201 4875 312 4937 ret,
389 4875 448 4925 et
500 4869 782 4928 sacriﬁcia
845 4871 1050 4932 oﬂ‘erre
1122 4888 1227 4947 pro
1283 4872 1386 4932 illo
1445 4872 1650 4932 fratres
1702 4873 1933 4947 faceret,
2023 4875 2110 4929 ter
2163 4869 2501 4945 deposcunt,
2552 4871 2722 4930 ﬂium
2774 4871 2838 4929 in
2905 4870 3070 4929 omni
3145 4870 3372 4944 reliquo
3430 4869 3614 4943 victu,
3661 4886 3730 4930 ac

208 4956 732 5033 indigentibusque
769 4959 1094 5021 subsidium
1135 4956 1416 5034 conferre,
1464 4961 1680 5038 quibus
1730 4963 1937 5036 proxi-
2022 4961 2258 5032 vestitu,
2289 4977 2356 5020 ea
2393 4962 2720 5034 decernere,
2759 4976 2826 5020 ea
2866 4959 2982 5020 illis
3031 4963 3333 5035 imperare,
3371 4975 3504 5034 quaa
3540 4960 3729 5034 magis

210 5064 307 5108 me
339 5066 407 5108 se
435 5049 797 5123 expiandum
829 5051 949 5110 fore
977 5066 1012 5108 a
1039 5049 1156 5109 Deo
1186 5051 1430 5124 gratiam
1461 5051 1826 5112 obtinuisset.

284 5138 494 5198 Frater
519 5138 660 5198 item
690 5141 886 5214 probas
923 5141 1133 5199 mentis
1163 5147 1221 5199 et
1266 5147 1438 5201 rectae
1480 5143 1939 5202 conversationis

206 5230 472 5289 coanobii
529 5230 927 5289 Cluniacensis
980 5246 1081 5304 per
1151 5229 1365 5301 locum,
1424 5231 1533 5290 ubi
1611 5232 1723 5304 ipsi
1778 5237 1940 5290 erant

211 5317 700 5390 sermocinantes,
770 5317 881 5376 iter
933 5317 1170 5389 faciens,
1213 5316 1586 5392 peregrinum
1640 5317 1938 5390 crinitum,

211 5406 478 5480 palmam
527 5407 592 5464 in
647 5421 825 5464 manu
877 5407 1158 5466 ferentem
1208 5405 1802 5477 obvium.habuerat,
1837 5407 1942 5480 qui

212 5497 622 5569 pertransiens
669 5495 894 5554 dicebat
943 5515 956 5555 ε
1011 5495 1461 5569 Completorium
1515 5496 1577 5555 in
1636 5496 1781 5555 lecto
1837 5510 1944 5554 nec

214 5585 385 5646 salus
440 5591 550 5657 est,
584 5600 694 5643 nec
739 5586 1028 5660 profectus
1051 5604 1070 5659 ;
1108 5587 1420 5661 statimque
1463 5602 1540 5645 ex
1581 5587 1707 5660 ejus
1758 5585 1944 5646 oculis

216 5674 492 5736 evanuit.
551 5673 719 5734 Unde
758 5673 1004 5736 miratus
1035 5675 1212 5734 frater
1252 5676 1638 5748 improvisum
1672 5689 1940 5748 congres-

2022 5052 2297 5126 expedire
2320 5068 2486 5127 posse
2516 5053 2821 5128 judicaret.
2860 5051 2952 5109 Ex
2984 5066 3100 5126 quo
3138 5049 3233 5108 die
3261 5048 3528 5109 instituto
3559 5050 3732 5124 juxta

2022 5142 2311 5201 visionem
2339 5141 2656 5214 refectorio,
2685 5145 3066 5215 susceptoque
3095 5138 3324 5213 jejunio
3362 5144 3543 5198 sextze
3569 5138 3732 5198 feriae

2020 5245 2126 5305 pro
2155 5229 2502 5301 inviolabili,
2531 5229 2860 5290 coenobium
2897 5227 3250 5286 Avellanum
3290 5242 3503 5287 nomen
3533 5227 3734 5287 Crucis

2022 5325 2079 5377 et
2135 5316 2371 5376 titulum
2418 5315 2692 5387 obtinuit,
2749 5316 2902 5390 quod
2955 5314 3028 5372 ad
3082 5315 3234 5374 hanc
3278 5315 3434 5375 diem
3484 5316 3732 5387 retinet;

2023 5424 2157 5469 cum
2193 5413 2361 5466 antea
2391 5407 2582 5466 solum
2619 5405 2858 5465 titulum
2896 5407 3077 5466 eremi
3122 5407 3297 5467 fontis
3347 5407 3640 5479 Avellani,
3667 5413 3734 5466 ut

2024 5513 2101 5556 ex
2143 5497 2291 5556 Vitae
2337 5495 2534 5556 verbis
2572 5511 2607 5553 a
2650 5494 2938 5570 discipulo
2965 5496 3211 5571 iscriptaa
3257 5496 3480 5572 liquet;
3513 5495 3627 5567 vel,
3668 5501 3737 5553 ut

2023 5587 2364 5660 interpretes
2401 5585 2606 5646 Dantis
2641 5584 2868 5659 volunt,
2913 5591 3366 5662 cognomentum
3413 5582 3731 5644 Columba).

2025 5690 2060 5734 a
2093 5674 2154 5735 Β.
2195 5672 2520 5748 Candulphi
2557 5674 2922 5735 institutione
2953 5675 3298 5736 admisisset.
3330 5673 3497 5733 Tunc
3533 5671 3734 5730 itidem
