4078 6202
301 335 408 398 167

1211 331 1271 392 S.
1315 330 1609 391 PETRUS
1649 327 2047 389 DAMIANUS
2087 328 2146 388 S.
2189 325 2259 387 Β.
2303 329 2368 386 Ε.
2409 323 2892 388 CABDINALIS.

3707 336 3809 395 168

296 462 363 520 Β.
423 460 625 519 Petrus
696 458 898 516 volens
967 456 1336 529 praescribere
1389 455 1512 514 loco
1581 459 1792 512 certam
1874 450 2398 525 vitazAindigeret.
2460 451 2541 509 Eo
2598 466 2731 508 cum
2775 465 2836 508 se
2892 450 2979 508 vir
3051 449 3255 509 beatus
3323 453 3692 524 contulisset,
3751 464 3810 515 et

297 548 572 622 degenda:
600 548 866 616 formam,
897 545 1022 602 haec
1055 543 1114 601 in
1153 551 1442 603 conventu
1489 543 1691 602 habuit
1731 543 1905 600 verba
1950 549 2006 599 et

299 637 480 697 edidit
504 637 752 694 decreta.

368 727 515 785 Cum
557 727 839 782 fervorem
878 730 1092 781 sanctae
1130 721 1586 780 conversationis
1625 728 1856 793 vestrm,
1891 721 2008 778 fra-

298 821 413 874 tres
458 812 804 881 charissimi,
862 811 1170 884 diligenter
1217 811 1467 868 attendo.
1509 815 1579 866 Et
1616 827 1738 881 quae
1779 827 2010 880 sequun-

299 911 408 969 tur,
444 910 502 959 ut
533 904 696 958 habes
733 907 860 957 tom.
893 899 999 970 III,
1032 917 1215 972 opusc.
1255 900 1338 958 14.

370 993 579 1050 Beatus
611 1005 746 1047 vero
788 988 992 1047 Petrus
1027 988 1295 1060 exemplo
1341 988 1433 1046 sui
1479 987 1549 1045 ad
1581 987 2009 1045 observantiam

298 1097 536 1140 suorum
587 1085 1004 1152 prmceptorum
1060 1077 1371 1150 discipulos
1446 1092 1756 1150 provocare
1821 1075 2012 1134 adhuc

204 1161 206 1163 ’
295 1170 480 1244 magis
508 1169 726 1236 volens,
761 1174 815 1225 et
850 1167 921 1224 ad
951 1181 1120 1224 omne
1150 1166 1362 1224 durum
1415 1173 1468 1224 et
1513 1180 1782 1238 asperum
1829 1163 2009 1235 perfe-

296 1259 566 1327 rendum,
595 1265 878 1331 quantum
917 1255 1178 1314 Christus
1211 1255 1456 1329 gratiam
1488 1261 1755 1328 praestare
1805 1253 2012 1326 digna-

297 1356 475 1418 retur,
505 1347 786 1417 animare,
813 1345 967 1404 nulli
1007 1344 1190 1402 labori
1228 1360 1487 1417 parcens,
1519 1344 1740 1403 occulte
1778 1358 2012 1417 quoque

299 1436 478 1495 lorica
527 1436 711 1494 ferrea
748 1436 819 1493 ad
871 1449 1070 1493 carnes
1111 1433 1480 1505 vestiebatur,
1533 1433 1761 1492 duobus
1810 1431 2013 1490 ferreis

303 1524 539 1583 circulis
598 1524 823 1582 cinctus
891 1523 955 1580 in
1008 1537 1259 1596 corpore,
1292 1529 1348 1580 et
1399 1522 1627 1580 duobus
1678 1535 1778 1595 per
1821 1535 2014 1578 armos

303 1613 674 1671 brachiorum
709 1632 720 1669 :
751 1627 855 1670 nec
897 1610 1020 1670 ullo
1050 1626 1307 1684 unquam
1348 1617 1599 1683 tempore
1647 1625 1680 1666 a
1708 1608 2014 1681 colloquiis

299 1699 519 1758 divinis
574 1706 629 1757 et
679 1699 1040 1757 orationibus
1091 1696 1365 1755 cessabat.
1421 1696 1586 1754 Unde
1636 1694 2015 1768 prodiderunt

300 1788 570 1864 discipuli
605 1793 761 1861 ‘szepe
811 1785 1103 1858 accidisse,
1137 1785 1292 1860 quod
1324 1801 1455 1844 cum
1490 1791 1720 1860 propter
1757 1781 2071 1876 nimiumB

303 1877 727 1937 sermocinandi
804 1877 1077 1946 laborem,
1135 1881 1296 1933 nocte
1367 1874 1574 1932 deinde
1643 1871 1789 1930 febri
1861 1872 2011 1930 labo-

304 1972 503 2037 rasset,
572 1965 959 2023 nihilominus
1024 1979 1193 2021 mane
1272 1962 1584 2021 missarum
1656 1961 2018 2021 solemnibus

305 2055 570 2128 expletis,
625 2069 760 2112 eum
808 2068 1134 2111 sermonem
1185 2067 1369 2124 usque
1424 2051 1488 2108 in
1534 2051 1735 2108 horam
1793 2057 2013 2108 sextam

308 2159 523 2202 rursus.
560 2142 768 2200 habere
807 2156 1110 2212 nunquam
1144 2139 1490 2213 neglexisse,
1519 2154 1796 2211 magnum
1835 2154 2018 2212 saepe-

305 2246 550 2290 numero
598 2229 668 2287 de
719 2245 782 2287 se
834 2228 1145 2302 praebendo
1194 2227 1563 2294 miraculum,
1601 2226 1744 2284 dum
1792 2242 2018 2300 semper

307 2319 477 2393 quasi
528 2322 842 2375 renovatus
877 2315 1062 2375 oculis
1117 2316 1380 2375 omnium
1432 2323 1749 2389 appareret,
1788 2315 2020 2390 quando

305 2409 725 2483 propemodum
770 2406 1068 2480 periturus
1106 2422 1229 2464 esse
1277 2405 1621 2464 crederetur.
1680 2404 1790 2463 Sed
1827 2404 2020 2462 maxi-

307 2515 469 2558 mum
519 2497 662 2556 illud
698 2513 902 2555 omnes
950 2512 1068 2555 uno
1114 2511 1212 2553 ore
1251 2495 1658 2569 praedicabant,
1687 2495 1843 2567 quod
1889 2495 2022 2554 licet

309 2587 513 2660 longos
552 2602 776 2659 semper
812 2585 1050 2642 haberet
1095 2599 1407 2653 sermones,
1451 2584 1601 2642 nulli
1654 2590 1845 2642 tamen
1904 2601 2019 2643 un-

307 2693 483 2750 quam
537 2692 815 2736 onerosus
867 2681 951 2733 est
1002 2675 1219 2744 lactus;
1255 2675 1398 2748 quin
1459 2675 1631 2732 etiam
1692 2681 1849 2733 tanta
1899 2677 2020 2732 sin-

308 2766 476 2840 gulos
502 2765 783 2823 alliciebat
809 2763 1204 2833 delectatione,
1239 2769 1305 2821 ut
1337 2763 1719 2822 brevissimus
1746 2764 2023 2823 omnibus

308 2854 626 2925 videretur,
681 2852 996 2925 relegentes
1075 2850 1352 2923 scriptum
1427 2866 1550 2908 esse
1610 2871 1622 2908 :
1683 2856 1803 2910 Non
1879 2856 2021 2908 enim

311 2958 405 2997 vos
453 2945 582 2998 estis
637 2944 734 3012 qui
785 2942 1096 3010 loquimini,
1149 2938 1244 2993 sed
1290 2940 1535 3009 Spiritus
1593 2942 1778 2994 Patris
1831 2944 2018 3006 vestri,

312 3035 411 3103 qui
437 3033 681 3100 loquitur
709 3031 766 3083 in
807 3028 959 3082 vobis
989 3027 1210 3094 (Matth.
1252 3030 1342 3094 X).
1376 3024 1528 3082 Illud
1567 3042 1800 3101 quoque
1847 3026 2019 3086 adde-

309 3119 408 3177 bat
451 3116 591 3176 boni
640 3113 919 3172 fratribus
962 3112 1216 3186 exempli
1256 3112 1318 3169 in
1356 3112 1630 3185 capitulo,
1681 3114 1835 3189 quod
1874 3115 2024 3173 facta

311 3207 714 3266 exhortatione
757 3220 1136 3277 consurgens,
1168 3203 1239 3262 de
1287 3204 1408 3262 suis
1447 3220 1510 3262 se
1548 3204 1882 3264 excessibus
1917 3221 2020 3280 pu-

310 3298 458 3357 blice
507 3295 833 3367 accusabat,
871 3309 1188 3367 rursusque
1224 3294 1285 3351 in
1325 3293 1516 3353 locum
1547 3309 1722 3353 suum
1771 3295 2020 3366 rediens,

311 3385 803 3461 compendiosiore
853 3399 1117 3442 sermone
1181 3383 1440 3457 singulos
1499 3384 1570 3442 ad
1639 3384 2020 3442 imitationem

308 3473 728 3543 sanctimoniae,
774 3470 1132 3539 obedientiae,
1196 3476 1252 3528 et
1298 3478 1512 3529 sancta:
1567 3471 1861 3529 charitatis
1918 3471 2024 3529 Pa-

308 3566 486 3636 trum,
515 3568 571 3619 et
612 3562 684 3619 ad
725 3559 1208 3618 considerandum
1243 3565 1456 3618 attente
1499 3559 1700 3618 divina
1752 3559 2024 3634 mysteria

307 3666 445 3709 cum
479 3651 801 3722 excitasset,
831 3649 1094 3723 protinus
1123 3649 1194 3706 ad
1220 3649 1590 3708 infirmorum
1627 3657 1798 3721 atque
1829 3649 2023 3708 senio-

312 3756 470 3812 rum,
510 3741 611 3814 qui
649 3755 766 3798 non
807 3739 1126 3812 potuissent
1162 3754 1298 3798 cum
1344 3738 1475 3796 aliis
1517 3739 1842 3808 convenire,
1892 3755 2024 3812 per-

313 3827 519 3901 gebat;
578 3827 879 3898 nimirum,
935 3833 999 3885 ut
1063 3826 1217 3900 quod
1299 3825 1589 3884 monendo
1667 3826 2020 3900 loqueretur,

310 3915 536 3990 liquido
563 3912 848 3987 exemplis
879 3914 1266 3985 confirmaret.

384 4006 614 4066 Notavit
640 4005 982 4079 discipulus,
1015 4005 1120 4078 qui
1150 4005 1375 4077 primus
1403 4020 1567 4062 suam
1599 4005 1779 4063 vitam
1807 4006 2021 4065 descri-

309 4096 445 4171 psit,
472 4097 644 4155 illum
670 4094 1141 4168 Quadragesimte
1175 4100 1428 4167 tempore
1462 4093 1609 4151 nihil
1634 4095 1769 4168 igne
1795 4102 2020 4153 coctum

312 4201 576 4260 unquam
620 4186 918 4244 comedere
964 4183 1235 4255 voluisse,
1290 4185 1478 4258 pomis
1517 4189 1738 4244 tantum
1805 4185 2024 4260 absque

311 4275 426 4335 alio
484 4282 619 4349 potu
675 4280 1029 4344 contentum,
1080 4281 1445 4347 coctumque,
1498 4283 1726 4349 propter
1779 4276 2023 4334 nimiam

313 4364 799 4432 imbecillitatem,
836 4362 1060 4436 aliquid
1101 4361 1287 4421 infusi
1332 4363 1434 4420 vix
1462 4363 1747 4436 accepisse
1773 4363 2024 4436 legumi-

313 4453 426 4526 nis,
480 4453 552 4510 ad
599 4452 980 4510 imitationem
1021 4450 1081 4509 S.
1128 4450 1189 4508 P.
1221 4449 1551 4522 Romualdi,
1583 4467 1758 4526 quem
1798 4466 2024 4524 semper

2089 544 2306 610 omnia,
2342 543 2538 600 habita
2563 542 2861 612 concione,
2896 541 2959 599 in
2997 541 3216 600 bonum
3258 548 3473 603 statum
3513 545 3807 618 pontiﬁcia

2088 630 2424 690 auctoritate
2470 632 2839 704 reposuisset,
2896 631 3110 690 exinde
3154 632 3435 691 Ravenna
3490 635 3806 711 digressus,

2090 721 2421 790 monachos,
2467 735 2612 794 quos
2670 719 2962 778 Faventiaa
3012 720 3364 792 instituerat,
3422 724 3657 784 visitare
3712 742 3809 786 vo-

2092 807 2222 867 luit.
2257 808 2391 866 Erat
2443 815 2578 866 tunc
2612 808 2942 867 cmnobium
2975 814 3140 867 extra
3168 809 3330 868 urbis
3370 818 3615 885 portam,
3649 815 3807 888 quod

2089 913 2247 955 nunc
2301 897 2453 955 intra
2517 899 2724 957 urbem
2783 905 3073 972 receptum
3152 900 3432 958 cernitur.
3485 901 3597 960 Ubi
3647 903 3808 963 febre

2089 994 2402 1059 correptus,
2455 995 2512 1046 et
2566 988 2862 1046 laboribus
2938 995 3342 1060 consumptus,
3401 992 3812 1065 peregrinatio-

2091 1091 2226 1133 nem
2270 1076 2453 1148 hujus
2484 1076 2618 1133 vitae
2651 1077 2864 1150 pariter
2893 1091 3028 1134 cum
3072 1076 3357 1149 legatione
3394 1079 3643 1139 absolvit
3677 1082 3809 1140 feli-

2092 1164 2324 1222 cissimo
2361 1173 2416 1222 et
2459 1165 2721 1239 angelico
2761 1166 2834 1223 ad
2884 1165 3060 1224 cmlos
3099 1166 3366 1238 transitu,
3393 1168 3464 1225 ad
3515 1181 3619 1228 Vlll
3675 1171 3810 1230 Kal.

2094 1251 2260 1310 Mart.
2296 1258 2458 1311 nocte
2485 1252 2882 1324 antecedente,
2919 1253 3074 1313 1080.

2165 1340 2463 1414 Comperta
2518 1342 2647 1416 ejus
2703 1349 2908 1414 morte,
2971 1341 3211 1401 conﬂuit
3279 1343 3351 1402 ad
3405 1344 3532 1418 ejus
3600 1360 3811 1420 corpus

2093 1429 2495 1488 venerandum
2541 1437 2596 1487 et
2656 1429 3073 1488 tumulandum
3108 1431 3304 1490 omnis
3359 1432 3584 1503 civitas,
3649 1441 3807 1494 tanto

2095 1535 2381 1579 concursu
2431 1520 2849 1592 multitudinis,
2895 1527 2958 1579 ut
3001 1520 3102 1578 alii
3152 1520 3284 1580 aliis
3330 1521 3394 1579 in
3447 1538 3683 1582 accessu
3738 1524 3810 1582 ad

2096 1609 2372 1668 feretrum
2431 1609 2758 1668 incredibili
2819 1609 3104 1680 tumultu,
3163 1615 3220 1668 et
3273 1611 3564 1670 undarum
3629 1629 3809 1686 more,

2096 1705 2287 1756 essent
2311 1699 2726 1772 impedimento
2755 1717 2767 1756 :
2801 1706 3112 1772 paratoque
3135 1697 3400 1771 sepulcro
3421 1716 3495 1758 ex
3526 1717 3813 1761 marmore

2096 1786 2527 1859 candidissimo,
2584 1787 2667 1846 ibi
2721 1803 2930 1860 corpus
2982 1801 3115 1846 cum
3172 1787 3411 1860 hymnis
3463 1796 3519 1846 et
3572 1790 3812 1848 canticis

2099 1875 2350 1934 locatum
2383 1883 2488 1935 est.

2170 1965 2236 2023 In
2287 1967 2550 2040 sequenti
2612 1981 2810 2024 mense
2874 1967 3124 2039 Augusti
3188 1966 3456 2041 apparuit
3507 1966 3570 2024 Β.
3608 1967 3815 2027 Petrus

2099 2053 2333 2112 Urbano
2383 2053 2575 2112 abbati
2632 2055 2884 2114 cmnobii
2945 2056 3005 2114 S.
3065 2055 3327 2128 Gregorii
3396 2055 3812 2127 Ariminensis,

2098 2141 2254 2198 infra
2279 2140 2721 2200 multitudinem
2748 2143 3152 2217 episcoporum
3177 2143 3640 2216 candidatorum,
3676 2161 3815 2203 cum

2099 2231 2290 2290 infula
2319 2232 2379 2289 in
2415 2231 2618 2304 capite,
2653 2240 2710 2290 et
2742 2232 2904 2307 virga
2951 2235 3221 2307 pastorali
3252 2234 3315 2292 in
3349 2250 3552 2301 manu,
3598 2251 3817 2312 eosque

2099 2327 2309 2386 docens
2336 2345 2469 2402 quae
2496 2329 2566 2386 ad
2614 2329 2798 2386 Deum
2829 2329 3136 2402 pertinent,
3164 2336 3221 2387 et
3264 2329 3572 2404 increpans
3613 2330 3814 2402 illum,

2100 2417 2252 2491 quod
2283 2433 2586 2492 nunquam
2614 2418 2685 2475 ad
2715 2417 2885 2477 illum
2926 2419 3203 2490 venisset,
3244 2435 3420 2492 quem
3446 2436 3580 2478 cum
3613 2420 3819 2479 multis

2099 2506 2232 2565 aliis
2274 2507 2652 2566 enutriverat.
2687 2508 2796 2577 Qui
2846 2507 3219 2580 respondens,
3259 2523 3320 2566 se
3368 2509 3588 2568 nescire
3624 2510 3818 2569 locum

2101 2594 2205 2652 ubi
2234 2601 2401 2664 esset,
2428 2595 2653 2653 audivit
2680 2595 2753 2653 ab
2791 2611 2858 2654 eo
2891 2619 2903 2653 :
2953 2595 3238 2669 Equidem
3291 2595 3352 2654 in
3381 2596 3552 2655 domo
3599 2597 3658 2655 S.
3691 2597 3820 2655 Ma-

2101 2682 2206 2739 riae
2247 2682 2460 2754 habito,
2493 2690 2548 2740 et
2594 2682 2721 2756 ejus
2773 2683 3157 2741 camerarium
3209 2699 3301 2741 me
3351 2700 3475 2742 esse
3525 2686 3816 2758 proﬁteor.

2101 2769 2320 2828 Deinde
2359 2771 2612 2830 secunda
2662 2771 2783 2829 vice
2814 2772 3002 2829 eidem
3048 2786 3352 2845 apparens,
3392 2771 3562 2831 illum
3613 2773 3822 2831 subtus

2101 2859 2422 2918 auriculam
2473 2859 2766 2916 sinistram
2828 2858 2985 2932 virga
3034 2859 3358 2932 percussit;
3393 2876 3507 2933 qua
3559 2860 3820 2918 intume-

2102 2955 2294 3007 scente
2329 2964 2459 3006 cum
2502 2963 2709 3018 magno
2746 2947 2962 3021 dolore,
2995 2955 3138 3006 tunc
3168 2948 3267 3007 ille
3299 2949 3370 3006 ad
3407 2949 3594 3008 Deum
3622 2966 3818 3022 orans,

2101 3039 2228 3096 haec
2287 3037 2488 3096 habuit
2541 3037 2716 3096 verba
2773 3060 2786 3094 :
2841 3036 3089 3095 Domine
3175 3038 3347 3109 Deus,
3407 3040 3512 3112 qui
3575 3039 3820 3106 emtum,

2106 3133 2162 3186 et
2196 3133 2428 3188 terram.
2461 3131 2519 3184 et
2556 3133 2779 3196 cuncta,
2813 3141 2945 3199 quae
2990 3126 3050 3184 in
3083 3127 3168 3186 eis
3220 3133 3377 3200 sunt,
3408 3127 3738 3197 condidisti,
3771 3127 3822 3185 si

2113 3214 2220 3273 tibi
2258 3215 2508 3273 servitus
2537 3214 2714 3288 patris
2749 3216 2865 3273 mei
2909 3215 3061 3274 Petri
3099 3215 3465 3288 complacuit,
3503 3217 3676 3275 libera
3727 3232 3824 3275 me

2111 3320 2213 3378 per
2255 3306 2382 3378 ejus
2418 3305 2620 3363 merita
2665 3305 2738 3363 ab
2790 3307 3048 3377 instanti,
3109 3322 3285 3380 quem
3340 3307 3544 3379 patior,
3600 3307 3820 3367 dolore.

2113 3393 2253 3452 Haec
2287 3400 2568 3468 precatus,
2623 3394 2881 3453 sentiens
2925 3395 3077 3453 illico
3115 3394 3372 3454 dolorem
3417 3410 3651 3453 omnem
3694 3397 3825 3455 abs-

2113 3486 2372 3556 cessisse,
2437 3486 2506 3542 ad
2563 3501 2794 3545 sacrum
2863 3485 3150 3546 tumulum
3222 3485 3481 3556 veniens,
3536 3485 3823 3560 humique

2112 3581 2428 3648 prostratus
2456 3574 2575 3633 Deo
2612 3575 2824 3649 gratias
2871 3590 3068 3647 agens,
3095 3575 3395 3633 monachis
3423 3580 3480 3632 et
3526 3574 3823 3634 universa:

2112 3661 2331 3720 civitati
2379 3662 2736 3722 miraculum
2786 3664 3070 3737 patefecit.
3114 3665 3376 3737 Actaque
3419 3669 3555 3722 sunt
3588 3679 3825 3721 summa

2112 3750 2440 3810 celebritate
2497 3753 2808 3810 missarum
2863 3751 3166 3822 solemnia,
3223 3766 3453 3810 summa
3491 3751 3664 3810 totius
3714 3767 3821 3824 po-

2111 3840 2238 3914 puli
2268 3840 2594 3901 devotione.
2629 3841 2839 3900 Beatus
2885 3856 3021 3900 vero
3051 3841 3256 3901 Petrus
3294 3841 3509 3901 exinde
3543 3843 3616 3900 ab
3655 3843 3825 3901 omni

2113 3929 2367 3988 Ecclesia
2407 3946 2508 4004 pro
2548 3935 2743 3988 sancto
2788 3929 3020 3988 habitus
3059 3936 3116 3988 et
3143 3929 3295 3990 inter
3331 3930 3616 3990 caelicolas
3661 3946 3821 3989 rece-

2110 4024 2245 4093 ptus
2265 4026 2370 4077 est.

2185 4105 2442 4180 Reliquit
2514 4107 2698 4166 multa
2771 4106 3069 4167 volumina
3123 4125 3157 4166 a
3213 4123 3272 4166 se
3327 4107 3512 4177 edita,
3572 4120 3824 4182 quorum

2112 4195 2336 4253 notiora
2381 4194 2783 4253 inscribuntur
2827 4195 3210 4269 hujusmodi:
3253 4195 3428 4252 Liber
3473 4193 3825 4254 Sermonum

2111 4289 2167 4341 et
2193 4282 2603 4342 Homiliarum.
2651 4283 2825 4340 Liber
2856 4283 3273 4342 miraculorum
3315 4299 3557 4342 suorum
3599 4288 3825 4354 tempo-

2111 4386 2263 4429 rum.
2295 4370 2421 4429 Duo
2451 4370 2583 4429 libri
2606 4370 2677 4428 ad
2701 4371 2954 4429 Leonem
2975 4371 3293 4443 eremitam,
3327 4376 3526 4431 utrum
3557 4372 3620 4428 in
3646 4369 3826 4428 missa

2111 4459 2224 4518 dici
2256 4461 2482 4530 debeat,
2511 4459 2795 4518 Dominus
2825 4459 3145 4519 vobiscum.
3185 4461 3237 4519 3.
3273 4459 3347 4518 II.
3379 4459 3821 4532 Apologiarum.

312 4561 418 4620 pro
464 4542 691 4602 viribus
733 4540 951 4600 imitari
1001 4540 1245 4613 studuit,
1285 4540 1437 4614 quod
1483 4542 1609 4615 ejus
1660 4541 1840 4598 Vitam
1889 4540 2022 4599 scri-
2047 4525 2151 4607 Dl.
2195 4549 2278 4606 De
2316 4525 2671 4607 continentia
2708 4549 3093 4606 sacerdotum.
3130 4547 3169 4606 l.
3204 4547 3284 4605 De
3314 4525 3517 4620 regula
3553 4525 3828 4604 solitaria)

315 4637 540 4710 psisset,
566 4642 622 4694 et
648 4634 904 4692 maxime
947 4649 1174 4707 semper
1206 4634 1406 4691 stando
1455 4634 1516 4691 in
1546 4633 1765 4692 divinis
1795 4634 2021 4705 olliciis,

315 4730 380 4783 ut
411 4723 584 4799 paulo
613 4729 737 4798 post
764 4723 1055 4782 robustior
1083 4723 1249 4796 quasi
1278 4722 1348 4780 ad
1380 4723 1784 4782 intermissum
1812 4723 2026 4780 rediret

314 4830 478 4889 opus.

385 4905 515 4964 Jam
570 4921 708 4966 vero
753 4904 815 4963 in
870 4911 1222 4964 senectutem
1261 4919 1527 4976 vergens,
1557 4910 1614 4962 et
1657 4903 1839 4962 nimia
1890 4902 2024 4961 vitm

315 4998 646 5056 austeritate
681 4995 1049 5069 defatigatus,
1078 5010 1214 5054 cum
1251 4993 1322 5051 de
1352 4993 1677 5067 propinqua
1714 4991 2025 5050 rescisione

316 5083 674 5143 tabernaculi
729 5084 984 5157 corporis
1034 5084 1127 5142 sui
1197 5082 1447 5154 cogitare
1505 5082 1768 5155 coepisset
1841 5087 2023 5138 atten-

321 5171 454 5242 tius,
490 5188 696 5230 rursus
734 5189 769 5231 a
805 5172 1079 5247 Gregorio
1105 5172 1377 5246 pontifice
1420 5170 1644 5245 legatus
1679 5171 2027 5244 apostolicus

316 5264 659 5324 Ravennam
711 5265 994 5336 mittitur;
1033 5266 1189 5340 quod
1233 5265 1479 5341 populus
1521 5265 1603 5324 ibi
1642 5265 2021 5340 archiepisco-

317 5367 460 5429 pum
506 5353 916 5428 damnavisset,
949 5363 1005 5415 et
1047 5357 1400 5432 expiationis
1441 5356 1667 5431 piaculo
1721 5373 1856 5417 cum
1902 5357 2027 5431 ipso

2109 4639 2264 4697 vitae.
2301 4637 2336 4695 1.
2369 4637 2452 4695 De
2479 4637 2626 4696 bene
2653 4637 2890 4695 vivendi
2919 4637 3359 4695 monachorum.
3392 4635 3431 4692 l.
3471 4634 3554 4693 De
3584 4649 3820 4693 eorum-

2107 4729 2239 4786 dem
2267 4727 2547 4802 profectu.
2586 4728 2626 4786 l.
2659 4727 2870 4786 Contra
2906 4727 3160 4786 Judzeos.
3195 4725 3234 4785 Ι.
3278 4726 3360 4784 De
3387 4725 3628 4784 avaritia
3667 4741 3821 4799 prte-

2106 4816 2376 4875 latorum.
2409 4816 2446 4874 l.
2476 4817 2558 4874 De
2586 4823 2800 4874 terrore
2821 4815 3041 4874 mortis.
3072 4815 3109 4872 l.
3145 4815 3225 4872 De
3250 4815 3368 4872 vita
3393 4812 3452 4872 S.
3481 4812 3824 4872 Romualdi.

2104 4903 2148 4962 1.
2181 4903 2263 4962 De
2300 4903 2420 4961 vita
2457 4902 2720 4962 Odilonis
2754 4903 2978 4961 abbatis
3005 4902 3221 4960 Clunii.
3257 4901 3298 4959 l.
3335 4901 3416 4960 De
3460 4901 3518 4960 S.
3551 4900 3832 4959 Cassiano

2109 5001 2380 5067 martyre.
2428 4991 2467 5050 l.
2527 4990 2871 5051 Sanctarum
2910 4990 3095 5048 Flora:
3133 4997 3188 5048 et
3227 4989 3491 5048 Lucillaa.
3528 4987 3568 5046 l.
3617 4989 3834 5048 Contra

2109 5082 2402 5156 episcopos
2454 5079 2820 5138 simoniacos.
2881 5079 2921 5138 l.
2989 5080 3199 5139 Contra
3251 5079 3434 5138 alium
3495 5077 3832 5151 episcopum

2109 5170 2235 5228 sine
2291 5169 2548 5227 nomine.
2590 5170 2628 5228 l.
2670 5169 2752 5227 De
2792 5169 3103 5228 insolentia
3150 5182 3484 5242 pravorum.
3540 5167 3580 5224 l.
3625 5165 3835 5223 Excla-

2109 5259 2433 5317 mationum
2499 5259 2941 5318 rhetoricarum.
2982 5259 3023 5318 l.
3060 5257 3142 5316 De
3187 5261 3392 5315 natura
3437 5254 3833 5328 quorumdam

2109 5346 2476 5420 animalium,
2508 5361 2641 5407 cum
2672 5347 2873 5408 multis
2898 5346 3051 5406 aliis.

1881 5707 2164 5720 *—-‘.—a~————
2175 5714 2182 5716 -
2193 5705 2229 5718 .-ι
2238 5709 2253 5718 Α
