4078 6202
266 281 378 338 169

1311 606 1982 723 B.PETRI

1143 277 1722 339 PROLEGOMENA.
1765 307 1832 318 —-
1875 275 1932 332 S.
1977 274 2198 333 PETRI
2239 273 2561 333 DAMIANI
2602 275 2781 335 VITA
2822 277 2918 336 IV.

3686 285 3790 345 170

2105 602 2757 721 DAMIANI

1796 856 2006 932 VITA
2057 855 2268 929 ALIA

937 1065 1038 1129 Em
1071 1065 1232 1130 libro
1262 1068 1488 1148 quinto
1520 1067 1963 1129 Historiarum
1991 1063 2463 1127 Ravennatum
2493 1064 2882 1145 Hieronymi
2913 1068 3132 1132 Rubei.

1827 1261 2221 1272 —————-———-

337 1412 475 1470 Post
517 1413 664 1472 duos
705 1428 912 1486 annos,
949 1412 1176 1472 Victore
1207 1413 1460 1473 secundo
1497 1413 1766 1487 pontifice
1797 1405 2308 1471 maxi-Aminum
2366 1404 2720 1477 virtutibus,
2788 1405 2888 1465 sed
2945 1408 3205 1468 mercede
3273 1410 3471 1484 ducti,
3528 1413 3789 1477 conferre

257 1517 359 1559 mo
390 1507 642 1572 mortuo,
678 1499 1014 1574 Stephanus
1055 1518 1247 1561 nonus
1294 1492 1647 1576 subrogatus
1665 1507 1751 1560 est
1780 1521 1791 1560 :
1827 1500 1994 1574 cujus

255 1597 429 1650 estate
469 1635 486 1662 ,
545 1607 681 1648 cum
731 1591 1028 1651 sanctitate
1082 1592 1311 1650 ﬂoreret
1369 1607 1434 1649 ac
1483 1591 1742 1650 doctrina
1792 1591 1995 1651 Petrus

256 1679 535 1737 Damiani
589 1679 916 1749 Ravennas,
969 1680 1070 1754 qui
1121 1680 1300 1739 vitam
1347 1681 1724 1739 monasticam
1772 1680 1993 1754 profes-

260 1783 386 1838 sus,
419 1768 485 1826 in
511 1784 707 1827 eremo
740 1769 812 1826 ad
855 1770 1074 1827 fontem
1114 1767 1470 1828 Avellanum
1508 1769 1723 1828 montis
1761 1767 1990 1841 Catriae,

259 1858 323 1917 in
384 1856 644 1928 Umbria,
697 1858 900 1932 agebat
950 1882 962 1916 :
1025 1873 1360 1932 quanquam
1416 1859 1478 1916 in
1533 1864 1690 1916 tanta
1742 1857 1992 1916 durioris

261 1944 401 2004 vita:
443 1944 747 2003 severitate
794 1946 1199 2005 obtrectatores
1243 1945 1331 2003 illi
1375 1944 1528 2018 apud
1575 1945 1828 2022 Leonem
1883 1961 1993 2004 no-

260 2049 412 2093 num
456 2034 812 2108 pontiﬁcem,
859 2043 914 2094 et
941 2037 1238 2095 acerrimis
1269 2035 1584 2109 impiorum
1613 2037 1849 2111 injurias
1874 2052 1993 2094 non

261 2122 634 2180 defuissent:
673 2122 890 2197 quibus
938 2139 1014 2182 ne
1072 2124 1267 2183 faciles
1322 2125 1603 2198 praeberet
1647 2139 1836 2196 aures,
1893 2125 1991 2184 sed

2077 1496 2469 1555 instituerant.
2513 1494 2719 1554 Clerici
2757 1496 2858 1570 qui
2905 1496 3192 1570 ecclesias,
3234 1499 3579 1577 ordinesque
3627 1511 3792 1565 erant

2075 1584 2332 1654 mercati,
2379 1599 2514 1642 cum
2555 1583 2734 1643 semel
2783 1586 3147 1644 verecundiae
3193 1586 3340 1646 ﬁnes
3379 1591 3786 1665 transilissent,

2076 1675 2293 1732 sensim
2353 1672 2586 1746 longius
2642 1673 2817 1732 etiam
2871 1674 2944 1731 ad
3001 1673 3116 1732 alia
3177 1690 3238 1733 se
3293 1675 3517 1750 prolabi
3572 1680 3791 1755 ﬂagitia

2074 1765 2228 1839 passi
2267 1771 2430 1822 erant
2466 1779 2653 1839 usque
2691 1764 2852 1837 adeo,
2894 1770 2957 1824 ut
2997 1765 3186 1840 palam
3225 1785 3439 1828 uxores
3477 1786 3544 1829 ac
3582 1788 3790 1834 concu-

2075 1853 2244 1911 binas
2282 1853 2560 1912 haberent
2591 1877 2602 1911 :
2639 1859 2812 1929 atque
2851 1861 3171 1930 utrumque
3207 1859 3505 1931 probrum,
3549 1861 3789 1922 honesta

2075 1942 2244 2016 quasi
2296 1943 2717 2002 consuetudine
2759 1945 3129 2018 permissum,
3177 1948 3458 2020 pertinaci
3505 1951 3654 2009 tueri
3694 1968 3788 2010 ra-

2077 2030 2233 2090 tione
2262 2047 2380 2091 non
2412 2032 2764 2093 dubitarent.
2806 2033 2960 2092 Hinc
2997 2035 3165 2093 facile
3203 2036 3266 2095 in
3301 2038 3417 2098 duo
3455 2039 3791 2102 incidebant

2073 2121 2272 2195 gravia
2320 2121 2607 2180 haereseos
2661 2123 2905 2182 crimina
2935 2149 2948 2182 :
2977 2125 3225 2186 alterum
3279 2143 3504 2202 eorum,
3552 2132 3656 2204 qui
3705 2132 3786 2191 si-

261 2228 502 2270 causam
559 2221 822 2272 accurate
880 2222 1268 2289 cognosceret,
1337 2232 1439 2289 per
1501 2217 1719 2275 litteras
1779 2217 1902 2290 ipse
1958 2235 1991 2276 a
2074 2210 2323 2272 moniaci
2376 2211 2513 2268 dicti
2571 2218 2727 2283 sunt,
2785 2211 3201 2274 Nicolaitarum
3253 2216 3519 2275 alterum.
3583 2218 3789 2280 Petrus

260 2301 538 2374 pontiﬁce
605 2303 980 2362 vehementer
1038 2304 1212 2362 etiam
1267 2309 1440 2380 atque
1502 2307 1675 2364 etiam
1733 2306 1988 2380 petierat,
2081 2298 2362 2368 Damiani,
2394 2299 2672 2357 Anseimo
2697 2300 2961 2375 episcopo
2995 2302 3248 2362 Lucensi
3284 2304 3502 2382 collega
3541 2308 3652 2366 sibi
3690 2326 3787 2369 ac-

263 2399 464 2450 tamen
518 2392 832 2452 celebriore
882 2395 945 2452 in
995 2395 1118 2453 dies
1171 2396 1506 2454 auctoritate
1559 2397 1828 2470 famaque

2183 2393 2258 2456 to,
2290 2386 2512 2460 legatus
2553 2387 2948 2447 Mediolanum
2985 2389 3146 2447 abiit.
3188 2390 3277 2449 Ibi
3315 2408 3350 2450 a
3383 2393 3614 2454 civibus
3651 2413 3787 2458 cum

263 2497 388 2553 rus,
428 2497 562 2540 cum
600 2483 727 2555 ejus
765 2499 998 2557 operam
1038 2483 1309 2543 Ecclesiae
1344 2486 1760 2544 constituendae
1798 2487 1988 2546 maxi-
2072 2473 2348 2548 dignitate
2386 2481 2678 2548 θκεθρῖυεν
2719 2491 2854 2533 cum
2893 2476 3167 2548 Posu'idie
3199 2493 3436 2537 causam
3483 2480 3790 2556 legationis

263 2588 361 2629 me
419 2572 690 2630 idoneam
743 2567 1122 2631 arbitraretur
1176 2573 1502 2646 Stephanus
1551 2575 1834 2648 pontifex,
1882 2576 1992 2634 hoc
2073 2567 2136 2625 in
2181 2566 2457 2624 concione
2498 2565 2881 2640 exposuisset,
2923 2583 3160 2639 gravem
3209 2572 3325 2626 tota
3376 2570 3522 2630 urbe
3562 2576 3788 2634 tumul-

262 2674 422 2717 anno
469 2659 782 2718 millesimo
825 2659 1315 2735 quinquagesimo
1356 2668 1576 2733 octavo,
1624 2661 1792 2720 initio
1835 2661 1988 2732 Qua-
2072 2659 2198 2713 tum
2245 2655 2424 2712 seDSit
2467 2653 2730 2725 BXCitaPi,
2786 2654 2869 2712 Sic
2915 2661 2979 2712 ut
3027 2655 3172 2714 sacri
3211 2656 3345 2715 uiris
3391 2663 3658 2732 campani
3704 2679 3789 2722 so-

261 2748 613 2822 dragesimze
642 2748 812 2809 illum
841 2749 1194 2808 cardinalem
1228 2751 1362 2808 fecit
1381 2769 1399 2820 ;
1444 2766 1582 2808 cum
1617 2749 1689 2808 ad
1728 2751 1871 2823 galei

2178 2761 2221 2814 1,
2269 2743 2435 2818 signo
2479 2743 2631 2814 dato,
2688 2742 2760 2800 ad
2812 2759 2973 2802 arma
3019 2745 3271 2818 populus
3313 2745 3655 2810 clericorum
3698 2753 3788 2812 fa-

261 2857 386 2898 non
439 2846 766 2910 vocaretur,
827 2843 947 2913 sed,
1004 2849 1068 2902 ut
1121 2842 1221 2900 ille
1275 2845 1398 2916 ipse
1451 2842 1670 2916 scribit,
1735 2831 2261 2902 trahere—ctione
2333 2831 2632 2903 inuitatus.
2702 2831 3054 2903 occurrerit;
3118 2835 3479 2908 praetorium.
3548 2839 3612 2896 in
3671 2854 3789 2915 quo

265 2935 366 2987 cur
424 2949 437 2986 ε
494 2945 681 3002 neque
746 2930 854 2988 hoc
928 2930 1064 2988 satis
1145 2930 1474 3005 Stephanus
1554 2944 1658 3002 pro
1732 2931 1990 2990 hominis
2073 2921 2277 2981 Petrus
2326 2928 2464 2992 erat,
2523 2921 2706 2979 iratus
2757 2921 2983 2992 adierit,
3037 2929 3280 2982 mortem
3324 2925 3492 2986 Petro
3539 2927 3790 2990 intenta-

262 3021 553 3092 probitate
577 3036 642 3078 ac
663 3021 923 3079 doctrina
942 3037 1067 3087 esse
1097 3026 1327 3094 putans,
1354 3021 1745 3094 episcopatum
1772 3019 1990 3080 Ostien-
2073 3013 2148 3071 rit
2171 3031 2185 3082 ;
2230 3018 2622 3086 assereretque
2668 3011 3117 3072 AmbI‘OSiauam
3163 3013 3503 3088 ECOleSiam,
3531 3020 3791 3095 antiquis

261 3124 388 3166 sem
437 3108 678 3180 addidit,
735 3110 998 3182 sacrique
1053 3110 1440 3168 cardinalium
1491 3108 1721 3183 collegii
1770 3109 1985 3182 princi-
2070 3099 2307 3159 Patrum
2357 3099 2656 3171 institutis,
2703 3115 2828 3157 esse
2874 3098 3118 3158 liberam
3151 3120 3164 3160 :
3196 3117 3384 3178 neque
3439 3104 3631 3166 ullum
3677 3108 3792 3170 Ro-

263 3212 420 3270 pem,
484 3196 771 3255 decanum
822 3197 1152 3272 appellavit,
1215 3198 1446 3257 creavit,
1514 3198 1740 3257 Μοι-ιυο
1795 3203 1989 3257 autem
2070 3204 2245 3247 mano
2284 3189 2546 3261 pontiﬁci
2588 3187 2650 3247 in
2689 3204 2753 3247 ea
2790 3189 3205 3249 conformanda
3237 3193 3336 3266 jus
3375 3209 3518 3254 esse.
3561 3194 3790 3273 Petrus,

263 3286 442 3359 paulo
495 3293 623 3359 post
681 3285 992 3362 Stephano,
1048 3305 1183 3348 cum
1238 3289 1554 3348 Tusculani
1603 3288 1860 3360 comites,

2183 3283 2379 3336 vocato
2424 3277 2485 3334 in
2541 3276 2823 3350 templum
2871 3278 3103 3352 populo,
3160 3278 3239 3338 ita
3276 3281 3588 3355 prudenter
3636 3285 3790 3346 leni-

262 3381 706 3445 mnsuevemm’
781 3377 1066 3436 Joannem
1137 3393 1340 3437 eorum
1411 3378 1827 3451 propinquum,
1891 3394 1988 3437 ar-
2072 3372 2272 3439 terque
2317 3379 2518 3423 eorum
2570 3364 2798 3422 animos
2843 3365 3122 3437 tractavit,
3176 3372 3237 3426 ut
3277 3369 3512 3430 tandem
3557 3372 3620 3432 in
3664 3375 3792 3449 ejus

260 3463 436 3522 matis
507 3466 720 3539 stipati,
797 3484 871 3526 ex
941 3468 1204 3542 episcopo
1270 3467 1564 3526 Veliterno
1630 3469 1985 3540 pontiﬁcem,
2073 3470 2275 3513 omnes
2321 3455 2663 3513 sententiam
2719 3454 3108 3526 discesserint,
3161 3459 3610 3534 apostolicaeque
3666 3465 3790 3523 sedi

264 3555 664 3617 cardinalibus
748 3560 1249 3632 repugnantibus,
1346 3564 1672 3631 creassent,
1757 3559 1991 3618 Petrum
2073 3561 2273 3618 Parere
2329 3560 2699 3618 nequaquam
2752 3545 3083 3604 abnuerint.
3141 3545 3215 3606 se
3271 3549 3518 3611 missum
3567 3551 3792 3614 dicebat

262 3646 539 3706 Damiani
591 3649 1026 3721 reclamantem,
1070 3657 1242 3723 atque
1289 3664 1491 3707 omnes
1531 3648 1675 3706 diris
1717 3651 1872 3722 gravi

2180 3635 2377 3694 licolao
2414 3634 2704 3709 pontiﬁce,
2745 3643 2809 3693 ut
2855 3651 3057 3695 eorum
3108 3638 3431 3698 consuleret
3477 3641 3680 3716 gloria;
3725 3661 3790 3702 ac

265 3735 710 3810 devoventem,’
748 3739 810 3797 vi
879 3739 950 3798 ad
1009 3755 1146 3798 eum
1210 3737 1522 3796 colendum
1581 3737 1990 3810 compellunt:

262 3824 481 3885 deinde
518 3827 830 3900 populum,
869 3827 1057 3886 divisa
1093 3843 1196 3901 per
1236 3827 1395 3885 vicos
1437 3825 1704 3900 pecunia,
1737 3825 1816 3884 ad
1851 3827 1990 3885 ado-

265 3913 521 3972 randum
561 3915 833 3973 invitant.
886 3916 943 3974 Is
992 3915 1336 3974 Benedictus
1384 3915 1646 3973 decimus
1693 3924 1778 3974 est
1823 3931 1991 3974 voca-

268 4007 389 4060 tus.

340 4089 503 4148 Inter
551 4093 680 4150 haec
725 4108 862 4151 cum
914 4100 1140 4168 postero
1189 4111 1342 4154 anno
1385 4094 1818 4154 Hildebrandus
1865 4108 1991 4151 mo-

266 4177 499 4235 nachus
547 4177 980 4250 Benedictinus,
1021 4181 1112 4239 vir
1153 4181 1325 4256 plane
1368 4181 1704 4256 singularis,
1748 4183 1992 4240 Romam

264 4281 399 4324 cum
454 4265 808 4326 Gothofredo
853 4269 999 4327 duce
1049 4272 1326 4342 venisset,
1367 4269 1532 4328 Petro
1581 4270 1849 4328 Damiani
1898 4285 1996 4343 po-

267 4354 568 4413 tissimum
617 4357 902 4426 hortante,
949 4358 1241 4417 Gerardus
1289 4359 1651 4433 Burgundio,
1695 4360 1996 4433 episcopus

266 4443 688 4516 Florentinus,
747 4445 1014 4519 pontifex
1085 4448 1418 4520 maximus,
1480 4449 1704 4507 Nicolai
1756 4447 1994 4507 secundi

263 4541 566 4609 assumpto
625 4535 884 4606 nomine,
947 4539 1316 4597 renuntiatus
1373 4544 1477 4611 est,
1535 4545 1592 4597 et
1645 4537 1992 4597 Benedictus

261 4623 556 4682 abdicavit
632 4641 693 4683 se
777 4627 1133 4700 pontificatu.
1219 4628 1490 4687 Nicolaus
1570 4627 1989 4703 rempublicam

266 4718 742 4790 compositurus,
802 4735 934 4792 qua:
981 4720 1261 4779 maximis
1313 4721 1641 4795 perturbata
1696 4721 1994 4779 calamita-

265 4803 422 4860 tibus
504 4803 830 4876 plurimum
910 4807 1319 4880 quatiebatur,
1405 4807 1640 4866 Petrum
1728 4806 1995 4865 Damiani

260 4889 662 4949 Mediolanum
703 4892 884 4964 misit,
929 4900 994 4951 ut
1031 4909 1159 4952 eam
1193 4895 1510 4954 Ecclesiam
1550 4895 1702 4952 male
1735 4894 1991 4953 sentien-

259 4985 400 5048 tem,
450 4987 508 5036 et
557 4996 591 5037 a
635 4979 900 5039 Romana
956 4983 1264 5043 abductam
1311 4993 1366 5043 et
1419 4986 1862 5060 discrepantem,
1917 4984 1991 5044 si-

259 5068 647 5142 moniacaque
701 5069 847 5141 labe,
891 5077 947 5129 et
989 5072 1406 5134 Nicolaitarum
1448 5075 1656 5134 haeresi
1691 5075 1987 5147 infectam,

256 5171 392 5214 cum
443 5156 711 5214 Romana
765 5159 1140 5233 conciliaret,
1169 5169 1224 5222 et
1268 5163 1328 5221 in
1379 5170 1593 5221 rectam
1642 5164 1989 5221 sententiam

257 5247 588 5305 deduceret.
645 5248 1116 5309 Conniventibus
1159 5254 1317 5312 enim
1365 5254 1440 5312 ob
1488 5253 1784 5312 tumultus
1820 5253 1988 5311 belli-

257 5349 376 5406 cos,
439 5342 497 5394 et
556 5338 967 5398 seditiosorum
1049 5343 1364 5415 potentiam
1427 5343 1829 5416 pontiﬁcibus,
1883 5358 1991 5400 nec

2077 3726 2270 3797 saluti,
2312 3743 2429 3786 non
2471 3733 2536 3786 ut
2574 3726 2938 3786 multitudini
2981 3730 3308 3802 inserviret,
3357 3737 3458 3790 aut
3506 3734 3789 3808 amplitu-

2073 3816 2271 3875 dinem
2321 3816 2774 3890 dignitatemque
2820 3817 3208 3890 amplificaret
3261 3819 3542 3880 Romana
3593 3823 3788 3882 Eccle-

2073 3905 2197 3977 sim,
2239 3922 2369 3980 quae
2417 3921 2549 3964 cum
2594 3911 2766 3978 esset,
2806 3907 2991 3980 ipsius
3031 3917 3167 3968 voc‘e
3213 3908 3547 3984 Salvatoris,
3589 3912 3792 3974 laudes

2073 4002 2130 4052 et
2174 3995 2440 4054 omnium
2493 3994 2881 4053 Ecclesiarum
2931 3995 3322 4069 principatum
3371 3999 3594 4073 adepta,
3645 4002 3790 4061 adeo

2078 4083 2268 4142 tenuis
2317 4083 2594 4154 hominis,
2651 4083 2842 4158 qualis
2913 4085 3036 4159 ipse
3099 4092 3238 4158 erat,
3311 4089 3600 4161 praeconio
3672 4107 3791 4151 non

2079 4173 2297 4247 egebat.
2356 4173 2580 4232 Primos
2634 4188 2835 4232 eorum
2885 4173 3087 4234 salutis
3132 4182 3411 4248 auctores,
3450 4184 3506 4236 et
3544 4179 3794 4240 labentis

2077 4263 2404 4337 disciplinae
2441 4263 2892 4332 conﬁrmatores,
2929 4262 3004 4320 ab
3048 4263 3305 4324 Ecclesia
3351 4267 3612 4328 Romana
3656 4285 3795 4344 pro-

2080 4353 2256 4412 diisse
2313 4376 2325 4408 :
2379 4351 2558 4425 idque
2623 4351 2692 4409 D.
2767 4351 3114 4422 Nazarium,
3180 4369 3358 4427 quem
3422 4355 3490 4414 D.
3565 4356 3791 4430 Linus,

2081 4443 2148 4500 D.
2192 4438 2347 4499 Petri
2384 4438 2725 4512 discipulus,
2775 4455 2932 4496 sacra
2970 4439 3330 4512 baptismatis
3368 4445 3526 4502 unda
3563 4444 3787 4515 abluit;

2077 4536 2133 4588 et
2180 4529 2346 4589 divos
2393 4527 2736 4586 Gervasium
2785 4529 3226 4604 Protasiumque
3275 4531 3379 4604 qui
3428 4532 3496 4591 D.
3539 4532 3790 4591 Paulum

2072 4619 2395 4696 apostolum
2442 4618 2778 4690 magistrum
2813 4619 3164 4690 habuerunt,
3194 4619 3490 4680 edocuisse
3519 4639 3533 4680 :
3567 4621 3789 4696 ipsum-

2077 4726 2191 4784 que
2248 4723 2363 4783 quo
2419 4711 2734 4781 tantopere,
2798 4712 2855 4764 et
2906 4707 3145 4781 quidem
3207 4709 3412 4766 merito
3465 4707 3792 4781 gloriaban-

2081 4806 2194 4872 tur,
2244 4798 2312 4856 D.
2364 4797 2742 4857 Ambrosium
2800 4797 3219 4858 Nicolaitarum
3272 4799 3540 4858 hieresim
3584 4815 3687 4874 per
3727 4817 3789 4859 se

2073 4888 2397 4947 convellere
2440 4903 2572 4946 cum
2622 4888 2904 4962 nequiret,
2953 4903 2987 4944 a
3034 4888 3294 4947 Romana
3344 4886 3598 4945 Ecclesia
3638 4903 3789 4960 pras-

2072 4981 2287 5038 sidium
2325 4979 2680 5053 implorasse.
2722 4978 2828 5036 His
2866 4985 3038 5051 atque
3078 4978 3210 5036 aliis
3245 4979 3307 5037 in
3357 4979 3506 5036 hanc
3553 4985 3788 5038 senten-

2073 5071 2212 5130 tiam
2264 5087 2298 5129 a
2342 5071 2508 5130 Petro
2554 5071 2625 5128 ad
2668 5071 2950 5144 populum
2994 5068 3184 5128 verbis
3234 5070 3414 5140 factis,
3461 5068 3787 5145 sedatisque

2071 5161 2145 5220 ob
2183 5160 2241 5219 id
2282 5175 2485 5219 eorum
2526 5159 2693 5233 quasi
2730 5158 3024 5228 ﬂuctibus,
3063 5173 3236 5217 causa
3288 5173 3426 5216 mox
3474 5165 3655 5233 empta
3702 5165 3789 5218 est

2072 5251 2296 5324 agitari.
2361 5248 2473 5306 Vix
2535 5257 2727 5306 autem
2787 5247 3100 5321 quisquam
3157 5263 3314 5307 unus
3369 5256 3630 5323 repertus
3679 5255 3783 5323 est,

2073 5340 2173 5413 qui
2228 5354 2344 5396 non
2389 5343 2491 5395 aut
2534 5336 2767 5394 ordines
2817 5336 3067 5408 emisset,
3107 5343 3206 5396 aut
3247 5338 3396 5396 fmda
3435 5338 3786 5398 feminarum

257 5424 332 5482 ob
384 5425 447 5483 id
505 5426 646 5485 satis
692 5435 884 5501 aperte
941 5431 1251 5503 prohibere
1305 5433 1660 5504 valentibus,
1722 5425 2490 5508 pleriqueDconsuetudine
2545 5432 2690 5483 esset
2741 5440 2898 5484 usus.
2959 5425 3028 5483 In
3080 5432 3238 5485 tanta
3291 5443 3353 5485 re
3411 5429 3784 5502 temperatius

253 5513 572 5587 principes,
614 5524 890 5591 usurpato
921 5517 1075 5591 jure,
1116 5526 1172 5579 et
1211 5520 1414 5581 divina
1454 5538 1659 5596 parum
1705 5523 1984 5596 religione
2065 5517 2353 5593 agendum
2409 5515 2611 5574 Petrus
2654 5531 2757 5589 pro
2805 5519 3129 5589 temporum
3173 5516 3523 5587 conditione,
3562 5523 3620 5574 et
3665 5516 3783 5574 cri-

254 5601 424 5673 moti,
473 5601 760 5663 Ecclesias
801 5607 1075 5682 episcopi,
1117 5611 1374 5670 minores
1417 5611 1669 5683 ordines,
1709 5626 1830 5671 non
1878 5613 1982 5672 ho-
2064 5609 2428 5670 minosorum
2465 5604 2856 5665 multitudine
2907 5611 3084 5680 ratus,
3145 5607 3373 5666 veniam
3412 5608 3498 5666 eis
3544 5604 3782 5679 pollice-

581 5719 834 5780 PATROL.
872 5723 1118 5787 CXLIV.
3463 5718 3497 5775 6
