4078 6202
248 366 251 369 _
302 279 400 342 171

1209 274 1268 335 S.
1312 269 1604 333 PETRUS
1642 265 2038 330 DAMIANUS
2080 266 2139 329 S.
2182 266 2253 327 Β.
2295 264 2362 326 Ε.
2403 264 2885 328 CARDINALIS.

3706 271 3804 332 172

296 409 427 474 tur,
497 402 548 460 si
611 402 969 459 sacramento
1017 398 1403 469 conﬁrment,
1461 398 1527 455 in
1582 401 1877 471 posterum
1932 394 2005 453 ab
2023 391 2361 467 Agionibus
2413 390 2623 463 tradit,
2690 394 2755 451 ut
2806 406 2928 450 non
2975 388 3088 449 viri
3141 389 3349 463 modo,
3418 391 3517 452 sed
3577 394 3803 455 nobiles

293 490 632 568 hujusmodi
661 487 894 563 ﬂagitiis
924 492 1354 562 temperaturos.
1387 487 1618 547 Primus
1647 486 2005 548 solemnibus

293 580 488 641 verbis
536 578 718 639 Wido
774 577 1240 652 archiepiscopus
1295 575 1353 635 id
1410 575 1702 651 professus
1758 579 1860 648 est,
1924 574 2003 634 si-

293 670 731 744 moniacamque
812 673 866 726 et
954 666 1370 726 Nicolaitarum
1459 666 1732 725 haeresim
1809 680 2002 724 coram

293 760 570 822 omnibus
622 759 955 830 detestatus,
1005 758 1145 817 inde
1188 757 1381 817 clerici
1428 772 1649 817 omnes.
1696 757 1999 832 Archiepi—

292 866 498 926 scopus
528 850 621 909 'in
673 854 882 908 terram
934 848 1220 923 projectus
1262 848 1561 923 piaculum
1611 846 1841 923 injungi
1889 845 2001 906 sibi

289 940 641 1016 postulavit;
688 944 923 1001 centum
975 955 1263 1000 annorum
1316 941 1521 1000 Petrus
1573 940 1869 1014 imposuit,
1910 939 1999 998 id-

286 1050 401 1109 que
450 1033 658 1093 redimi
700 1050 865 1109 posse
906 1039 1058 1092 certa
1107 1032 1355 1108 pecunia
1395 1033 1460 1092 in
1507 1032 1769 1109 singulos
1817 1047 2000 1091 annos

285 1123 473 1183 soluta
511 1122 732 1196 voluit;
771 1121 966 1181 clerici
1002 1120 1250 1181 diversis
1284 1121 1347 1180 in
1398 1122 1517 1181 vita
1559 1122 1801 1197 jejuniis
1848 1122 1998 1181 obli-

283 1213 422 1288 gati.
461 1212 735 1272 Ascendit
773 1212 984 1271 deinde
1022 1211 1083 1269 in
1121 1211 1458 1270 concionem
1508 1211 1996 1286 archiepiscopus,

282 1308 340 1362 et
387 1303 540 1362 clero
596 1300 924 1377 populoque
978 1300 1401 1379 praesentibus,
1458 1302 1656 1379 jurare
1724 1302 1997 1362 clericum

284 1404 457 1452 suum
496 1390 691 1466 jussit,
738 1404 801 1450 se
844 1389 950 1449 has
987 1388 1132 1449 duas
1182 1388 1429 1448 haereses
1471 1404 1573 1464 pro
1621 1388 1847 1449 viribus
1889 1405 1996 1449 ex-

280 1480 660 1557 stirpaturum
695 1500 708 1537 :
743 1492 859 1554 quo
925 1477 1127 1538 eodem
1200 1483 1554 1538 sacramento
1624 1494 1683 1538 se
1749 1480 1998 1555 populus

278 1568 565 1631 devinxit.
607 1567 844 1628 Clericis
880 1568 1022 1628 hinc
1058 1568 1300 1644 pristina
1337 1575 1698 1644 ornamenta,
1731 1570 1996 1630 litteratis

280 1664 477 1740 etiam,
523 1669 579 1724 et
615 1663 784 1724 castis
818 1661 1074 1725 ofﬁcium
1112 1663 1424 1740 redditum,
1468 1665 1683 1741 reliqui
1722 1665 1993 1726 Ecclesiae

2086 497 2319 558 quoque
2356 483 2631 542 mulieres
2666 482 2725 541 id
2766 497 2951 556 pmnte
2994 498 3180 557 genus
3214 482 3461 543 libenter
3498 485 3798 560 subirent;

2087 573 2323 649 ipsaque
2378 572 2647 632 Gechaldi
2713 587 2866 635 uxor
2933 588 3144 647 magna
3204 573 3418 634 mulier
3478 574 3796 650 dignitate,

2085 664 2292 724 marito
2354 670 2601 735 mortuo,
2667 662 3056 722 centenariam
3118 663 3269 722 hanc
3325 662 3593 738 absolvit,
3657 665 3798 727 dum

2085 755 2192 814 tria
2248 746 2560 816 verberum
2615 754 2823 828 millia,
2892 752 3250 829 disciplinas,
3316 754 3630 831 appellant,
3696 774 3799 833 pro

2083 860 2240 904 anno
2286 861 2406 905 uno
2443 848 2791 905 numeraret.
2833 842 3035 919 Itaque
3071 842 3297 918 Petrus,
3326 850 3632 921 postquam
3668 863 3794 922 ρω-

2083 951 2218 995 nam
2258 936 2391 1008 luit,
2419 936 2710 1011 eleganter
2745 935 2818 995 ad
2856 935 3161 996 Nicolaum
3196 936 3548 1011 pontiﬁcem,
3586 938 3794 1000 ofﬁcii-

2083 1042 2198 1102 que
2249 1044 2316 1088 ac
2367 1028 2595 1103 pietatis
2648 1026 2850 1103 plenas
2898 1026 3118 1088 litteras
3180 1027 3338 1088 dedit
3393 1048 3408 1087 :
3466 1029 3681 1104 quibus
3736 1037 3794 1091 et

2082 1118 2351 1191 purgavit
2402 1133 2464 1176 se
2515 1118 2841 1193 diligenter,
2908 1125 2965 1176 et
3023 1134 3141 1178 non
3193 1114 3392 1178 minus
3444 1118 3789 1190 rationibus,

2081 1226 2261 1285 quam
2299 1216 2630 1272 sanctorum
2666 1210 2929 1272 virorum
2958 1211 3249 1287 exemplo,
3278 1209 3339 1270 id
3377 1210 3578 1272 fecisse
3616 1217 3791 1273 testa-
3841 1241 3853 1250 -

2081 1305 2174 1364 tus
2198 1307 2302 1360 est.

2151 1390 2434 1451 Caeterum
2501 1406 2577 1450 an
2639 1388 2728 1450 illi
2797 1386 3069 1451 Nicolaus
3131 1389 3390 1465 pontifex
3460 1393 3789 1466 assenserit,

2079 1495 2415 1559 quanquam
2444 1479 2706 1557 plerique
2734 1495 2937 1541 omnes
2970 1479 3279 1554 afﬁrmant,
3308 1486 3500 1542 tamen
3528 1481 3789 1555 aliquam

2079 1569 2266 1629 facere
2335 1568 2763 1630 dubitationem
2835 1568 3069 1631 videtur
3144 1569 3393 1645 diploma
3470 1569 3792 1633 Alexandri

2078 1658 2354 1731 secundi,
2408 1659 2505 1720 cui
2557 1657 2872 1721 subscribit
2927 1658 3132 1720 Petrus
3186 1666 3446 1737 peccator
3511 1657 3792 1721 Ostiensis

280 1759 507 1815 tantum
570 1754 853 1814 associati.
905 1752 996 1814 Ad
1057 1753 1185 1814 haac
1251 1755 1717 1833 archiepiscOpus
1782 1750 2398 1833 recepitBepiscopus,
2469 1757 2537 1811 ut
2595 1757 2681 1812 est
2738 1750 2801 1811 in
2874 1751 3158 1811 Chronico
3233 1750 3554 1811 Casinensi.
3613 1751 3791 1813 Joan-

278 1861 394 1918 eos,
453 1862 513 1905 se
586 1843 884 1922 religionis
945 1862 1116 1908 causa
1182 1844 1462 1922 Romam,
1526 1854 1628 1911 aut
1694 1846 1996 1910 Turonum

278 1939 604 2005 missurum
640 1959 653 1999 :
688 1956 750 2000 se
786 1955 925 2000 vero
974 1938 1046 2000 ad
1096 1938 1164 2002 D.
1206 1939 1488 2003 Jacobum
1539 1941 1604 2005 in
1652 1941 1994 2019 Hispaniam

278 2027 519 2090 iturum.
560 2026 673 2089 Sed
713 2045 1050 2105 quanquam
1089 2032 1213 2091 haec
1250 2028 1392 2092 adeo
1439 2030 1665 2107 prolixe
1702 2031 1997 2109 pollicitus

275 2123 400 2192 est,
468 2125 663 2181 tamen
729 2117 887 2179 haud
945 2117 1025 2179 ita
1083 2119 1187 2180 diu
1245 2126 1412 2195 post,
1475 2120 1724 2183 abeunte
1786 2120 1993 2197 Petro,

276 2206 454 2267 sacris
501 2205 866 2267 initiatorum
913 2207 1167 2269 assiduis
1213 2208 1542 2270 stimulatus
1589 2209 1991 2286 querimoniis,

2077 1859 2181 1903 nes
2222 1859 2453 1920 quoque
2497 1841 2861 1903 Trithemius
2914 1840 3059 1902 dum
3103 1840 3167 1901 in
3209 1839 3612 1917 Hirsaugiensi
3651 1841 3791 1902 item

2077 1934 2380 2008 Chronico,
2425 1933 2576 1994 Petri
2620 1932 2890 1993 Damiani
2930 1933 3275 2008 legationem
3311 1932 3375 1992 in
3419 1930 3792 1995 Germaniam

2077 2022 2274 2083 scribit
2320 2023 2392 2083 ad
2438 2022 2756 2083 Henricum
2809 2038 3005 2098 regem
3052 2038 3205 2083 anno
3250 2020 3560 2083 millesimo
3611 2038 3788 2097 nono,

2076 2126 2211 2171 eum
2266 2111 2515 2188 appellat
2570 2119 2946 2173 sacrosanctae
3002 2111 3283 2173 Romanae
3338 2111 3611 2173 Ecclesiae
3665 2112 3791 2189 epi-

2076 2218 2313 2280 scopum
2378 2204 2753 2265 cardinalem.
2811 2204 3016 2281 Neque
3092 2210 3284 2265 tamen
3339 2219 3474 2264 cum
3530 2204 3604 2264 iis
3656 2220 3792 2265 sen-

275 2313 341 2356 ac
398 2313 544 2372 pene
599 2295 898 2369 conviciis,
951 2297 1014 2361 iu
1065 2296 1379 2372 pristinum
1434 2298 1627 2359 rediit.
1683 2298 1885 2375 Itaque
1930 2302 1993 2361 in
2075 2294 2270 2368 serim,
2318 2295 2419 2371 qui
2458 2294 2569 2354 fuit
2602 2311 2636 2353 a
2671 2298 2841 2370 partu
2878 2294 3140 2369 Virginis
3187 2310 3361 2370 supra
3412 2293 3792 2355 millesimum

275 2386 540 2461 sequenti
570 2402 725 2447 anno
757 2387 962 2446 Petrus
990 2388 1242 2460 graviter
1278 2396 1619 2464 commotus,
1659 2386 1990 2466 Bodulpho,
2074 2384 2531 2458 septuagesimus
2576 2387 2836 2456 octaVUS,
2884 2388 2940 2442 et
2987 2381 3378 2458 episcopatum
3431 2382 3787 2458 deposuisse,

272 2473 492 2549 Vitali,
558 2474 799 2537 Arialdo
824 2519 841 2549 ,
902 2481 957 2535 et
1004 2476 1372 2537 Erlembaldo
1428 2475 1605 2537 Cottae
1653 2477 1761 2539 bac
1815 2479 1886 2539 de
1932 2495 1995 2540 re
2072 2475 2129 2529 οἱ
2172 2471 2389 2531 litteras
2425 2470 2496 2530 de
2534 2470 2636 2531 ῘΙῙΟ
2674 2471 3035 2547 deponendo:
3064 2487 3208 2547 quas
3235 2470 3519 2546 ἀῘΧῘΠιῑιει
3546 2471 3620 2532 ad
3647 2473 3787 2533 Gre-

271 2564 551 2638 scribens,
601 2564 705 2641 qui
749 2571 1186 2640 permanserant
1234 2566 1297 2625 in
1353 2568 1658 2640 sententia,
1717 2568 1817 2631 ubi
1866 2567 1990 2629 lau-
2070 2559 2300 2635 gorium
2338 2566 2461 2619 tum
2494 2559 2848 2635 βοηῑίῧεθω,
2878 2561 3144 2635 dedisse;
3185 2578 3321 2624 cum
3359 2561 3458 2623 ille
3494 2563 3557 2624 in
3592 2561 3784 2623 οῐῐωί·

271 2654 431 2716 davit
478 2652 633 2727 illos,
683 2654 755 2714 de
808 2654 1029 2725 caeteris
1079 2670 1404 2714 sermonem
1460 2654 1782 2732 ingressus,
1836 2656 1989 2732 quod
2070 2645 2203 2724 bus,
2236 2665 2382 2726 quos
2418 2650 2676 2727 legerim,
2721 2650 3035 2727 codicibus,
3078 2650 3314 2712 Nicolao
3352 2651 3745 2713 inscribantur
3768 2669 3785 2726 ;

269 2750 488 2820 tamen,
542 2740 759 2821 inquit,
825 2742 890 2805 in
946 2743 1366 2805 Mediolanensi
1420 2744 1676 2805 Ecclesia
1735 2762 1852 2807 non
1908 2752 1991 2807 est
2070 2744 2127 2798 et
2175 2739 2656 2814 gravissimorum
2699 2746 3006 2802 auctorum
3052 2741 3379 2803 testimonio
3421 2748 3661 2815 constet,
3711 2743 3788 2802 ab

269 2849 516 2909 novum,
554 2848 689 2911 quas
724 2848 954 2911 semper
989 2832 1207 2894 diversi
1243 2832 1530 2908 dogmatis
1566 2832 1836 2895 homines
1882 2834 1989 2896 ha-
2070 2826 2405 2888 Alexandro
2453 2827 2719 2889 Secundo
2756 2829 3047 2905 pontiﬁce,
3093 2829 3414 2892 Gerardum
3462 2831 3787 2893 Ostiensem

265 2924 437 2999 buit,
495 2922 667 2987 initio
729 2923 802 2985 ab
865 2924 1165 2986 Auxentio
1194 2968 1210 2998 ,
1272 2930 1445 3002 atque
1514 2923 1823 2985 Ambrosio
1892 2925 1987 2985 in-
2070 2918 2403 2996 episc0pum
2430 2919 2669 2980 factum.
2694 2918 2847 2980 Illud
2872 2922 3045 2981 etiam
3069 2937 3189 2981 non
3207 2923 3593 2983 omittendum
3612 2922 3782 2997 duxi,

266 3012 490 3076 cheato.
2068 3006 2326 3083 Petrum,
2366 3026 2427 3071 se
2466 3016 2741 3086 perpetuo
2779 3012 3131 3073 monachum
3170 3010 3292 3073 suis
3337 3012 3542 3072 litteris
3584 3013 3785 3090 appel-

336 3104 531 3205 Atque
573 3102 706 3166 haec
746 3103 906 3205 itana
956 3120 1017 3164 se
1062 3101 1371 3205 Mediolani
1418 3109 1541 3163 acta
1590 3103 1795 3167 Petrus
1841 3106 1985 3167 scri-
2005 3096 2237 3205 classe,
2269 3106 2324 3159 et
2361 3114 2423 3161 se
2458 3098 2747 3163 abdidisse
2777 3100 2843 3162 in
2865 3102 3192 3163 Catrianam
3218 3102 3592 3165 solitudinem
3620 3108 3783 3181 opta-

265 3190 352 3255 bit
383 3217 399 3257 :
434 3194 538 3269 qui
587 3199 654 3257 ut
709 3210 770 3255 se
826 3193 945 3254 Deo
1000 3198 1184 3255 totum
1243 3192 1509 3267 traderet,
1566 3201 1623 3255 et
1673 3197 1735 3256 in
1787 3190 2374 3260 rerum“tissimam.

264 3283 604 3346 divinarum
682 3282 1058 3344 meditatione
1135 3281 1260 3343 dies
1326 3288 1640 3361 noctesque
1711 3293 1981 3363 poneret,
2143 3280 2547 3342 Alexandrum
2600 3281 2931 3358 pontiﬁcem
2978 3282 3173 3360 gravis
3225 3284 3443 3347 interea
3508 3283 3789 3361 fatigabat

261 3387 423 3433 sacro
477 3370 694 3447 galero,
750 3376 808 3432 et
861 3370 1215 3447 episcopatu,
1273 3370 1643 3450 duorumque
1708 3380 1984 3451 praeterea
2020 3431 2026 3437 .
2070 3371 2350 3434 dissensio
2389 3370 2622 3437 Cadaloi
2661 3373 3009 3449 Parmensis,
3055 3393 3228 3454 quem
3283 3376 3557 3438 Germani
3603 3395 3787 3454 pseu-

259 3462 661 3525 ctenobiorum
716 3462 830 3524 sibi
887 3462 1424 3525 commendatorum
1482 3465 1983 3529 administratione
2068 3461 2477 3539 dopontiticem
2520 3479 2655 3525 cum
2704 3464 2973 3527 fecissent
3013 3483 3048 3527 a
3096 3465 3373 3526 Romanis
3420 3467 3594 3528 etiam
3644 3484 3785 3545 pro-

259 3571 322 3615 se
367 3551 675 3615 abdicavit.
729 3554 992 3630 Cumque
1042 3570 1077 3615 a
1124 3553 1360 3615 Nicolao
1402 3554 1676 3630 pontiﬁce
1720 3560 1981 3623 maximo
2068 3551 2296 3613 ceribus
2334 3551 2512 3629 recipi
2547 3552 2870 3615 studebant.
2911 3554 2969 3614 Is
3007 3571 3144 3615 vero
3182 3571 3521 3632 quanquam
3550 3554 3613 3615 in
3648 3574 3787 3618 con-

259 3646 364 3724 qui
399 3647 526 3723 ejus
562 3644 1053 3707 Mediolanensem
1092 3646 1438 3721 legationem
1477 3648 1734 3710 maxime
1770 3651 1979 3726 proba-
2067 3642 2202 3703 cilio
2248 3642 2500 3704 Mantuae
2556 3661 2709 3705 anno
2765 3645 2897 3706 1064
2949 3645 3167 3720 habito,
3209 3663 3323 3722 quo
3357 3652 3413 3707 et
3450 3648 3785 3710 Alexander

257 3745 440 3812 verat,
494 3737 568 3799 ad
614 3754 710 3800 eas
752 3736 972 3799 iterum
1024 3737 1352 3814 dignitates,
1401 3744 1457 3798 et
1504 3740 1797 3802 bonorum
1841 3741 1981 3802 insi.
2065 3732 2188 3811 ipse
2227 3741 2481 3809 venerat,
2523 3737 2790 3813 rejectus,
2833 3743 3025 3796 tamen
3063 3736 3315 3812 insignia
3352 3736 3651 3813 pontiﬁcia
3685 3755 3782 3799 re-

254 3829 395 3906 gnia
441 3836 775 3907 cogeretur;
836 3831 1077 3905 ipseque
1132 3835 1460 3891 constanter
1485 3873 1501 3903 ,
1565 3838 1621 3891 et
1682 3831 1980 3910 aliquanto
2068 3822 2264 3885 tinuit.
2322 3824 2709 3898 Quamobrem
2758 3825 2961 3887 Petrus
3006 3824 3294 3900 Damiani,
3352 3824 3624 3891 Ecclesiae
3672 3828 3785 3890 Dei

253 3921 513 3996 fortasse,
552 3936 730 4000 quam
783 3937 877 3984 res
922 3922 1067 3997 ipsa,
1117 3929 1173 3981 et
1220 3922 1511 3997 pontiﬁcis
1552 3923 1821 3999 maiestas
1871 3925 1981 3984 fer.
2065 3920 2286 3976 tantam
2341 3914 2834 3992 perturbationem
2897 3934 3247 3994 magnopere
3320 3917 3644 3992 miseratus,
3701 3919 3783 3980 ad

253 4018 359 4086 ret,
397 4009 755 4087 pertinacius
796 4018 1102 4083 renueret;
1156 4010 1403 4071 assensit
1439 4011 1676 4087 quidem
1709 4013 1977 4088 pontifex
2062 4006 2367 4067 hominem
2394 4006 2635 4068 scribit:
2674 4007 2863 4069 tribus
2892 4007 3067 4069 illum
3089 4008 3211 4084 jam
3241 4009 3628 4070 conventibus
3652 4024 3783 4069 esse

253 4101 384 4177 ejus
412 4100 877 4176 perseverantiae,
908 4101 1008 4163 sed
1036 4114 1269 4176 poenam
1307 4101 1372 4160 iu
1409 4117 1550 4163 eum
1581 4103 1976 4165 centenarium
2061 4097 2424 4170 damnatum,
2473 4101 2529 4157 et
2579 4101 2682 4165 181',
2737 4095 2789 4157 Si
2839 4114 2957 4159 non
3002 4094 3224 4173 judicio
3276 4098 3659 4171 sacerdomm,
3717 4105 3781 4158 at

253 4191 549 4255 constituit
583 4208 599 4253 :
633 4205 750 4266 qua
785 4206 957 4265 poena
996 4191 1300 4250 tenebatur
1348 4190 1423 4251 ad
1468 4192 1829 4254 recitandum
1874 4210 1976 4269 per
2062 4188 2264 4249 saltem
2290 4188 2488 4264 legum
2516 4188 2852 4249 auctoritate
2878 4188 3228 4252 abdicatum.
3263 4191 3335 4251 Et
3365 4191 3642 4268 quoniam
3676 4188 3777 4249 in-

254 4287 491 4347 centum
528 4295 732 4354 annos,
774 4279 1054 4356 quotidie,
1093 4280 1434 4345 verberibus
1472 4282 1783 4358 adjunctis,
1818 4284 1973 4360 psal-
2061 4286 2170 4341 stet
2206 4279 2547 4340 Osboriense
2582 4278 2917 4354 concilium,
2959 4298 3019 4342 se
3056 4298 3189 4359 qua:
3228 4281 3344 4342 dici
3378 4298 3484 4358 pro
3530 4288 3781 4358 utroque

255 4384 419 4433 mum
455 4369 1029 4446 quinquagesimum,
1070 4386 1187 4446 quo
1237 4386 1381 4433 usus
1435 4377 1522 4432 est
1576 4373 1781 4446 David,
1838 4388 1974 4434 cum
2059 4370 2301 4447 possint,
2342 4386 2651 4446 exponere,
2690 4371 2859 4450 quasi
2904 4373 3211 4448 cujusdam
3256 4371 3527 4448 praeludit
3579 4387 3773 4445 causa,

253 4469 523 4541 stuprum
582 4461 904 4535 Bersabete,
958 4467 1017 4521 et
1066 4460 1272 4522 marito
1326 4461 1455 4538 ejus
1507 4467 1751 4523 mortem
1802 4462 2035 4541 obtu-“
2059 4463 2211 4524 velle
2242 4487 2255 4523 :
2291 4469 2463 4539 atque
2490 4479 2593 4540 per
2618 4463 2781 4524 hunc
2804 4452 3057 4524 modum
3075 4461 3314 4539 juribus
3341 4470 3608 4525 accurate
3636 4478 3776 4539 per-

253 4520 453 4629 iisset;
501 4553 789 4631 illumque
834 4520 1066 4616 Nuthan
1110 4520 1487 4616 vehementer
1527 4562 1869 4629 accusasset,
1907 4520 2273 4630 achensis,
2333 4520 2652 4614 Gadafoum
2722 4552 2864 4614 vitio
2938 4520 3156 4615 factum
3227 4569 3374 4627 esse,
3430 4520 3779 4628 planissime

256 4645 622 4705 minaretur:
664 4641 851 4705 Deum
908 4646 1026 4704 tam
1081 4646 1282 4719 gravia
1334 4646 1550 4707 scelera
1601 4661 1973 4721 nequaquam
2055 4643 2326 4706 ostendit.
2772 4698 2777 4701 ν

252 4731 567 4807 impunita,
644 4736 820 4805 atque
881 4730 1074 4792 inulta
1131 4733 1475 4797 relicturum
1533 4737 1604 4809 (II
1648 4738 1784 4807 Reg.
1842 4738 1971 4810 xu).
2126 4732 2345 4794 Eodem
2393 4750 2550 4796 anno
2604 4732 2802 4808 (1069),
2854 4733 3061 4795 Petrus
3106 4731 3392 4807 Damiani,
3439 4748 3614 4810 quem
3658 4733 3779 4793 hoc

260 4821 496 4884 Subivit
547 4820 700 4882 hanc
752 4834 985 4895 ptenam
1042 4823 1292 4883 libenter
1361 4824 1589 4899 Petrus,
1667 4832 1976 4903 tantusque
2056 4823 2202 4897 loco,
2235 4824 2321 4883 uti
2364 4839 2539 4900 supra
2575 4822 2905 4897 docuimus,
2946 4822 3199 4883 Joannes
3244 4821 3601 4884 Trithemius
3644 4822 3776 4897 epi-

259 4911 323 4972 in
368 4927 437 4972 eo
481 4910 593 4973 fuit
643 4908 814 4971 ardor
850 4911 1188 4986 paenitendi,
1235 4919 1302 4975 ut
1348 4929 1549 4976 annuo
1591 4913 1753 4975 illam
1791 4917 1975 4992 spatio
2057 4930 2297 4989 scopum
2356 4913 2711 4974 cardinalem
2776 4912 3071 4988 appellat,
3143 4914 3207 4975 in
3268 4912 3637 4975 Germaniam
3697 4912 3780 4971 ab

260 5001 637 5063 exhauserit:
671 5008 728 5062 et
766 5006 833 5063 ut
869 5016 947 5063 ex
982 5001 1312 5064 Helinando
1353 5008 1590 5064 testatur
1621 5003 1685 5063 in
1730 5005 1975 5079 Speculo
2056 5004 2388 5066 Alexandro
2416 5005 2687 5081 pontiﬁce
2704 5003 2925 5080 legatus
2948 5011 3033 5067 est
3060 5004 3277 5065 missus
3296 5005 3370 5066 ob
3390 5020 3518 5065 eam
3540 5017 3780 5064 causam

260 5104 367 5151 suo
420 5088 784 5166 Vincentius,
827 5090 1119 5152 Dominici
1169 5091 1507 5166 exemplum
1556 5092 1822 5166 habetur,
1871 5094 1976 5169 qui
2058 5095 2213 5171 quod
2249 5094 2539 5155 Henricus
2579 5096 2768 5155 Cmsar
2812 5094 3047 5157 nullum
3075 5095 3364 5155 omitteret
3392 5092 3653 5156 avaritize
3679 5107 3777 5168 ge-

261 5177 442 5239 lorica
497 5177 681 5240 ferrea
735 5181 808 5241 ad
859 5197 1096 5244 carnem
1153 5181 1415 5254 indutus,
1480 5182 1715 5243 circulis
1775 5184 1977 5245 ferreis
2058 5200 2174 5247 nus
2211 5184 2275 5244 in
2309 5183 2495 5246 Deum
2538 5184 2961 5259 hominesque;
3005 5184 3161 5260 plebi
3202 5183 3456 5244 studeret
3492 5182 3778 5243 adversus

261 5268 492 5331 duobus
525 5268 768 5342 cinctus,
808 5270 1160 5349 totidemque
1200 5288 1303 5348 per
1350 5286 1542 5334 armos
1583 5273 1974 5349 brachiorum,
2058 5275 2419 5335 nobilitatem
2448 5290 2517 5334 ac
2541 5274 2869 5350 principes;
2901 5274 3098 5335 omnia
3127 5271 3186 5332 vi
3225 5271 3411 5346 magis
3438 5287 3615 5349 quam
3638 5272 3779 5346 jure

263 5362 485 5419 armata
551 5357 738 5432 scopis
808 5363 1054 5433 utraque
1126 5376 1306 5421 manu
1330 5403 1344 5432 ,
1410 5361 1642 5434 nudus,
1706 5361 1976 5436 psalteria
2059 5372 2283 5439 ageret;
2354 5366 2713 5441 episcopatus
2783 5370 2838 5423 et
2906 5361 3162 5423 abbatias
3212 5361 3402 5433 palam
3455 5359 3773 5431 venderet;

265 5445 595 5519 duodecim,
644 5451 820 5507 totam
865 5455 1093 5509 noctem
1140 5450 1289 5510 nihil
1334 5449 1651 5523 dormiens,
1703 5450 1978 5526 postridie
2058 5455 2253 5531 opima
2297 5454 2716 5519 monachorum
2756 5452 2973 5529 praedia
3016 5450 3397 5512 sectatoribus
3444 5450 3568 5511 suis
3614 5446 3777 5522 turpi

264 5537 543 5613 persolvit
561 5578 578 5611 ,
634 5542 694 5598 et
744 5538 817 5597 de
878 5540 1045 5600 tertio
1098 5539 1323 5601 decimo
1375 5541 1450 5600 ad
1508 5544 1666 5601 Beati
1722 5559 1972 5615 quorum.
2059 5542 2364 5619 largitione
2416 5544 2712 5608 tribueret.
2762 5541 2854 5602 Ad
2901 5540 3029 5600 haec
3080 5554 3218 5601 cum
3264 5539 3511 5616 conjuge
3553 5535 3773 5603 Bertba

267 5626 461 5705 Hujus
495 5628 763 5704 exemplo
806 5627 919 5692 viri
973 5643 1193 5693 morem
1245 5628 1557 5695 iuolevisse
1605 5633 1670 5694 in
1716 5632 1838 5699 suis
1880 5648 1974 5695 re-
2061 5632 2304 5701 Othonis
2328 5634 2685 5701 marchionis
2709 5631 2851 5704 ﬁlia,
2872 5629 3044 5704 cuius
3074 5629 3230 5698 haud
3258 5629 3338 5699 ita
3364 5627 3467 5697 diu
3497 5631 3631 5689 ante
3654 5624 3770 5687 sibi
3818 5639 3831 5645 ‘
