4078 6202
211 347 312 406 173

1077 335 1653 398 l’ROLEGOMENA.
1696 368 1762 381 —
1805 335 1865 398 S.
1906 324 2131 396 PETRI
2169 335 2498 397 DAMIANI
2536 337 2719 399 VITA
2756 338 2856 398 IV.

3615 343 3719 402 174

207 473 512 547 desponsze
535 469 659 545 jam
691 467 867 529 illum
893 467 1126 528 satietas
1153 474 1381 542 ceperat
1403 473 1469 528 ut
1495 469 1707 528 faceret
1731 467 2144 543 divor—Aquaa
2202 468 2356 530 diem
2411 475 2680 531 octavum
2735 469 2864 529 Kal.
2927 467 3094 531 Mart.
3154 470 3458 532 antecessit
3516 472 3717 534 eodem

208 560 380 634 tium,
423 556 837 630 Moguntinum
873 555 1190 616 antistitem
1227 557 1300 615 ad
1347 555 1726 616 indicendum
1760 557 1830 615 de
1863 573 1929 617 ea

208 668 270 711 re
315 648 640 725 Moguntize
685 652 1039 708 conventum
1091 647 1422 722 impulerat.
1476 647 1679 724 Itaque
1720 665 1929 724 oppor-

210 745 352 801 tune
380 741 587 800 Petrus
613 754 749 799 cum
779 737 842 798 in
890 737 1263 798 Germaniam
1305 741 1679 814 pervenisset,
1730 739 1930 798 confe-

207 827 347 888 stim
375 825 813 901 Moguntinum,
858 823 1142 886 intentato
1188 825 1426 887 acrioris
1469 827 1931 888 animadversio-

208 917 304 977 nis
350 916 633 992 periculo,
690 915 762 976 ab
811 913 1080 976 habendo
1132 917 1378 976 concilio
1431 919 1739 979 revocavit.
1794 917 1932 978 Mox

210 1007 451 1070 accessit
479 1007 972 1082 Francofordiam,
1009 1007 1116 1069 ubi
1152 1015 1276 1070 tum
1311 1009 1601 1071 Henricus
1628 1026 1932 1086 procerum

210 1115 456 1159 suorum
509 1104 864 1160 conventum
912 1099 1152 1175 agebat;
1206 1099 1270 1159 in
1315 1106 1786 1176 conventumque
1830 1098 1933 1159 ad—

210 1191 451 1263 missus,
493 1187 786 1265 pontiﬁcis
835 1189 1140 1264 explicatis
1184 1190 1492 1262 mandatis,
1533 1196 1586 1249 et
1620 1189 1932 1266 principes,

210 1283 317 1361 qui
348 1283 683 1359 frequentes
711 1281 969 1355 aderant,
1021 1288 1076 1342 et
1105 1281 1432 1344 Henricum
1462 1283 1658 1359 ipsum
1685 1280 1937 1358 graviter

211 1371 538 1450 increpavit
581 1379 764 1450 quam
791 1371 890 1433 ille
921 1371 1224 1442 moliretur
1267 1390 1391 1434 rem
1435 1372 1769 1449 pessimam,
1803 1377 1859 1431 et
1901 1388 1937 1431 a

217 1463 462 1522 nomine
488 1460 816 1524 Christiano
846 1462 1063 1523 nedum
1106 1464 1266 1539 regio
1302 1463 1476 1539 plane
1505 1461 1760 1523 alienam
1791 1477 1932 1522 esse.

219 1552 284 1614 Si
339 1553 538 1613 minus
574 1557 887 1614 terreretur
921 1553 1200 1614 humanis
1254 1553 1543 1614 divinisve
1579 1553 1828 1629 legibus,
1881 1557 1940 1611 at

215 1644 430 1704 saltem
458 1645 630 1704 fama:
675 1661 798 1705 suae
836 1645 1126 1706 rationem
1158 1644 1728 1720 existimationisque
1759 1642 1939 1702 habe-

219 1739 328 1805 ret,
373 1748 483 1792 nec
515 1739 809 1808 pateretur
838 1739 955 1793 tam
996 1737 1140 1793 tetro
1181 1749 1408 1795 veneno
1461 1751 1495 1794 a
1539 1749 1674 1808 rege
1721 1736 1940 1807 tempe-

2009 577 2164 622 anno
2205 563 2278 622 ab
2324 568 2454 624 ortu
2500 561 2713 622 Christi
2772 561 2926 623 1080.
2971 563 3116 638 Ejus
3163 568 3346 624 morte
3374 564 3447 625 ab
3491 563 3565 626 iis
3613 566 3717 641 qui

2011 651 2375 724 excubabant
2424 653 2594 727 juxta
2647 653 3002 727 coenobium,
3053 670 3128 715 ne
3174 659 3439 716 sanctum
3477 654 3720 716 cadaver

2010 747 2199 819 posset
2226 759 2261 802 a
2293 742 2415 803 suis
2443 743 2764 816 monachis,
2796 743 2902 820 qui
2928 761 2958 804 e
2988 744 3332 820 propinquis
3374 745 3517 806 locis
3544 746 3718 806 adve-

2011 842 2236 907 nerant,
2304 834 2508 895 furtim
2559 835 2871 911 exportari,
2933 835 3218 911 nuntiata,
3271 842 3504 914 repente
3565 838 3722 898 cives

2013 940 2214 984 omnes
2256 925 2328 984 ad
2365 925 2492 998 ejus
2533 925 2851 999 parentalia
2884 932 3220 999 accurrunt,
3260 925 3542 1002 brevique
3571 933 3720 988 tem-

2012 1015 2180 1091 plum
2205 1021 2359 1076 tanta
2387 1015 2585 1091 populi
2617 1017 2991 1078 multitudine
3019 1018 3296 1078 refertum
3327 1023 3414 1079 est
3439 1025 3501 1079 ut
3532 1020 3722 1079 unda-

2015 1123 2148 1167 rum
2177 1123 2302 1166 sese
2333 1109 2503 1167 modo
2528 1108 2779 1167 invicem
2806 1106 3174 1183 impellerent
3201 1108 3488 1185 planeque
3518 1108 3724 1170 beatus

2013 1197 2113 1256 illo
2153 1197 2440 1258 diceretur
2478 1199 2572 1259 cui
2603 1199 2848 1260 dabatur
2885 1199 2994 1260 viri
3025 1200 3208 1259 sancti
3245 1199 3510 1261 loculum
3545 1201 3721 1260 attin-

2013 1305 2170 1364 gere,
2213 1305 2463 1350 munera
2509 1291 2600 1350 illi
2645 1290 2924 1366 praebere,
2973 1291 3146 1367 pedes
3198 1291 3470 1352 osculari.
3516 1291 3724 1368 Sepul-

2017 1397 2181 1442 crum
2214 1382 2434 1442 interea
2465 1399 2540 1442 ex
2571 1383 2982 1442 candidissimo
3021 1398 3329 1456 marmore,
3371 1397 3601 1443 summa
3637 1382 3725 1441 fa-

2018 1473 2252 1545 cilitate,
2284 1471 2425 1549 ipsis
2455 1471 2557 1547 qui
2592 1473 2956 1533 adducebant
2997 1472 3444 1546 admirantibus,
3494 1487 3568 1532 ex
3611 1472 3728 1532 alio

2018 1560 2155 1620 satis
2194 1561 2442 1621 distante
2477 1561 2741 1621 cmnobio
2778 1561 3086 1621 devehitur
3128 1567 3300 1637 atque
3344 1560 3406 1620 in
3447 1576 3515 1619 eo
3555 1576 3588 1619 e
3635 1575 3730 1619 re-

2018 1653 2192 1729 gione
2247 1653 2407 1712 chori
2451 1652 2624 1726 juxta
2686 1652 2904 1727 gradus
2973 1651 3188 1728 quibus
3258 1651 3588 1713 ascenditur
3655 1650 3729 1710 ad

2019 1759 2180 1802 aram
2238 1742 2440 1814 locato,
2502 1742 2776 1804 omnibus
2824 1743 3074 1818 hymnos
3119 1758 3186 1803 ac
3235 1741 3486 1818 psalmos
3534 1741 3730 1802 conci-

219 1827 346 1883 Γεῒο
372 1822 530 1882 inﬁCi
557 1821 956 1884 Christianum
997 1821 1299 1898 Ροριιῖιιωο
1335 1828 1390 1882 εἴ
1415 1823 1519 1898 (Illi
1562 1819 1794 1880 deberet
1835 1817 1994 1904 nl‘13
2020 1832 2311 1904 mentibus,
2361 1832 2667 1909 Deumque
2713 1817 3089 1893 laudantibus
3130 1817 3251 1893 viri
3295 1833 3478 1893 sancti
3522 1846 3734 1906 corpus

219 1911 365 1972 cisci
414 1911 652 1988 ﬂagitia
692 1913 766 1973 iis
825 1930 888 1974 se
941 1911 1214 1989 princeps
1282 1917 1478 1973 tantus
1535 1910 1933 1984 obstringeret.
2023 1922 2344 1998 reponitur,

219 2001 391 2074 Quod
417 2003 468 2064 si
494 2019 610 2064 non
654 2003 982 2064 ﬂecteretur
1033 2002 1311 2076 consiliis,
1359 2003 1598 2062 haberet
1639 2016 1742 2076 pro
1785 2002 1937 2058 certo

209 2097 559 2174 pontificem
612 2096 735 2158 vim
784 2094 1233 2156 ecclesiasticam
1274 2093 1700 2166 adhibiturum,
1751 2105 1940 2166 neque

221 2188 348 2248 fore
378 2193 441 2246 ut
478 2185 640 2247 illius
671 2203 937 2262 unquam
981 2187 1251 2247 manibus
1285 2191 1735 2246 consecraretur.
1777 2183 1942 2242 Hanc

220 2278 569 2345 orationem,
613 2278 895 2352 maxima,
946 2283 1009 2340 ut
1050 2277 1246 2355 inquit
1277 2277 1658 2347 Trithemius,
1689 2273 1941 2335 auctori-

225 2373 341 2427 tate
386 2384 452 2427 ac
493 2368 777 2443 sapientia
827 2369 1086 2428 habitam
1134 2376 1346 2429 secuta:
1377 2371 1519 2428 sunt
1548 2381 1753 2439 graves
1782 2363 1942 2439 prin-

226 2457 427 2532 cipum
473 2457 576 2534 qui
619 2459 859 2519 aderant
893 2476 1093 2520 voces:
1120 2477 1290 2537 aequa
1332 2460 1665 2520 Romanum
1706 2456 1947 2532 pontiﬁ-

228 2564 360 2608 cem
401 2548 644 2623 jubere;
695 2550 951 2609 nominis
998 2551 1144 2625 regii
1190 2551 1547 2627 majestatem
1597 2557 1713 2609 tam
1763 2547 1950 2623 turpis

227 2639 369 2698 facti
411 2639 538 2698 labe
575 2654 650 2697 ne
695 2639 1160 2714 commacularet,
1205 2657 1321 2700 neu
1366 2639 1698 2720 parentibus
1730 2637 1950 2712 reginm

229 2744 470 2790 causam
523 2727 862 2788 defectionis
918 2727 1217 2803 prmberet,
1280 2734 1334 2787 et
1378 2729 1596 2804 justam
1650 2725 1953 2788 turbandae

231 2819 576 2894 reipublicae
623 2821 1021 2895 occasionem;
1061 2820 1182 2896 qui,
1224 2820 1274 2880 si
1315 2820 1429 2879 viri
1457 2826 1647 2880 essent
1675 2819 1778 2894 qui
1817 2819 1951 2893 plu-

2097 2013 2383 2072 Caeterum
2425 2007 2703 2087 quoniam
2743 2007 3094 2085 amplissimi
3135 2009 3315 2086 hujus
3353 2010 3627 2074 antistitis
3671 2027 3738 2072 ac

2029 2101 2297 2161 monachi
2370 2116 2544 2176 supra
2617 2101 2890 2175 frequens
2960 2099 3158 2159 habita
3236 2101 3452 2162 mentio
3521 2119 3554 2160 a
3628 2117 3738 2161 no—

2027 2194 2118 2254 bis
2151 2199 2254 2265 est,
2295 2197 2352 2251 et
2387 2192 2448 2252 in
2492 2194 2650 2252 hunc
2699 2208 2921 2252 annum
2971 2191 3096 2266 ejus
3142 2189 3392 2250 incurrit
3446 2191 3740 2266 interitus,

2031 2297 2400 2358 nequaquam
2447 2282 2765 2355 ingratum,
2807 2288 2874 2342 ut
2917 2286 3076 2355 puto,
3118 2281 3294 2340 fuerit
3345 2295 3452 2340 nec
3501 2281 3744 2341 omnino

2032 2393 2066 2436 a
2111 2381 2306 2436 nostro
2351 2376 2614 2437 instituto
2659 2377 2921 2436 alienum
2967 2376 3039 2434 de
3084 2374 3186 2434 illo
3243 2373 3518 2448 quaedam
3569 2371 3744 2447 paulo

2033 2466 2364 2528 accuratius
2394 2465 2666 2526 scribere.
2697 2465 2830 2538 Hic,
2864 2470 2929 2526 ut
2957 2463 3258 2524 memoriae
3283 2462 3474 2536 prodit
3495 2462 3747 2522 Joannes

2035 2556 2377 2628 monachus,
2419 2554 2521 2628 qui
2575 2553 2700 2627 ejus
2749 2551 3064 2627 aliquando
3096 2566 3292 2611 comes
3328 2550 3440 2610 fuit
3475 2555 3532 2608 et
3567 2549 3747 2612 vitam

2039 2644 2360 2718 descripsit,
2421 2643 2721 2704 Ravennae
2777 2643 3021 2721 obscuro
3074 2645 3306 2716 prapter
3356 2644 3751 2716 paupertatem

2040 2737 2186 2808 loco,
2222 2736 2322 2795 sed
2359 2734 2616 2808 ingenuo
2656 2738 2874 2805 natus;
2906 2739 3044 2794 sunt
3079 2737 3272 2793 tamen
3305 2731 3410 2808 qui
3443 2745 3518 2791 ex
3567 2728 3754 2792 nobili

2040 2825 2435 2886 Honestorum
2462 2823 2684 2882 familia
2710 2829 2906 2884 ortum
2935 2828 3177 2898 putant;
3206 2836 3412 2884 verum
3443 2821 3752 2893 falluntur,

232 2912 456 2972 rimum
485 2918 738 2987 possent,
764 2918 821 2973 et
849 2911 1036 2972 milite
1057 2919 1114 2972 et
1135 2913 1316 2972 armis
1341 2918 1459 2972 tam
1486 2913 1779 2987 insignem
1814 2911 1954 2970 filim
2041 2931 2180 2976 cum
2223 2915 2283 2975 id
2317 2915 2483 2974 Petro
2520 2913 2802 2988 peccatori
2841 2913 3186 2984 conveniat;
3223 2912 3530 2988 diligenter
3562 2910 3755 2971 omni-

233 3002 650 3062 contumeliam
696 3002 970 3076 prmclaro
1017 3002 1214 3077 aliquo
1252 3001 1505 3062 facinore
1535 3001 1715 3060 dubio
1753 2998 1956 3077 procul
2043 3006 2156 3067 bus
2186 3004 2482 3066 charitatis
2518 3003 2723 3065 ofﬁciis
2762 3020 2798 3063 a
2829 3002 3114 3064 Damiano
3152 3003 3329 3063 fratre
3362 3007 3505 3062 natu
3540 3001 3758 3076 majore

235 3090 554 3165 expiaturi,
594 3095 652 3149 et
681 3090 962 3150 acerrime
1000 3107 1103 3166 pro
1134 3090 1342 3166 Opibus
1389 3089 1746 3150 vindicaturi
1797 3089 1955 3150 vide-
2045 3098 2128 3158 sic
2174 3096 2430 3158 nutritus
2461 3109 2528 3154 ac
2563 3093 2734 3155 bonis
2760 3094 2967 3153 litteris
3004 3093 3272 3154 imbutus
3313 3097 3419 3165 est,
3470 3096 3538 3151 ut
3576 3090 3649 3151 ab
3691 3105 3762 3150 eo

238 3187 464 3241 rentur.
497 3180 606 3240 His
633 3182 848 3241 fractus
882 3180 1210 3241 rationibus
1254 3181 1445 3255 potius
1486 3196 1668 3253 quam
1698 3179 2020 3277 inﬂexﬂusc
2045 3186 2158 3247 sibi
2198 3190 2652 3260 cognomentum
2688 3183 3018 3258 ascripserit
3058 3181 3376 3259 vocarique
3409 3179 3660 3242 voluerit
3704 3188 3762 3239 et

240 3272 554 3345 Henricus,
591 3288 652 3332 se
681 3273 744 3331 in
792 3272 1085 3347 pontiﬁcis
1118 3270 1456 3330 auctoritate
1500 3270 1768 3330 futurum
1811 3268 2218 3337 amr-“scribi
2260 3275 2466 3335 Petrus
2509 3273 2802 3346 Damiani,
2843 3273 3003 3350 quod
3049 3272 3359 3348 contigisse
3402 3271 3467 3330 in
3511 3269 3763 3331 Eusebio

241 3362 447 3434 mavit,
491 3368 665 3437 atque
700 3363 858 3422 hunc
900 3361 1109 3421 habuit
1150 3359 1378 3420 exitum
1434 3359 1774 3420 Germanica
1810 3357 1963 3418 Petri

247 3452 527 3512 Damiani
552 3451 781 3524 legatio.

317 3542 405 3602 Eo
432 3557 572 3602 vero
601 3556 757 3600 anno
785 3538 972 3612 (1080)
1004 3540 1109 3616 qui
1136 3540 1438 3602 insecutus
1459 3545 1566 3614 est,
1587 3554 1727 3600 cum
1758 3538 1967 3612 Grego-

249 3633 376 3694 rius
428 3630 536 3692 VII
581 3648 727 3707 papa
771 3631 1112 3692 Wibertum
1157 3632 1655 3707 archiepiscopum
1687 3629 1968 3690 Ravenna

249 3725 577 3800 profectum
599 3723 873 3795 audisset,
905 3723 1142 3783 Petrum
1169 3721 1459 3795 Damiani,
1489 3722 1621 3782 licet
1648 3725 1812 3781 redite
1836 3735 1970 3778 con-

252 3815 494 3886 factum,
536 3814 874 3874 Ravennam
909 3813 1165 3884 legatum
1203 3811 1380 3872 misit.
1414 3812 1709 3873 Profectus
1735 3817 1820 3870 est
1845 3827 1968 3870 ma-

252 3920 372 3978 gna
399 3902 699 3963 voluntate
723 3901 948 3974 Petrus,
975 3906 1100 3962 tum
1123 3901 1325 3976 patrias
1344 3901 1620 3960 charitate
1651 3900 1967 3975 impulsus,

255 3998 390 4054 tum
416 3991 716 4066 religionis
745 3990 960 4064 studio,
989 3989 1112 4066 quo
1134 4006 1360 4066 semper
1386 3991 1724 4064 ﬂagraverat
1753 3990 1970 4050 mirum

255 4083 322 4144 in
355 4082 599 4142 modum
628 4082 928 4143 incensus.
961 4082 1346 4143 Accedentem
1375 4082 1530 4140 cives
1558 4079 1892 4140 humaniter
1917 4086 1973 4139 et

257 4189 498 4233 summa
520 4171 790 4234 comitate
817 4178 1170 4248 exceperunt
1193 4171 1588 4246 omnibusque
1613 4169 1816 4230 ofﬁciis
1844 4171 1974 4230 cul-

248 4271 390 4324 tum
430 4262 683 4338 benigne
717 4263 1030 4328 audierunt
1071 4264 1142 4322 de
1177 4260 1434 4322 Wiberti
1462 4261 1756 4335 impietate
1791 4261 1974 4320 disse-

260 4362 509 4427 rentem,
539 4355 648 4428 qui
686 4369 955 4429 perverso
983 4353 1224 4428 judicio,
1269 4352 1646 4426 neglectaque
1675 4351 1971 4424 religione,

263 4444 509 4505 Henrici
568 4451 758 4518 partes
827 4449 1062 4510 secutus
1122 4443 1437 4502 videretur.
1496 4441 1702 4514 Itaque
1758 4439 1977 4500 hortari

2047 3364 2388 3428 tlaasariensi
2433 3363 2704 3438 legimus,
2751 3363 2854 3438 qui
2905 3381 2939 3423 a
2985 3363 3291 3439 Pamphilo
3344 3360 3530 3421 amico
3585 3359 3762 3420 Euse-

2047 3458 2181 3517 bius
2236 3453 2530 3528 Pamphili
2573 3460 2630 3513 et
2680 3453 2872 3513 vocari
2929 3459 2986 3512 et
3042 3468 3170 3511 esse
3219 3457 3500 3526 perpetuo
3554 3448 3762 3519 voluit,

2047 3561 2386 3623 quanquam
2442 3544 2502 3604 id
2555 3543 2850 3602 observari
2904 3542 2968 3600 in
3019 3540 3186 3602 Petro
3243 3539 3511 3599 Damiani
3580 3543 3770 3614 potest

2049 3638 2201 3713 quod
2249 3636 2372 3711 ipse
2421 3651 2483 3694 se
2524 3639 2749 3695 tantum
2798 3634 3037 3694 Petrum
3085 3632 3354 3708 appellat,
3399 3628 3613 3705 reliqui
3654 3629 3770 3690 Da-

2050 3725 2234 3786 miani
2309 3724 2656 3799 adjungunt.
2712 3724 3044 3798 Antequam
3122 3720 3420 3780 cucullum
3492 3726 3770 3789 sumeret,

2051 3817 2232 3876 bonas
2274 3821 2426 3874 artes
2475 3813 2759 3888 plurimos
2802 3810 3034 3887 publice
3087 3810 3290 3871 docuit
3337 3808 3508 3886 stylo,
3558 3813 3625 3868 ut
3665 3807 3772 3866 illa

2055 3907 2312 3968 ferebant
2363 3903 2653 3964 barbarici
2707 3901 3052 3978 plenissima
3113 3905 3389 3974 tempora,
3460 3897 3599 3957 satis
3655 3899 3773 3956 eteo

2053 3994 2430 4072 ganti:quod
2487 3999 2542 4052 et
2585 4008 2661 4053 ex
2697 3992 2865 4053 illius
2903 3989 3183 4065 epistolis,
3244 4003 3391 4064 quas
3436 3986 3510 4046 ad
3560 3986 3779 4045 multos

2055 4085 2233 4158 misit,
2264 4094 2319 4144 et
2360 4100 2438 4143 ex
2478 4082 2644 4143 libris
2691 4097 2840 4158 quos
2885 4079 3134 4155 scripsit,
3186 4084 3242 4137 et
3284 4093 3360 4137 ex
3401 4076 3476 4136 iis
3517 4091 3666 4151 quas
3704 4075 3779 4134 ad

2054 4177 2335 4251 populum
2388 4174 2591 4234 habuit
2644 4171 3044 4243 concionibus,
3100 4183 3442 4244 cognoscere
3493 4165 3776 4226 difﬁcilli-

2057 4281 2219 4324 mum
2268 4280 2386 4324 non
2442 4267 2546 4322 est.
2611 4261 2701 4321 Ab
2759 4263 2998 4321 ineunte
3050 4265 3217 4318 aetate
3263 4256 3470 4332 agitari
3516 4255 3780 4316 adversis

2057 4353 2246 4426 coepit.
2296 4353 2444 4412 Cum
2493 4351 2651 4410 enim
2690 4357 2873 4410 mater
2913 4355 3041 4425 post
3091 4347 3376 4423 plurimos
3420 4347 3575 4406 filios
3621 4345 3779 4405 hunc

2058 4443 2352 4519 genuisset
2401 4448 2782 4518 postremum,
2830 4441 3201 4516 quadamque
3245 4438 3341 4497 die
3386 4445 3529 4496 natu
3570 4436 3780 4509 major,

259 4551 363 4596 eos
416 4549 786 4608 magnopere,
847 4542 914 4595 ut
952 4533 1045 4608 pie
1100 4532 1243 4592 inita
1286 4530 1637 4592 sanctissimi
1686 4529 2222 4610 pontiﬁcisnpatre
2251 4535 2576 4604 demortuo,
2610 4532 2858 4590 fratrum
2894 4528 3334 4590 multitudinem
3373 4533 3429 4586 et
3471 4523 3780 4585 haeredita-

259 4625 513 4686 consilia
550 4625 931 4699 susciperent,
971 4631 1026 4686 et
1056 4623 1232 4698 justas
1268 4638 1461 4684 causae
1501 4622 1696 4684 favere
1737 4620 1974 4693 vellent,

260 4717 625 4792 salutarique
667 4716 894 4776 decreto
929 4715 1002 4776 ab
1040 4710 1294 4777 Wiberti
1339 4711 1646 4788 disciplina
1694 4713 1816 4786 pios
1859 4714 1978 4772 for-

262 4815 468 4884 tesque
508 4805 738 4866 animos
769 4809 1094 4868 avocarent.
1137 4805 1248 4865 His
1293 4802 1484 4876 dictis,
1521 4819 1657 4863 cum
1708 4819 1977 4878 magnam

262 4898 535 4957 omnium
577 4897 994 4960 demissionem
1023 4897 1373 4968 intueretur,
1407 4895 1689 4970 populum
1719 4893 1980 4954 damnati

262 4986 685 5062 archiepiscopi
711 4987 1054 5063 contagione
1077 4992 1412 5061 corruptum
1434 4985 1496 5046 in
1515 4983 1760 5059 gratiam
1781 4982 1978 5043 Eccle-

261 5077 364 5224 ἓξ)
395 5077 635 5153 recepit,
662 5092 729 5137 ac
751 5083 1040 5138 contracto
1062 5077 1290 5152 piaculo
1316 5073 1654 5138 auctoritate
1685 5071 1981 5148 pontificia

287 5166 297 5176 ’
345 5165 555 5224 eravit.

287 5165 555 5224 iberavit.

333 5253 625 5315 Ravenna
654 5251 884 5315 tandem
909 5251 1210 5316 discedens
1237 5251 1309 5314 ad
1336 5251 1667 5328 pontiﬁcem
1694 5249 1980 5324 aditurus,

269 5359 342 5406 ne
373 5349 482 5408 iter
525 5352 680 5406 esset
715 5347 960 5409 omnino
984 5347 1182 5422 inane,
1219 5348 1530 5408 monachos
1569 5345 1790 5418 invisit,
1838 5360 1985 5420 quos

271 5439 575 5499 Faventize
626 5439 1000 5500 constituerat
1048 5446 1216 5500 extra
1267 5439 1436 5499 urbis
1483 5441 1711 5511 portam
1755 5437 1818 5494 in
1863 5436 1985 5494 aede

272 5530 429 5590 diva:
487 5528 715 5606 Mariae,
762 5545 939 5606 quam
995 5547 1159 5592 nunc
1218 5531 1370 5589 intra
1424 5527 1628 5588 urbem
1678 5526 1985 5586 adductam

272 5624 696 5700 conspicimus.
747 5625 834 5686 Ibi
870 5625 1030 5686 febre
1072 5627 1387 5697 correptus,
1437 5627 1638 5681 octavo
1683 5624 1986 5692 postquam

277 5721 566 5791 mgrotare
591 5720 842 5792 cmperat
869 5715 965 5776 die
993 5729 1068 5776 ex
1096 5714 1205 5776 hac
1237 5712 1357 5776 vita
1392 5708 1666 5786 migravit
1701 5723 1767 5771 ea
1799 5713 1984 5784 nocte,

1995 4585 2046 4648 D

2071 4631 2182 4684 tem
2222 4638 2458 4697 parvam
2494 4625 2971 4697 conquereretur,
3007 4618 3151 4678 adeo
3182 4623 3385 4687 mater,
3416 4629 3593 4690 quam
3628 4613 3780 4691 jam-

2064 4714 2166 4774 diu
2197 4712 2463 4788 egestatis
2495 4710 2658 4771 dolor
2693 4708 3002 4781 cruciabat,
3043 4712 3127 4767 est
3161 4705 3461 4780 indignata
3489 4719 3556 4763 ac
3581 4699 3794 4762 dolore

2064 4804 2280 4879 percita
2312 4810 2379 4863 ut
2423 4819 2487 4861 se
2523 4800 2800 4860 miseram
2836 4797 3170 4859 exclamans
3211 4803 3385 4872 atque
3417 4792 3670 4868 amplius
3715 4799 3781 4851 ut

2066 4895 2288 4955 viveret
2323 4892 2648 4966 indignam,
2698 4889 2864 4949 Petro
2902 4889 3006 4948 vix
3036 4889 3177 4948 dum
3206 4891 3340 4944 nato
3366 4883 3453 4942 lac
3476 4879 3776 4955 negaverit

2067 4994 2124 5047 et
2162 4986 2314 5046 nihil
2360 4983 2594 5044 assiduo
2626 4980 2868 5042 infantis
2908 4979 3135 5054 ploratu
3178 4979 3464 5036 commota
3508 4977 3779 5047 expetere

2067 5075 2196 5151 ejus
2234 5088 2435 5134 necem
2480 5069 2793 5140 videretur,
2831 5084 2964 5143 quas
3005 5067 3177 5142 plane
3227 5068 3350 5122 erat
3395 5067 3779 5122 consecutura

2069 5178 2441 5241 nequaquam
2491 5177 2636 5231 sero,
2693 5158 2806 5217 nisi
2864 5158 3036 5230 fame,
3088 5153 3269 5214 simul
3318 5158 3376 5211 et
3425 5153 3487 5212 vi
3546 5151 3779 5227 frigoris

2069 5254 2487 5329 nigrescentem
2542 5257 2598 5309 et
2653 5265 2791 5310 voce
2860 5249 2976 5306 fere
3043 5245 3410 5315 destitutum,
3467 5242 3778 5302 sacerdotis

2071 5342 2380 5417 cujusdam
2426 5339 2619 5414 pellex
2657 5336 2975 5396 adveniens
3008 5335 3274 5411 juvisset.
3315 5333 3454 5392 Hzec
3483 5331 3774 5408 siquidem

2071 5431 2470 5494 crudelitatem
2531 5427 2732 5488 matris
2785 5426 2992 5488 acriter
3053 5441 3325 5501 arguens,
3378 5430 3435 5483 et
3491 5422 3776 5498 lacrymas

2073 5523 2316 5584 infantis
2410 5519 2916 5593 calamitatemque
3012 5517 3338 5593 deplorans,
3413 5512 3777 5574 immanitate

2075 5629 2308 5676 umma
2353 5611 2654 5674 efferatum
2694 5609 2962 5671 animum
3003 5608 3184 5680 leniit,
3226 5612 3283 5666 et
3314 5605 3528 5667 sociam
3563 5619 3623 5661 se
3651 5617 3778 5659 mae

2082 5706 2155 5770 tri
2204 5706 2458 5784 jungens
2511 5702 2752 5772 calentis
2801 5717 2975 5780 aqum
3033 5696 3312 5768 beneficio
3378 5695 3626 5768 aliisque
3680 5705 3776 5750 res
