4078 6202
348 314 449 373 175

1253 303 1310 362 S.
1357 299 1646 360 PETRUS
1686 295 2079 356 DAMIANUS
2119 295 2180 355 S.
2221 295 2291 355 Β.
2336 295 2400 354 Ε.
2445 295 2923 354 CARDINALIS.
2991 344 2993 346 .

3747 298 3850 356 176

343 438 553 499 mediis
611 433 960 494 semivivum
1027 430 1309 487 infantem
1369 424 1658 484 revocavit
1718 423 1787 480 ad
1854 419 2388 486 vitam.Aminime
2442 419 2722 478 tributum
2768 418 3041 476 accidisse
3091 417 3453 488 existimans,
3501 427 3853 480 commutato

416 526 586 585 Haud
618 525 696 584 ita
729 525 831 582 diu
875 527 1000 595 post
1032 525 1212 578 mater
1250 517 1402 576 diem
1442 533 1616 575 suum
1653 514 1815 584 obiit,
1852 521 1905 572 et
1938 513 2054 571 fra-

343 625 430 676 ter
486 622 626 673 natu
686 614 868 687 major
908 611 1079 668 duxit
1138 623 1403 668 uxorem.
1460 607 1536 664 Ili
1587 607 1858 680 conjuges
1921 620 2054 663 cum

344 721 541 779 gerere
569 705 734 779 pueri
767 717 964 760 curam
989 700 1136 758 velle
1164 699 1524 767 simularent,
1563 704 1674 754 tam
1708 696 1855 753 dura
1882 695 2053 753 illum

346 796 581 869 acrique
621 793 950 867 premebant
988 791 1284 858 servitute,
1330 794 1395 845 ut
1447 787 1496 844 is
1543 801 1660 844 non
1701 785 1868 843 modo
1907 800 2054 858 pane

347 884 629 958 cibisque,
669 899 735 940 ac
767 881 904 938 vino
944 879 1166 937 vitiosis
1209 886 1263 936 et
1307 877 1590 948 corruptis
1631 875 1898 943 aleretur,
1955 875 2055 934 sed

343 979 620 1046 perpetuo
684 967 918 1027 nudatis
981 967 1226 1042 pedibus
1283 981 1579 1040 pannosus
1637 965 1942 1036 incederet,
1999 971 2054 1022 et

341 1060 545 1119 multis
595 1057 936 1117 verberibus
974 1057 1290 1130 vapularet,
1331 1056 1620 1130 pauloque
1656 1053 1927 1128 grandior
1963 1054 2052 1112 fa-

342 1158 468 1208 ctus
496 1148 721 1207 alendis
746 1147 948 1206 suibus
970 1147 1380 1220 praeficeretur.
1407 1145 1474 1202 In
1507 1160 1621 1218 quo
1643 1143 1744 1201 vili
1770 1142 2052 1202 famulatu

344 1257 478 1300 cum
512 1239 605 1296 die
633 1238 884 1312 quadam
922 1244 1261 1310 argenteum
1300 1251 1609 1294 nummum
1642 1234 1962 1308 reperisset,
1999 1242 2053 1294 et

340 1329 585 1404 perinde
623 1343 686 1384 ac
718 1327 881 1384 dives
921 1333 1151 1400 repente
1188 1326 1369 1383 factus
1406 1324 1874 1398 gratulabundus
1909 1325 2050 1399 quid

344 1433 411 1475 eo
459 1421 648 1489 posset
701 1413 893 1488 aptius
946 1413 1190 1472 mercari
1238 1413 1398 1472 dulci
1449 1413 1704 1486 appetitu
1762 1413 2049 1488 puerilem

343 1508 608 1565 animum
683 1507 955 1563 suavium
1031 1520 1223 1564 rerum
1290 1504 1553 1563 omnium
1604 1512 1897 1579 expertem
1951 1520 2052 1578 per

341 1595 542 1652 mollia
600 1593 879 1663 trahente,
935 1593 1159 1652 diutius
1205 1594 1498 1668 cogitaret,
1547 1593 1777 1652 tandem
1823 1593 2050 1652 cmlitus

341 1684 586 1755 afflatus,
635 1682 775 1756 quid
821 1683 965 1750 llth,
1011 1681 1220 1756 inquit,
1274 1689 1464 1740 mente
1509 1681 1789 1741 revolvo?
1839 1685 2046 1743 horum

2140 529 2303 586 pane,
2339 512 2526 586 primo
2568 511 2693 585 ejus
2729 509 2860 568 bolo
2907 508 3240 579 convaluit;
3297 509 3698 583 quamobrem,
3747 529 3854 570 su—

2138 619 2239 677 pra
2267 617 2440 676 quam
2477 600 2590 658 dici
2623 606 2804 673 potest
2842 599 3034 669 laatus,
3074 597 3301 673 aperuit
3337 597 3560 657 cunctis
3606 599 3857 660 miracu-

2137 694 2283 752 lum.

2210 783 2316 842 His
2358 790 2529 856 atque
2561 780 2691 840 aliis
2726 780 2798 839 ad
2846 778 2949 839 Dei
2991 777 3340 838 famulatum
3391 779 3454 836 in
3496 778 3619 837 dies
3665 780 3852 854 magis

2138 889 2426 937 accensus,
2480 887 2613 931 cum
2648 871 2893 930 omnino
2928 869 3000 928 ab
3036 868 3130 927 his
3162 869 3393 928 caducis
3427 869 3602 928 rebus
3637 871 3850 930 abduci

2139 962 2574 1034 monachusque
2613 959 2739 1018 fieri
2777 957 3144 1030 decrevisset,
3185 957 3244 1016 id
3293 963 3485 1016 tamen
3536 958 3597 1015 in
3647 960 3851 1033 patriis

2136 1054 2355 1112 ﬁnibus
2379 1053 2452 1111 ob
2481 1052 2684 1110 affines
2709 1051 3044 1125 aliquotque
3073 1049 3188 1108 alia
3210 1049 3622 1124 impedimenta
3650 1050 3850 1109 minus

2139 1151 2325 1203 tutum
2349 1145 2742 1214 arbitraretur,
2765 1145 2888 1201 hzec
2912 1142 3259 1216 cogitantem
3281 1142 3645 1218 assiduisque
3667 1144 3849 1216 preci-

2135 1233 2248 1291 bus
2279 1233 2718 1291 contendentem
2745 1249 2777 1290 a
2803 1233 2939 1304 Deo,
2973 1239 3039 1290 ut
3062 1231 3135 1289 ad
3162 1230 3409 1289 salutem
3432 1231 3844 1304 sempiternam

2135 1322 2358 1382 aditum
2410 1329 2634 1395 pararet
2675 1339 2708 1380 a
2759 1320 3074 1380 solitudine
3129 1327 3340 1380 sanctae
3394 1320 3592 1380 Crucis
3647 1321 3847 1381 Fontis

2135 1415 2632 1489 Avellanze,.quze
2685 1419 2771 1472 est
2813 1413 2876 1471 in
2919 1411 3233 1485 Eugubina
3283 1412 3534 1483 dicecesi,
3573 1413 3847 1471 monachi

2135 1504 2270 1573 duo,
2314 1503 2383 1561 de
2414 1503 2629 1577 quibus
2652 1504 2773 1578 jam
2807 1502 2990 1560 multa
3026 1502 3300 1577 praeclara
3330 1508 3643 1576 acceperat,
3683 1502 3844 1560 divi-

2133 1596 2294 1654 nitus
2320 1594 2578 1670 impulsi,
2611 1594 2984 1652 conveniunt.
3017 1593 3124 1653 His
3164 1594 3388 1663 Petrus,
3427 1598 3733 1668 postquam
3772 1594 3845 1652 de

2135 1683 2253 1742 Deo
2293 1684 2477 1742 multa
2515 1684 2746 1742 locutus
2782 1699 2912 1742 cum
2962 1682 3080 1742 illis
3119 1682 3252 1754 fuit,
3291 1683 3473 1758 aperit
3520 1681 3704 1739 animi
3750 1682 3840 1740 sui

339 1781 488 1833 certe
515 1775 778 1847 voluptas
809 1789 1178 1847 nequaquam
1210 1773 1385 1830 fuerit
1415 1773 1713 1832 diuturna.
1749 1771 2046 1832 Przestabit
2070 1787 2391 1851 Bsensum,
2434 1772 2690 1848 petitque
2730 1788 2879 1831 num
2916 1772 2989 1830 ab
3022 1787 3222 1831 eorum
3268 1771 3490 1840 abbate,
3534 1772 3584 1829 si
3634 1786 3840 1829 mona-

340 1866 562 1924 tradere
607 1866 714 1923 hoc
761 1865 1060 1934 sacerdoti,
1101 1864 1204 1938 qui
1249 1879 1408 1922 sacra
1459 1863 1575 1921 Deo
1624 1864 1810 1922 faciat.
1859 1864 2052 1926 Rediit
2133 1862 2275 1920 chus
2322 1860 2495 1918 vellet
2547 1861 2691 1931 fieri,
2748 1860 3135 1934 reciperetur?
3196 1859 3344 1934 Ipsis
3394 1858 3836 1930 afﬁrmantibus,

335 1955 485 2013 alius
513 1955 731 2013 interea
763 1956 890 2028 ejus
925 1954 1116 2023 frater,
1154 1953 1250 2011 cui
1292 1959 1413 2012 erat
1445 1968 1657 2011 nomen
1708 1955 2046 2029 Damianus,

333 2047 732 2120 Ravennaque
799 2043 1023 2117 aliquot
1093 2058 1277 2101 annos
1351 2041 1636 2101 abfuerat.
1713 2043 1770 2101 Is
1858 2045 2050 2105 fratris

330 2149 624 2193 aerumnas
654 2132 984 2200 miseratus,
1017 2146 1151 2188 eum
1183 2129 1241 2186 in
1274 2128 1444 2187 ﬁdem
1469 2138 1525 2187 et
1546 2130 1874 2188 clientelam
1906 2133 2048 2190 acci-

329 2226 494 2299 piens
532 2229 792 2281 amanter
823 2237 888 2278 ac
921 2227 1158 2294 paterne
1187 2220 1350 2290 fovit,
1392 2219 1712 2294 litterisque
1748 2220 2045 2282 instruen-

330 2314 473 2371 dum
503 2312 748 2370 curavit.
785 2311 947 2380 Quod
977 2325 1113 2368 cum
1151 2308 1450 2367 Ravennae
1487 2308 1835 2382 aliquandiu
1874 2311 2042 2368 fecis-

329 2409 435 2472 set,
483 2401 700 2474 optima
737 2399 965 2472 cognita
999 2398 1166 2472 pueri
1212 2398 1424 2466 indole,
1476 2398 1812 2458 Faventiam
1857 2399 2042 2472 primo

323 2491 503 2560 misit,
537 2505 676 2546 mox
701 2488 990 2557 Parmam,
1015 2494 1079 2544 ut
1101 2486 1294 2544 doctos
1317 2485 1399 2543 ibi
1426 2487 1580 2545 viros
1601 2488 1848 2547 audiret.
1874 2488 2039 2558 Quod

325 2579 530 2637 Petrus
561 2576 685 2636 suis
709 2575 917 2633 litteris
951 2581 1208 2633 testatur.

396 2663 570 2724 Brevi
608 2670 805 2722 autem
848 2662 1118 2720 liberales
1171 2667 1321 2719 artes
1364 2677 1569 2720 omnes
1611 2661 1867 2734 edoctus,
1907 2667 2036 2720 tan-

323 2765 449 2817 tum
488 2754 749 2814 nominis
786 2769 853 2811 ac
893 2754 1064 2812 fama;
1102 2754 1255 2827 apud
1293 2769 1494 2811 omnes
1530 2755 1773 2827 adeptus
1821 2761 1907 2812 est
1949 2760 2034 2824 ut,

319 2861 554 2905 summa
615 2843 866 2902 utilitate
922 2849 1097 2916 atque
1153 2841 1486 2901 auditorum
1544 2843 1872 2916 frequentia
1940 2859 2035 2900 eas

318 2933 542 2991 ueteris
588 2929 796 2988 deinde
841 2929 1162 3002 explicans,
1210 2929 1377 2987 facile
1430 2929 1655 3002 primus
1704 2936 1817 2988 tota
1869 2929 2035 2988 Italia

315 3023 642 3080 haberetur.
681 3020 946 3091 Cumque
984 3018 1046 3075 in
1084 3019 1208 3077 dies
1240 3018 1554 3089 favoribus,
1586 3018 1770 3093 gratia
1809 3018 2030 3092 princi-

315 3126 479 3184 pum,
536 3108 756 3168 divitiis
801 3114 859 3166 et
903 3108 1240 3167 auctoritate
1290 3113 1586 3180 cresceret,
1628 3109 1884 3182 seipsum
1938 3109 2027 3168 in-

313 3215 576 3272 crepans,
610 3197 899 3269 nunquid,
931 3197 1174 3268 diccbat,
1216 3198 1309 3256 his
1343 3204 1618 3271 perpetuo
1662 3197 1916 3268 caducis,
1949 3205 2029 3256 at-

2131 1952 2298 2011 lzetus
2334 1952 2574 2025 spondet
2617 1968 2678 2009 se
2727 1951 2870 2009 illuc
2901 1966 3077 2024 quam
3117 1950 3374 2025 primum
3410 1950 3833 2022 profecturum.

2131 2042 2315 2099 Donat
2350 2041 2568 2100 interea
2609 2041 2896 2115 scyphum
2933 2047 3268 2114 argenteum
3307 2039 3680 2098 abeuntibus.
3726 2039 3836 2097 Ve-

2129 2145 2259 2187 rum
2293 2145 2430 2187 cum
2462 2129 2743 2186 instanter
2771 2128 2941 2199 illud,
2972 2127 3137 2186 nullo
3163 2127 3432 2202 precibus
3460 2126 3585 2186 loco
3614 2126 3834 2198 relicto,

2126 2218 2457 2276 renuissent
2489 2224 2663 2290 atque
2688 2217 2763 2275 ob
2794 2217 2850 2274 id
2882 2222 3215 2291 conceptam
3247 2216 3308 2274 in
3336 2215 3534 2276 animo
3561 2216 3714 2275 Petri
3743 2233 3838 2275 re-

2124 2305 2400 2379 ligionem
2441 2310 2496 2362 et
2536 2305 2868 2378 opinionem
2901 2321 3102 2364 eorum
3129 2304 3446 2364 sanctitatis
3480 2305 3666 2379 magis
3695 2321 3834 2364 con-

2124 2396 2468 2470 firmassent,
2501 2395 2764 2452 fecerunt
2794 2396 2879 2454 uti
2910 2397 3097 2470 majus
3125 2395 3319 2455 adhuc
3345 2395 3694 2455 cad'ucarum
3723 2398 3833 2455 ha-

2122 2499 2251 2542 rum
2275 2499 2470 2542 rerum
2492 2484 2791 2543 fastidium
2813 2485 3358 2556 Petrusincurrerit,
3385 2501 3488 2545 nec
3506 2486 3828 2560 quidquam

2119 2573 2278 2633 aliud
2310 2573 2425 2632 nisi
2459 2575 2713 2632 cmlestia
2740 2575 3030 2649 cogitaret.

2193 2662 2322 2721 Post
2369 2664 2788 2722 monachorum
2848 2664 3188 2735 discessum,
3246 2670 3312 2722 ut
3370 2679 3482 2723 usu
3540 2665 3830 2723 tractando

2117 2759 2480 2824 cognosceret
2531 2761 2730 2811 utrum
2771 2753 2896 2826 ejus
2941 2761 3090 2810 esset
3134 2752 3388 2810 laborem
3433 2753 3828 2826 asperitatem-

2115 2855 2230 2912 que
2267 2841 2402 2899 vitte
2443 2841 2688 2912 laturus,
2742 2840 2984 2914 conjecit
3027 2855 3087 2899 se
3122 2840 3184 2898 in
3227 2840 3501 2899 cellulam
3547 2841 3683 2900 satis
3734 2858 3824 2900 ar-

2113 2935 2285 3000 ctam,
2325 2930 2427 2988 ubi
2481 2945 2581 3004 per
2637 2929 3018 3003 quadraginta
3063 2928 3187 2988 dies
3229 2929 3408 2987 vitam
3446 2929 3617 3003 juxta
3672 2929 3827 3002 leges

2113 3017 2485 3076 eremitarum
2523 3025 2739 3076 sanctae
2771 3017 2973 3076 Crucis
3011 3017 3289 3076 traduxit.
3329 3018 3452 3086 Quo
3489 3034 3702 3092 genere
3742 3018 3830 3075 vi-

2111 3105 2285 3164 vendi
2323 3106 2647 3180 plurimum
2686 3106 3003 3175 roboratus,
3041 3105 3195 3163 nihil
3217 3107 3336 3178 jam
3375 3105 3740 3165 difﬁcultates
3771 3111 3829 3164 et

2114 3197 2325 3255 durum
2373 3196 2508 3255 vitae
2568 3196 2730 3255 illius
2787 3195 3027 3254 modum
3082 3195 3313 3267 timens,
3375 3195 3497 3254 suis
3552 3195 3828 3254 omnibus

309 3306 422 3365 que
451 3286 772 3346 interituris
811 3286 980 3344 bonis
1017 3285 1403 3344 inhaeserim?
1440 3302 1514 3344 an
1554 3303 1671 3347 non
1702 3287 1894 3361 potius
1933 3287 2027 3346 his
2112 3285 2331 3357 insciis,
2371 3286 2521 3344 clam
2552 3285 2622 3343 ad
2649 3301 2778 3344 eam
2806 3285 3021 3344 montis
3050 3283 3258 3342 Catriaa
3295 3283 3668 3342 solitudinem
3701 3299 3826 3358 pro-

307 3375 660 3446 valedicens,
706 3373 960 3432 cmlestia
997 3374 1332 3432 consecter?
1381 3374 1522 3445 Quae
1567 3391 1700 3434 cum
1745 3380 2027 3449 repeteret
2112 3377 2294 3435 fectus
2326 3382 2430 3436 est.
2478 3376 2709 3450 Excipit
2747 3391 2883 3435 eum
2931 3376 3179 3435 libenter
3219 3373 3418 3442 abbas,
3478 3375 3827 3448 cuculloque

310 3464 547 3538 szepius,
610 3463 841 3520 tandem
897 3462 1178 3536 paulatim
1219 3462 1388 3536 ccepit
1441 3463 1660 3523 divinis
1709 3464 1919 3523 studiis
1970 3471 2026 3523 et
2111 3465 2384 3524 indutum
2421 3465 2530 3525 uni
2570 3480 2644 3522 ex
2691 3464 2994 3523 monachis
3040 3464 3103 3522 in
3144 3460 3512 3536 disciplinam
3565 3462 3826 3522 tironum

307 3550 602 3625 obsequiis
647 3565 862 3608 navare
899 3565 1152 3624 operam.
1195 3551 1396 3626 Itaque
1433 3552 1542 3610 sub
1579 3552 1828 3626 pretiosa
1865 3559 2024 3613 veste
2110 3569 2271 3612 more
2326 3553 2514 3612 tradit.
2570 3553 2870 3622 Quantum
2922 3559 3116 3613 autem
3154 3551 3477 3625 profecerit,
3525 3569 3822 3627 quamque

307 3641 502 3698 induit
553 3639 834 3709 cilicium,
895 3639 1244 3714 inediteque,
1295 3648 1352 3699 et
1411 3640 1631 3714 vigiliis
1686 3657 1751 3699 ac
1805 3642 2022 3702 divinis
2109 3641 2497 3700 obedientiam
2527 3642 2804 3716 magistro
2833 3640 3334 3714 reverentiamque
3359 3640 3712 3715 prmstiterit,
3743 3657 3820 3699 ex

307 3729 547 3802 hymnis
579 3729 851 3802 frequens
880 3727 1142 3786 studium
1171 3728 1430 3799 exhibet,
1464 3744 1717 3803 cumque
1756 3729 2022 3790 libidinis
2109 3745 2176 3788 eo
2224 3731 2394 3790 facile
2427 3731 2696 3806 cognosci
2733 3736 2936 3805 potest,
2973 3729 3129 3804 quod
3156 3730 3266 3788 iter
3297 3745 3430 3788 cum
3471 3734 3819 3802 praeceptore

308 3825 455 3876 aestu
500 3835 605 3892 pro
654 3817 838 3875 aetatis
879 3824 1085 3877 natura
1128 3819 1459 3891 jactaretur,
1513 3821 1720 3879 mediis
1757 3821 2020 3880 noctibus
2107 3836 2283 3894 eques
2338 3822 2731 3896 ingressurus,
2780 3821 3096 3895 jussusque
3160 3819 3234 3878 ab
3293 3835 3378 3890 eo,
3432 3825 3496 3878 ut
3550 3818 3818 3877 indueret

307 3925 338 3966 e
366 3907 547 3966 cubili
577 3923 821 3981 surgens
849 3909 1016 3980 aquis
1048 3924 1108 3966 se
1146 3909 1509 3982 immergere,
1545 3911 1686 3969 dum
1726 3917 1878 3968 totus
1913 3910 2018 3968 f‘ri-
2104 3911 2430 3971 molliorem
2475 3917 2694 3971 vestem
2738 3926 2805 3969 ac
2849 3910 3264 3984 pulchriorem,
3304 3910 3646 3984 magistrum
3675 3925 3815 3983 sup-

306 4003 580 4072 gesceret,
636 3999 889 4072 indeque
938 4013 1203 4072 egressus
1254 3999 1316 4056 in
1369 3999 1581 4058 lectum
1634 4000 1876 4059 minime
1927 4017 2018 4058 re-
2104 3999 2241 4073 plex
2283 3999 2602 4058 obsecravit
2637 4014 2714 4056 ne
2753 3999 2906 4072 quod
2946 3999 3144 4057 minus
3182 3999 3381 4057 decere
3417 3999 3540 4073 ipse
3577 3997 3818 4056 arbitra-

305 4089 489 4163 gredi,
543 4089 642 4149 sed
697 4088 938 4164 psalmis
984 4096 1158 4162 atque
1217 4088 1454 4163 hymnis
1507 4090 1697 4149 Deum
1754 4090 2017 4150 venerari
2102 4091 2273 4150 batur
2311 4092 2666 4165 przeciperet.
2713 4091 2998 4150 Caeterum
3055 4092 3346 4166 magister,
3393 4092 3498 4167 qui
3544 4107 3682 4150 eum
3738 4090 3815 4149 ob

307 4181 705 4234 consueverat.
2100 4189 2423 4258 perspectas
2467 4183 2712 4240 virtutes
2748 4181 2923 4239 unice
2963 4180 3256 4254 diligebat,
3297 4189 3711 4256 proptereaque
3739 4196 3815 4237 ne

378 4263 593 4322 Mirum
624 4263 800 4322 fuerit
837 4263 994 4322 dictu
1027 4279 1202 4336 quam
1245 4264 1574 4338 praestiterit
1607 4267 1912 4340 egentibus
1941 4267 2015 4326 li-
2101 4272 2162 4330 in
2201 4272 2502 4347 publicum
2539 4269 2792 4344 prodiret
2830 4268 2972 4328 adeo
3011 4270 3288 4341 incultus,
3330 4271 3560 4344 optabat
3589 4287 3815 4344 nequa-

308 4353 667 4412 beralitatem
706 4360 762 4411 et
801 4354 1284 4426 munificentiam,
1333 4370 1626 4429 quamque
1673 4357 1923 4431 benigne
1961 4365 2016 4416 et
2101 4378 2277 4435 quam
2320 4361 2571 4422 assiduis
2605 4359 2978 4435 repetitisque
3013 4360 3144 4433 ejus
3197 4361 3464 4434 precibus
3516 4361 3808 4420 assentiri.

306 4442 401 4518 pie
443 4443 688 4517 prandio
732 4444 866 4503 illos
906 4445 1213 4518 exciperet.
1263 4445 1388 4514 Quo
1432 4446 1554 4505 loco
1595 4447 1745 4506 illud
1793 4451 2289 4524 nequa-_Igitur
2309 4450 2529 4524 Petrus,
2547 4467 2621 4509 ne
2647 4449 3155 4524 nimispraefractaa
3173 4449 3439 4523 pertinax
3461 4449 3812 4521 obedientiae

305 4548 484 4607 quam
523 4533 754 4593 silentio
791 4533 1022 4593 videtur
1057 4536 1550 4607 praetereundum,
1590 4551 1724 4595 cum
1761 4533 2466 4617 quadamurepugnaret,
2517 4557 2854 4616 quanquam
2905 4541 3166 4599 maximo
3213 4541 3437 4615 pudore
3489 4557 3553 4599 ac
3599 4539 3813 4599 rubore

305 4621 399 4679 die
453 4637 572 4680 una
625 4638 759 4681 cum
805 4622 984 4681 sodali
1041 4639 1170 4692 suo,
1239 4623 1410 4697 cujus
1475 4641 1647 4698 opera
1719 4626 2010 4700 utebatur,
2097 4632 2375 4702 suffusus,
2445 4630 2601 4706 quod
2651 4646 2787 4704 quae
2832 4630 3104 4705 reiecerat
3141 4637 3482 4690 ornamenta
3527 4634 3814 4705 recepisse

303 4712 634 4785 pranderet,
663 4729 854 4790 neque
897 4719 1062 4772 extra
1099 4714 1341 4773 unicum
1372 4731 1448 4772 ex
1476 4715 1808 4788 similagine
1837 4715 2012 4774 tritici

301 4816 512 4874 panem
547 4801 733 4860 alium
772 4802 1012 4861 haberet
1039 4803 1358 4879 sodalique,
1399 4802 1501 4878 qui
1538 4803 1740 4862 eodem
1767 4803 1894 4863 cibo
1925 4804 2012 4863 uti

303 4897 700 4963 consueverat,
754 4891 1008 4952 cibarius
1073 4899 1130 4951 et
1181 4892 1560 4952 secundarius
1629 4893 1793 4967 panis
1866 4899 2014 4952 esset

301 4984 615 5056 appositus,
653 4999 849 5044 secum
888 4985 1051 5060 loqui
1088 4984 1327 5058 cmpisse
1355 5003 1368 5044 :
1393 4984 1659 5045 Christus
1683 4985 1757 5044 ad
1785 5000 2010 5045 omnem

301 5085 491 5130 meam
544 5073 785 5132 inferior
845 5073 992 5131 mihi
1051 5079 1157 5146 est,
1214 5075 1455 5147 jamque
1511 5074 1605 5133 bis
1655 5081 1828 5150 atque
1878 5077 2010 5136 aliis

299 5160 500 5218 animo
545 5163 817 5235 repetitis,
864 5179 1002 5223 cum
1056 5179 1266 5238 panem
1319 5179 1456 5222 cum
1502 5163 1604 5223 illo
1654 5173 2010 5225 commutare

298 5249 664 5322 decrevisset,
725 5252 942 5325 pudore
1021 5258 1217 5311 tamen
1291 5259 1567 5312 retractus
1637 5261 1743 5314 est.
1806 5255 2009 5333 Itaque

299 5342 697 5400 comedentem
727 5358 904 5416 pavor
934 5345 1152 5404 sensim
1181 5345 1402 5417 arripit,
1435 5353 1490 5402 et
1515 5346 1720 5405 horror
1755 5349 2010 5407 concutit

295 5428 611 5501 viscerum,
641 5431 989 5505 tandemque
1021 5431 1216 5506 piscis,
1246 5449 1376 5506 quae
1407 5443 1730 5494 transversa
1773 5437 1835 5494 in
1874 5446 2008 5511 gut-

296 5522 422 5576 ture
455 5519 786 5592 inhaaserat,
830 5521 997 5593 spina
1040 5521 1221 5578 nullis
1262 5523 1469 5580 cedens
1509 5524 1780 5582 remediis
1821 5532 2008 5584 stran-

292 5608 548 5682 gulabat,
578 5627 734 5684 cum,
765 5610 822 5670 id
854 5609 964 5669 sibi
1002 5610 1076 5669 ob
1113 5626 1322 5684 panem
1360 5627 1434 5669 ex
1465 5612 1796 5685 similagine
1825 5615 2008 5675 sodali

2096 4722 2406 4792 videretur,
2439 4722 2735 4780 neminem
2771 4719 2985 4779 intueri
3025 4735 3146 4794 prae
3184 4721 3407 4794 pudore
3447 4737 3644 4792 ausus,
3677 4722 3815 4794 pul-

2097 4813 2324 4873 chriore
2361 4814 2605 4872 indutus
2632 4812 2887 4883 cucullo,
2928 4809 3204 4885 magistro
3243 4826 3433 4870 comes
3474 4811 3652 4883 abiit;
3692 4826 3818 4869 cer-

2097 4920 2237 4964 nere
2271 4911 2483 4976 autem,
2522 4902 3019 4978 quemadmodum
3054 4903 3300 4976 ipsemet
3337 4901 3553 4972 retulit,
3603 4916 3818 4960 omnes

2096 5009 2233 5053 eum
2275 4993 2456 5067 digito
2499 4995 3036 5062 commonstrantes,
3073 4997 3131 5049 et
3169 4992 3364 5065 sponsi
3394 4990 3651 5058 nomine,
3687 5004 3816 5048 non

2096 5081 2368 5140 monachi
2443 5081 2845 5155 appellitantes
2903 5095 3252 5154 quacunque
3329 5078 3636 5146 incederet,
3695 5077 3814 5136 sibi

2097 5170 2422 5230 videbatur.

2166 5258 2259 5318 Ad
2303 5257 2636 5317 cmuobium
2671 5271 2941 5317 reversus
2979 5256 3182 5330 majori
3208 5253 3269 5312 in
3298 5251 3422 5311 dies
3454 5253 3814 5312 abstinentia

2095 5362 2163 5404 ac
2207 5345 2428 5418 vigiliis
2464 5345 2536 5403 ad
2575 5346 2935 5404 sanctitatem
2979 5357 3394 5416 summumque
3439 5341 3661 5399 bonum
3712 5340 3811 5398 in-

2096 5436 2388 5497 cumbere.
2420 5436 2529 5495 Per
2555 5435 2614 5494 id
2643 5437 2914 5510 temporis
2950 5431 3221 5493 monachi
3259 5431 3369 5502 illi,
3407 5439 3654 5505 quatuor
3679 5430 3810 5488 die-

2095 5529 2205 5586 bus
2255 5528 2630 5586 hebdomadas
2674 5543 2823 5601 pane
2874 5533 2930 5584 et
2982 5541 3131 5598 aqua
3183 5524 3480 5597 traductis,
3541 5525 3701 5582 tertia
3750 5531 3810 5583 et

2096 5618 2297 5692 quinta
2335 5617 2512 5683 feriis,
2557 5633 2763 5691 parum
2803 5613 3120 5688 leguminis
3149 5630 3180 5671 a
3211 5614 3459 5688 singulis
3487 5613 3611 5672 suis
3651 5627 3811 5670 seor-
