4078 6202
249 334 355 395 177

1103 329 1679 391 PROLEGOMENA.
1727 358 1782 372 -—
1832 330 1891 387 ὃ.
1937 327 2159 387 PETRI
2199 327 2523 388 DAMIANI
2567 330 2745 390 VITA
2785 331 2883 393 IV.

237 473 377 517 sum
444 456 729 516 cubiculis
797 458 939 516 cocti
1003 456 1340 526 sumebant;
1395 453 1716 528 diebusque
1778 450 2488 514 sacrmAsolemnioribus
2535 454 2700 514 Petro
2742 455 2928 530 pisces
2963 456 3118 517 dono
3153 457 3379 517 mittere
3426 466 3745 519 consueve-

236 548 475 620 inedite,
502 546 689 623 panis,
716 563 835 606 non
866 553 1151 622 quantum
1179 545 1428 622 quisque
1458 544 1648 614 vellet,
1679 543 1780 600 sed
1805 547 1958 601 certa

238 637 494 713 quadam
532 652 807 696 mensura
853 636 1140 710 modoque
1175 634 1562 709 praebebatur.
1604 632 1824 690 Vinum
1874 632 1956 690 rei

241 733 467 784 tantum
505 724 725 784 divinae
772 724 1052 784 faciendae
1099 731 1154 783 et
1202 723 1433 798 {egrotis
1470 730 1695 793 notum,
1734 719 1956 779 nemini

235 820 536 889 praeterea.
570 811 718 873 Cum
746 829 882 873 vero
920 813 972 872 is
1008 818 1157 872 esset
1182 813 1247 873 in
1276 811 1493 886 vigiliis
1522 827 1668 882 mos,
1702 816 1768 869 ut
1791 810 1956 883 signo

236 904 391 973 dato,
433 901 737 961 matutinis
785 902 1032 977 expletis
1082 900 1371 977 precibus,
1431 915 1634 959 omnes
1703 900 1957 972 hymnos

238 988 478 1047 Davidis
500 989 828 1062 recitarem,
852 990 1218 1063 praeveniens
1243 1005 1553 1048 commune
1580 989 1689 1046 hoc
1718 988 1953 1062 signum

236 1077 466 1149 Petrus,
493 1078 778 1153 quidquid
811 1084 934 1136 erat
971 1078 1152 1137 noctis
1177 1079 1493 1154 reliquum,
1523 1076 1957 1137 continentibus

234 1166 511 1226 excubiis
536 1166 799 1238 ducebat,
835 1166 991 1227 unde
1032 1166 1095 1225 in
1137 1182 1271 1226 eum
1314 1168 1521 1226 incidit
1565 1167 1860 1239 morbum,
1894 1174 1958 1225 ut

234 1256 364 1316 dies
416 1262 731 1331 noctesque
790 1259 1090 1318 insomnes
1147 1264 1376 1333 ageret;
1435 1258 1535 1317 sed
1591 1259 1958 1332 temperatior

238 1349 425 1407 factus
471 1347 782 1406 convaluit.
815 1348 1081 1422 Cumque
1123 1348 1282 1407 brevi
1321 1348 1383 1407 in
1414 1364 1703 1408 summam
1742 1348 1953 1407 sancti-

236 1437 375 1495 tatis
430 1436 645 1495 famam
702 1436 1006 1510 crevisset,
1056 1437 1303 1496 summis
1357 1436 1591 1496 tandem
1650 1437 1953 1512 precibus,

233 1523 508 1583 Guidone
545 1522 892 1584 Strambiato
932 1524 1291 1596 Ravennate,
1319 1525 1524 1584 abbate
1553 1525 1954 1600 Pomposiano,

234 1613 295 1673 id
343 1613 420 1671 ab
470 1619 686 1672 sancta:
732 1613 929 1674 Crucis
980 1616 1250 1689 praefecto
1299 1617 1663 1690 impetrante,
1711 1615 1954 1689 Pompo-

234 1702 384 1761 siam
435 1702 705 1776 mittitur,
736 1708 798 1762 ut
838 1705 1151 1763 monachos
1201 1704 1335 1763 illos
1382 1706 1683 1779 praeceptis
1739 1704 1957 1763 divinis

2039 545 2146 611 rat,
2174 548 2358 612 nocte,
2390 558 2523 615 quin
2565 542 2718 602 diem
2774 544 3023 603 natalem
3062 545 3273 605 Christi
3321 545 3424 605 Dei
3477 548 3746 624 proxime
3778 620 3793 629 μ

2038 631 2358 703 antecessit,
2399 633 2551 706 quod
2606 634 3037 693 liabere‘antea
3084 637 3271 709 pisces
3326 653 3444 697 non
3504 642 3744 712 poterat,

2036 735 2273 780 servum
2341 736 2478 780 cum
2527 724 2681 797 pisce
2740 724 2946 797 grandi
3002 724 3177 786 misit.
3220 727 3356 785 Erat
3406 726 3631 786 foedum
3680 744 3747 787 ea

2037 817 2203 871 nocte
2240 812 2475 884 coelum,
2511 813 2690 872 nullis
2724 820 2827 874 aut
2864 815 3022 873 lunae
3062 821 3163 873 aut
3202 815 3450 875 aliorum
3485 816 3746 877 siderum

2036 899 2213 958 radiis
2253 901 2518 973 illustre;
2564 909 2618 961 et
2666 904 2737 961 ad
2789 910 3122 978 perpetuam
3178 905 3291 963 vite
3342 905 3746 965 difficultatem

2038 992 2203 1051 nives
2248 992 2381 1052 altte
2424 995 2787 1054 accedebant.
2820 995 3018 1071 Itaque
3044 996 3183 1054 dum
3218 1012 3420 1056 servus
3450 997 3521 1055 ad
3549 999 3747 1056 excel-

2038 1097 2162 1141 sam
2206 1083 2390 1157 ripam
2429 1086 2802 1159 pervenisset,
2833 1086 2959 1160 ejus
2988 1093 3243 1145 extrema
3272 1087 3524 1147 nimium
3551 1104 3745 1163 perse-

2036 1186 2241 1245 quens,
2275 1173 2433 1248 lapso
2474 1174 2618 1247 pede
2654 1190 2907 1249 praeceps
2944 1176 3190 1235 inferius
3234 1176 3464 1249 agitur;
3512 1183 3567 1235 et
3611 1193 3746 1238 cum

2036 1258 2087 1317 is
2143 1260 2319 1319 fuerit
2365 1278 2530 1321 casus
2583 1270 2647 1321 ut
2700 1270 2849 1321 totus
2902 1261 3147 1336 discerpi
3187 1263 3352 1321 facile
3396 1265 3747 1339 ati‘ringique

2035 1351 2335 1424 potuisset,
2364 1353 2586 1411 meritis
2633 1361 2823 1411 tamen
2861 1352 2971 1410 viri
3004 1352 3205 1422 sancti,
3241 1354 3297 1410 vi
3329 1353 3551 1425 divina,
3584 1356 3746 1413 inco-

2039 1437 2216 1497 lumis
2264 1456 2331 1498 ac
2361 1440 2578 1500 illmsus
2606 1442 2808 1513 evasit,
2838 1441 3182 1514 validusque
3220 1449 3276 1499 et
3312 1442 3501 1501 alacer
3538 1459 3749 1503 excus-

2037 1542 2168 1586 sum
2212 1544 2361 1588 onus
2416 1531 2635 1589 cervice
2686 1531 3017 1604 resumpsit.
3060 1530 3327 1606 Cumque
3369 1532 3621 1593 venisset
3675 1536 3748 1594 ad

2038 1619 2297 1691 Petrum,
2327 1627 2382 1679 et
2416 1622 2635 1680 domini
2679 1637 2895 1681 munus
2931 1622 3252 1694 obtulisset,
3287 1623 3439 1697 quod
3472 1625 3597 1698 ejus
3626 1640 3747 1683 me-

2036 1710 2165 1767 ritis
2222 1711 2495 1770 evasisset
2553 1721 2792 1771 mortem
2855 1713 3119 1784 ingentes
3177 1712 3390 1784 gratias
3448 1712 3579 1785 egit.
3642 1712 3750 1772 Cui

237 1792 537 1869 sacrisque
573 1793 779 1851 litteris
818 1792 1173 1863 instrueret;
1212 1794 1293 1852 ibi
1323 1795 1599 1867 transegit
1626 1794 1951 1852 biennium.
1977 1809 2027 1874 B
2049 1796 2249 1857 Petrus
2278 1823 2289 1855 :
2320 1799 2425 1869 Ne,
2457 1800 2668 1874 inquit,
2704 1800 2788 1858 iiIi
2825 1800 2925 1869 mi,
2960 1798 3175 1857 erranti
3204 1800 3430 1858 homini
3456 1815 3522 1857 ac
3549 1800 3748 1858 crimi-

234 1879 365 1950 Quo
388 1882 603 1956 elapso,
632 1881 706 1940 ab
735 1887 949 1941 sancta;
979 1882 1178 1943 Crucis
1202 1884 1492 1957 praefecto,
1518 1884 1619 1958 qui
1649 1882 1793 1943 illuc
1818 1899 1958 1943 eum

235 1972 497 2045 miserat,
532 1973 773 2048 suisque
819 1975 1121 2035 monachis
1168 1981 1489 2036 revocatur.
1528 1976 1753 2036 Ibidem
1810 1992 1955 2051 prae-

234 2060 386 2120 fecto
416 2061 593 2135 paulo
618 2068 748 2135 post
781 2068 1029 2134 mortuo,
1059 2080 1317 2123 renuens
1352 2081 1420 2125 ac
1449 2064 1761 2141 diligenter
1789 2082 1957 2125 recu-

233 2165 394 2221 sans,
426 2150 659 2209 tandem
706 2152 971 2211 coenobio
1016 2154 1353 2227 praeﬁcitur.
1381 2153 1548 2225 Quod
1594 2171 1731 2215 cum
1787 2156 1958 2215 insti-

233 2240 463 2311 tuisset,
520 2241 583 2299 in
638 2240 999 2300 Camertibus
1048 2241 1326 2316 primum,
1374 2258 1515 2303 mox
1568 2244 1643 2302 ad
1699 2251 1956 2304 montem

232 2329 513 2403 Regium,
566 2330 668 2405 qui
724 2335 810 2388 est
864 2329 928 2388 in
986 2330 1285 2403 Perusino,
1330 2332 1431 2392 ubi
1486 2331 1693 2391 cellam
1746 2332 1959 2407 reperit

232 2434 415 2494 quam
441 2420 647 2479 divum
669 2419 1062 2497 Romualdum
1084 2420 1397 2481 incoluisse
1425 2421 1721 2493 ferebant;
1747 2422 1957 2481 deinde

232 2510 294 2568 in
322 2510 665 2580 Faventino,
703 2516 831 2569 tum
858 2510 930 2568 ad
957 2512 1277 2582 Aceretem,
1311 2517 1436 2571 tum
1463 2512 1536 2570 ad
1566 2511 1954 2584 Gaviunium,

230 2614 394 2658 nunc
444 2597 725 2658 Cavinam
772 2599 1048 2674 appellari
1093 2606 1329 2676 putant;
1378 2607 1571 2676 postea
1615 2601 1680 2660 in
1734 2601 1953 2660 Arimi-

232 2688 403 2746 nensi
432 2686 508 2745 ad
538 2686 911 2748 Marcianum
937 2689 1199 2749 caenobia
1228 2691 1521 2749 excitavit.

302 2777 457 2838 Cum
498 2793 639 2839 vero
675 2784 824 2838 esset
860 2780 925 2838 in
963 2778 1333 2840 Gaviuniano
1361 2780 1642 2849 caenobio,
1667 2780 1834 2855 jubet
1860 2778 1954 2838 die

229 2868 490 2944 quadam
549 2870 927 2939 monachum,
957 2870 1061 2944 qui
1104 2870 1435 2931 ministrare
1479 2871 1589 2929 sibi
1631 2885 1953 2929 consueve-

231 2966 339 3029 rat,
373 2966 578 3034 potum
623 2959 828 3018 afferre
869 2958 983 3018 sibi
1013 2975 1088 3018 ex
1116 2958 1295 3020 fonte.
1329 2960 1487 3020 Fecit
1529 2961 1808 3034 imperata
1838 2960 1954 3018 mi-

230 3048 434 3119 nister,
471 3048 572 3108 sed
626 3063 779 3122 aqua
818 3049 882 3107 in
926 3049 1137 3108 vinum
1181 3054 1425 3120 mutata,
1452 3047 1606 3109 alius
1643 3048 1836 3107 denuo
1878 3048 1952 3107 ab

228 3137 631 3233 assidentibus
664 3139 969 3233 monachis
1015 3136 1283 3209 mittitur,
1315 3136 1418 3213 qui
1461 3152 1683 3233 aquam
1727 3137 2015 3233 afferat.G

230 3224 359 3294 Qua
382 3225 588 3284 itidem
615 3227 679 3285 in
716 3226 928 3286 vinum
976 3242 1275 3298 conversa,
1307 3226 1608 3286 mandavit
1645 3226 1848 3286 Petrus
1888 3227 1951 3285 id

231 3329 307 3372 ne
371 3315 649 3388 cuiquam
683 3317 1107 3390 patefacerent;
1141 3314 1294 3391 quod
1339 3320 1395 3372 et
1445 3314 1663 3375 factum
1696 3340 1710 3374 :
1744 3331 1851 3374 nec
1889 3316 1950 3375 id

182 3470 197 3486 ,
231 3404 548 3479 quisquam
591 3405 707 3465 nisi
733 3407 808 3466 ab
830 3408 956 3481 ejus
984 3407 1224 3466 interitu
1253 3421 1519 3480 unquam
1551 3406 1803 3465 rescivit.

300 3493 458 3555 Illud
491 3495 667 3554 etiam
712 3497 825 3569 fuit
866 3496 1004 3556 satis
1035 3494 1259 3555 celebre
1297 3495 1451 3570 quod
1487 3510 1619 3554 cum
1655 3495 1827 3569 juxta
1856 3497 1949 3563 sa-

227 3582 447 3643 cellum
477 3599 651 3643 suum
683 3586 925 3658 plenum
952 3584 1079 3645 vini
1108 3584 1334 3644 dolium
1362 3584 1615 3655 haberet,
1642 3590 1948 3644 transeun-

226 3672 384 3732 tibus
430 3670 861 3733 illacmilitibus
908 3679 963 3732 et
1033 3690 1068 3732 a
1118 3672 1410 3733 sacerdote
1462 3672 1659 3732 sacelli
1714 3672 1949 3733 custode

223 3774 430 3840 potum
463 3774 806 3841 arroganter
838 3768 1183 3843 petentibus,
1217 3783 1354 3828 cum
1387 3768 1650 3827 sacerdos
1688 3772 1949 3840 vegetem

225 3854 566 3928 indicasset,
598 3862 653 3914 et
680 3856 878 3915 omnia
916 3856 1043 3931 ejus
1079 3856 1368 3915 foramina
1412 3856 1525 3931 ipsi
1564 3855 1944 3931 aperuissent,

226 3942 437 4001 vinum
478 3942 931 4020 haudquaquam
972 3945 1203 4019 prodiit.
1254 3944 1539 4020 Suspicati
1577 3952 1716 4006 sunt
1760 3944 1947 4019 primo

226 4047 289 4090 se
343 4048 378 4089 a
429 4033 720 4093 sacerdote
772 4034 1055 4110 deceptos.
1125 4034 1330 4110 Itaque
1389 4034 1674 4110 superiori
1738 4040 1946 4093 retecto

226 4118 517 4179 foramine
548 4165 563 4191 ,
624 4128 872 4181 cernunt
920 4138 1128 4197 parum
1194 4123 1393 4181 deesse
1448 4122 1611 4181 vini:
1668 4129 1946 4181 caeterum

225 4222 570 4283 quanquam
606 4211 945 4286 injiciebant
981 4213 1177 4288 virgas
1216 4213 1280 4272 in
1324 4213 1630 4286 foramina,
1660 4213 1811 4273 nihil
1856 4217 1940 4272 ta-

2044 1902 2189 1946 num
2236 1886 2364 1945 labe
2403 1904 2731 1962 consperso,
2761 1888 2907 1947 velis
2934 1888 3216 1947 ascribere
3242 1888 3397 1962 quod
3426 1893 3751 1962 praepotens

2043 1977 2197 2038 Deus
2222 1994 2341 2037 una
2370 1995 2475 2039 sua
2505 1980 2905 2039 misericordia
2931 1980 3035 2037 tibi
3064 1978 3295 2053 elargiri
3325 1994 3442 2037 non
3473 1984 3557 2037 est
3586 1978 3749 2036 dedi-

2041 2072 2285 2138 gnatus;
2309 2068 2513 2141 gratiae
2541 2068 2630 2127 illi
2656 2068 2759 2126 abs
2784 2075 2837 2126 te
2864 2075 3114 2141 agantur
3138 2065 3243 2140 qui
3271 2081 3565 2141 nusquam
3590 2067 3752 2125 deest

2040 2153 2114 2212 iis
2142 2156 2245 2227 qui
2282 2155 2347 2213 in
2380 2156 2806 2216 calamitatibus
2834 2155 3223 2231 periculisque
3251 2156 3380 2230 ejus
3409 2171 3578 2229 opem
3608 2169 3750 2227 sup-

2039 2244 2266 2318 pliciter
2295 2244 2625 2319 implorant.

2111 2332 2254 2393 Cum
2286 2335 2425 2393 item
2454 2334 2611 2393 haud
2637 2334 2717 2392 ita
2749 2332 2964 2392 multos
2993 2339 3119 2407 post
3146 2332 3268 2391 dies
3298 2348 3488 2393 unum
3518 2348 3593 2392 ex
3624 2334 3749 2391 suis

2037 2425 2339 2484 monachis
2380 2425 2452 2484 ad
2494 2425 2759 2484 abbatem
2796 2424 3107 2498 quemdam
3144 2422 3416 2493 misisset,
3463 2424 3748 2482 monacho

2036 2522 2233 2573 autem
2286 2514 2509 2574 diutius
2558 2515 2844 2583 abbatem,
2896 2513 2999 2585 qui
3053 2512 3269 2582 aberat,
3312 2517 3647 2585 exspectare
3690 2519 3749 2570 et

2038 2605 2272 2663 tandem
2315 2619 2383 2663 eo
2430 2618 2546 2678 quo
2582 2604 2777 2662 aberat
2812 2601 3086 2661 adbibere
3132 2600 3336 2658 fuisset
3374 2615 3539 2674 opus,
3571 2599 3747 2658 intel-

2037 2692 2245 2766 ligens,
2276 2693 2391 2752 nisi
2429 2693 2540 2752 iter
2572 2699 2748 2752 noctu
2788 2692 3015 2762 faceret,
3046 2689 3119 2749 ad
3155 2690 3540 2764 prmstitutam
3572 2688 3685 2748 sibi
3712 2704 3748 2748 a

2036 2783 2203 2843 Petro
2244 2784 2399 2843 diem
2438 2799 2556 2842 non
2606 2799 2730 2842 esse
2762 2796 3175 2859 reversurum,
3216 2780 3362 2839 duce
3400 2780 3514 2838 viae
3557 2785 3742 2854 capto,

2034 2871 2145 2931 iter
2174 2873 2399 2947 vesperi
2431 2871 2790 2946 ingreditur;
2837 2886 2944 2929 nec
2981 2871 3086 2929 diu
3124 2883 3454 2943 processum
3482 2873 3587 2940 est,
3608 2874 3746 2927 cum

2034 2975 2158 3019 sese
2186 2960 2291 3019 diu
2312 2976 2388 3020 ex
2417 2962 2603 3020 oculis
2633 2960 2837 3020 furtim
2864 2958 3168 3020 subduxit.
3192 2957 3394 3032 Itaque
3422 2956 3747 3017 monachus

2033 3049 2277 3123 ignarus
2323 3049 2437 3109 vias
2493 3051 2868 3110 vehementer
2918 3047 3156 3119 anxius,
3214 3053 3269 3105 et
3321 3045 3578 3106 incertus
3629 3061 3746 3123 quo

2039 3138 2315 3211 tenderet,
2349 3145 2543 3212 petere
2571 3155 2606 3198 a
2632 3138 2750 3198 Deo
2776 3144 2845 3198 ut
2872 3136 3106 3212 praeiret
3131 3134 3359 3194 itineris
3386 3135 3531 3207 dux,
3566 3134 3746 3194 meri-

2036 3230 2108 3289 tis
2146 3229 2291 3303 ejus,
2335 3230 2432 3290 cui
2476 3230 2713 3289 obedire
2742 3229 3072 3303 satagebat;
3099 3242 3207 3286 nec
3236 3225 3340 3285 diu
3374 3232 3503 3301 post
3536 3239 3742 3300 perve-

2031 3320 2139 3391 nit,
2170 3333 2288 3393 quo
2321 3335 2383 3378 se
2421 3320 2515 3378 via
2560 3317 2855 3378 scindebat
2899 3317 3043 3377 duas
3093 3315 3159 3375 in
3207 3321 3418 3390 partes,
3447 3313 3554 3374 ubi
3599 3314 3745 3374 dum

1938 3468 1939 3471 η
2029 3408 2294 3467 haesisset
2337 3408 2668 3482 paululum,
2697 3423 2874 3483 quam
2930 3411 3159 3480 caperet
3212 3404 3535 3477 ambigens,
3570 3402 3746 3477 elegit

2030 3498 2264 3556 tandem
2311 3513 2489 3572 quam
2531 3497 2717 3570 magis
2764 3497 2956 3554 tritam
2983 3494 3150 3566 vidit,
3178 3494 3580 3566 aptioremque
3609 3492 3744 3551 exi-

2029 3585 2304 3645 stimavit.
2338 3584 2628 3646 Craterum
2672 3586 2815 3644 dum
2857 3588 3098 3643 conatur
3138 3583 3200 3641 in
3238 3597 3368 3640 eam
3405 3584 3742 3657 jumentum

2028 3675 2297 3749 dirigere,
2325 3675 2477 3735 illud
2505 3690 2623 3734 non
2648 3674 2820 3733 modo
2857 3671 3075 3744 renuit,
3113 3671 3216 3730 sed
3241 3670 3418 3730 aliam
3443 3670 3738 3743 ingredie-

2027 3765 2221 3824 batur.
2251 3764 2484 3823 Veritus
2536 3770 2733 3823 autem
2785 3761 3107 3821 monachus
3162 3774 3240 3819 ne
3287 3759 3624 3834 jumentum
3676 3757 3739 3818 id

2026 3855 2266 3926 faceret,
2322 3853 2460 3928 quia
2504 3852 2649 3910 alias
2700 3866 2830 3910 eam
2879 3847 3108 3922 ingredi
3159 3847 3318 3908 viam
3369 3853 3737 3917 consuesset,

2025 3943 2281 4002 calcibus
2329 3957 2397 4001 ac
2443 3940 2782 4002 verberibus
2812 3940 2876 3999 in
2912 3938 3089 3997 aliam
3129 3937 3443 4007 nitebatur,
3468 3937 3739 4011 jumento

2025 4031 2422 4106 nequidquam
2469 4030 2854 4099 assentiente;
2898 4026 2972 4086 ad
3012 4033 3343 4085 extremum
3390 4039 3529 4083 cum
3570 4023 3737 4082 irrito

2024 4122 2160 4180 nisu
2199 4122 2303 4180 diu
2331 4121 2693 4191 decertasset,
2718 4120 2840 4194 jam
2875 4118 3113 4177 demum
3155 4116 3455 4191 suspicans
3482 4130 3559 4174 ne
3590 4116 3736 4174 forte

2022 4211 2263 4272 brutum
2299 4210 2447 4271 illud
2477 4210 2696 4270 animal
2733 4208 2846 4268 sibi
2882 4214 3079 4267 contra
3127 4221 3371 4278 morem,
3397 4205 3598 4265 divino
3637 4204 3733 4264 in-

3641 332 3746 393 178
3814 390 3835 396 -

225 4310 361 4354 men
392 4299 517 4357 vini
545 4314 798 4373 usquam
826 4300 989 4373 exiit,
1021 4317 1156 4360 cum
1180 4302 1401 4377 alioqui
1425 4301 1606 4376 virgae
1632 4300 1775 4376 ipsae
1804 4302 1943 4360 vino
2023 4300 2257 4371 stinctu,
2290 4299 2601 4368 resisteret,
2637 4297 2859 4356 laxavit
2896 4297 3167 4367 habenas,
3198 4303 3255 4354 et
3298 4295 3537 4369 quidem
3583 4308 3736 4353 vano

224 4387 549 4447 maderent.
601 4389 765 4461 Quod
806 4390 1157 4451 miraculum
1196 4407 1264 4451 eo
1302 4390 1474 4450 etiam
1509 4392 1698 4467 majus
1735 4398 1821 4450 est
1851 4390 1941 4450 vi-
2023 4388 2421 4464 nequidquam
2463 4394 2697 4447 eventu.
2733 4385 3128 4444 Inalbescente
3166 4384 3326 4443 enim
3377 4384 3542 4453 cmlo,
3582 4387 3735 4441 recta

227 4494 361 4538 sum
412 4480 575 4555 quod
610 4480 914 4555 peregrino
942 4480 1142 4555 paucis
1174 4487 1301 4554 post
1332 4481 1492 4540 horis
1540 4480 1739 4539 eadem
1778 4487 2002 4555 tran-n
2023 4493 2086 4536 se
2107 4478 2434 4551 ingressum
2458 4475 2715 4549 agnovit,
2745 4473 3035 4547 pauloque
3063 4478 3190 4547 post
3216 4487 3353 4533 cum
3377 4470 3735 4547 pervenisset

225 4534 450 4627 scunt;
489 4584 557 4626 ac
608 4534 890 4628 sibioDei
943 4534 1117 4628 causa
1166 4534 1340 4643 atque
1398 4568 1638 4628 nomine
1690 4534 2095 4643 przeberiDad
2134 4534 2488 4636 caenobium,
2521 4580 2655 4637 qua:
2687 4562 3060 4634 contigissent
3086 4561 3284 4620 omnia
3311 4561 3478 4620 Petro
3517 4564 3731 4629 narrat,

224 4664 431 4730 potum
494 4658 823 4731 postulante
856 4702 871 4729 ,
928 4674 1063 4720 cum
1124 4674 1390 4719 sermone
1447 4658 1755 4720 sacerdotis
1811 4675 1943 4734 quas
2023 4656 2260 4729 Deoque
2284 4663 2458 4729 atque
2476 4652 2565 4711 iUi
2593 4650 2806 4726 gratias
2834 4649 2950 4723 egit
2971 4648 3345 4709 immortales.
3377 4678 3395 4688 -

226 4744 518 4803 militibus
563 4745 907 4806 accidissent
952 4746 1244 4805 narrantis
1290 4746 1412 4821 ipse
1460 4747 1786 4819 deterritus,
1814 4764 1943 4807 ma-

224 4848 411 4905 gnum
447 4848 679 4907 sperare
717 4849 780 4893 se
826 4834 1174 4894 beneﬁcium
1212 4836 1543 4904 afﬁrmaret,
1578 4851 1652 4895 ex
1690 4852 1757 4895 eo
1786 4837 1941 4911 quod

220 4920 293 4978 ab
316 4920 703 4980 insolentium
735 4921 937 4996 rapina
964 4922 1260 4983 incolume
1288 4931 1461 5000 atque
1491 4922 1786 4998 integrum
1816 4940 1941 4983 ser-

223 5016 427 5069 vatum
470 5010 681 5083 fuerat,
706 5011 1030 5086 pmsertim
1067 5012 1222 5087 quod
1250 5018 1423 5072 notus
1451 5011 1563 5072 sibi
1588 5012 1939 5085 jamdudum

223 5097 433 5159 Petrus
462 5100 691 5171 fuisset,
718 5107 776 5160 et
801 5117 978 5162 suum
1004 5103 1338 5177 frequenter
1363 5103 1729 5164 exhibuisset
1761 5120 1943 5163 sacer-

219 5190 345 5262 dos,
370 5206 719 5266 quanquam
766 5191 997 5267 timens,
1026 5199 1084 5252 et
1123 5192 1274 5250 nihil
1313 5208 1375 5252 se
1420 5193 1545 5252 vini
1587 5194 1938 5254 hausturum

218 5281 590 5351 existimans,
622 5281 877 5341 assiduis
916 5288 1107 5341 tamen
1136 5282 1380 5356 hospitis
1417 5284 1637 5358 egentis
1671 5284 1939 5359 precibus

218 5370 517 5441 incitatus,
543 5369 793 5430 contulit
822 5386 884 5430 se
912 5370 985 5429 ad
1013 5369 1238 5429 dolium
1278 5371 1676 5448 foramineque
1712 5372 1937 5432 recluso

219 5458 430 5518 vinum
463 5459 684 5518 hausit.
1618 5508 1635 5519 .η

284 5546 405 5607 Nec
435 5547 656 5605 minori
685 5546 798 5606 fuit
818 5546 1210 5619 admirationi,
1240 5563 1374 5607 cum
1402 5549 1494 5608 vir
1522 5550 1774 5624 insignis
1802 5551 1936 5625 qui-

220 5637 375 5711 dam,
403 5638 741 5715 opibusque
775 5654 842 5697 ac
875 5639 1060 5716 cepiis
1100 5636 1369 5713 affluens,
1406 5640 1510 5716 qui
1542 5640 1749 5700 diebus
1778 5641 1939 5701 festis

2094 4745 2226 4803 Pari
2275 4743 2615 4803 meritorum
2669 4739 2907 4811 virtute,
2937 4739 3112 4797 dante
3164 4737 3301 4810 Deo,
3327 4737 3731 4797 adolescentu—

2022 4834 2166 4900 lum.
2200 4849 2377 4908 quem
2431 4832 2504 4890 ad
2553 4829 2892 4906 episcopum
2946 4826 3260 4902 quemdam
3316 4825 3380 4883 in
3431 4822 3733 4897 negotium

2022 4923 2303 4995 mittebat,
2347 4921 2578 4996 trajecto
2629 4919 2892 4991 ﬂumine,
2927 4916 2991 4975 in
3034 4916 3176 4975 limo
3225 4915 3340 4974 alte
3390 4915 3729 4984 haerentem,

2020 5027 2156 5071 cum
2183 5011 2355 5071 illum
2385 5009 2718 5069 adolescens
2745 5008 3087 5079 invocasset,
3120 5004 3477 5063 incolumem
3503 5000 3730 5062 eduxit.

2019 5104 2282 5179 Cumque
2301 5101 2636 5162 adolescens
2666 5099 2804 5158 inde
2832 5096 3064 5170 longius
3092 5096 3166 5154 ad
3195 5095 3402 5155 urbem
3428 5099 3734 5169 provectus

2017 5209 2138 5252 non
2189 5192 2494 5267 reperisset
2536 5189 2889 5263 episcopum,
2931 5185 3004 5243 ab
3047 5184 3264 5257 juvene
3321 5184 3573 5261 episcopi
3628 5200 3735 5258 pa-

2019 5280 2203 5340 truele
2241 5283 2518 5353 exceptus
2547 5283 2650 5335 est.
2684 5276 2750 5333 In
2792 5276 2900 5333 hoc
2939 5276 3134 5333 tamen
3170 5272 3426 5332 defuisse
3455 5270 3733 5347 patruelis

2016 5368 2267 5444 episcopi
2310 5372 2396 5425 est
2438 5366 2624 5435 visus,
2678 5361 2832 5436 quod
2875 5361 3101 5420 cunctis
3157 5361 3506 5420 abeuntibus
3546 5360 3738 5420 adole-

2018 5454 2350 5517 scentulum
2380 5454 2442 5512 in
2473 5451 2745 5512 cubiculo
2774 5449 2985 5525 grandi
3013 5449 3204 5510 solum
3234 5449 3492 5524 reliquit.
3526 5448 3735 5520 Quam-

2018 5549 2214 5607 obrem
2267 5545 2317 5603 is
2367 5559 2578 5618 magno
2628 5548 2924 5618 correptus
2983 5540 3224 5613 timore,
3283 5548 3507 5602 noctem
3569 5539 3732 5597 illam

2019 5645 2194 5701 totam
2226 5638 2553 5698 insomnem
2590 5633 2779 5694 duxit.
2812 5633 3011 5710 Itaque
3039 5632 3287 5707 patrueli
3317 5631 3568 5706 episc0pi
3595 5629 3731 5688 dor-
