4088 6198
326 261 431 325 179

1247 258 1313 321 S.
1353 257 1644 321 PETRUS
1684 260 2079 324 DAMIANUS
2120 262 2181 323 S.
2221 263 2291 326 R.
2336 264 2407 327 E.‘
2446 262 2926 330 CARDINALIS.

3728 268 3834 327 180

324 386 535 449 mienti
579 384 785 447 Petrus
826 382 1095 445 Damiani
1144 381 1343 444 adesse
1396 384 1563 445 visus
1612 391 1716 461 est,
1765 387 1868 462 qui
1920 386 2098 452 acriA
2116 385 2491 462 occidentem,
2520 389 2816 449 transtulit
2850 390 2924 451 ad
2958 389 3243 452 orientem
3280 388 3482 459 solem,
3507 387 3613 449 ubi
3636 388 3699 447 in
3723 404 3833 465 pa-

326 478 500 540 vultu
528 476 828 547 minitans,
858 478 916 535 et
943 473 1275 550 objurgans,
1308 473 1461 548 quod
1499 475 1708 549 agresti
1743 477 2039 553 negligen-

329 571 411 632 tia
457 571 741 632 nuntium
791 581 963 629 suum
1020 565 1160 625 adeo
1213 564 1365 623 male
1416 564 1687 637 atl‘ecerit,
1740 567 2042 641 perterruit

328 677 466 722 eum
494 675 672 737 quam
698 656 976 717 maxime.
1012 656 1226 716 Somno
1247 655 1429 728 igitur
1454 657 1682 717 solutus
1710 662 2042 733 exspectare

330 750 476 810 dum
512 749 768 821 illuceat,
798 754 863 807 ut
894 745 1109 806 invisat
1146 746 1432 821 hospitem
1469 752 1804 825 quaeratque
1833 763 1900 807 ea
1928 746 2040 807 sibi

331 841 475 918 quid
502 839 756 911 vellent;
783 838 936 916 quod
967 853 1103 898 cum
1141 844 1291 898 esset
1337 838 1575 913 factum,
1603 846 1659 900 et
1684 856 1851 901 suam
1880 845 2041 903 uter-
2078 838 2079 841 “

333 947 449 1006 que
504 930 829 990 molestiam
881 935 1249 1002 enarrasset,
1300 927 1412 989 viri
1482 930 1664 989 sancti
1726 932 2040 1006 potentiam

331 1019 617 1091 admirati,
648 1018 923 1079 extollere
962 1019 1066 1079 Dei
1097 1018 1363 1093 gloriam,
1395 1019 1498 1094 qui
1526 1019 1599 1078 sit
1625 1020 1687 1079 in
1716 1020 1792 1079 iis
1815 1023 1918 1096 qui
1948 1022 2040 1081 illi

332 1124 409 1168 ex
458 1109 654 1169 animo
711 1109 975 1169 serviunt
1020 1108 1326 1168 mirabilis.
1371 1107 1531 1168 Adeo
1575 1113 1770 1169 autem
1826 1110 1935 1170 hac
1982 1127 2044 1171 re

329 1200 682 1275 adolescens,
713 1217 889 1276 quem
947 1200 1152 1261 Petrus
1192 1202 1446 1275 miserat,
1475 1208 1561 1260 est
1598 1209 1938 1275 commotus,
1979 1209 2043 1264 ut

326 1304 601 1351 reversus
645 1293 717 1351 ad
756 1292 991 1352 Petrum
1023 1290 1113 1351 illi
1138 1308 1200 1351 se
1230 1296 1413 1352 totum
1439 1294 1813 1366 commiserit,
1847 1295 2042 1355 brevi-

327 1398 443 1458 que
472 1388 599 1458 post
618 1383 835 1444 ibidem
863 1383 1161 1445 Cucullum
1192 1384 1472 1445 induerit.

398 1474 675 1549 Gregorio
722 1474 931 1535 deinde
987 1474 1230 1549 septimo
1286 1474 1587 1545 hortante,
1657 1490 1689 1533 e
1756 1476 2042 1551 legatione

329 1562 674 1625 Germanica
734 1579 1026 1633 reversus,
1074 1580 1176 1640 per
1227 1579 1461 1623 omnem
1524 1563 1769 1637 Italiam,
1823 1579 2042 1624 sacram

326 1652 582 1714 inediam
628 1658 684 1711 et
729 1654 994 1713 ciborum
1033 1652 1418 1730 jejunilatem,
1447 1652 1541 1712 die
1574 1653 1815 1713 Veneris
1841 1654 1905 1712 in
1934 1655 2043 1715 ho-

326 1758 533 1804 norem
571 1743 758 1803 crucis
792 1743 1080 1816 instituit,
1114 1759 1181 1801 ac
1211 1742 1406 1817 potius
1446 1742 1772 1819 antiquitus
1808 1742 2098 1831 institu-B

326 1840 467 1908 tam,
499 1840 556 1895 et
599 1836 720 1910 jam
746 1837 865 1895 fere
892 1835 1298 1907 oblitteratam,
1329 1834 1657 1906 revocavit;
1693 1833 1849 1907 quod
1886 1838 1940 1893 et
1970 1835 2041 1893 de

324 1926 577 1985 horariis
604 1926 895 2002 precibus,
928 1926 1146 2001 quibus
1191 1924 1450 2000 quotidie
1497 1923 1651 1983 divae
1687 1923 1887 1984 Mariae
1918 1924 2039 1985 vir-

325 2016 453 2089 gini
496 2016 869 2092 Christiparze
926 2015 1155 2074 debitus
1204 2015 1398 2074 cultus
1448 2014 1780 2083 exhibetur,
1821 2014 2039 2073 factum

326 2109 446 2177 est;
472 2106 763 2182 jussitque
788 2104 1053 2181 pontifex
1082 2104 1155 2163 ab
1185 2104 1480 2176 omnibus,
1511 2104 1614 2178 qui
1642 2103 1819 2163 sacris
1849 2110 2040 2164 essent

2122 479 2261 540 riete
2288 477 2500 541 Christi
2530 480 2690 541 cruci
2722 480 2951 541 subﬁxa
2987 481 3177 557 imago
3214 479 3365 556 picta
3401 479 3616 539 aderat.
3650 479 3837 540 Paulo

2121 572 2294 630 etiam
2338 576 2482 646 post,
2522 571 2674 633 alius
2718 574 3057 646 monachus,
3089 572 3187 633 cui
3223 572 3391 631 Petro
3432 578 3554 631 crat
3593 586 3833 639 nomen.

2120 660 2193 721 ad
2246 660 2577 724 coenobium
2648 662 2793 724 feria
2840 663 3048 740 quinta
3097 678 3431 737 regressus,
3490 676 3625 723 cum
3680 661 3838 720 nihil

2122 751 2313 810 adhuc
2344 756 2537 810 nosset
2568 750 2639 811 de
2690 752 2797 810 hac
2820 751 3039 825 inedia,
3071 756 3238 811 nocte
3282 767 3382 825 per
3427 750 3682 826 quietem
3722 748 3837 808 Pe—

2120 844 2275 900 trum
2305 840 2570 900 Damiani
2598 840 2766 911 vidit,
2801 839 2975 901 illum
3002 841 3075 901 ad
3103 839 3417 917 prandium
3460 839 3834 912 invitantem,

2121 947 2433 1008 secumque
2479 931 2935 992 accumbentem.
2974 931 3176 1005 Itaque
3218 930 3494 1006 postridie
3542 930 3840 1005 accipiens

2120 1023 2259 1084 novi
2310 1023 2456 1083 ritus
2509 1024 2899 1099 disciplinam,
2964 1023 3158 1098 lmtus,
3219 1027 3393 1097 atque
3447 1020 3680 1080 alacer:
3718 1021 3839 1096 Eu,

2126 1115 2340 1191 inquit,
2367 1115 2569 1176 divina
2605 1116 2811 1190 gratia,
2838 1115 3174 1191 prandium,
3204 1114 3276 1175 ad
3304 1112 3459 1189 quod
3488 1128 3583 1173 me
3628 1112 3838 1173 Petrus

2126 1204 2394 1264 Damiani
2422 1209 2736 1266 vocaverat.

2194 1293 2303 1353 His
2351 1296 2544 1353 autem
2596 1292 2771 1367 visis,
2825 1294 3097 1354 monachi
3146 1293 3240 1355 sui
3287 1307 3490 1353 omnes
3537 1292 3837 1365 commoti,

2124 1382 2227 1458 qui
2267 1383 2341 1443 ob
2375 1382 2433 1441 id
2485 1397 2718 1443 cernere
2759 1383 2945 1443 oculis
2989 1382 3163 1458 plane
3194 1381 3465 1442 divinum
3498 1381 3838 1441 institutum

2121 1474 2267 1535 illud
2292 1491 2420 1535 esse
2446 1475 2809 1547 videbantur,
2838 1474 2910 1534 ab
2938 1490 3008 1535 eo
3032 1474 3313 1548 ﬂagitant,
3347 1478 3413 1534 ut
3442 1471 3493 1531 si
3521 1470 3663 1546 quid
3692 1486 3843 1546 pras-

2125 1572 2273 1626 terea
2321 1566 2383 1624 in
2440 1566 2666 1641 reliquo
2727 1564 2910 1636 victu,
2948 1581 3015 1624 ac
3069 1563 3287 1625 vestitu
3333 1561 3839 1634 commutandum,

2123 1654 2548 1729 corrigendum,
2606 1653 3030 1715 detrahendum
3097 1658 3307 1729 putet;
3360 1652 3643 1724 detrahat,
3707 1666 3841 1710 oor-

2125 1745 2288 1817 rigat,
2321 1750 2654 1805 commutet.
2687 1742 3077 1814 Quamobrem
3132 1743 3318 1817 magis
3369 1742 3563 1801 adhuc
3609 1740 3715 1803 vili
3768 1757 3841 1803 ac

2122 1833 2373 1894 demisso
2421 1834 2596 1894 vestis
2634 1840 2807 1907 atque
2853 1832 3092 1893 habitus
3136 1847 3346 1906 genere
3402 1831 3686 1905 instituto,
3718 1846 3840 1891 non

2120 1925 2319 1984 minus
2366 1924 2735 1985 sermonibus
2792 1922 3062 1996 assiduis,
3109 1937 3287 1997 quam
3341 1921 3479 1984 vitm
3524 1920 3839 2001 exemplis,

2121 2031 2219 2076 eos
2244 2015 2315 2075 ad
2342 2015 2589 2075 ccelestis
2627 2015 2766 2075 vita)
2792 2016 3031 2090 prasmia
3065 2014 3362 2077 evehebat.

2194 2106 2318 2176 Quo
2374 2122 2510 2166 vero
2569 2110 2824 2181 tempore
2866 2105 3182 2168 cardinalis
3235 2105 3367 2179 fuit,
3399 2110 3455 2167 et
3513 2102 3841 2167 Ostiensem

322 2197 559 2271 initiati,
600 2198 693 2271 pie
730 2214 797 2256 ac
833 2203 1025 2256 sancte
1056 2196 1315 2271 quotidie
1354 2196 1692 2255 recitandas.
1730 2195 1898 2266 Quod
1934 2211 2041 2257 au-
2125 2195 2519 2269 episcopatum
2562 2196 2770 2270 tenuit,
2803 2193 3092 2271 quidquid
3144 2198 3458 2269 supererat,
3490 2193 3554 2253 in
3601 2197 3840 2266 egentes

324 2294 443 2348 tem
472 2289 544 2349 ad
576 2305 799 2349 sacram
829 2289 946 2348 diei
993 2288 1229 2348 Veneris
1250 2288 1313 2346 in
1339 2288 1621 2349 honorem
1653 2288 1848 2348 crucis
1871 2288 2040 2347 insti-
2124 2284 2426 2345 aﬂluenter
2467 2284 2788 2357 elfundere,
2818 2301 2893 2345 ex
2923 2285 3041 2345 illis
3068 2284 3374 2345 duodecim
3416 2284 3590 2361 pedes
3634 2299 3841 2359 perpe-

325 2384 511 2439 tutam
540 2396 607 2439 ac
629 2381 824 2455 potius
849 2383 1175 2439 revocatam
1212 2377 1471 2437 inediam
1497 2383 1733 2450 spectat,
1769 2380 2042 2454 quaedam
2126 2383 2224 2437 tuo
2259 2376 2517 2447 abluere,
2542 2375 2899 2452 epulumque
2950 2377 3235 2450 prabere,
3261 2382 3317 2437 et
3362 2381 3477 2436 tota
3536 2374 3676 2436 urbe
3725 2390 3841 2449 pu-

324 2467 397 2526 de
445 2469 589 2541 ipsa,
621 2483 756 2541 qum
786 2468 1176 2540 contigerunt,
1214 2465 1461 2525 minime
1504 2467 1821 2527 omittenda
1867 2469 2042 2530 duxi-
2125 2465 2298 2542 pillos
2335 2482 2402 2525 ac
2454 2466 2664 2526 viduas
2705 2466 3040 2541 perquirere
3087 2472 3142 2526 et
3193 2467 3419 2542 juvare.
3462 2465 3531 2527 In
3577 2465 3844 2525 eoenobio

328 2570 481 2616 mus.
512 2555 583 2615 In
625 2556 899 2616 cubiculo
946 2555 1179 2629 aegrotis
1222 2554 1430 2627 dicato,
1461 2571 1642 2616 senex
1678 2563 1800 2616 erat
1836 2573 2044 2619 mona-
2125 2570 2227 2630 per
2291 2554 2673 2629 quadraginta
2735 2554 3081 2631 quandoque
3130 2554 3254 2615 dies
3302 2551 3637 2614 comedebat
3685 2551 3843 2613 nihil

252 2674 253 2681 η
327 2649 497 2720 chus,
528 2646 646 2706 Leo
672 2645 934 2716 nomine,
967 2644 1070 2720 qui
1101 2644 1534 2705 continentibus
1566 2645 1855 2721 precibus,
1891 2647 2041 2722 vigi—
2126 2645 2280 2721 quod
2330 2653 2477 2704 esset
2519 2646 2641 2719 igni
2684 2650 2931 2717 coctum,
2988 2645 3089 2705 sed
3140 2651 3365 2705 tantum
3413 2644 3601 2719 pomis
3642 2644 3846 2703 crudis

328 2739 448 2813 liis,
473 2743 646 2814 atque
693 2736 1039 2798 abstinentia
1075 2753 1111 2796 a
1154 2737 1303 2809 cibo,
1327 2736 1585 2811 juvenili
1642 2753 1791 2813 pene
1838 2738 2043 2800 ardore
2124 2735 2342 2810 absque
2389 2735 2512 2795 ullo
2554 2740 2695 2809 potu
2739 2733 3096 2796 vescebatur.
3148 2733 3333 2809 Cujus
3380 2735 3467 2795 rei
3520 2733 3845 2808 discipulus

328 2830 611 2898 intentus,
640 2832 827 2898 nocte,
861 2842 995 2902 quae
1024 2826 1182 2886 diem
1205 2827 1519 2901 praecessit,
1552 2844 1669 2903 quo
1699 2828 1797 2888 die
1823 2830 1950 2889 haec
1978 2829 2041 2888 in
2123 2824 2271 2899 ejus,
2296 2824 2347 2883 is
2393 2824 2499 2899 qui
2553 2823 2890 2897 conscripsit
2920 2823 3070 2884 hanc
3104 2823 3308 2895 vitam,
3348 2824 3509 2883 testis
3538 2828 3645 2883 est.
3683 2820 3840 2881 Gon-

330 2918 615 2978 honorem
663 2917 851 2977 crucis
900 2932 1059 2977 sacra
1110 2917 1302 2977 inedia
1353 2918 1715 2978 instituenda
1764 2926 1904 2993 erat,
1939 2935 2043 2995 per
2124 2920 2389 2977 sueverat
2458 2913 2633 2974 etiam
2690 2914 2921 2974 diurnis
2991 2913 3236 2975 horariis
3299 2912 3567 2987 precibus
3595 2958 3614 2984 ,
3662 2918 3842 2987 atque

332 3006 589 3081 quietem
636 3005 784 3066 vidit
832 3006 1195 3081 frequentem
1238 3006 1657 3067 monachorum
1685 3012 2042 3069 conventum
2123 3004 2361 3080 hymnis
2410 3002 2741 3076 recitandis,
2770 3001 2921 3063 nulli
2963 3002 3153 3077 podio,
3186 3001 3537 3063 subselliove
3590 3001 3842 3073 haerere,

330 3096 398 3156 in
423 3094 660 3197 templo,
682 3096 786 3197 qui
820 3095 951 3155 alba
978 3094 1173 3156 induti
1201 3102 1378 3197 veste,
1406 3096 1772 3157 suavissimis
1802 3097 2098 3197 vocibusc
2123 3102 2180 3197 et
2224 3094 2395 3197 initio
2435 3095 2745 3197 utriusque
2789 3093 3410 3197 Quadragesimaa,.per
3450 3090 3710 3197 triduum
3724 3106 3845 3191 Ope-

331 3192 391 3246 et
421 3186 707 3262 predulci
734 3193 1028 3247 conventu
1073 3187 1379 3247 cantabant
1410 3206 1424 3248 :
1453 3190 1619 3246 Dulce
1647 3190 1879 3259 lignum,
1910 3181 2097 3246 αυτ-’⁸
2122 3186 2281 3245 nitus
2320 3185 2610 3246 abstinere
2652 3185 2800 3244 cibo.
2828 3184 2918 3243 Ad
2961 3184 3118 3259 quod
3162 3183 3516 3253 institutum,
3547 3181 3679 3241 licet
3720 3181 3845 3255 ipse

332 3293 418 3335 cu
450 3279 652 3344 clavos,
677 3282 735 3337 et
778 3292 915 3353 quas
942 3276 1154 3337 deinde
1181 3282 1527 3353 sequuntur.
1560 3278 1685 3348 Quo
1712 3280 1887 3338 etiam
1917 3279 2040 3339 loco
2121 3275 2419 3333 neminem
2456 3273 2648 3333 verbis
2684 3272 2975 3345 allexerit,
3004 3271 3357 3345 quihusdam
3406 3276 3600 3330 tamen
3640 3284 3845 3329 emno-

331 3379 470 3427 cum
515 3364 815 3427 comedere
855 3373 1253 3440 consuessent,
1280 3368 1531 3441 panibus
1566 3373 1889 3428 exstructas
1915 3384 2041 3428 esse
2122 3366 2252 3436 biis,
2284 3364 2342 3424 id
2367 3366 2493 3440 ejus
2517 3364 2784 3438 exemplo
2814 3363 3027 3423 deinde
3052 3362 3438 3433 servantibus,
3470 3360 3843 3420 vehementer

332 3470 566 3515 mensas
593 3456 983 3531 nitidissimis,
1001 3457 1358 3518 dulcissimis
1380 3464 1437 3517 et
1455 3458 2041 3536 sapidissimis,atque
2124 3455 2401 3528 laudavit,
2431 3470 2547 3529 quo
2582 3453 2922 3528 diligentius
2951 3458 3068 3513 toto
3095 3468 3163 3513 eo
3193 3452 3385 3513 triduo
3415 3453 3568 3512 intra
3592 3450 3845 3510 claustra

333 3546 489 3606 inter
514 3548 828 3609 monachos
856 3547 1121 3623 undique
1147 3547 1594 3621 discumbentes,
1625 3549 1819 3610 virum
1849 3550 2044 3609 maxi-
2126 3546 2377 3606 aenobii
2406 3547 2707 3606 silentium
2739 3550 3067 3606 servaretur
3096 3567 3111 3604 :
3147 3545 3463 3605 instituens
3490 3549 3561 3603 ut-
3579 3557 3654 3601 ne
3683 3540 3843 3615 quis,

333 3651 430 3696 me
478 3636 802 3712 speciosum
856 3652 923 3697 ac
969 3639 1383 3714 venerabilem,
1415 3640 1519 3715 qui
1551 3640 1847 3700 undenam
1888 3642 2045 3716 ejus-
2127 3643 2291 3696 extra
2335 3652 2628 3697 summam
2680 3636 3097 3708 necessitatem,
3128 3634 3514 3694 calceamenta
3552 3631 3844 3702 indueret,

336 3724 496 3786 modi
521 3741 719 3802 panes,
750 3742 1041 3804 nusquam
1071 3731 1146 3789 ad
1183 3729 1337 3789 diem
1368 3729 1501 3801 visi,
1540 3730 1835 3790 venissent
1863 3730 2047 3789 inter-
2127 3734 2441 3805 antequam
2493 3729 2743 3805 singulis
2792 3727 2998 3788 diebus
3049 3726 3287 3787 Davidis
3341 3741 3546 3786 omnes
3596 3722 3854 3799 psalmos

336 3824 612 3889 rogatus:
644 3818 720 3876 Hi
777 3827 932 3892 sunt,
972 3816 1186 3895 inquit,
1218 3834 1417 3894 panes,
1448 3821 1666 3895 quibus
1710 3819 1820 3879 ﬁlii
1866 3819 2047 3879 Israel
2131 3820 2517 3879 communiter
2587 3820 2990 3882 absolvissent.
3053 3815 3162 3879 Sed
3221 3817 3293 3877 de
3343 3815 3508 3875 Petro
3580 3809 3853 3873 Damiani

334 3916 551 3966 manna
595 3909 975 3983 percipientes
1006 3925 1039 3969 e
1062 3910 1229 3984 coelo,
1263 3911 1388 3970 aliti
1440 3917 1580 3971 sunt
1630 3912 1696 3971 in
1735 3910 2050 3971 solitudine
2133 3908 2412 3970 hactenus
2438 3908 2602 3968 satis.

336 3997 537 4068 (Exod.
573 4002 725 4068 XVI).
753 3996 857 4057 Vir
890 3997 1046 4058 idem
1088 4014 1350 4060 mensam
1378 3998 1620 4074 abbatis,
1651 4014 1783 4079 qua;
1823 4006 1943 4062 erat
1976 4000 2049 4062 ad

1797 4402 2384 4508 QUfEDAM

444 4628 592 4703 Qua
619 4632 711 4697 ad
736 4630 943 4697 vitam
975 4630 1362 4717 laudemque
1391 4632 1459 4696 Β.
1497 4633 1670 4697 Petri
1702 4632 2030 4696 Damiani
2051 4632 2411 4715 pertinent,
2443 4644 2522 4695 ex
2548 4628 2857 4710 gravibus
2880 4627 3301 4711 scriptoribus
3325 4627 3733 4713 deprompta.

1876 4836 2289 4849 Μ-

1068 4985 1079 4994 ”
1157 4997 1203 5058 Ι.
1962 5046 1979 5055 -
2056 4982 2346 5058 Dmentis
2399 4954 2771 5071 pervenisse,
2826 4993 3068 5056 libellus
3119 5006 3297 5069 quem
3352 4994 3549 5053 contra
3603 4990 3850 5066 quadri-

331 5114 390 5169 S.
421 5114 542 5188 Leo,
565 5115 640 5188 IX
680 5130 834 5188 papa
874 5114 988 5188 (_an.
1026 5110 1182 5188 1019)
1222 5127 1289 5165 ea:
1328 5112 1585 5188 monacho
1620 5111 1752 5188 prd.
1784 5113 1843 5168 S.
1875 5110 2043 5188 Bene-

405 5180 659 5257 dicti,jn
680 5180 940 5257 ίερἰετοῖίι
972 5185 1046 5241 ad
1076 5180 1193 5241 eum
1224 5185 1448 5257 scripta
1472 5198 1593 5254 quae
1615 5182 1740 5242 hab.
1772 5198 1956 5256 opusc.
1988 5183 2042 5255 7,

406 5260 534 5313 tom.
567 5256 650 5313 III
674 5254 908 5327 Operam
937 5258 1179 5329 ejusdem
1208 5256 1268 5315 S.
1299 5254 1556 5315 doctoris.

406 5364 532 5426 LEO
581 5366 903 5442 episcopus,
940 5381 1140 5427 servus
1190 5378 1492 5426 servorum
1549 5362 1676 5437 Dei,
1734 5363 1942 5424 dilecto
1987 5362 2050 5424 in

332 5454 562 5516 Christo
614 5451 736 5514 lilio
790 5454 986 5515 Perno
1055 5454 1332 5529 eremitze,
1389 5460 1621 5520 aeterna
1672 5451 2050 5515 beatitudinis

330 5546 635 5624 gaudium.
668 5545 759 5607 Ad
788 5545 1158 5623 splendidum
1196 5544 1434 5605 nitentis
1461 5544 1760 5621 pudicitiae
1792 5546 2045 5617 thorum,

330 5639 417 5699 ﬁli
474 5636 813 5700 charissime
845 5682 859 5711 ,
919 5634 1013 5712 pio
1080 5638 1441 5708 certamine,
1494 5636 1875 5697 intentionem
1933 5640 2047 5696 tum

2128 5088 2361 5150 modam
2409 5086 2658 5149 carnalis
2705 5084 3029 5161 contaginis
3080 5086 3403 5163 pollutione
3440 5086 3686 5145 honesto
3721 5082 3857 5159 qui-

2126 5179 2256 5241 dem
2290 5178 2458 5256 stylo,
2498 5176 2596 5237 sed
2627 5176 2943 5237 honestiori
2979 5177 3200 5237 ratioae
3236 5175 3488 5247 edidisti,
3522 5173 3858 5234 manifestis

2130 5268 2494 5330 documentis
2558 5266 2942 5327 commendat.
3004 5262 3303 5341 Subeglsti
3360 5264 3599 5342 quidem
3658 5262 3859 5323 carnis

2132 5359 2478 5431 barbariem,
2515 5356 2619 5434 qui
2663 5356 2746 5416 sic
2794 5356 3030 5416 erexistl
3084 5356 3390 5415 brachium
3450 5352 3689 5428 spiritus
3741 5352 3855 5411 ad-

2131 5465 2337 5509 versus
2370 5448 2682 5507 libidinum
2710 5446 3168 5506 obscaenitatem.
3197 5444 3267 5503 Et
3298 5449 3423 5518 post
3461 5442 3666 5502 multa.
3712 5439 3852 5515 Sed,

2130 5538 2218 5600 illi
2252 5538 2612 5610 charissima,
2646 5532 3111 5596 inenarrabiliter
3139 5532 3383 5609 gaudeo,
3412 5531 3549 5608 quia
3576 5529 3853 5605 exemplo

2130 5628 2587 5693 conversationis
2636 5624 2877 5687 instruis
2924 5621 3216 5701 quidquid
3272 5622 3521 5686 oratoria
3573 5621 3853 5682 iheultate
