  <div class='ocr_page' id='page_1' title='image "/cluster/home/n/w/nwhite01/storage/ocr_20150623/144/hvd.32044054760046/096.png"; bbox 0 0 4078 6202; ppageno 0'>
   <div class='ocr_carea' id='block_1_1' title="bbox 241 267 339 327">
    <p class='ocr_par' dir='ltr' id='par_1_1' title="bbox 241 267 339 327">
     <span class='ocr_line' id='line_1_1' title="bbox 241 267 339 327; baseline 0 0"><span class='ocrx_word' id='word_1_1' title='bbox 241 267 339 327; x_wconf 91' lang='grc'>181</span> 
     </span>
    </p>
   </div>
   <div class='ocr_carea' id='block_1_2' title="bbox 932 255 3059 338">
    <p class='ocr_par' dir='ltr' id='par_1_2' title="bbox 932 255 3059 338">
     <span class='ocr_line' id='line_1_2' title="bbox 932 255 3059 338; baseline -0.003 -14"><span class='ocrx_word' id='word_1_2' title='bbox 932 261 1515 326; x_wconf 82' lang='lat' dir='ltr'>PROLEGOMENA.</span> <span class='ocrx_word' id='word_1_3' title='bbox 1553 291 1623 307; x_wconf 86' lang='lat'>--</span> <span class='ocrx_word' id='word_1_4' title='bbox 1663 255 2127 338; x_wconf 79' lang='lat' dir='ltr'>TESTIMONIA</span> <span class='ocrx_word' id='word_1_5' title='bbox 2167 258 2263 320; x_wconf 90' lang='lat' dir='ltr'>DE</span> <span class='ocrx_word' id='word_1_6' title='bbox 2307 257 2366 322; x_wconf 82' lang='lat' dir='ltr'>S.</span> <span class='ocrx_word' id='word_1_7' title='bbox 2411 256 2654 321; x_wconf 80' lang='lat' dir='ltr'>PETRO</span> <span class='ocrx_word' id='word_1_8' title='bbox 2692 255 3059 318; x_wconf 82' lang='lat' dir='ltr'>DAMIANO.</span> 
     </span>
    </p>
   </div>
   <div class='ocr_carea' id='block_1_3' title="bbox 3649 256 3753 320">
    <p class='ocr_par' dir='ltr' id='par_1_3' title="bbox 3649 256 3753 320">
     <span class='ocr_line' id='line_1_3' title="bbox 3649 256 3753 320; baseline 0.019 -2"><span class='ocrx_word' id='word_1_9' title='bbox 3649 256 3753 320; x_wconf 73' lang='grc'>182</span> 
     </span>
    </p>
   </div>
   <div class='ocr_carea' id='block_1_4' title="bbox 223 383 2928 467">
    <p class='ocr_par' dir='ltr' id='par_1_4' title="bbox 223 383 2928 467">
     <span class='ocr_line' id='line_1_4' title="bbox 223 383 2928 467; baseline -0.003 -12"><span class='ocrx_word' id='word_1_10' title='bbox 223 392 494 455; x_wconf 75' lang='lat' dir='ltr'>docuisti.</span> <span class='ocrx_word' id='word_1_11' title='bbox 552 391 693 452; x_wconf 84' lang='lat' dir='ltr'>Plus</span> <span class='ocrx_word' id='word_1_12' title='bbox 746 397 834 452; x_wconf 90' lang='lat' dir='ltr'>est</span> <span class='ocrx_word' id='word_1_13' title='bbox 881 390 1042 452; x_wconf 88' lang='lat' dir='ltr'>enim</span> <span class='ocrx_word' id='word_1_14' title='bbox 1079 405 1251 467; x_wconf 87' lang='lat' dir='ltr'>opere</span> <span class='ocrx_word' id='word_1_15' title='bbox 1298 390 1522 461; x_wconf 88' lang='lat' dir='ltr'>docere,</span> <span class='ocrx_word' id='word_1_16' title='bbox 1573 404 1754 466; x_wconf 89' lang='lat' dir='ltr'>quam</span> <span class='ocrx_word' id='word_1_17' title='bbox 1789 403 1950 449; x_wconf 89' lang='lat' dir='ltr'>voce.</span> <span class='ocrx_word' id='word_1_18' title='bbox 1972 397 2025 459; x_wconf 83' lang='grc' dir='ltr'>Α</span> <span class='ocrx_word' id='word_1_19' title='bbox 2857 383 2928 446; x_wconf 90' lang='lat' dir='ltr'>V.</span> 
     </span>
    </p>
   </div>
   <div class='ocr_carea' id='block_1_5' title="bbox 226 479 1947 559">
    <p class='ocr_par' dir='ltr' id='par_1_5' title="bbox 226 479 1947 559">
     <span class='ocr_line' id='line_1_5' title="bbox 226 479 1947 559; baseline -0.003 -15"><span class='ocrx_word' id='word_1_20' title='bbox 226 484 602 559; x_wconf 83' lang='lat' dir='ltr'>Quapropter,</span> <span class='ocrx_word' id='word_1_21' title='bbox 635 487 870 544; x_wconf 89' lang='lat' dir='ltr'>auctore</span> <span class='ocrx_word' id='word_1_22' title='bbox 898 481 1309 558; x_wconf 88' lang='lat' dir='ltr'>Deo,palmam</span> <span class='ocrx_word' id='word_1_23' title='bbox 1334 480 1626 541; x_wconf 85' lang='lat' dir='ltr'>obtinebis</span> <span class='ocrx_word' id='word_1_24' title='bbox 1657 479 1947 551; x_wconf 75' lang='lat' dir='ltr'>victoriae;</span> 
     </span>
    </p>
   </div>
   <div class='ocr_carea' id='block_1_6' title="bbox 223 568 1951 643">
    <p class='ocr_par' dir='ltr' id='par_1_6' title="bbox 223 568 1951 643">
     <span class='ocr_line' id='line_1_6' title="bbox 223 568 1951 643; baseline -0.003 -11"><span class='ocrx_word' id='word_1_25' title='bbox 223 579 280 632; x_wconf 84' lang='lat' dir='ltr'>et</span> <span class='ocrx_word' id='word_1_26' title='bbox 325 588 464 632; x_wconf 87' lang='lat' dir='ltr'>cum</span> <span class='ocrx_word' id='word_1_27' title='bbox 502 571 632 641; x_wconf 87' lang='lat' dir='ltr'>Dei,</span> <span class='ocrx_word' id='word_1_28' title='bbox 667 578 723 631; x_wconf 90' lang='lat' dir='ltr'>et</span> <span class='ocrx_word' id='word_1_29' title='bbox 772 569 1033 643; x_wconf 83' lang='lat' dir='ltr'>Virginis</span> <span class='ocrx_word' id='word_1_30' title='bbox 1089 569 1237 628; x_wconf 89' lang='lat' dir='ltr'>Filio</span> <span class='ocrx_word' id='word_1_31' title='bbox 1287 568 1574 628; x_wconf 63' lang='lat' dir='ltr'>laetaberis</span> <span class='ocrx_word' id='word_1_32' title='bbox 1629 570 1692 628; x_wconf 91' lang='lat' dir='ltr'>iu</span> <span class='ocrx_word' id='word_1_33' title='bbox 1735 568 1951 626; x_wconf 68' lang='lat' dir='ltr'>cmlesti</span> 
     </span>
    </p>
   </div>
   <div class='ocr_carea' id='block_1_7' title="bbox 223 657 1952 736">
    <p class='ocr_par' dir='ltr' id='par_1_7' title="bbox 223 657 1952 736">
     <span class='ocr_line' id='line_1_7' title="bbox 223 657 1952 736; baseline -0.002 -15"><span class='ocrx_word' id='word_1_34' title='bbox 223 662 574 736; x_wconf 81' lang='lat' dir='ltr'>mansione;</span> <span class='ocrx_word' id='word_1_35' title='bbox 611 666 666 720; x_wconf 90' lang='lat' dir='ltr'>et</span> <span class='ocrx_word' id='word_1_36' title='bbox 717 665 796 720; x_wconf 90' lang='lat' dir='ltr'>tot</span> <span class='ocrx_word' id='word_1_37' title='bbox 821 659 1200 733; x_wconf 73' lang='lat' dir='ltr'>[mercedibus</span> <span class='ocrx_word' id='word_1_38' title='bbox 1244 657 1359 718; x_wconf 91' lang='lat' dir='ltr'>eris</span> <span class='ocrx_word' id='word_1_39' title='bbox 1400 658 1759 733; x_wconf 88' lang='lat' dir='ltr'>cumulatus,</span> <span class='ocrx_word' id='word_1_40' title='bbox 1808 663 1952 734; x_wconf 90' lang='lat' dir='ltr'>quot</span> 
     </span>
    </p>
   </div>
   <div class='ocr_carea' id='block_1_8' title="bbox 224 746 1950 827">
    <p class='ocr_par' dir='ltr' id='par_1_8' title="bbox 224 746 1950 827">
     <span class='ocr_line' id='line_1_8' title="bbox 224 746 1950 827; baseline 0 -17"><span class='ocrx_word' id='word_1_41' title='bbox 224 751 439 826; x_wconf 89' lang='lat' dir='ltr'>ereptis</span> <span class='ocrx_word' id='word_1_42' title='bbox 475 767 577 826; x_wconf 88' lang='lat' dir='ltr'>per</span> <span class='ocrx_word' id='word_1_43' title='bbox 615 756 668 810; x_wconf 89' lang='lat' dir='ltr'>te</span> <span class='ocrx_word' id='word_1_44' title='bbox 707 767 741 809; x_wconf 93' lang='lat' dir='ltr'>a</span> <span class='ocrx_word' id='word_1_45' title='bbox 785 749 1004 810; x_wconf 88' lang='lat' dir='ltr'>diaboli</span> <span class='ocrx_word' id='word_1_46' title='bbox 1030 748 1254 827; x_wconf 82' lang='lat' dir='ltr'>laqueis</span> <span class='ocrx_word' id='word_1_47' title='bbox 1280 747 1461 810; x_wconf 81' lang='lat' dir='ltr'>fueris</span> <span class='ocrx_word' id='word_1_48' title='bbox 1491 746 1861 824; x_wconf 85' lang='lat' dir='ltr'>constipatus,</span> <span class='ocrx_word' id='word_1_49' title='bbox 1893 755 1950 810; x_wconf 90' lang='lat' dir='ltr'>et</span> 
     </span>
    </p>
   </div>
   <div class='ocr_carea' id='block_1_9' title="bbox 225 839 1010 918">
    <p class='ocr_par' dir='ltr' id='par_1_9' title="bbox 225 839 1010 918">
     <span class='ocr_line' id='line_1_9' title="bbox 225 839 1010 918; baseline -0.001 -18"><span class='ocrx_word' id='word_1_50' title='bbox 225 839 658 918; x_wconf 89' lang='lat' dir='ltr'>quodammodo</span> <span class='ocrx_word' id='word_1_51' title='bbox 685 842 1010 901; x_wconf 89' lang='lat' dir='ltr'>coronatus.</span> 
     </span>
    </p>
   </div>
   <div class='ocr_carea' id='block_1_10' title="bbox 224 1022 1948 1098">
    <p class='ocr_par' dir='ltr' id='par_1_10' title="bbox 224 1022 1948 1098">
     <span class='ocr_line' id='line_1_10' title="bbox 224 1022 1948 1098; baseline 0.001 -18"><span class='ocrx_word' id='word_1_52' title='bbox 224 1024 552 1098; x_wconf 67' lang='lat' dir='ltr'>Alexander</span> <span class='ocrx_word' id='word_1_53' title='bbox 578 1027 631 1083; x_wconf 88' lang='grc' dir='ltr'><strong>Π</strong></span> <span class='ocrx_word' id='word_1_54' title='bbox 652 1041 808 1098; x_wconf 86' lang='lat' dir='ltr'>papa</span> <span class='ocrx_word' id='word_1_55' title='bbox 833 1027 950 1095; x_wconf 89' lang='lat' dir='ltr'>(an.</span> <span class='ocrx_word' id='word_1_56' title='bbox 985 1022 1170 1093; x_wconf 86' lang='lat'>1061),</span> <span class='ocrx_word' id='word_1_57' title='bbox 1193 1022 1260 1078; x_wconf 86' lang='lat' dir='ltr'>de</span> <span class='ocrx_word' id='word_1_58' title='bbox 1283 1023 1702 1094; x_wconf 71' lang='lat' dir='ltr'>religiosissima</span> <span class='ocrx_word' id='word_1_59' title='bbox 1720 1025 1948 1098; x_wconf 77' lang='lat' dir='ltr'>Patrum</span> 
     </span>
    </p>
   </div>
   <div class='ocr_carea' id='block_1_11' title="bbox 294 1097 1950 1169">
    <p class='ocr_par' dir='ltr' id='par_1_11' title="bbox 294 1097 1950 1169">
     <span class='ocr_line' id='line_1_11' title="bbox 294 1097 1950 1169; baseline -0.001 -15"><span class='ocrx_word' id='word_1_60' title='bbox 294 1097 771 1158; x_wconf 76' lang='lat' dir='ltr'>Benedictinorum</span> <span class='ocrx_word' id='word_1_61' title='bbox 794 1098 1022 1166; x_wconf 81' lang='lat' dir='ltr'>familia</span> <span class='ocrx_word' id='word_1_62' title='bbox 1069 1098 1269 1168; x_wconf 83' lang='lat' dir='ltr'>optime</span> <span class='ocrx_word' id='word_1_63' title='bbox 1326 1099 1572 1161; x_wconf 80' lang='lat' dir='ltr'>mer-itus,</span> <span class='ocrx_word' id='word_1_64' title='bbox 1601 1099 1662 1154; x_wconf 86' lang='lat' dir='ltr'>in</span> <span class='ocrx_word' id='word_1_65' title='bbox 1712 1097 1950 1169; x_wconf 87' lang='lat' dir='ltr'>quodam</span> 
     </span>
    </p>
   </div>
   <div class='ocr_carea' id='block_1_12' title="bbox 295 1169 1157 1242">
    <p class='ocr_par' dir='ltr' id='par_1_12' title="bbox 295 1169 1157 1242">
     <span class='ocr_line' id='line_1_12' title="bbox 295 1169 1157 1242; baseline -0.001 -17"><span class='ocrx_word' id='word_1_66' title='bbox 295 1185 396 1226; x_wconf 82' lang='lat' dir='ltr'>suo</span> <span class='ocrx_word' id='word_1_67' title='bbox 425 1170 742 1241; x_wconf 84' lang='lat' dir='ltr'>diplomate.</span> <span class='ocrx_word' id='word_1_68' title='bbox 774 1169 888 1242; x_wconf 83' lang='lat' dir='ltr'>Ap.</span> <span class='ocrx_word' id='word_1_69' title='bbox 918 1185 1002 1225; x_wconf 86' lang='lat' dir='ltr'>me</span> <span class='ocrx_word' id='word_1_70' title='bbox 1027 1184 1157 1225; x_wconf 84' lang='lat' dir='ltr'>mss.</span> 
     </span>
    </p>
   </div>
   <div class='ocr_carea' id='block_1_13' title="bbox 294 1257 1946 1336">
    <p class='ocr_par' dir='ltr' id='par_1_13' title="bbox 294 1257 1946 1336">
     <span class='ocr_line' id='line_1_13' title="bbox 294 1257 1946 1336; baseline -0.002 -15"><span class='ocrx_word' id='word_1_71' title='bbox 294 1261 675 1321; x_wconf 76' lang='lat' dir='ltr'><strong>ALEXANDER</strong></span> <span class='ocrx_word' id='word_1_72' title='bbox 725 1261 1047 1336; x_wconf 87' lang='lat' dir='ltr'>episcopus,</span> <span class='ocrx_word' id='word_1_73' title='bbox 1081 1273 1285 1319; x_wconf 90' lang='lat' dir='ltr'>servus</span> <span class='ocrx_word' id='word_1_74' title='bbox 1327 1273 1626 1318; x_wconf 87' lang='lat' dir='ltr'>servorum</span> <span class='ocrx_word' id='word_1_75' title='bbox 1668 1257 1790 1330; x_wconf 92' lang='lat' dir='ltr'>Dei,</span> <span class='ocrx_word' id='word_1_76' title='bbox 1819 1275 1946 1319; x_wconf 85' lang='lat' dir='ltr'>om-</span> 
     </span>
    </p>
   </div>
   <div class='ocr_carea' id='block_1_14' title="bbox 222 1347 1949 1433">
    <p class='ocr_par' dir='ltr' id='par_1_14' title="bbox 222 1347 1949 1433">
     <span class='ocr_line' id='line_1_14' title="bbox 222 1347 1949 1433; baseline 0 -25"><span class='ocrx_word' id='word_1_77' title='bbox 222 1349 404 1411; x_wconf 86' lang='lat' dir='ltr'>nibus</span> <span class='ocrx_word' id='word_1_78' title='bbox 432 1349 770 1426; x_wconf 90' lang='lat' dir='ltr'>eugubinis,</span> <span class='ocrx_word' id='word_1_79' title='bbox 804 1349 976 1424; x_wconf 90' lang='lat' dir='ltr'>clero,</span> <span class='ocrx_word' id='word_1_80' title='bbox 1007 1353 1064 1409; x_wconf 92' lang='lat' dir='ltr'>et</span> <span class='ocrx_word' id='word_1_81' title='bbox 1096 1348 1333 1424; x_wconf 88' lang='lat' dir='ltr'>populo,</span> <span class='ocrx_word' id='word_1_82' title='bbox 1366 1348 1642 1433; x_wconf 70' lang='lat' dir='ltr'>fidelibus</span> <span class='ocrx_word' id='word_1_83' title='bbox 1681 1347 1949 1408; x_wconf 83' lang='lat' dir='ltr'>videlicet</span> 
     </span>
    </p>
   </div>
   <div class='ocr_carea' id='block_1_15' title="bbox 221 1437 1948 1516">
    <p class='ocr_par' dir='ltr' id='par_1_15' title="bbox 221 1437 1948 1516">
     <span class='ocr_line' id='line_1_15' title="bbox 221 1437 1948 1516; baseline -0.002 -16"><span class='ocrx_word' id='word_1_84' title='bbox 221 1439 284 1500; x_wconf 90' lang='lat' dir='ltr'>S.</span> <span class='ocrx_word' id='word_1_85' title='bbox 319 1439 498 1512; x_wconf 90' lang='lat' dir='ltr'>Petri,</span> <span class='ocrx_word' id='word_1_86' title='bbox 530 1443 586 1499; x_wconf 88' lang='lat' dir='ltr'>et</span> <span class='ocrx_word' id='word_1_87' title='bbox 631 1440 831 1513; x_wconf 85' lang='lat' dir='ltr'>nostri,</span> <span class='ocrx_word' id='word_1_88' title='bbox 880 1438 1152 1514; x_wconf 86' lang='lat' dir='ltr'>salutem,</span> <span class='ocrx_word' id='word_1_89' title='bbox 1202 1443 1259 1499; x_wconf 93' lang='lat' dir='ltr'>et</span> <span class='ocrx_word' id='word_1_90' title='bbox 1295 1437 1664 1516; x_wconf 84' lang='lat' dir='ltr'>apostolicam</span> <span class='ocrx_word' id='word_1_91' title='bbox 1706 1437 1948 1498; x_wconf 89' lang='lat' dir='ltr'>benedi-</span> 
     </span>
    </p>
   </div>
   <div class='ocr_carea' id='block_1_16' title="bbox 223 1528 1944 1606">
    <p class='ocr_par' dir='ltr' id='par_1_16' title="bbox 223 1528 1944 1606">
     <span class='ocr_line' id='line_1_16' title="bbox 223 1528 1944 1606; baseline 0.001 -19"><span class='ocrx_word' id='word_1_92' title='bbox 223 1530 504 1589; x_wconf 89' lang='lat' dir='ltr'>ctionem.</span> <span class='ocrx_word' id='word_1_93' title='bbox 537 1528 666 1590; x_wconf 87' lang='lat' dir='ltr'>Non</span> <span class='ocrx_word' id='word_1_94' title='bbox 697 1530 924 1606; x_wconf 85' lang='lat' dir='ltr'>ignoret</span> <span class='ocrx_word' id='word_1_95' title='bbox 962 1535 1157 1589; x_wconf 87' lang='lat' dir='ltr'>sancta</span> <span class='ocrx_word' id='word_1_96' title='bbox 1185 1533 1374 1588; x_wconf 88' lang='lat' dir='ltr'>vestra</span> <span class='ocrx_word' id='word_1_97' title='bbox 1404 1530 1652 1600; x_wconf 84' lang='lat' dir='ltr'>devotio,</span> <span class='ocrx_word' id='word_1_98' title='bbox 1696 1528 1944 1589; x_wconf 90' lang='lat' dir='ltr'>dilectis-</span> 
     </span>
    </p>
   </div>
   <div class='ocr_carea' id='block_1_17' title="bbox 219 1619 1943 1697">
    <p class='ocr_par' dir='ltr' id='par_1_17' title="bbox 219 1619 1943 1697">
     <span class='ocr_line' id='line_1_17' title="bbox 219 1619 1943 1697; baseline 0.001 -19"><span class='ocrx_word' id='word_1_99' title='bbox 219 1619 360 1679; x_wconf 89' lang='lat' dir='ltr'>simi</span> <span class='ocrx_word' id='word_1_100' title='bbox 393 1619 618 1695; x_wconf 85' lang='lat' dir='ltr'>fratres,</span> <span class='ocrx_word' id='word_1_101' title='bbox 647 1626 700 1681; x_wconf 89' lang='lat' dir='ltr'>et</span> <span class='ocrx_word' id='word_1_102' title='bbox 725 1621 854 1692; x_wconf 83' lang='lat' dir='ltr'>ﬁlii,</span> <span class='ocrx_word' id='word_1_103' title='bbox 884 1620 1020 1697; x_wconf 87' lang='lat' dir='ltr'>quia</span> <span class='ocrx_word' id='word_1_104' title='bbox 1043 1620 1358 1680; x_wconf 87' lang='lat' dir='ltr'>Ecclesiam</span> <span class='ocrx_word' id='word_1_105' title='bbox 1381 1620 1708 1680; x_wconf 85' lang='lat' dir='ltr'>charissimi</span> <span class='ocrx_word' id='word_1_106' title='bbox 1728 1619 1943 1694; x_wconf 89' lang='lat' dir='ltr'>fratris,</span> 
     </span>
    </p>
   </div>
   <div class='ocr_carea' id='block_1_18' title="bbox 220 1710 1944 1789">
    <p class='ocr_par' dir='ltr' id='par_1_18' title="bbox 220 1710 1944 1789">
     <span class='ocr_line' id='line_1_18' title="bbox 220 1710 1944 1789; baseline 0.001 -20"><span class='ocrx_word' id='word_1_107' title='bbox 220 1714 274 1769; x_wconf 90' lang='lat' dir='ltr'>et</span> <span class='ocrx_word' id='word_1_108' title='bbox 301 1711 625 1789; x_wconf 88' lang='lat' dir='ltr'>coepiscopi</span> <span class='ocrx_word' id='word_1_109' title='bbox 655 1712 840 1772; x_wconf 89' lang='lat' dir='ltr'>nostri</span> <span class='ocrx_word' id='word_1_110' title='bbox 866 1710 1018 1772; x_wconf 90' lang='lat' dir='ltr'>Petri</span> <span class='ocrx_word' id='word_1_111' title='bbox 1051 1711 1342 1784; x_wconf 90' lang='lat' dir='ltr'>Damiani,</span> <span class='ocrx_word' id='word_1_112' title='bbox 1373 1711 1438 1770; x_wconf 93' lang='lat' dir='ltr'>in</span> <span class='ocrx_word' id='word_1_113' title='bbox 1468 1711 1533 1770; x_wconf 94' lang='lat' dir='ltr'>B.</span> <span class='ocrx_word' id='word_1_114' title='bbox 1565 1711 1739 1770; x_wconf 67' lang='lat' dir='ltr'>Luca}</span> <span class='ocrx_word' id='word_1_115' title='bbox 1765 1727 1944 1771; x_wconf 87' lang='lat' dir='ltr'>evan-</span> 
     </span>
    </p>
   </div>
   <div class='ocr_carea' id='block_1_19' title="bbox 220 1798 1943 1878">
    <p class='ocr_par' dir='ltr' id='par_1_19' title="bbox 220 1798 1943 1878">
     <span class='ocr_line' id='line_1_19' title="bbox 220 1798 1943 1878; baseline 0.002 -20"><span class='ocrx_word' id='word_1_116' title='bbox 220 1798 446 1875; x_wconf 74' lang='lat' dir='ltr'>gelistze</span> <span class='ocrx_word' id='word_1_117' title='bbox 474 1801 712 1870; x_wconf 88' lang='lat' dir='ltr'>nomine</span> <span class='ocrx_word' id='word_1_118' title='bbox 749 1805 1160 1876; x_wconf 86' lang='lat' dir='ltr'>consecratam,</span> <span class='ocrx_word' id='word_1_119' title='bbox 1192 1817 1300 1862; x_wconf 92' lang='lat' dir='ltr'>nos</span> <span class='ocrx_word' id='word_1_120' title='bbox 1331 1801 1393 1860; x_wconf 91' lang='lat' dir='ltr'>in</span> <span class='ocrx_word' id='word_1_121' title='bbox 1423 1799 1489 1861; x_wconf 93' lang='lat' dir='ltr'>B.</span> <span class='ocrx_word' id='word_1_122' title='bbox 1529 1799 1682 1860; x_wconf 90' lang='lat' dir='ltr'>Petri</span> <span class='ocrx_word' id='word_1_123' title='bbox 1715 1805 1943 1878; x_wconf 92' lang='lat' dir='ltr'>aposto-</span> 
     </span>
    </p>
   </div>
   <div class='ocr_carea' id='block_1_20' title="bbox 219 1890 1942 1970">
    <p class='ocr_par' dir='ltr' id='par_1_20' title="bbox 219 1890 1942 1970">
     <span class='ocr_line' id='line_1_20' title="bbox 219 1890 1942 1970; baseline 0.005 -22"><span class='ocrx_word' id='word_1_124' title='bbox 219 1890 418 1952; x_wconf 86' lang='lat' dir='ltr'>lorum</span> <span class='ocrx_word' id='word_1_125' title='bbox 453 1893 753 1970; x_wconf 88' lang='lat' dir='ltr'>principis,</span> <span class='ocrx_word' id='word_1_126' title='bbox 782 1899 1093 1970; x_wconf 89' lang='lat' dir='ltr'>uostraque</span> <span class='ocrx_word' id='word_1_127' title='bbox 1128 1895 1305 1956; x_wconf 86' lang='lat' dir='ltr'>tutela</span> <span class='ocrx_word' id='word_1_128' title='bbox 1335 1909 1402 1955; x_wconf 91' lang='lat' dir='ltr'>ac</span> <span class='ocrx_word' id='word_1_129' title='bbox 1440 1893 1774 1956; x_wconf 89' lang='lat' dir='ltr'>defensione</span> <span class='ocrx_word' id='word_1_130' title='bbox 1812 1911 1942 1956; x_wconf 90' lang='lat' dir='ltr'>sus-</span> 
     </span>
    </p>
   </div>
   <div class='ocr_carea' id='block_1_21' title="bbox 221 1986 1122 2119">
    <p class='ocr_par' dir='ltr' id='par_1_21' title="bbox 221 1986 1122 2119">
     <span class='ocr_line' id='line_1_21' title="bbox 221 1986 1122 2119; baseline 0.003 -75"><span class='ocrx_word' id='word_1_131' title='bbox 221 1986 509 2061; x_wconf 88' lang='lat' dir='ltr'>cepimus,</span> <span class='ocrx_word' id='word_1_132' title='bbox 539 1993 644 2047; x_wconf 92' lang='lat' dir='ltr'>etc.</span> <span class='ocrx_word' id='word_1_133' title='bbox 1037 2059 1122 2119; x_wconf 73' lang='lat' dir='ltr'>In</span> 
     </span>
    </p>
   </div>
   <div class='ocr_carea' id='block_1_22' title="bbox 215 2148 1940 2224">
    <p class='ocr_par' dir='ltr' id='par_1_22' title="bbox 215 2148 1940 2224">
     <span class='ocr_line' id='line_1_22' title="bbox 215 2148 1940 2224; baseline 0.002 -19"><span class='ocrx_word' id='word_1_134' title='bbox 215 2148 542 2224; x_wconf 75' lang='lat' dir='ltr'>Desiderius</span> <span class='ocrx_word' id='word_1_135' title='bbox 590 2150 760 2207; x_wconf 83' lang='lat' dir='ltr'>abbas</span> <span class='ocrx_word' id='word_1_136' title='bbox 819 2150 930 2224; x_wconf 87' lang='lat' dir='ltr'>(an.</span> <span class='ocrx_word' id='word_1_137' title='bbox 992 2149 1175 2220; x_wconf 78' lang='lat'>1062),</span> <span class='ocrx_word' id='word_1_138' title='bbox 1204 2150 1352 2206; x_wconf 82' lang='lat' dir='ltr'>sacri</span> <span class='ocrx_word' id='word_1_139' title='bbox 1395 2149 1622 2224; x_wconf 72' lang='lat' dir='ltr'>emnobii</span> <span class='ocrx_word' id='word_1_140' title='bbox 1673 2149 1747 2224; x_wconf 89' lang='lat' dir='ltr'>S._</span> <span class='ocrx_word' id='word_1_141' title='bbox 1772 2151 1940 2208; x_wconf 87' lang='lat' dir='ltr'>Bene-</span> 
     </span>
    </p>
   </div>
   <div class='ocr_carea' id='block_1_23' title="bbox 291 2221 1940 2294">
    <p class='ocr_par' dir='ltr' id='par_1_23' title="bbox 291 2221 1940 2294">
     <span class='ocr_line' id='line_1_23' title="bbox 291 2221 1940 2294; baseline 0.003 -17"><span class='ocrx_word' id='word_1_142' title='bbox 291 2222 433 2277; x_wconf 78' lang='lat' dir='ltr'>dicti</span> <span class='ocrx_word' id='word_1_143' title='bbox 495 2226 693 2279; x_wconf 82' lang='lat' dir='ltr'>montis</span> <span class='ocrx_word' id='word_1_144' title='bbox 753 2221 958 2290; x_wconf 82' lang='lat' dir='ltr'>Casini,</span> <span class='ocrx_word' id='word_1_145' title='bbox 1018 2225 1078 2282; x_wconf 91' lang='lat' dir='ltr'>S.</span> <span class='ocrx_word' id='word_1_146' title='bbox 1131 2225 1198 2280; x_wconf 90' lang='lat' dir='ltr'>R.</span> <span class='ocrx_word' id='word_1_147' title='bbox 1249 2225 1317 2280; x_wconf 87' lang='lat' dir='ltr'>E.</span> <span class='ocrx_word' id='word_1_148' title='bbox 1369 2223 1554 2294; x_wconf 83' lang='lat' dir='ltr'>presb.</span> <span class='ocrx_word' id='word_1_149' title='bbox 1613 2221 1765 2280; x_wconf 85' lang='lat' dir='ltr'>card.</span> <span class='ocrx_word' id='word_1_150' title='bbox 1847 2224 1940 2284; x_wconf 85' lang='lat' dir='ltr'>tit.</span> 
     </span>
    </p>
   </div>
   <div class='ocr_carea' id='block_1_24' title="bbox 293 2294 1939 2368">
    <p class='ocr_par' dir='ltr' id='par_1_24' title="bbox 293 2294 1939 2368">
     <span class='ocr_line' id='line_1_24' title="bbox 293 2294 1939 2368; baseline -0.001 -17"><span class='ocrx_word' id='word_1_151' title='bbox 293 2295 358 2351; x_wconf 92' lang='lat' dir='ltr'>S.</span> <span class='ocrx_word' id='word_1_152' title='bbox 392 2295 637 2361; x_wconf 63' lang='lat' dir='ltr'>Caeciliae,</span> <span class='ocrx_word' id='word_1_153' title='bbox 671 2299 769 2368; x_wconf 87' lang='lat' dir='ltr'>qui</span> <span class='ocrx_word' id='word_1_154' title='bbox 794 2299 927 2352; x_wconf 85' lang='lat' dir='ltr'>etB.</span> <span class='ocrx_word' id='word_1_155' title='bbox 965 2298 1153 2354; x_wconf 80' lang='lat' dir='ltr'>Victor</span> <span class='ocrx_word' id='word_1_156' title='bbox 1181 2296 1265 2353; x_wconf 85' lang='lat' dir='ltr'>IH</span> <span class='ocrx_word' id='word_1_157' title='bbox 1277 2309 1452 2368; x_wconf 84' lang='lat' dir='ltr'>papa,</span> <span class='ocrx_word' id='word_1_158' title='bbox 1483 2294 1579 2352; x_wconf 85' lang='lat' dir='ltr'>lib.</span> <span class='ocrx_word' id='word_1_159' title='bbox 1611 2304 1652 2352; x_wconf 91' lang='lat' dir='ltr'><strong>II</strong></span> <span class='ocrx_word' id='word_1_160' title='bbox 1678 2296 1939 2364; x_wconf 86' lang='lat' dir='ltr'>Dialogo-</span> 
     </span>
    </p>
   </div>
   <div class='ocr_carea' id='block_1_25' title="bbox 283 2371 1103 2441">
    <p class='ocr_par' dir='ltr' id='par_1_25' title="bbox 283 2371 1103 2441">
     <span class='ocr_line' id='line_1_25' title="bbox 283 2371 1103 2441; baseline 0.005 -19"><span class='ocrx_word' id='word_1_161' title='bbox 283 2382 414 2422; x_wconf 84' lang='lat' dir='ltr'>rum</span> <span class='ocrx_word' id='word_1_162' title='bbox 438 2382 680 2426; x_wconf 80' lang='lat' dir='ltr'>suorum.</span> <span class='ocrx_word' id='word_1_163' title='bbox 715 2371 830 2441; x_wconf 82' lang='lat' dir='ltr'>Ap.</span> <span class='ocrx_word' id='word_1_164' title='bbox 856 2385 942 2425; x_wconf 88' lang='lat' dir='ltr'>me</span> <span class='ocrx_word' id='word_1_165' title='bbox 970 2383 1103 2426; x_wconf 83' lang='lat' dir='ltr'>mss.</span> 
     </span>
    </p>
   </div>
   <div class='ocr_carea' id='block_1_26' title="bbox 291 2454 1940 2533">
    <p class='ocr_par' dir='ltr' id='par_1_26' title="bbox 291 2454 1940 2533">
     <span class='ocr_line' id='line_1_26' title="bbox 291 2454 1940 2533; baseline 0.002 -19"><span class='ocrx_word' id='word_1_166' title='bbox 291 2454 619 2516; x_wconf 80' lang='lat' dir='ltr'>Multorum</span> <span class='ocrx_word' id='word_1_167' title='bbox 680 2457 930 2518; x_wconf 88' lang='lat' dir='ltr'>fratrum</span> <span class='ocrx_word' id='word_1_168' title='bbox 994 2457 1324 2518; x_wconf 91' lang='lat' dir='ltr'>testimonio</span> <span class='ocrx_word' id='word_1_169' title='bbox 1373 2456 1552 2518; x_wconf 86' lang='lat' dir='ltr'>didici</span> <span class='ocrx_word' id='word_1_170' title='bbox 1606 2457 1753 2530; x_wconf 71' lang='lat' dir='ltr'>haec,</span> <span class='ocrx_word' id='word_1_171' title='bbox 1805 2473 1940 2533; x_wconf 76' lang='lat' dir='ltr'>qum</span> 
     </span>
    </p>
   </div>
   <div class='ocr_carea' id='block_1_27' title="bbox 217 2545 1940 2621">
    <p class='ocr_par' dir='ltr' id='par_1_27' title="bbox 217 2545 1940 2621">
     <span class='ocr_line' id='line_1_27' title="bbox 217 2545 1940 2621; baseline 0.002 -16"><span class='ocrx_word' id='word_1_172' title='bbox 217 2552 417 2606; x_wconf 84' lang='lat' dir='ltr'>nostro</span> <span class='ocrx_word' id='word_1_173' title='bbox 447 2547 646 2608; x_wconf 86' lang='lat' dir='ltr'>curavi</span> <span class='ocrx_word' id='word_1_174' title='bbox 693 2548 969 2609; x_wconf 80' lang='lat' dir='ltr'>adnotare</span> <span class='ocrx_word' id='word_1_175' title='bbox 1006 2546 1224 2621; x_wconf 90' lang='lat' dir='ltr'>libello,</span> <span class='ocrx_word' id='word_1_176' title='bbox 1255 2550 1311 2607; x_wconf 90' lang='lat' dir='ltr'>et</span> <span class='ocrx_word' id='word_1_177' title='bbox 1347 2545 1479 2607; x_wconf 91' lang='lat' dir='ltr'>licet</span> <span class='ocrx_word' id='word_1_178' title='bbox 1518 2547 1722 2608; x_wconf 82' lang='lat' dir='ltr'>Petrus</span> <span class='ocrx_word' id='word_1_179' title='bbox 1767 2564 1940 2608; x_wconf 85' lang='lat' dir='ltr'>vene-</span> 
     </span>
    </p>
   </div>
   <div class='ocr_carea' id='block_1_28' title="bbox 219 2636 1937 2716">
    <p class='ocr_par' dir='ltr' id='par_1_28' title="bbox 219 2636 1937 2716">
     <span class='ocr_line' id='line_1_28' title="bbox 219 2636 1937 2716; baseline 0.002 -19"><span class='ocrx_word' id='word_1_180' title='bbox 219 2636 424 2698; x_wconf 85' lang='lat' dir='ltr'>rabilis</span> <span class='ocrx_word' id='word_1_181' title='bbox 456 2639 738 2699; x_wconf 89' lang='lat' dir='ltr'>Ostiensis</span> <span class='ocrx_word' id='word_1_182' title='bbox 770 2642 1072 2716; x_wconf 90' lang='lat' dir='ltr'>episcopus</span> <span class='ocrx_word' id='word_1_183' title='bbox 1099 2641 1166 2699; x_wconf 93' lang='lat' dir='ltr'>iu</span> <span class='ocrx_word' id='word_1_184' title='bbox 1212 2655 1500 2713; x_wconf 88' lang='lat' dir='ltr'>sermone,</span> <span class='ocrx_word' id='word_1_185' title='bbox 1533 2655 1706 2715; x_wconf 87' lang='lat' dir='ltr'>quem</span> <span class='ocrx_word' id='word_1_186' title='bbox 1742 2641 1806 2700; x_wconf 90' lang='lat' dir='ltr'>in</span> <span class='ocrx_word' id='word_1_187' title='bbox 1846 2642 1937 2701; x_wconf 88' lang='lat' dir='ltr'>vi-</span> 
     </span>
    </p>
   </div>
   <div class='ocr_carea' id='block_1_29' title="bbox 217 2731 1935 2809">
    <p class='ocr_par' dir='ltr' id='par_1_29' title="bbox 217 2731 1935 2809">
     <span class='ocr_line' id='line_1_29' title="bbox 217 2731 1935 2809; baseline 0.002 -19"><span class='ocrx_word' id='word_1_188' title='bbox 217 2731 386 2806; x_wconf 83' lang='lat' dir='ltr'>giliis</span> <span class='ocrx_word' id='word_1_189' title='bbox 406 2731 474 2791; x_wconf 89' lang='lat' dir='ltr'>B.</span> <span class='ocrx_word' id='word_1_190' title='bbox 503 2733 567 2793; x_wconf 89' lang='lat' dir='ltr'>P.</span> <span class='ocrx_word' id='word_1_191' title='bbox 607 2733 904 2794; x_wconf 87' lang='lat' dir='ltr'>Benedicti</span> <span class='ocrx_word' id='word_1_192' title='bbox 932 2732 1244 2809; x_wconf 86' lang='lat' dir='ltr'>legendum</span> <span class='ocrx_word' id='word_1_193' title='bbox 1274 2731 1740 2794; x_wconf 90' lang='lat' dir='ltr'>luculentissime</span> <span class='ocrx_word' id='word_1_194' title='bbox 1775 2748 1935 2793; x_wconf 89' lang='lat' dir='ltr'>com-</span> 
     </span>
    </p>
   </div>
   <div class='ocr_carea' id='block_1_30' title="bbox 212 2821 1934 2900">
    <p class='ocr_par' dir='ltr' id='par_1_30' title="bbox 212 2821 1934 2900">
     <span class='ocr_line' id='line_1_30' title="bbox 212 2821 1934 2900; baseline 0.002 -18"><span class='ocrx_word' id='word_1_195' title='bbox 212 2821 432 2897; x_wconf 80' lang='lat' dir='ltr'>posuit,</span> <span class='ocrx_word' id='word_1_196' title='bbox 464 2823 524 2881; x_wconf 89' lang='lat' dir='ltr'>id</span> <span class='ocrx_word' id='word_1_197' title='bbox 576 2825 887 2899; x_wconf 85' lang='lat' dir='ltr'>eleganter,</span> <span class='ocrx_word' id='word_1_198' title='bbox 927 2825 1312 2900; x_wconf 89' lang='lat' dir='ltr'>decenterque</span> <span class='ocrx_word' id='word_1_199' title='bbox 1354 2825 1706 2897; x_wconf 90' lang='lat' dir='ltr'>inseruerit;</span> <span class='ocrx_word' id='word_1_200' title='bbox 1742 2831 1934 2885; x_wconf 90' lang='lat' dir='ltr'>tamen</span> 
     </span>
    </p>
   </div>
   <div class='ocr_carea' id='block_1_31' title="bbox 213 2910 1934 2992">
    <p class='ocr_par' dir='ltr' id='par_1_31' title="bbox 213 2910 1934 2992">
     <span class='ocr_line' id='line_1_31' title="bbox 213 2910 1934 2992; baseline 0.003 -23"><span class='ocrx_word' id='word_1_201' title='bbox 213 2910 371 2970; x_wconf 89' lang='lat' dir='ltr'>inter</span> <span class='ocrx_word' id='word_1_202' title='bbox 427 2919 634 2974; x_wconf 65' lang='lat' dir='ltr'>caetera</span> <span class='ocrx_word' id='word_1_203' title='bbox 683 2915 988 2990; x_wconf 88' lang='lat' dir='ltr'>miracula,</span> <span class='ocrx_word' id='word_1_204' title='bbox 1045 2928 1181 2992; x_wconf 63' lang='lat' dir='ltr'>quas</span> <span class='ocrx_word' id='word_1_205' title='bbox 1234 2914 1598 2989; x_wconf 89' lang='lat' dir='ltr'>omnipotens</span> <span class='ocrx_word' id='word_1_206' title='bbox 1653 2915 1806 2974; x_wconf 88' lang='lat' dir='ltr'>Deus</span> <span class='ocrx_word' id='word_1_207' title='bbox 1863 2914 1934 2975; x_wconf 91' lang='lat' dir='ltr'>ad</span> 
     </span>
    </p>
   </div>
   <div class='ocr_carea' id='block_1_32' title="bbox 213 3003 1786 3081">
    <p class='ocr_par' dir='ltr' id='par_1_32' title="bbox 213 3003 1786 3081">
     <span class='ocr_line' id='line_1_32' title="bbox 213 3003 1786 3081; baseline 0.003 -20"><span class='ocrx_word' id='word_1_208' title='bbox 213 3003 450 3064; x_wconf 86' lang='lat' dir='ltr'>laudem</span> <span class='ocrx_word' id='word_1_209' title='bbox 477 3007 572 3066; x_wconf 91' lang='lat' dir='ltr'>sui</span> <span class='ocrx_word' id='word_1_210' title='bbox 601 3007 882 3081; x_wconf 90' lang='lat' dir='ltr'>nominis,</span> <span class='ocrx_word' id='word_1_211' title='bbox 913 3012 1112 3068; x_wconf 88' lang='lat' dir='ltr'>nostra</span> <span class='ocrx_word' id='word_1_212' title='bbox 1139 3007 1312 3067; x_wconf 88' lang='lat' dir='ltr'>etiam</span> <span class='ocrx_word' id='word_1_213' title='bbox 1352 3005 1653 3081; x_wconf 84' lang='lat' dir='ltr'>memoria,</span> <span class='ocrx_word' id='word_1_214' title='bbox 1680 3013 1786 3067; x_wconf 88' lang='lat' dir='ltr'>etc.</span> 
     </span>
    </p>
   </div>
   <div class='ocr_carea' id='block_1_33' title="bbox 217 3186 1932 3259">
    <p class='ocr_par' dir='ltr' id='par_1_33' title="bbox 217 3186 1932 3259">
     <span class='ocr_line' id='line_1_33' title="bbox 217 3186 1932 3259; baseline 0.001 -14"><span class='ocrx_word' id='word_1_215' title='bbox 217 3186 318 3245; x_wconf 75' lang='lat' dir='ltr'>Leo</span> <span class='ocrx_word' id='word_1_216' title='bbox 370 3188 717 3246; x_wconf 78' lang='lat' dir='ltr'>Marsicanus</span> <span class='ocrx_word' id='word_1_217' title='bbox 752 3192 864 3258; x_wconf 87' lang='lat' dir='ltr'>(an.</span> <span class='ocrx_word' id='word_1_218' title='bbox 915 3187 1096 3259; x_wconf 90' lang='lat'>1088),</span> <span class='ocrx_word' id='word_1_219' title='bbox 1144 3191 1438 3248; x_wconf 83' lang='lat' dir='ltr'>monachus</span> <span class='ocrx_word' id='word_1_220' title='bbox 1493 3196 1545 3246; x_wconf 86' lang='lat' dir='ltr'>et</span> <span class='ocrx_word' id='word_1_221' title='bbox 1585 3191 1932 3246; x_wconf 82' lang='lat' dir='ltr'>bibliotheca-</span> 
     </span>
    </p>
   </div>
   <div class='ocr_carea' id='block_1_34' title="bbox 281 3263 1930 3328">
    <p class='ocr_par' dir='ltr' id='par_1_34' title="bbox 281 3263 1930 3328">
     <span class='ocr_line' id='line_1_34' title="bbox 281 3263 1930 3328; baseline 0.002 -12"><span class='ocrx_word' id='word_1_222' title='bbox 281 3264 403 3317; x_wconf 83' lang='lat' dir='ltr'>rius</span> <span class='ocrx_word' id='word_1_223' title='bbox 458 3265 606 3317; x_wconf 80' lang='lat' dir='ltr'>sacri</span> <span class='ocrx_word' id='word_1_224' title='bbox 654 3263 878 3318; x_wconf 71' lang='grc' dir='ltr'>ρωποι)ἰὶ</span> <span class='ocrx_word' id='word_1_225' title='bbox 931 3263 1260 3328; x_wconf 83' lang='lat' dir='ltr'>Casinensis,</span> <span class='ocrx_word' id='word_1_226' title='bbox 1314 3268 1620 3328; x_wconf 54' lang='lat' dir='ltr'>sanctaque</span> <span class='ocrx_word' id='word_1_227' title='bbox 1675 3266 1930 3320; x_wconf 60' lang='lat' dir='ltr'>Romane</span> 
     </span>
    </p>
   </div>
   <div class='ocr_carea' id='block_1_35' title="bbox 278 3334 1928 3409">
    <p class='ocr_par' dir='ltr' id='par_1_35' title="bbox 278 3334 1928 3409">
     <span class='ocr_line' id='line_1_35' title="bbox 278 3334 1928 3409; baseline 0.004 -22"><span class='ocrx_word' id='word_1_228' title='bbox 278 3335 538 3409; x_wconf 56' lang='lat' dir='ltr'>Ecclesiae</span> <span class='ocrx_word' id='word_1_229' title='bbox 605 3335 757 3409; x_wconf 65' lang='lat' dir='ltr'>card.</span> <span class='ocrx_word' id='word_1_230' title='bbox 837 3336 1002 3406; x_wconf 83' lang='lat' dir='ltr'>episc.</span> <span class='ocrx_word' id='word_1_231' title='bbox 1067 3336 1298 3394; x_wconf 86' lang='lat' dir='ltr'>Ostiens.</span> <span class='ocrx_word' id='word_1_232' title='bbox 1358 3353 1478 3409; x_wconf 84' lang='lat' dir='ltr'>cap.</span> <span class='ocrx_word' id='word_1_233' title='bbox 1533 3334 1670 3400; x_wconf 87' lang='lat'>101,</span> <span class='ocrx_word' id='word_1_234' title='bbox 1733 3336 1830 3394; x_wconf 80' lang='lat' dir='ltr'>lib.</span> <span class='ocrx_word' id='word_1_235' title='bbox 1885 3347 1928 3394; x_wconf 90' lang='lat' dir='ltr'>II</span> 
     </span>
    </p>
   </div>
   <div class='ocr_carea' id='block_1_36' title="bbox 277 3405 1924 3533">
    <p class='ocr_par' dir='ltr' id='par_1_36' title="bbox 277 3405 1924 3533">
     <span class='ocr_line' id='line_1_36' title="bbox 277 3405 1924 3533; baseline 0.001 -71"><span class='ocrx_word' id='word_1_236' title='bbox 277 3405 668 3533; x_wconf 50' lang='lat' dir='ltr'>Chrozz&#39;corum</span> <span class='ocrx_word' id='word_1_237' title='bbox 721 3405 1114 3465; x_wconf 83' lang='lat' dir='ltr'>Casinensium.</span> <span class='ocrx_word' id='word_1_238' title='bbox 1161 3409 1274 3480; x_wconf 74' lang='lat' dir='ltr'>Ap.</span> <span class='ocrx_word' id='word_1_239' title='bbox 1331 3405 1441 3464; x_wconf 48' lang='lat' dir='ltr'>me‘</span> <span class='ocrx_word' id='word_1_240' title='bbox 1462 3424 1591 3464; x_wconf 88' lang='lat' dir='ltr'>mss.</span> <span class='ocrx_word' id='word_1_241' title='bbox 1646 3423 1714 3463; x_wconf 71' lang='lat' dir='ltr'>ea:</span> <span class='ocrx_word' id='word_1_242' title='bbox 1767 3412 1924 3464; x_wconf 87' lang='lat' dir='ltr'>auto-</span> 
     </span>
     <span class='ocr_line' id='line_1_37' title="bbox 277 3491 508 3533; baseline 0.004 -1"><span class='ocrx_word' id='word_1_243' title='bbox 277 3491 414 3533; x_wconf 76' lang='lat' dir='ltr'>aran</span> <span class='ocrx_word' id='word_1_244' title='bbox 494 3524 508 3533; x_wconf 95' lang='lat'>.</span> 
     </span>
    </p>
   </div>
   <div class='ocr_carea' id='block_1_37' title="bbox 269 3491 508 3549">
    <p class='ocr_par' dir='ltr' id='par_1_37' title="bbox 269 3491 508 3549">
     <span class='ocr_line' id='line_1_38' title="bbox 269 3491 508 3549; baseline 0.017 -17"><span class='ocrx_word' id='word_1_245' title='bbox 269 3491 508 3549; x_wconf 81' lang='lat' dir='ltr'>grapno.</span> 
     </span>
    </p>
   </div>
   <div class='ocr_carea' id='block_1_38' title="bbox 270 3562 1924 3640">
    <p class='ocr_par' dir='ltr' id='par_1_38' title="bbox 270 3562 1924 3640">
     <span class='ocr_line' id='line_1_39' title="bbox 270 3562 1924 3640; baseline 0.003 -18"><span class='ocrx_word' id='word_1_246' title='bbox 270 3562 503 3624; x_wconf 84' lang='lat' dir='ltr'>Interea</span> <span class='ocrx_word' id='word_1_247' title='bbox 536 3565 849 3640; x_wconf 88' lang='lat' dir='ltr'>Gregorius</span> <span class='ocrx_word' id='word_1_248' title='bbox 874 3566 944 3624; x_wconf 92' lang='lat' dir='ltr'>de</span> <span class='ocrx_word' id='word_1_249' title='bbox 972 3564 1240 3626; x_wconf 81' lang='lat' dir='ltr'>Alberico</span> <span class='ocrx_word' id='word_1_250' title='bbox 1273 3565 1677 3627; x_wconf 89' lang='lat' dir='ltr'>Latereneusis</span> <span class='ocrx_word' id='word_1_251' title='bbox 1700 3572 1755 3625; x_wconf 89' lang='lat' dir='ltr'>et</span> <span class='ocrx_word' id='word_1_252' title='bbox 1784 3568 1924 3627; x_wconf 90' lang='lat' dir='ltr'>Tus-</span> 
     </span>
    </p>
   </div>
   <div class='ocr_carea' id='block_1_39' title="bbox 203 3653 1922 3732">
    <p class='ocr_par' dir='ltr' id='par_1_39' title="bbox 203 3653 1922 3732">
     <span class='ocr_line' id='line_1_40' title="bbox 203 3653 1922 3732; baseline 0.003 -22"><span class='ocrx_word' id='word_1_253' title='bbox 203 3653 544 3714; x_wconf 88' lang='lat' dir='ltr'>culauensis</span> <span class='ocrx_word' id='word_1_254' title='bbox 574 3670 785 3728; x_wconf 84' lang='lat' dir='ltr'>comes,</span> <span class='ocrx_word' id='word_1_255' title='bbox 816 3661 1106 3732; x_wconf 91' lang='lat' dir='ltr'>comperto</span> <span class='ocrx_word' id='word_1_256' title='bbox 1132 3656 1396 3716; x_wconf 85' lang='lat' dir='ltr'>Romano</span> <span class='ocrx_word' id='word_1_257' title='bbox 1425 3657 1714 3731; x_wconf 85' lang='lat' dir='ltr'>pontiﬁcis</span> <span class='ocrx_word' id='word_1_258' title='bbox 1738 3655 1922 3730; x_wconf 88' lang='lat' dir='ltr'>obitu,</span> 
     </span>
    </p>
   </div>
   <div class='ocr_carea' id='block_1_40' title="bbox 204 3745 1924 3823">
    <p class='ocr_par' dir='ltr' id='par_1_40' title="bbox 204 3745 1924 3823">
     <span class='ocr_line' id='line_1_41' title="bbox 204 3745 1924 3823; baseline 0.001 -19"><span class='ocrx_word' id='word_1_259' title='bbox 204 3745 420 3804; x_wconf 87' lang='lat' dir='ltr'>sociato</span> <span class='ocrx_word' id='word_1_260' title='bbox 451 3745 562 3805; x_wconf 83' lang='lat' dir='ltr'>sibi</span> <span class='ocrx_word' id='word_1_261' title='bbox 597 3745 839 3807; x_wconf 90' lang='lat' dir='ltr'>Girardo</span> <span class='ocrx_word' id='word_1_262' title='bbox 868 3747 938 3806; x_wconf 91' lang='lat' dir='ltr'>de</span> <span class='ocrx_word' id='word_1_263' title='bbox 971 3747 1176 3808; x_wconf 88' lang='lat' dir='ltr'>Galera</span> <span class='ocrx_word' id='word_1_264' title='bbox 1203 3754 1258 3808; x_wconf 93' lang='lat' dir='ltr'>et</span> <span class='ocrx_word' id='word_1_265' title='bbox 1295 3747 1694 3808; x_wconf 82' lang='lat' dir='ltr'>Romanorum</span> <span class='ocrx_word' id='word_1_266' title='bbox 1723 3754 1924 3823; x_wconf 84' lang='lat' dir='ltr'>poten-</span> 
     </span>
    </p>
   </div>
   <div class='ocr_carea' id='block_1_41' title="bbox 206 3835 1925 3914">
    <p class='ocr_par' dir='ltr' id='par_1_41' title="bbox 206 3835 1925 3914">
     <span class='ocr_line' id='line_1_42' title="bbox 206 3835 1925 3914; baseline 0.002 -22"><span class='ocrx_word' id='word_1_267' title='bbox 206 3835 358 3896; x_wconf 85' lang='lat' dir='ltr'>tium</span> <span class='ocrx_word' id='word_1_268' title='bbox 417 3836 662 3913; x_wconf 86' lang='lat' dir='ltr'>aliquot,</span> <span class='ocrx_word' id='word_1_269' title='bbox 718 3843 999 3898; x_wconf 90' lang='lat' dir='ltr'>nocturno</span> <span class='ocrx_word' id='word_1_270' title='bbox 1050 3843 1305 3914; x_wconf 92' lang='lat' dir='ltr'>tempore</span> <span class='ocrx_word' id='word_1_271' title='bbox 1358 3853 1514 3897; x_wconf 88' lang='lat' dir='ltr'>cum.</span> <span class='ocrx_word' id='word_1_272' title='bbox 1571 3843 1925 3895; x_wconf 88' lang='lat' dir='ltr'>armatorum</span> 
     </span>
    </p>
   </div>
   <div class='ocr_carea' id='block_1_42' title="bbox 207 3922 1926 4002">
    <p class='ocr_par' dir='ltr' id='par_1_42' title="bbox 207 3922 1926 4002">
     <span class='ocr_line' id='line_1_43' title="bbox 207 3922 1926 4002; baseline 0.002 -21"><span class='ocrx_word' id='word_1_273' title='bbox 207 3922 397 3985; x_wconf 85' lang='lat' dir='ltr'>turbis</span> <span class='ocrx_word' id='word_1_274' title='bbox 493 3925 769 3986; x_wconf 61' lang='lat' dir='ltr'>Ecclesiae</span> <span class='ocrx_word' id='word_1_275' title='bbox 839 3929 974 4002; x_wconf 87' lang='lat' dir='ltr'>jura</span> <span class='ocrx_word' id='word_1_276' title='bbox 1053 3929 1375 4002; x_wconf 87' lang='lat' dir='ltr'>pervadunt</span> <span class='ocrx_word' id='word_1_277' title='bbox 1429 3946 1443 3987; x_wconf 86' lang='lat'><strong>:</strong></span> <span class='ocrx_word' id='word_1_278' title='bbox 1513 3931 1568 3985; x_wconf 92' lang='lat' dir='ltr'>et</span> <span class='ocrx_word' id='word_1_279' title='bbox 1641 3925 1926 3985; x_wconf 88' lang='lat' dir='ltr'>Joannem</span> 
     </span>
    </p>
   </div>
   <div class='ocr_carea' id='block_1_43' title="bbox 212 4013 1926 4093">
    <p class='ocr_par' dir='ltr' id='par_1_43' title="bbox 212 4013 1926 4093">
     <span class='ocr_line' id='line_1_44' title="bbox 212 4013 1926 4093; baseline 0.002 -21"><span class='ocrx_word' id='word_1_280' title='bbox 212 4013 673 4077; x_wconf 84' lang='lat' dir='ltr'>Veliternensem</span> <span class='ocrx_word' id='word_1_281' title='bbox 727 4016 1078 4093; x_wconf 91' lang='lat' dir='ltr'>episcopum,</span> <span class='ocrx_word' id='word_1_282' title='bbox 1135 4017 1420 4077; x_wconf 84' lang='lat' dir='ltr'>Minelum</span> <span class='ocrx_word' id='word_1_283' title='bbox 1467 4022 1662 4092; x_wconf 88' lang='lat' dir='ltr'>postea</span> <span class='ocrx_word' id='word_1_284' title='bbox 1709 4032 1926 4092; x_wconf 88' lang='lat' dir='ltr'>cogno-</span> 
     </span>
    </p>
   </div>
   <div class='ocr_carea' id='block_1_44' title="bbox 210 4105 1926 4182">
    <p class='ocr_par' dir='ltr' id='par_1_44' title="bbox 210 4105 1926 4182">
     <span class='ocr_line' id='line_1_45' title="bbox 210 4105 1926 4182; baseline 0 -18"><span class='ocrx_word' id='word_1_285' title='bbox 210 4107 518 4180; x_wconf 89' lang='lat' dir='ltr'>minatum,</span> <span class='ocrx_word' id='word_1_286' title='bbox 571 4121 778 4182; x_wconf 88' lang='lat' dir='ltr'>papam</span> <span class='ocrx_word' id='word_1_287' title='bbox 817 4107 1198 4180; x_wconf 90' lang='lat' dir='ltr'>constituunt,</span> <span class='ocrx_word' id='word_1_288' title='bbox 1239 4106 1534 4166; x_wconf 90' lang='lat' dir='ltr'>Benedicti</span> <span class='ocrx_word' id='word_1_289' title='bbox 1568 4106 1806 4166; x_wconf 89' lang='lat' dir='ltr'>nomine</span> <span class='ocrx_word' id='word_1_290' title='bbox 1836 4105 1926 4165; x_wconf 91' lang='lat' dir='ltr'>illi</span> 
     </span>
    </p>
   </div>
   <div class='ocr_carea' id='block_1_45' title="bbox 209 4197 1926 4274">
    <p class='ocr_par' dir='ltr' id='par_1_45' title="bbox 209 4197 1926 4274">
     <span class='ocr_line' id='line_1_46' title="bbox 209 4197 1926 4274; baseline 0 -18"><span class='ocrx_word' id='word_1_291' title='bbox 209 4197 499 4274; x_wconf 82' lang='lat' dir='ltr'>imposito.</span> <span class='ocrx_word' id='word_1_292' title='bbox 534 4198 699 4270; x_wconf 89' lang='lat' dir='ltr'>Quod</span> <span class='ocrx_word' id='word_1_293' title='bbox 726 4215 860 4260; x_wconf 92' lang='lat' dir='ltr'>cum</span> <span class='ocrx_word' id='word_1_294' title='bbox 899 4199 1102 4259; x_wconf 86' lang='lat' dir='ltr'>Petrus</span> <span class='ocrx_word' id='word_1_295' title='bbox 1138 4197 1407 4258; x_wconf 91' lang='lat' dir='ltr'>Damiani</span> <span class='ocrx_word' id='word_1_296' title='bbox 1450 4199 1559 4272; x_wconf 88' lang='lat' dir='ltr'>(vir</span> <span class='ocrx_word' id='word_1_297' title='bbox 1594 4197 1764 4258; x_wconf 84' lang='lat' dir='ltr'>valde</span> <span class='ocrx_word' id='word_1_298' title='bbox 1793 4197 1926 4256; x_wconf 91' lang='lat' dir='ltr'>reli-</span> 
     </span>
    </p>
   </div>
   <div class='ocr_carea' id='block_1_46' title="bbox 203 4287 1923 4364">
    <p class='ocr_par' dir='ltr' id='par_1_46' title="bbox 203 4287 1923 4364">
     <span class='ocr_line' id='line_1_47' title="bbox 203 4287 1923 4364; baseline -0.001 -16"><span class='ocrx_word' id='word_1_299' title='bbox 203 4289 421 4363; x_wconf 86' lang='lat' dir='ltr'>giosus,</span> <span class='ocrx_word' id='word_1_300' title='bbox 451 4305 626 4364; x_wconf 90' lang='lat' dir='ltr'>quem</span> <span class='ocrx_word' id='word_1_301' title='bbox 671 4305 739 4350; x_wconf 90' lang='lat' dir='ltr'>eo</span> <span class='ocrx_word' id='word_1_302' title='bbox 765 4294 1016 4364; x_wconf 88' lang='lat' dir='ltr'>tempore</span> <span class='ocrx_word' id='word_1_303' title='bbox 1048 4287 1375 4363; x_wconf 88' lang='lat' dir='ltr'>Stephanus</span> <span class='ocrx_word' id='word_1_304' title='bbox 1408 4303 1554 4362; x_wconf 88' lang='lat' dir='ltr'>papa</span> <span class='ocrx_word' id='word_1_305' title='bbox 1585 4287 1923 4347; x_wconf 89' lang='lat' dir='ltr'>distractum</span> 
     </span>
    </p>
   </div>
   <div class='ocr_carea' id='block_1_47' title="bbox 201 4377 1922 4453">
    <p class='ocr_par' dir='ltr' id='par_1_47' title="bbox 201 4377 1922 4453">
     <span class='ocr_line' id='line_1_48' title="bbox 201 4377 1922 4453; baseline -0.001 -17"><span class='ocrx_word' id='word_1_306' title='bbox 201 4377 275 4436; x_wconf 90' lang='lat' dir='ltr'>ab</span> <span class='ocrx_word' id='word_1_307' title='bbox 326 4393 542 4450; x_wconf 89' lang='lat' dir='ltr'>eremo,</span> <span class='ocrx_word' id='word_1_308' title='bbox 596 4379 659 4438; x_wconf 92' lang='lat' dir='ltr'>in</span> <span class='ocrx_word' id='word_1_309' title='bbox 713 4377 962 4440; x_wconf 89' lang='lat' dir='ltr'>Ostiensi</span> <span class='ocrx_word' id='word_1_310' title='bbox 1011 4378 1267 4437; x_wconf 87' lang='lat' dir='ltr'>Ecclesia</span> <span class='ocrx_word' id='word_1_311' title='bbox 1310 4377 1642 4453; x_wconf 89' lang='lat' dir='ltr'>episcopum</span> <span class='ocrx_word' id='word_1_312' title='bbox 1692 4378 1922 4447; x_wconf 88' lang='lat' dir='ltr'>fecerat)</span> 
     </span>
    </p>
   </div>
   <div class='ocr_carea' id='block_1_48' title="bbox 2035 495 3751 566">
    <p class='ocr_par' dir='ltr' id='par_1_48' title="bbox 2035 495 3751 566">
     <span class='ocr_line' id='line_1_49' title="bbox 2035 495 3751 566; baseline -0.001 -11"><span class='ocrx_word' id='word_1_313' title='bbox 2035 496 2356 555; x_wconf 84' lang='lat' dir='ltr'>Lambertus</span> <span class='ocrx_word' id='word_1_314' title='bbox 2418 496 2970 564; x_wconf 82' lang='lat' dir='ltr'>Schafnaburgensis,</span> <span class='ocrx_word' id='word_1_315' title='bbox 3034 498 3332 554; x_wconf 81' lang='lat' dir='ltr'>monachus</span> <span class='ocrx_word' id='word_1_316' title='bbox 3381 495 3751 566; x_wconf 81' lang='lat' dir='ltr'>Hirfeldensis</span> 
     </span>
    </p>
   </div>
   <div class='ocr_carea' id='block_1_49' title="bbox 2108 569 3750 643">
    <p class='ocr_par' dir='ltr' id='par_1_49' title="bbox 2108 569 3750 643">
     <span class='ocr_line' id='line_1_50' title="bbox 2108 569 3750 643; baseline 0.001 -17"><span class='ocrx_word' id='word_1_317' title='bbox 2108 569 2226 627; x_wconf 86' lang='lat' dir='ltr'>0rd.</span> <span class='ocrx_word' id='word_1_318' title='bbox 2257 571 2317 626; x_wconf 93' lang='lat' dir='ltr'>S.</span> <span class='ocrx_word' id='word_1_319' title='bbox 2343 571 2642 643; x_wconf 71' lang='lat' dir='ltr'>Benedicti,</span> <span class='ocrx_word' id='word_1_320' title='bbox 2673 572 2737 643; x_wconf 68' lang='lat' dir='ltr'>in</span> <span class='ocrx_word' id='word_1_321' title='bbox 2758 570 3008 643; x_wconf 60' lang='lat' dir='ltr'>Historia</span> <span class='ocrx_word' id='word_1_322' title='bbox 3033 570 3100 626; x_wconf 82' lang='lat' dir='ltr'>de</span> <span class='ocrx_word' id='word_1_323' title='bbox 3124 570 3282 628; x_wconf 80' lang='lat' dir='ltr'>rebus</span> <span class='ocrx_word' id='word_1_324' title='bbox 3309 571 3476 643; x_wconf 84' lang='lat' dir='ltr'>gestis</span> <span class='ocrx_word' id='word_1_325' title='bbox 3526 569 3750 629; x_wconf 79' lang='lat' dir='ltr'>Germa-</span> 
     </span>
    </p>
   </div>
   <div class='ocr_carea' id='block_1_50' title="bbox 2107 639 2838 706">
    <p class='ocr_par' dir='ltr' id='par_1_50' title="bbox 2107 639 2838 706">
     <span class='ocr_line' id='line_1_51' title="bbox 2107 639 2838 706; baseline 0.004 -9"><span class='ocrx_word' id='word_1_326' title='bbox 2107 657 2318 706; x_wconf 83' lang='lat' dir='ltr'>norum,</span> <span class='ocrx_word' id='word_1_327' title='bbox 2353 639 2428 699; x_wconf 86' lang='lat' dir='ltr'>ad</span> <span class='ocrx_word' id='word_1_328' title='bbox 2463 659 2555 700; x_wconf 85' lang='lat' dir='ltr'>an.</span> <span class='ocrx_word' id='word_1_329' title='bbox 2589 641 2646 701; x_wconf 87' lang='lat' dir='ltr'>C.</span> <span class='ocrx_word' id='word_1_330' title='bbox 2683 639 2838 701; x_wconf 86' lang='lat'>1069.</span> 
     </span>
    </p>
   </div>
   <div class='ocr_carea' id='block_1_51' title="bbox 2105 747 3754 825">
    <p class='ocr_par' dir='ltr' id='par_1_51' title="bbox 2105 747 3754 825">
     <span class='ocr_line' id='line_1_52' title="bbox 2105 747 3754 825; baseline 0.004 -19"><span class='ocrx_word' id='word_1_331' title='bbox 2105 747 2457 809; x_wconf 86' lang='lat' dir='ltr'>Imminente</span> <span class='ocrx_word' id='word_1_332' title='bbox 2553 750 2677 824; x_wconf 85' lang='lat' dir='ltr'>jam</span> <span class='ocrx_word' id='word_1_333' title='bbox 2788 749 2898 821; x_wconf 88' lang='lat' dir='ltr'>die,</span> <span class='ocrx_word' id='word_1_334' title='bbox 2998 749 3101 825; x_wconf 91' lang='lat' dir='ltr'>qui</span> <span class='ocrx_word' id='word_1_335' title='bbox 3204 749 3520 811; x_wconf 88' lang='lat' dir='ltr'>scindendo</span> <span class='ocrx_word' id='word_1_336' title='bbox 3603 750 3754 825; x_wconf 85' lang='lat' dir='ltr'>regis</span> 
     </span>
    </p>
   </div>
   <div class='ocr_carea' id='block_1_52' title="bbox 2039 836 3753 913">
    <p class='ocr_par' dir='ltr' id='par_1_52' title="bbox 2039 836 3753 913">
     <span class='ocr_line' id='line_1_53' title="bbox 2039 836 3753 913; baseline 0.003 -18"><span class='ocrx_word' id='word_1_337' title='bbox 2039 836 2283 909; x_wconf 81' lang='lat' dir='ltr'>(Henrici</span> <span class='ocrx_word' id='word_1_338' title='bbox 2319 841 2400 898; x_wconf 88' lang='lat' dir='ltr'>HI</span> <span class='ocrx_word' id='word_1_339' title='bbox 2442 842 2569 913; x_wconf 87' lang='lat' dir='ltr'>post</span> <span class='ocrx_word' id='word_1_340' title='bbox 2616 839 2776 913; x_wconf 82' lang='lat' dir='ltr'>Imp.)</span> <span class='ocrx_word' id='word_1_341' title='bbox 2825 837 3095 913; x_wconf 87' lang='lat' dir='ltr'>conjugio</span> <span class='ocrx_word' id='word_1_342' title='bbox 3141 838 3329 900; x_wconf 88' lang='lat' dir='ltr'>dictus</span> <span class='ocrx_word' id='word_1_343' title='bbox 3373 839 3592 912; x_wconf 86' lang='lat' dir='ltr'>fuerat,</span> <span class='ocrx_word' id='word_1_344' title='bbox 3645 853 3753 900; x_wconf 79' lang='lat' dir='ltr'>rex</span> 
     </span>
    </p>
   </div>
   <div class='ocr_carea' id='block_1_53' title="bbox 2035 925 3752 1000">
    <p class='ocr_par' dir='ltr' id='par_1_53' title="bbox 2035 925 3752 1000">
     <span class='ocr_line' id='line_1_54' title="bbox 2035 925 3752 1000; baseline 0.003 -15"><span class='ocrx_word' id='word_1_345' title='bbox 2035 925 2392 999; x_wconf 88' lang='lat' dir='ltr'>Moguntiam</span> <span class='ocrx_word' id='word_1_346' title='bbox 2477 926 2739 986; x_wconf 89' lang='lat' dir='ltr'>concitus</span> <span class='ocrx_word' id='word_1_347' title='bbox 2822 927 3179 1000; x_wconf 83' lang='lat' dir='ltr'>properabat.</span> <span class='ocrx_word' id='word_1_348' title='bbox 3255 927 3325 986; x_wconf 90' lang='lat' dir='ltr'>Et</span> <span class='ocrx_word' id='word_1_349' title='bbox 3399 943 3529 987; x_wconf 90' lang='lat' dir='ltr'>ecce</span> <span class='ocrx_word' id='word_1_350' title='bbox 3601 925 3752 991; x_wconf 86' lang='lat' dir='ltr'>inter</span> 
     </span>
    </p>
   </div>
   <div class='ocr_carea' id='block_1_54' title="bbox 2033 1015 3749 1092">
    <p class='ocr_par' dir='ltr' id='par_1_54' title="bbox 2033 1015 3749 1092">
     <span class='ocr_line' id='line_1_55' title="bbox 2033 1015 3749 1092; baseline 0.002 -17"><span class='ocrx_word' id='word_1_351' title='bbox 2033 1015 2293 1076; x_wconf 90' lang='lat' dir='ltr'>eundum</span> <span class='ocrx_word' id='word_1_352' title='bbox 2352 1016 2625 1090; x_wconf 88' lang='lat' dir='ltr'>comperit</span> <span class='ocrx_word' id='word_1_353' title='bbox 2677 1017 2929 1090; x_wconf 88' lang='lat' dir='ltr'>legatum</span> <span class='ocrx_word' id='word_1_354' title='bbox 2979 1017 3132 1075; x_wconf 90' lang='lat' dir='ltr'>sedis</span> <span class='ocrx_word' id='word_1_355' title='bbox 3191 1019 3516 1092; x_wconf 56' lang='lat' dir='ltr'>apostolicae</span> <span class='ocrx_word' id='word_1_356' title='bbox 3573 1035 3749 1079; x_wconf 89' lang='lat' dir='ltr'>suum</span> 
     </span>
    </p>
   </div>
   <div class='ocr_carea' id='block_1_55' title="bbox 2033 1106 3752 1183">
    <p class='ocr_par' dir='ltr' id='par_1_55' title="bbox 2033 1106 3752 1183">
     <span class='ocr_line' id='line_1_56' title="bbox 2033 1106 3752 1183; baseline 0.003 -17"><span class='ocrx_word' id='word_1_357' title='bbox 2033 1106 2350 1182; x_wconf 70' lang='lat' dir='ltr'>Moguntite</span> <span class='ocrx_word' id='word_1_358' title='bbox 2400 1107 2718 1168; x_wconf 87' lang='lat' dir='ltr'>adventum</span> <span class='ocrx_word' id='word_1_359' title='bbox 2754 1106 3092 1181; x_wconf 68' lang='lat' dir='ltr'>praestolari,</span> <span class='ocrx_word' id='word_1_360' title='bbox 3123 1109 3227 1183; x_wconf 87' lang='lat' dir='ltr'>qui</span> <span class='ocrx_word' id='word_1_361' title='bbox 3271 1109 3579 1172; x_wconf 84' lang='lat' dir='ltr'>dissidium</span> <span class='ocrx_word' id='word_1_362' title='bbox 3621 1110 3752 1172; x_wconf 84' lang='lat' dir='ltr'>fieri</span> 
     </span>
    </p>
   </div>
   <div class='ocr_carea' id='block_1_56' title="bbox 2033 1195 3748 1274">
    <p class='ocr_par' dir='ltr' id='par_1_56' title="bbox 2033 1195 3748 1274">
     <span class='ocr_line' id='line_1_57' title="bbox 2033 1195 3748 1274; baseline 0.001 -19"><span class='ocrx_word' id='word_1_363' title='bbox 2033 1196 2353 1274; x_wconf 87' lang='lat' dir='ltr'>prohibeat,</span> <span class='ocrx_word' id='word_1_364' title='bbox 2409 1203 2464 1255; x_wconf 90' lang='lat' dir='ltr'>ct</span> <span class='ocrx_word' id='word_1_365' title='bbox 2515 1197 2778 1271; x_wconf 89' lang='lat' dir='ltr'>episcopo</span> <span class='ocrx_word' id='word_1_366' title='bbox 2840 1195 3185 1270; x_wconf 83' lang='lat' dir='ltr'>Moguntino</span> <span class='ocrx_word' id='word_1_367' title='bbox 3237 1198 3564 1272; x_wconf 65' lang='lat' dir='ltr'>apostolicae</span> <span class='ocrx_word' id='word_1_368' title='bbox 3618 1199 3748 1257; x_wconf 90' lang='lat' dir='ltr'>aui-</span> 
     </span>
    </p>
   </div>
   <div class='ocr_carea' id='block_1_57' title="bbox 2032 1286 3748 1362">
    <p class='ocr_par' dir='ltr' id='par_1_57' title="bbox 2032 1286 3748 1362">
     <span class='ocr_line' id='line_1_58' title="bbox 2032 1286 3748 1362; baseline 0.001 -18"><span class='ocrx_word' id='word_1_369' title='bbox 2032 1286 2455 1345; x_wconf 88' lang='lat' dir='ltr'>madversiouis</span> <span class='ocrx_word' id='word_1_370' title='bbox 2474 1288 2821 1344; x_wconf 88' lang='lat' dir='ltr'>sententiam</span> <span class='ocrx_word' id='word_1_371' title='bbox 2849 1286 3170 1359; x_wconf 89' lang='lat' dir='ltr'>minitetur,</span> <span class='ocrx_word' id='word_1_372' title='bbox 3196 1287 3348 1362; x_wconf 88' lang='lat' dir='ltr'>quod</span> <span class='ocrx_word' id='word_1_373' title='bbox 3370 1292 3486 1346; x_wconf 89' lang='lat' dir='ltr'>tam</span> <span class='ocrx_word' id='word_1_374' title='bbox 3510 1287 3748 1346; x_wconf 66' lang='lat' dir='ltr'>nefarias</span> 
     </span>
    </p>
   </div>
   <div class='ocr_carea' id='block_1_58' title="bbox 2033 1376 3864 1451">
    <p class='ocr_par' dir='ltr' id='par_1_58' title="bbox 2033 1376 3864 1451">
     <span class='ocr_line' id='line_1_59' title="bbox 2033 1376 3864 1451; baseline 0.001 -17"><span class='ocrx_word' id='word_1_375' title='bbox 2033 1376 2410 1450; x_wconf 88' lang='lat' dir='ltr'>separationis</span> <span class='ocrx_word' id='word_1_376' title='bbox 2462 1391 2522 1436; x_wconf 90' lang='lat' dir='ltr'>se</span> <span class='ocrx_word' id='word_1_377' title='bbox 2581 1381 2875 1437; x_wconf 89' lang='lat' dir='ltr'>auctorem</span> <span class='ocrx_word' id='word_1_378' title='bbox 2932 1377 3280 1451; x_wconf 88' lang='lat' dir='ltr'>promiserit.</span> <span class='ocrx_word' id='word_1_379' title='bbox 3336 1377 3748 1442; x_wconf 84' lang='lat' dir='ltr'>Consternatus</span> <span class='ocrx_word' id='word_1_380' title='bbox 3855 1418 3864 1426; x_wconf 76' lang='grc'><strong>-</strong></span> 
     </span>
    </p>
   </div>
   <div class='ocr_carea' id='block_1_59' title="bbox 2031 1465 3750 1543">
    <p class='ocr_par' dir='ltr' id='par_1_59' title="bbox 2031 1465 3750 1543">
     <span class='ocr_line' id='line_1_60' title="bbox 2031 1465 3750 1543; baseline 0.002 -19"><span class='ocrx_word' id='word_1_381' title='bbox 2031 1465 2208 1539; x_wconf 87' lang='lat' dir='ltr'>illico,</span> <span class='ocrx_word' id='word_1_382' title='bbox 2237 1467 2392 1542; x_wconf 91' lang='lat' dir='ltr'>quod</span> <span class='ocrx_word' id='word_1_383' title='bbox 2427 1483 2548 1527; x_wconf 92' lang='lat' dir='ltr'>rem</span> <span class='ocrx_word' id='word_1_384' title='bbox 2580 1467 2684 1527; x_wconf 92' lang='lat' dir='ltr'>diu</span> <span class='ocrx_word' id='word_1_385' title='bbox 2731 1474 3057 1543; x_wconf 84' lang='lat' dir='ltr'>exoptatam</span> <span class='ocrx_word' id='word_1_386' title='bbox 3097 1468 3440 1542; x_wconf 85' lang='lat' dir='ltr'>perdidisset</span> <span class='ocrx_word' id='word_1_387' title='bbox 3473 1478 3512 1527; x_wconf 85' lang='lat' dir='ltr'>a</span> <span class='ocrx_word' id='word_1_388' title='bbox 3556 1470 3750 1528; x_wconf 85' lang='lat' dir='ltr'>mani-</span> 
     </span>
    </p>
   </div>
   <div class='ocr_carea' id='block_1_60' title="bbox 2030 1557 3748 1634">
    <p class='ocr_par' dir='ltr' id='par_1_60' title="bbox 2030 1557 3748 1634">
     <span class='ocr_line' id='line_1_61' title="bbox 2030 1557 3748 1634; baseline 0.001 -17"><span class='ocrx_word' id='word_1_389' title='bbox 2030 1557 2160 1630; x_wconf 88' lang='lat' dir='ltr'>bus,</span> <span class='ocrx_word' id='word_1_390' title='bbox 2191 1557 2404 1632; x_wconf 87' lang='lat' dir='ltr'>pariter</span> <span class='ocrx_word' id='word_1_391' title='bbox 2449 1574 2567 1634; x_wconf 88' lang='lat' dir='ltr'>quo</span> <span class='ocrx_word' id='word_1_392' title='bbox 2609 1564 2847 1619; x_wconf 88' lang='lat' dir='ltr'>venerat</span> <span class='ocrx_word' id='word_1_393' title='bbox 2891 1559 2951 1617; x_wconf 91' lang='lat' dir='ltr'>in</span> <span class='ocrx_word' id='word_1_394' title='bbox 2994 1559 3316 1619; x_wconf 85' lang='lat' dir='ltr'>Saxouiam</span> <span class='ocrx_word' id='word_1_395' title='bbox 3360 1557 3550 1619; x_wconf 89' lang='lat' dir='ltr'>redire</span> <span class='ocrx_word' id='word_1_396' title='bbox 3586 1560 3748 1620; x_wconf 85' lang='lat' dir='ltr'>vole-</span> 
     </span>
    </p>
   </div>
   <div class='ocr_carea' id='block_1_61' title="bbox 2027 1646 3747 1725">
    <p class='ocr_par' dir='ltr' id='par_1_61' title="bbox 2027 1646 3747 1725">
     <span class='ocr_line' id='line_1_62' title="bbox 2027 1646 3747 1725; baseline 0.002 -19"><span class='ocrx_word' id='word_1_397' title='bbox 2027 1646 2142 1708; x_wconf 89' lang='lat' dir='ltr'>bat.</span> <span class='ocrx_word' id='word_1_398' title='bbox 2189 1649 2305 1708; x_wconf 81' lang='lat' dir='ltr'>Vix</span> <span class='ocrx_word' id='word_1_399' title='bbox 2365 1655 2422 1708; x_wconf 92' lang='lat' dir='ltr'>et</span> <span class='ocrx_word' id='word_1_400' title='bbox 2461 1665 2614 1725; x_wconf 65' lang='lat' dir='ltr'>aegre</span> <span class='ocrx_word' id='word_1_401' title='bbox 2656 1655 2850 1710; x_wconf 89' lang='lat' dir='ltr'>tamen</span> <span class='ocrx_word' id='word_1_402' title='bbox 2898 1650 3220 1710; x_wconf 90' lang='lat' dir='ltr'>amicorum</span> <span class='ocrx_word' id='word_1_403' title='bbox 3268 1649 3528 1709; x_wconf 89' lang='lat' dir='ltr'>consiliis</span> <span class='ocrx_word' id='word_1_404' title='bbox 3569 1665 3747 1724; x_wconf 86' lang='lat' dir='ltr'>supe—</span> 
     </span>
    </p>
   </div>
   <div class='ocr_carea' id='block_1_62' title="bbox 2029 1742 3748 1818">
    <p class='ocr_par' dir='ltr' id='par_1_62' title="bbox 2029 1742 3748 1818">
     <span class='ocr_line' id='line_1_63' title="bbox 2029 1742 3748 1818; baseline 0 -18"><span class='ocrx_word' id='word_1_405' title='bbox 2029 1746 2206 1813; x_wconf 85' lang='lat' dir='ltr'>ratus,</span> <span class='ocrx_word' id='word_1_406' title='bbox 2240 1760 2315 1802; x_wconf 92' lang='lat' dir='ltr'>ne</span> <span class='ocrx_word' id='word_1_407' title='bbox 2352 1743 2639 1818; x_wconf 91' lang='lat' dir='ltr'>principes</span> <span class='ocrx_word' id='word_1_408' title='bbox 2678 1744 2843 1818; x_wconf 86' lang='lat' dir='ltr'>regni</span> <span class='ocrx_word' id='word_1_409' title='bbox 2870 1742 3308 1816; x_wconf 89' lang='lat' dir='ltr'>frustrarentur,</span> <span class='ocrx_word' id='word_1_410' title='bbox 3341 1758 3488 1818; x_wconf 88' lang='lat' dir='ltr'>quos</span> <span class='ocrx_word' id='word_1_411' title='bbox 3520 1757 3748 1802; x_wconf 88' lang='lat' dir='ltr'>summa</span> 
     </span>
    </p>
   </div>
   <div class='ocr_carea' id='block_1_63' title="bbox 2025 1833 3746 1909">
    <p class='ocr_par' dir='ltr' id='par_1_63' title="bbox 2025 1833 3746 1909">
     <span class='ocr_line' id='line_1_64' title="bbox 2025 1833 3746 1909; baseline 0.001 -17"><span class='ocrx_word' id='word_1_412' title='bbox 2025 1833 2352 1909; x_wconf 86' lang='lat' dir='ltr'>frequentia</span> <span class='ocrx_word' id='word_1_413' title='bbox 2431 1835 2585 1908; x_wconf 88' lang='lat' dir='ltr'>sibi,</span> <span class='ocrx_word' id='word_1_414' title='bbox 2668 1833 2987 1908; x_wconf 70' lang='lat' dir='ltr'>Moguntina</span> <span class='ocrx_word' id='word_1_415' title='bbox 3065 1849 3372 1895; x_wconf 87' lang='lat' dir='ltr'>occurrere</span> <span class='ocrx_word' id='word_1_416' title='bbox 3445 1834 3746 1908; x_wconf 73' lang='lat' dir='ltr'>iussisset,</span> 
     </span>
    </p>
   </div>
   <div class='ocr_carea' id='block_1_64' title="bbox 2026 1922 3747 2000">
    <p class='ocr_par' dir='ltr' id='par_1_64' title="bbox 2026 1922 3747 2000">
     <span class='ocr_line' id='line_1_65' title="bbox 2026 1922 3747 2000; baseline -0.002 -15"><span class='ocrx_word' id='word_1_417' title='bbox 2026 1923 2446 1985; x_wconf 86' lang='lat' dir='ltr'>Francouefurt</span> <span class='ocrx_word' id='word_1_418' title='bbox 2493 1923 2636 1985; x_wconf 88' lang='lat' dir='ltr'>abiit</span> <span class='ocrx_word' id='word_1_419' title='bbox 2669 1942 2682 1984; x_wconf 90' lang='lat'><strong>:</strong></span> <span class='ocrx_word' id='word_1_420' title='bbox 2713 1924 2914 2000; x_wconf 88' lang='lat' dir='ltr'>ibique</span> <span class='ocrx_word' id='word_1_421' title='bbox 2959 1938 3073 1995; x_wconf 87' lang='lat' dir='ltr'>eos,</span> <span class='ocrx_word' id='word_1_422' title='bbox 3113 1925 3217 2000; x_wconf 89' lang='lat' dir='ltr'>qui</span> <span class='ocrx_word' id='word_1_423' title='bbox 3263 1922 3580 2000; x_wconf 72' lang='lat' dir='ltr'>Moguntiaa</span> <span class='ocrx_word' id='word_1_424' title='bbox 3617 1939 3747 1983; x_wconf 85' lang='lat' dir='ltr'>con-</span> 
     </span>
    </p>
   </div>
   <div class='ocr_carea' id='block_1_65' title="bbox 2025 2015 3746 2090">
    <p class='ocr_par' dir='ltr' id='par_1_65' title="bbox 2025 2015 3746 2090">
     <span class='ocr_line' id='line_1_66' title="bbox 2025 2015 3746 2090; baseline -0.001 -13"><span class='ocrx_word' id='word_1_425' title='bbox 2025 2021 2326 2090; x_wconf 89' lang='lat' dir='ltr'>venerant,</span> <span class='ocrx_word' id='word_1_426' title='bbox 2388 2020 2596 2078; x_wconf 89' lang='lat' dir='ltr'>statuto</span> <span class='ocrx_word' id='word_1_427' title='bbox 2651 2017 2746 2076; x_wconf 91' lang='lat' dir='ltr'>die</span> <span class='ocrx_word' id='word_1_428' title='bbox 2801 2017 2999 2076; x_wconf 86' lang='lat' dir='ltr'>adesse</span> <span class='ocrx_word' id='word_1_429' title='bbox 3036 2015 3229 2090; x_wconf 88' lang='lat' dir='ltr'>jussit.</span> <span class='ocrx_word' id='word_1_430' title='bbox 3277 2015 3401 2086; x_wconf 89' lang='lat' dir='ltr'>Quo</span> <span class='ocrx_word' id='word_1_431' title='bbox 3447 2015 3588 2076; x_wconf 92' lang='lat' dir='ltr'>dum</span> <span class='ocrx_word' id='word_1_432' title='bbox 3642 2017 3746 2077; x_wconf 92' lang='lat' dir='ltr'>fre-</span> 
     </span>
    </p>
   </div>
   <div class='ocr_carea' id='block_1_66' title="bbox 2025 2104 3746 2186">
    <p class='ocr_par' dir='ltr' id='par_1_66' title="bbox 2025 2104 3746 2186">
     <span class='ocr_line' id='line_1_67' title="bbox 2025 2104 3746 2186; baseline -0.003 -16"><span class='ocrx_word' id='word_1_433' title='bbox 2025 2114 2266 2186; x_wconf 88' lang='lat' dir='ltr'>quentes</span> <span class='ocrx_word' id='word_1_434' title='bbox 2313 2109 2627 2181; x_wconf 90' lang='lat' dir='ltr'>venissent,</span> <span class='ocrx_word' id='word_1_435' title='bbox 2665 2107 2868 2168; x_wconf 87' lang='lat' dir='ltr'>Petrus</span> <span class='ocrx_word' id='word_1_436' title='bbox 2905 2107 3221 2168; x_wconf 87' lang='lat' dir='ltr'>Damianus</span> <span class='ocrx_word' id='word_1_437' title='bbox 3261 2108 3329 2180; x_wconf 92' lang='lat' dir='ltr'>(is</span> <span class='ocrx_word' id='word_1_438' title='bbox 3367 2104 3590 2181; x_wconf 84' lang='lat' dir='ltr'>legatus</span> <span class='ocrx_word' id='word_1_439' title='bbox 3622 2110 3746 2165; x_wconf 90' lang='lat' dir='ltr'>erat</span> 
     </span>
    </p>
   </div>
   <div class='ocr_carea' id='block_1_67' title="bbox 2024 2197 3744 2277">
    <p class='ocr_par' dir='ltr' id='par_1_67' title="bbox 2024 2197 3744 2277">
     <span class='ocr_line' id='line_1_68' title="bbox 2024 2197 3744 2277; baseline -0.003 -17"><span class='ocrx_word' id='word_1_440' title='bbox 2024 2201 2177 2260; x_wconf 91' lang='lat' dir='ltr'>sedis</span> <span class='ocrx_word' id='word_1_441' title='bbox 2213 2200 2561 2277; x_wconf 82' lang='lat' dir='ltr'>apostolicae,</span> <span class='ocrx_word' id='word_1_442' title='bbox 2593 2198 2686 2258; x_wconf 92' lang='lat' dir='ltr'>vir</span> <span class='ocrx_word' id='word_1_443' title='bbox 2722 2202 2888 2259; x_wconf 68' lang='lat' dir='ltr'>aetate</span> <span class='ocrx_word' id='word_1_444' title='bbox 2926 2204 2981 2257; x_wconf 92' lang='lat' dir='ltr'>et</span> <span class='ocrx_word' id='word_1_445' title='bbox 3017 2198 3153 2258; x_wconf 82' lang='lat' dir='ltr'>vitae</span> <span class='ocrx_word' id='word_1_446' title='bbox 3182 2197 3512 2258; x_wconf 88' lang='lat' dir='ltr'>innocentia</span> <span class='ocrx_word' id='word_1_447' title='bbox 3550 2197 3744 2256; x_wconf 67' lang='lat' dir='ltr'>admoo</span> 
     </span>
    </p>
   </div>
   <div class='ocr_carea' id='block_1_68' title="bbox 2023 2285 3739 2362">
    <p class='ocr_par' dir='ltr' id='par_1_68' title="bbox 2023 2285 3739 2362">
     <span class='ocr_line' id='line_1_69' title="bbox 2023 2285 3739 2362; baseline -0.003 -13"><span class='ocrx_word' id='word_1_448' title='bbox 2023 2290 2164 2349; x_wconf 92' lang='lat' dir='ltr'>dum</span> <span class='ocrx_word' id='word_1_449' title='bbox 2212 2287 2587 2356; x_wconf 87' lang='lat' dir='ltr'>reverendus)</span> <span class='ocrx_word' id='word_1_450' title='bbox 2616 2286 2889 2346; x_wconf 89' lang='lat' dir='ltr'>mandata</span> <span class='ocrx_word' id='word_1_451' title='bbox 2935 2287 3206 2362; x_wconf 85' lang='lat' dir='ltr'>exposuit</span> <span class='ocrx_word' id='word_1_452' title='bbox 3254 2285 3503 2346; x_wconf 79' lang='lat' dir='ltr'>Romani</span> <span class='ocrx_word' id='word_1_453' title='bbox 3547 2285 3739 2359; x_wconf 88' lang='lat' dir='ltr'>ponti-</span> 
     </span>
    </p>
   </div>
   <div class='ocr_carea' id='block_1_69' title="bbox 2025 2376 3828 2456">
    <p class='ocr_par' dir='ltr' id='par_1_69' title="bbox 2025 2376 3828 2456">
     <span class='ocr_line' id='line_1_70' title="bbox 2025 2376 3828 2456; baseline -0.003 -17"><span class='ocrx_word' id='word_1_454' title='bbox 2025 2382 2147 2440; x_wconf 84' lang='lat' dir='ltr'>ﬁcis</span> <span class='ocrx_word' id='word_1_455' title='bbox 2179 2426 2193 2453; x_wconf 94' lang='lat'>,</span> <span class='ocrx_word' id='word_1_456' title='bbox 2254 2381 2567 2455; x_wconf 89' lang='lat' dir='ltr'>pessimam</span> <span class='ocrx_word' id='word_1_457' title='bbox 2617 2396 2740 2438; x_wconf 90' lang='lat' dir='ltr'>rem</span> <span class='ocrx_word' id='word_1_458' title='bbox 2770 2426 2787 2451; x_wconf 91' lang='lat'>,</span> <span class='ocrx_word' id='word_1_459' title='bbox 2841 2383 2898 2438; x_wconf 93' lang='lat' dir='ltr'>et</span> <span class='ocrx_word' id='word_1_460' title='bbox 2943 2379 3017 2437; x_wconf 89' lang='lat' dir='ltr'>ab</span> <span class='ocrx_word' id='word_1_461' title='bbox 3072 2379 3312 2437; x_wconf 90' lang='lat' dir='ltr'>nomine</span> <span class='ocrx_word' id='word_1_462' title='bbox 3365 2376 3739 2449; x_wconf 89' lang='lat' dir='ltr'>Christiano,</span> <span class='ocrx_word' id='word_1_463' title='bbox 3825 2451 3828 2456; x_wconf 94' lang='lat'><em>_</em></span> 
     </span>
    </p>
   </div>
   <div class='ocr_carea' id='block_1_70' title="bbox 2020 2468 3740 2544">
    <p class='ocr_par' dir='ltr' id='par_1_70' title="bbox 2020 2468 3740 2544">
     <span class='ocr_line' id='line_1_71' title="bbox 2020 2468 3740 2544; baseline -0.002 -15"><span class='ocrx_word' id='word_1_464' title='bbox 2020 2471 2240 2531; x_wconf 89' lang='lat' dir='ltr'>nedum</span> <span class='ocrx_word' id='word_1_465' title='bbox 2283 2471 2356 2530; x_wconf 87' lang='lat' dir='ltr'>ab</span> <span class='ocrx_word' id='word_1_466' title='bbox 2405 2471 2562 2544; x_wconf 89' lang='lat' dir='ltr'>regio</span> <span class='ocrx_word' id='word_1_467' title='bbox 2610 2468 2860 2530; x_wconf 90' lang='lat' dir='ltr'>multum</span> <span class='ocrx_word' id='word_1_468' title='bbox 2911 2469 3318 2527; x_wconf 90' lang='lat' dir='ltr'>abhorrentem</span> <span class='ocrx_word' id='word_1_469' title='bbox 3363 2483 3509 2539; x_wconf 91' lang='lat' dir='ltr'>esse,</span> <span class='ocrx_word' id='word_1_470' title='bbox 3562 2483 3740 2540; x_wconf 90' lang='lat' dir='ltr'>quam</span> 
     </span>
    </p>
   </div>
   <div class='ocr_carea' id='block_1_71' title="bbox 2021 2554 3740 2631">
    <p class='ocr_par' dir='ltr' id='par_1_71' title="bbox 2021 2554 3740 2631">
     <span class='ocr_line' id='line_1_72' title="bbox 2021 2554 3740 2631; baseline -0.002 -11"><span class='ocrx_word' id='word_1_471' title='bbox 2021 2560 2314 2622; x_wconf 89' lang='lat' dir='ltr'>moliatur.</span> <span class='ocrx_word' id='word_1_472' title='bbox 2352 2559 2415 2621; x_wconf 91' lang='lat' dir='ltr'>Si</span> <span class='ocrx_word' id='word_1_473' title='bbox 2460 2559 2658 2619; x_wconf 90' lang='lat' dir='ltr'>minus</span> <span class='ocrx_word' id='word_1_474' title='bbox 2700 2557 2978 2618; x_wconf 87' lang='lat' dir='ltr'>humanis</span> <span class='ocrx_word' id='word_1_475' title='bbox 3012 2555 3260 2631; x_wconf 86' lang='lat' dir='ltr'>legibus,</span> <span class='ocrx_word' id='word_1_476' title='bbox 3307 2554 3403 2617; x_wconf 91' lang='lat' dir='ltr'>vel</span> <span class='ocrx_word' id='word_1_477' title='bbox 3445 2572 3740 2618; x_wconf 84' lang='lat' dir='ltr'>canonum</span> 
     </span>
    </p>
   </div>
   <div class='ocr_carea' id='block_1_72' title="bbox 2021 2645 3740 2724">
    <p class='ocr_par' dir='ltr' id='par_1_72' title="bbox 2021 2645 3740 2724">
     <span class='ocr_line' id='line_1_73' title="bbox 2021 2645 3740 2724; baseline -0.002 -14"><span class='ocrx_word' id='word_1_478' title='bbox 2021 2651 2422 2711; x_wconf 86' lang='lat' dir='ltr'>sanctionibus</span> <span class='ocrx_word' id='word_1_479' title='bbox 2480 2653 2809 2724; x_wconf 86' lang='lat' dir='ltr'>terreretur,</span> <span class='ocrx_word' id='word_1_480' title='bbox 2862 2653 3118 2724; x_wconf 87' lang='lat' dir='ltr'>parceret</span> <span class='ocrx_word' id='word_1_481' title='bbox 3175 2645 3380 2707; x_wconf 90' lang='lat' dir='ltr'>saltem</span> <span class='ocrx_word' id='word_1_482' title='bbox 3429 2646 3621 2721; x_wconf 72' lang='lat' dir='ltr'>fatum,</span> <span class='ocrx_word' id='word_1_483' title='bbox 3684 2653 3740 2707; x_wconf 90' lang='lat' dir='ltr'>et</span> 
     </span>
    </p>
   </div>
   <div class='ocr_carea' id='block_1_73' title="bbox 2019 2739 3736 2818">
    <p class='ocr_par' dir='ltr' id='par_1_73' title="bbox 2019 2739 3736 2818">
     <span class='ocr_line' id='line_1_74' title="bbox 2019 2739 3736 2818; baseline -0.003 -16"><span class='ocrx_word' id='word_1_484' title='bbox 2019 2742 2443 2803; x_wconf 82' lang='lat' dir='ltr'>existimationi</span> <span class='ocrx_word' id='word_1_485' title='bbox 2470 2743 2718 2818; x_wconf 75' lang='lat' dir='ltr'>propriae</span> <span class='ocrx_word' id='word_1_486' title='bbox 2739 2761 2755 2814; x_wconf 84' lang='lat'><strong>;</strong></span> <span class='ocrx_word' id='word_1_487' title='bbox 2785 2757 2862 2801; x_wconf 91' lang='lat' dir='ltr'>ne</span> <span class='ocrx_word' id='word_1_488' title='bbox 2899 2739 3116 2800; x_wconf 84' lang='lat' dir='ltr'>scilicet</span> <span class='ocrx_word' id='word_1_489' title='bbox 3149 2744 3266 2799; x_wconf 88' lang='lat' dir='ltr'>tam</span> <span class='ocrx_word' id='word_1_490' title='bbox 3304 2739 3443 2800; x_wconf 64' lang='lat' dir='ltr'>foedi</span> <span class='ocrx_word' id='word_1_491' title='bbox 3481 2740 3736 2814; x_wconf 85' lang='lat' dir='ltr'>exempli</span> 
     </span>
    </p>
   </div>
   <div class='ocr_carea' id='block_1_74' title="bbox 2017 2831 3736 2909">
    <p class='ocr_par' dir='ltr' id='par_1_74' title="bbox 2017 2831 3736 2909">
     <span class='ocr_line' id='line_1_75' title="bbox 2017 2831 3736 2909; baseline -0.001 -15"><span class='ocrx_word' id='word_1_492' title='bbox 2017 2850 2334 2906; x_wconf 81' lang='lat' dir='ltr'>venenum,</span> <span class='ocrx_word' id='word_1_493' title='bbox 2377 2834 2450 2892; x_wconf 87' lang='lat' dir='ltr'>ab</span> <span class='ocrx_word' id='word_1_494' title='bbox 2492 2849 2625 2909; x_wconf 88' lang='lat' dir='ltr'>rege</span> <span class='ocrx_word' id='word_1_495' title='bbox 2671 2837 2901 2908; x_wconf 88' lang='lat' dir='ltr'>sumpto</span> <span class='ocrx_word' id='word_1_496' title='bbox 2947 2831 3137 2906; x_wconf 90' lang='lat' dir='ltr'>initio,</span> <span class='ocrx_word' id='word_1_497' title='bbox 3181 2836 3364 2891; x_wconf 89' lang='lat' dir='ltr'>totum</span> <span class='ocrx_word' id='word_1_498' title='bbox 3405 2846 3736 2892; x_wconf 86' lang='lat' dir='ltr'>commacu-</span> 
     </span>
    </p>
   </div>
   <div class='ocr_carea' id='block_1_75' title="bbox 2017 2925 3736 3002">
    <p class='ocr_par' dir='ltr' id='par_1_75' title="bbox 2017 2925 3736 3002">
     <span class='ocr_line' id='line_1_76' title="bbox 2017 2925 3736 3002; baseline 0.001 -18"><span class='ocrx_word' id='word_1_499' title='bbox 2017 2927 2160 2986; x_wconf 90' lang='lat' dir='ltr'>laret</span> <span class='ocrx_word' id='word_1_500' title='bbox 2223 2925 2510 3002; x_wconf 90' lang='lat' dir='ltr'>populum</span> <span class='ocrx_word' id='word_1_501' title='bbox 2586 2925 2983 2984; x_wconf 84' lang='lat' dir='ltr'>Christianum</span> <span class='ocrx_word' id='word_1_502' title='bbox 3038 2947 3052 2983; x_wconf 90' lang='lat'><strong>:</strong></span> <span class='ocrx_word' id='word_1_503' title='bbox 3110 2931 3166 2986; x_wconf 89' lang='lat' dir='ltr'>et</span> <span class='ocrx_word' id='word_1_504' title='bbox 3216 2925 3320 3000; x_wconf 90' lang='lat' dir='ltr'>qui</span> <span class='ocrx_word' id='word_1_505' title='bbox 3397 2925 3548 2985; x_wconf 90' lang='lat' dir='ltr'>ultor</span> <span class='ocrx_word' id='word_1_506' title='bbox 3610 2939 3736 2986; x_wconf 86' lang='lat' dir='ltr'>esse</span> 
     </span>
    </p>
   </div>
   <div class='ocr_carea' id='block_1_76' title="bbox 2015 3013 3737 3090">
    <p class='ocr_par' dir='ltr' id='par_1_76' title="bbox 2015 3013 3737 3090">
     <span class='ocr_line' id='line_1_77' title="bbox 2015 3013 3737 3090; baseline 0.001 -17"><span class='ocrx_word' id='word_1_507' title='bbox 2015 3014 2308 3074; x_wconf 89' lang='lat' dir='ltr'>debuisset</span> <span class='ocrx_word' id='word_1_508' title='bbox 2343 3014 2684 3087; x_wconf 87' lang='lat' dir='ltr'>criminum,</span> <span class='ocrx_word' id='word_1_509' title='bbox 2712 3013 2836 3090; x_wconf 89' lang='lat' dir='ltr'>ipse</span> <span class='ocrx_word' id='word_1_510' title='bbox 2870 3019 3058 3085; x_wconf 90' lang='lat' dir='ltr'>actor,</span> <span class='ocrx_word' id='word_1_511' title='bbox 3098 3019 3155 3073; x_wconf 91' lang='lat' dir='ltr'>et</span> <span class='ocrx_word' id='word_1_512' title='bbox 3188 3013 3431 3086; x_wconf 87' lang='lat' dir='ltr'>signifer</span> <span class='ocrx_word' id='word_1_513' title='bbox 3468 3015 3632 3074; x_wconf 89' lang='lat' dir='ltr'>ﬁeret</span> <span class='ocrx_word' id='word_1_514' title='bbox 3660 3013 3737 3074; x_wconf 90' lang='lat' dir='ltr'>ad</span> 
     </span>
    </p>
   </div>
   <div class='ocr_carea' id='block_1_77' title="bbox 2015 3103 3735 3179">
    <p class='ocr_par' dir='ltr' id='par_1_77' title="bbox 2015 3103 3735 3179">
     <span class='ocr_line' id='line_1_78' title="bbox 2015 3103 3735 3179; baseline -0.001 -13"><span class='ocrx_word' id='word_1_515' title='bbox 2015 3105 2321 3179; x_wconf 85' lang='lat' dir='ltr'>ﬂagitium.</span> <span class='ocrx_word' id='word_1_516' title='bbox 2375 3105 2669 3166; x_wconf 89' lang='lat' dir='ltr'>Postremo</span> <span class='ocrx_word' id='word_1_517' title='bbox 2713 3104 2764 3164; x_wconf 93' lang='lat' dir='ltr'>si</span> <span class='ocrx_word' id='word_1_518' title='bbox 2808 3119 2930 3163; x_wconf 91' lang='lat' dir='ltr'>non</span> <span class='ocrx_word' id='word_1_519' title='bbox 2970 3104 3294 3164; x_wconf 88' lang='lat' dir='ltr'>ﬂecteretur</span> <span class='ocrx_word' id='word_1_520' title='bbox 3342 3103 3623 3176; x_wconf 89' lang='lat' dir='ltr'>consiliis,</span> <span class='ocrx_word' id='word_1_521' title='bbox 3670 3119 3735 3164; x_wconf 90' lang='lat' dir='ltr'>se</span> 
     </span>
    </p>
   </div>
   <div class='ocr_carea' id='block_1_78' title="bbox 2015 3194 3732 3267">
    <p class='ocr_par' dir='ltr' id='par_1_78' title="bbox 2015 3194 3732 3267">
     <span class='ocr_line' id='line_1_79' title="bbox 2015 3194 3732 3267; baseline 0.002 -12"><span class='ocrx_word' id='word_1_522' title='bbox 2015 3197 2335 3256; x_wconf 87' lang='lat' dir='ltr'>necessario</span> <span class='ocrx_word' id='word_1_523' title='bbox 2361 3197 2482 3258; x_wconf 90' lang='lat' dir='ltr'>vim</span> <span class='ocrx_word' id='word_1_524' title='bbox 2502 3195 2944 3257; x_wconf 87' lang='lat' dir='ltr'>ecclesiasticam</span> <span class='ocrx_word' id='word_1_525' title='bbox 2968 3194 3332 3267; x_wconf 86' lang='lat' dir='ltr'>habiturum,</span> <span class='ocrx_word' id='word_1_526' title='bbox 3358 3199 3415 3256; x_wconf 89' lang='lat' dir='ltr'>et</span> <span class='ocrx_word' id='word_1_527' title='bbox 3437 3209 3732 3258; x_wconf 88' lang='lat' dir='ltr'>canonum</span> 
     </span>
    </p>
   </div>
   <div class='ocr_carea' id='block_1_79' title="bbox 2012 3286 3730 3363">
    <p class='ocr_par' dir='ltr' id='par_1_79' title="bbox 2012 3286 3730 3363">
     <span class='ocr_line' id='line_1_80' title="bbox 2012 3286 3730 3363; baseline 0.002 -19"><span class='ocrx_word' id='word_1_528' title='bbox 2012 3287 2138 3362; x_wconf 83' lang='lat' dir='ltr'>lege</span> <span class='ocrx_word' id='word_1_529' title='bbox 2189 3288 2376 3348; x_wconf 88' lang='lat' dir='ltr'>scelus</span> <span class='ocrx_word' id='word_1_530' title='bbox 2437 3289 2895 3363; x_wconf 87' lang='lat' dir='ltr'>prohibiturum.</span> <span class='ocrx_word' id='word_1_531' title='bbox 2951 3289 3042 3348; x_wconf 88' lang='lat' dir='ltr'>Ad</span> <span class='ocrx_word' id='word_1_532' title='bbox 3092 3288 3220 3348; x_wconf 61' lang='lat' dir='ltr'>haec</span> <span class='ocrx_word' id='word_1_533' title='bbox 3273 3286 3396 3350; x_wconf 87' lang='lat' dir='ltr'>suis</span> <span class='ocrx_word' id='word_1_534' title='bbox 3453 3289 3730 3353; x_wconf 87' lang='lat' dir='ltr'>manibus</span> 
     </span>
    </p>
   </div>
   <div class='ocr_carea' id='block_1_80' title="bbox 2011 3377 3728 3455">
    <p class='ocr_par' dir='ltr' id='par_1_80' title="bbox 2011 3377 3728 3455">
     <span class='ocr_line' id='line_1_81' title="bbox 2011 3377 3728 3455; baseline 0.003 -20"><span class='ocrx_word' id='word_1_535' title='bbox 2011 3392 2317 3453; x_wconf 87' lang='lat' dir='ltr'>nunquam</span> <span class='ocrx_word' id='word_1_536' title='bbox 2356 3377 2762 3453; x_wconf 86' lang='lat' dir='ltr'>imperatorem</span> <span class='ocrx_word' id='word_1_537' title='bbox 2793 3379 3248 3440; x_wconf 87' lang='lat' dir='ltr'>consecrandum</span> <span class='ocrx_word' id='word_1_538' title='bbox 3276 3379 3430 3451; x_wconf 87' lang='lat' dir='ltr'>fore,</span> <span class='ocrx_word' id='word_1_539' title='bbox 3467 3379 3572 3455; x_wconf 90' lang='lat' dir='ltr'>qui</span> <span class='ocrx_word' id='word_1_540' title='bbox 3608 3384 3728 3440; x_wconf 87' lang='lat' dir='ltr'>tam</span> 
     </span>
    </p>
   </div>
   <div class='ocr_carea' id='block_1_81' title="bbox 2008 3467 3728 3542">
    <p class='ocr_par' dir='ltr' id='par_1_81' title="bbox 2008 3467 3728 3542">
     <span class='ocr_line' id='line_1_82' title="bbox 2008 3467 3728 3542; baseline 0.002 -15"><span class='ocrx_word' id='word_1_541' title='bbox 2008 3469 2297 3542; x_wconf 89' lang='lat' dir='ltr'>pestilenti</span> <span class='ocrx_word' id='word_1_542' title='bbox 2367 3468 2653 3542; x_wconf 89' lang='lat' dir='ltr'>exemplo,</span> <span class='ocrx_word' id='word_1_543' title='bbox 2708 3476 2993 3542; x_wconf 89' lang='lat' dir='ltr'>quantum</span> <span class='ocrx_word' id='word_1_544' title='bbox 3065 3468 3129 3526; x_wconf 93' lang='lat' dir='ltr'>in</span> <span class='ocrx_word' id='word_1_545' title='bbox 3195 3484 3256 3527; x_wconf 90' lang='lat' dir='ltr'>se</span> <span class='ocrx_word' id='word_1_546' title='bbox 3312 3473 3489 3540; x_wconf 90' lang='lat' dir='ltr'>esset,</span> <span class='ocrx_word' id='word_1_547' title='bbox 3549 3467 3728 3530; x_wconf 87' lang='lat' dir='ltr'>ﬁdem</span> 
     </span>
    </p>
   </div>
   <div class='ocr_carea' id='block_1_82' title="bbox 2009 3555 3727 3633">
    <p class='ocr_par' dir='ltr' id='par_1_82' title="bbox 2009 3555 3727 3633">
     <span class='ocr_line' id='line_1_83' title="bbox 2009 3555 3727 3633; baseline 0.001 -17"><span class='ocrx_word' id='word_1_548' title='bbox 2009 3555 2397 3616; x_wconf 87' lang='lat' dir='ltr'>Christianam</span> <span class='ocrx_word' id='word_1_549' title='bbox 2449 3558 2810 3633; x_wconf 89' lang='lat' dir='ltr'>prodidisset.</span> <span class='ocrx_word' id='word_1_550' title='bbox 2866 3557 3018 3617; x_wconf 89' lang='lat' dir='ltr'>Tum</span> <span class='ocrx_word' id='word_1_551' title='bbox 3074 3573 3209 3617; x_wconf 90' lang='lat' dir='ltr'>vero</span> <span class='ocrx_word' id='word_1_552' title='bbox 3257 3559 3321 3617; x_wconf 90' lang='lat' dir='ltr'>in</span> <span class='ocrx_word' id='word_1_553' title='bbox 3369 3575 3505 3619; x_wconf 90' lang='lat' dir='ltr'>eum</span> <span class='ocrx_word' id='word_1_554' title='bbox 3545 3559 3727 3619; x_wconf 89' lang='lat' dir='ltr'>coorti</span> 
     </span>
    </p>
   </div>
   <div class='ocr_carea' id='block_1_83' title="bbox 2009 3649 3726 3724">
    <p class='ocr_par' dir='ltr' id='par_1_83' title="bbox 2009 3649 3726 3724">
     <span class='ocr_line' id='line_1_84' title="bbox 2009 3649 3726 3724; baseline 0.001 -16"><span class='ocrx_word' id='word_1_555' title='bbox 2009 3664 2210 3708; x_wconf 90' lang='lat' dir='ltr'>omnes</span> <span class='ocrx_word' id='word_1_556' title='bbox 2240 3649 2338 3723; x_wconf 89' lang='lat' dir='ltr'>qui</span> <span class='ocrx_word' id='word_1_557' title='bbox 2379 3650 2635 3720; x_wconf 86' lang='lat' dir='ltr'>aderant,</span> <span class='ocrx_word' id='word_1_558' title='bbox 2662 3649 2972 3724; x_wconf 87' lang='lat' dir='ltr'>principes,</span> <span class='ocrx_word' id='word_1_559' title='bbox 3007 3649 3258 3722; x_wconf 88' lang='lat' dir='ltr'>aiebant,</span> <span class='ocrx_word' id='word_1_560' title='bbox 3293 3665 3466 3723; x_wconf 75' lang='lat' dir='ltr'>mqua</span> <span class='ocrx_word' id='word_1_561' title='bbox 3490 3663 3726 3709; x_wconf 87' lang='lat' dir='ltr'>censere</span> 
     </span>
    </p>
   </div>
   <div class='ocr_carea' id='block_1_84' title="bbox 2008 3740 3725 3816">
    <p class='ocr_par' dir='ltr' id='par_1_84' title="bbox 2008 3740 3725 3816">
     <span class='ocr_line' id='line_1_85' title="bbox 2008 3740 3725 3816; baseline 0.001 -18"><span class='ocrx_word' id='word_1_562' title='bbox 2008 3740 2338 3800; x_wconf 84' lang='lat' dir='ltr'>Romanum</span> <span class='ocrx_word' id='word_1_563' title='bbox 2390 3742 2740 3816; x_wconf 81' lang='lat' dir='ltr'>pontificem,</span> <span class='ocrx_word' id='word_1_564' title='bbox 2794 3747 2850 3801; x_wconf 91' lang='lat' dir='ltr'>et</span> <span class='ocrx_word' id='word_1_565' title='bbox 2901 3757 3004 3814; x_wconf 88' lang='lat' dir='ltr'>per</span> <span class='ocrx_word' id='word_1_566' title='bbox 3052 3741 3240 3801; x_wconf 88' lang='lat' dir='ltr'>Deum</span> <span class='ocrx_word' id='word_1_567' title='bbox 3292 3742 3590 3815; x_wconf 83' lang='lat' dir='ltr'>rogabant,</span> <span class='ocrx_word' id='word_1_568' title='bbox 3646 3755 3725 3800; x_wconf 86' lang='lat' dir='ltr'>ne</span> 
     </span>
    </p>
   </div>
   <div class='ocr_carea' id='block_1_85' title="bbox 2008 3831 3720 3906">
    <p class='ocr_par' dir='ltr' id='par_1_85' title="bbox 2008 3831 3720 3906">
     <span class='ocr_line' id='line_1_86' title="bbox 2008 3831 3720 3906; baseline 0.001 -17"><span class='ocrx_word' id='word_1_569' title='bbox 2008 3831 2228 3890; x_wconf 88' lang='lat' dir='ltr'>crimen</span> <span class='ocrx_word' id='word_1_570' title='bbox 2258 3831 2496 3890; x_wconf 88' lang='lat' dir='ltr'>inferret</span> <span class='ocrx_word' id='word_1_571' title='bbox 2543 3831 2743 3904; x_wconf 60' lang='lat' dir='ltr'>gloriae</span> <span class='ocrx_word' id='word_1_572' title='bbox 2783 3847 2925 3904; x_wconf 76' lang='lat' dir='ltr'>sum,</span> <span class='ocrx_word' id='word_1_573' title='bbox 2967 3836 3022 3891; x_wconf 88' lang='lat' dir='ltr'>et</span> <span class='ocrx_word' id='word_1_574' title='bbox 3059 3831 3204 3905; x_wconf 86' lang='lat' dir='ltr'>regii</span> <span class='ocrx_word' id='word_1_575' title='bbox 3243 3831 3502 3891; x_wconf 90' lang='lat' dir='ltr'>nominis</span> <span class='ocrx_word' id='word_1_576' title='bbox 3537 3831 3720 3906; x_wconf 85' lang='lat' dir='ltr'>maje-</span> 
     </span>
    </p>
   </div>
   <div class='ocr_carea' id='block_1_86' title="bbox 2007 3923 3716 4000">
    <p class='ocr_par' dir='ltr' id='par_1_86' title="bbox 2007 3923 3716 4000">
     <span class='ocr_line' id='line_1_87' title="bbox 2007 3923 3716 4000; baseline 0.001 -16"><span class='ocrx_word' id='word_1_577' title='bbox 2007 3930 2208 3984; x_wconf 88' lang='lat' dir='ltr'>statem</span> <span class='ocrx_word' id='word_1_578' title='bbox 2298 3932 2413 3984; x_wconf 86' lang='lat' dir='ltr'>tam</span> <span class='ocrx_word' id='word_1_579' title='bbox 2489 3923 2673 4000; x_wconf 86' lang='lat' dir='ltr'>turpis</span> <span class='ocrx_word' id='word_1_580' title='bbox 2749 3925 2885 3984; x_wconf 90' lang='lat' dir='ltr'>facti</span> <span class='ocrx_word' id='word_1_581' title='bbox 2961 3923 3292 3985; x_wconf 87' lang='lat' dir='ltr'>colluvione</span> <span class='ocrx_word' id='word_1_582' title='bbox 3380 3924 3716 3985; x_wconf 85' lang='lat' dir='ltr'>macularet.</span> 
     </span>
    </p>
   </div>
   <div class='ocr_carea' id='block_1_87' title="bbox 2007 4013 3724 4091">
    <p class='ocr_par' dir='ltr' id='par_1_87' title="bbox 2007 4013 3724 4091">
     <span class='ocr_line' id='line_1_88' title="bbox 2007 4013 3724 4091; baseline 0.001 -17"><span class='ocrx_word' id='word_1_583' title='bbox 2007 4017 2288 4075; x_wconf 63' lang='lat' dir='ltr'>Praeterea</span> <span class='ocrx_word' id='word_1_584' title='bbox 2335 4032 2409 4076; x_wconf 90' lang='lat' dir='ltr'>ne</span> <span class='ocrx_word' id='word_1_585' title='bbox 2451 4014 2784 4091; x_wconf 88' lang='lat' dir='ltr'>parentibus</span> <span class='ocrx_word' id='word_1_586' title='bbox 2830 4015 3047 4090; x_wconf 75' lang='lat' dir='ltr'>regium</span> <span class='ocrx_word' id='word_1_587' title='bbox 3102 4029 3336 4074; x_wconf 88' lang='lat' dir='ltr'>causam</span> <span class='ocrx_word' id='word_1_588' title='bbox 3385 4013 3724 4076; x_wconf 86' lang='lat' dir='ltr'>defectionis</span> 
     </span>
    </p>
   </div>
   <div class='ocr_carea' id='block_1_88' title="bbox 2005 4104 3718 4181">
    <p class='ocr_par' dir='ltr' id='par_1_88' title="bbox 2005 4104 3718 4181">
     <span class='ocr_line' id='line_1_89' title="bbox 2005 4104 3718 4181; baseline 0 -17"><span class='ocrx_word' id='word_1_589' title='bbox 2005 4111 2062 4164; x_wconf 89' lang='lat' dir='ltr'>et</span> <span class='ocrx_word' id='word_1_590' title='bbox 2101 4107 2318 4181; x_wconf 87' lang='lat' dir='ltr'>justam</span> <span class='ocrx_word' id='word_1_591' title='bbox 2369 4107 2672 4166; x_wconf 60' lang='lat' dir='ltr'>turbanda</span> <span class='ocrx_word' id='word_1_592' title='bbox 2719 4104 3056 4181; x_wconf 62' lang='lat' dir='ltr'>reipublicae</span> <span class='ocrx_word' id='word_1_593' title='bbox 3105 4105 3462 4166; x_wconf 88' lang='lat' dir='ltr'>occasionem</span> <span class='ocrx_word' id='word_1_594' title='bbox 3510 4104 3718 4164; x_wconf 88' lang='lat' dir='ltr'>daret:</span> 
     </span>
    </p>
   </div>
   <div class='ocr_carea' id='block_1_89' title="bbox 2005 4195 3718 4271">
    <p class='ocr_par' dir='ltr' id='par_1_89' title="bbox 2005 4195 3718 4271">
     <span class='ocr_line' id='line_1_90' title="bbox 2005 4195 3718 4271; baseline 0 -16"><span class='ocrx_word' id='word_1_595' title='bbox 2005 4197 2107 4270; x_wconf 89' lang='lat' dir='ltr'>qui</span> <span class='ocrx_word' id='word_1_596' title='bbox 2146 4196 2195 4256; x_wconf 90' lang='lat' dir='ltr'>si</span> <span class='ocrx_word' id='word_1_597' title='bbox 2241 4197 2355 4256; x_wconf 91' lang='lat' dir='ltr'>viri</span> <span class='ocrx_word' id='word_1_598' title='bbox 2394 4202 2604 4270; x_wconf 83' lang='lat' dir='ltr'>essent,</span> <span class='ocrx_word' id='word_1_599' title='bbox 2631 4211 2766 4257; x_wconf 90' lang='lat' dir='ltr'>cum</span> <span class='ocrx_word' id='word_1_600' title='bbox 2789 4195 2986 4266; x_wconf 70' lang='lat' dir='ltr'>farmis</span> <span class='ocrx_word' id='word_1_601' title='bbox 3028 4202 3083 4254; x_wconf 92' lang='lat' dir='ltr'>et</span> <span class='ocrx_word' id='word_1_602' title='bbox 3137 4195 3345 4270; x_wconf 84' lang='lat' dir='ltr'>Opibus</span> <span class='ocrx_word' id='word_1_603' title='bbox 3395 4195 3718 4271; x_wconf 90' lang='lat' dir='ltr'>plurimum</span> 
     </span>
    </p>
   </div>
   <div class='ocr_carea' id='block_1_90' title="bbox 2004 4284 3717 4363">
    <p class='ocr_par' dir='ltr' id='par_1_90' title="bbox 2004 4284 3717 4363">
     <span class='ocr_line' id='line_1_91' title="bbox 2004 4284 3717 4363; baseline -0.003 -16"><span class='ocrx_word' id='word_1_604' title='bbox 2004 4292 2255 4363; x_wconf 89' lang='lat' dir='ltr'>possent,</span> <span class='ocrx_word' id='word_1_605' title='bbox 2282 4291 2498 4347; x_wconf 85' lang='lat' dir='ltr'>tantam</span> <span class='ocrx_word' id='word_1_606' title='bbox 2527 4285 2669 4345; x_wconf 65' lang='lat' dir='ltr'>filias</span> <span class='ocrx_word' id='word_1_607' title='bbox 2698 4303 2822 4346; x_wconf 75' lang='lat' dir='ltr'>sum</span> <span class='ocrx_word' id='word_1_608' title='bbox 2847 4285 3259 4345; x_wconf 89' lang='lat' dir='ltr'>contumeliam</span> <span class='ocrx_word' id='word_1_609' title='bbox 3298 4284 3500 4360; x_wconf 89' lang='lat' dir='ltr'>procul</span> <span class='ocrx_word' id='word_1_610' title='bbox 3537 4285 3717 4345; x_wconf 87' lang='lat' dir='ltr'>dubio</span> 
     </span>
    </p>
   </div>
   <div class='ocr_carea' id='block_1_91' title="bbox 2004 4373 3717 4453">
    <p class='ocr_par' dir='ltr' id='par_1_91' title="bbox 2004 4373 3717 4453">
     <span class='ocr_line' id='line_1_92' title="bbox 2004 4373 3717 4453; baseline -0.002 -17"><span class='ocrx_word' id='word_1_611' title='bbox 2004 4379 2223 4452; x_wconf 86' lang='lat' dir='ltr'>insigni</span> <span class='ocrx_word' id='word_1_612' title='bbox 2251 4378 2450 4453; x_wconf 88' lang='lat' dir='ltr'>aliquo</span> <span class='ocrx_word' id='word_1_613' title='bbox 2476 4377 2728 4436; x_wconf 86' lang='lat' dir='ltr'>facinore</span> <span class='ocrx_word' id='word_1_614' title='bbox 2755 4376 3046 4452; x_wconf 83' lang='lat' dir='ltr'>expiaturi</span> <span class='ocrx_word' id='word_1_615' title='bbox 3075 4379 3286 4435; x_wconf 89' lang='lat' dir='ltr'>essent.</span> <span class='ocrx_word' id='word_1_616' title='bbox 3317 4373 3439 4434; x_wconf 90' lang='lat' dir='ltr'>Hac</span> <span class='ocrx_word' id='word_1_617' title='bbox 3459 4373 3717 4434; x_wconf 90' lang='lat' dir='ltr'>oratione</span> 
     </span>
    </p>
   </div>
   <div class='ocr_carea' id='block_1_92' title="bbox 198 4465 3716 4545">
    <p class='ocr_par' dir='ltr' id='par_1_92' title="bbox 198 4465 3716 4545">
     <span class='ocr_line' id='line_1_93' title="bbox 198 4465 3716 4545; baseline -0.001 -17"><span class='ocrx_word' id='word_1_618' title='bbox 198 4470 594 4543; x_wconf 86' lang='lat' dir='ltr'>comperisset,</span> <span class='ocrx_word' id='word_1_619' title='bbox 635 4485 754 4530; x_wconf 91' lang='lat' dir='ltr'>una</span> <span class='ocrx_word' id='word_1_620' title='bbox 798 4484 936 4528; x_wconf 91' lang='lat' dir='ltr'>cum</span> <span class='ocrx_word' id='word_1_621' title='bbox 985 4467 1379 4528; x_wconf 87' lang='lat' dir='ltr'>cardinalibus</span> <span class='ocrx_word' id='word_1_622' title='bbox 1411 4468 1581 4542; x_wconf 88' lang='lat' dir='ltr'>coepit</span> <span class='ocrx_word' id='word_1_623' title='bbox 1622 4466 2221 4545; x_wconf 59' lang='lat' dir='ltr'>obsistere,“fractus</span> <span class='ocrx_word' id='word_1_624' title='bbox 2266 4471 2468 4545; x_wconf 86' lang='lat' dir='ltr'>magis,</span> <span class='ocrx_word' id='word_1_625' title='bbox 2503 4485 2678 4544; x_wconf 90' lang='lat' dir='ltr'>quam</span> <span class='ocrx_word' id='word_1_626' title='bbox 2717 4470 3016 4528; x_wconf 85' lang='lat' dir='ltr'>inﬂexus:</span> <span class='ocrx_word' id='word_1_627' title='bbox 3055 4465 3117 4527; x_wconf 91' lang='lat' dir='ltr'>Si</span> <span class='ocrx_word' id='word_1_628' title='bbox 3156 4467 3239 4539; x_wconf 91' lang='lat' dir='ltr'>id,</span> <span class='ocrx_word' id='word_1_629' title='bbox 3281 4465 3489 4542; x_wconf 90' lang='lat' dir='ltr'>inquit,</span> <span class='ocrx_word' id='word_1_630' title='bbox 3523 4467 3716 4526; x_wconf 84' lang='lat' dir='ltr'>ﬁxum</span> 
     </span>
    </p>
   </div>
   <div class='ocr_carea' id='block_1_93' title="bbox 1938 4521 1989 4582">
    <p class='ocr_par' dir='ltr' id='par_1_93' title="bbox 1938 4521 1989 4582">
     <span class='ocr_line' id='line_1_94' title="bbox 1938 4521 1989 4582; baseline 0 0"><span class='ocrx_word' id='word_1_631' title='bbox 1938 4521 1989 4582; x_wconf 91' lang='lat' dir='ltr'>D</span> 
     </span>
    </p>
   </div>
   <div class='ocr_carea' id='block_1_94' title="bbox 199 4555 3716 4636">
    <p class='ocr_par' dir='ltr' id='par_1_94' title="bbox 199 4555 3716 4636">
     <span class='ocr_line' id='line_1_95' title="bbox 199 4555 3716 4636; baseline -0.001 -20"><span class='ocrx_word' id='word_1_632' title='bbox 199 4558 535 4630; x_wconf 86' lang='lat' dir='ltr'>reclamare,</span> <span class='ocrx_word' id='word_1_633' title='bbox 583 4575 649 4617; x_wconf 90' lang='lat' dir='ltr'>ac</span> <span class='ocrx_word' id='word_1_634' title='bbox 677 4559 1178 4620; x_wconf 90' lang='lat' dir='ltr'>anathematizare.</span> <span class='ocrx_word' id='word_1_635' title='bbox 1219 4562 1291 4615; x_wconf 88' lang='lat' dir='ltr'>Et</span> <span class='ocrx_word' id='word_1_636' title='bbox 1322 4560 1511 4618; x_wconf 83' lang='lat' dir='ltr'>lib.1n</span> <span class='ocrx_word' id='word_1_637' title='bbox 1555 4562 1664 4617; x_wconf 75' lang='lat' dir='ltr'>haec</span> <span class='ocrx_word' id='word_1_638' title='bbox 1691 4579 1708 4613; x_wconf 92' lang='lat'><strong><em>:</em></strong></span> <span class='ocrx_word' id='word_1_639' title='bbox 1741 4555 2474 4636; x_wconf 80' lang='lat' dir='ltr'>Porro”obstinatumque</span> <span class='ocrx_word' id='word_1_640' title='bbox 2524 4566 2609 4618; x_wconf 92' lang='lat' dir='ltr'>est</span> <span class='ocrx_word' id='word_1_641' title='bbox 2661 4558 2866 4629; x_wconf 91' lang='lat' dir='ltr'>vobis,</span> <span class='ocrx_word' id='word_1_642' title='bbox 2921 4557 3216 4632; x_wconf 89' lang='lat' dir='ltr'>imperabo</span> <span class='ocrx_word' id='word_1_643' title='bbox 3271 4561 3494 4628; x_wconf 86' lang='lat' dir='ltr'>egomet</span> <span class='ocrx_word' id='word_1_644' title='bbox 3547 4555 3716 4628; x_wconf 89' lang='lat' dir='ltr'>mihi,</span> 
     </span>
    </p>
   </div>
   <div class='ocr_carea' id='block_1_95' title="bbox 195 4645 1918 4723">
    <p class='ocr_par' dir='ltr' id='par_1_95' title="bbox 195 4645 1918 4723">
     <span class='ocr_line' id='line_1_96' title="bbox 195 4645 1918 4723; baseline 0.001 -20"><span class='ocrx_word' id='word_1_645' title='bbox 195 4645 460 4706; x_wconf 90' lang='lat' dir='ltr'>domnus</span> <span class='ocrx_word' id='word_1_646' title='bbox 495 4648 700 4707; x_wconf 88' lang='lat' dir='ltr'>Petrus</span> <span class='ocrx_word' id='word_1_647' title='bbox 728 4648 1069 4719; x_wconf 88' lang='lat' dir='ltr'>Damianus,</span> <span class='ocrx_word' id='word_1_648' title='bbox 1101 4648 1269 4722; x_wconf 90' lang='lat' dir='ltr'>cujus</span> <span class='ocrx_word' id='word_1_649' title='bbox 1292 4649 1414 4723; x_wconf 90' lang='lat' dir='ltr'>jam</span> <span class='ocrx_word' id='word_1_650' title='bbox 1444 4663 1615 4722; x_wconf 89' lang='lat' dir='ltr'>supra</span> <span class='ocrx_word' id='word_1_651' title='bbox 1646 4646 1918 4706; x_wconf 89' lang='lat' dir='ltr'>memini-</span> 
     </span>
    </p>
   </div>
   <div class='ocr_carea' id='block_1_96' title="bbox 200 4737 1920 4811">
    <p class='ocr_par' dir='ltr' id='par_1_96' title="bbox 200 4737 1920 4811">
     <span class='ocr_line' id='line_1_97' title="bbox 200 4737 1920 4811; baseline 0.001 -16"><span class='ocrx_word' id='word_1_652' title='bbox 200 4751 359 4808; x_wconf 89' lang='lat' dir='ltr'>mus,</span> <span class='ocrx_word' id='word_1_653' title='bbox 387 4737 461 4795; x_wconf 89' lang='lat' dir='ltr'>ad</span> <span class='ocrx_word' id='word_1_654' title='bbox 504 4739 613 4796; x_wconf 88' lang='lat' dir='ltr'>hoc</span> <span class='ocrx_word' id='word_1_655' title='bbox 648 4737 1067 4796; x_wconf 90' lang='lat' dir='ltr'>monasterium</span> <span class='ocrx_word' id='word_1_656' title='bbox 1111 4738 1431 4811; x_wconf 86' lang='lat' dir='ltr'>(Casinense)</span> <span class='ocrx_word' id='word_1_657' title='bbox 1470 4737 1730 4808; x_wconf 80' lang='lat' dir='ltr'>veniens,</span> <span class='ocrx_word' id='word_1_658' title='bbox 1781 4753 1920 4797; x_wconf 90' lang='lat' dir='ltr'>cum</span> 
     </span>
    </p>
   </div>
   <div class='ocr_carea' id='block_1_97' title="bbox 202 4825 1918 4902">
    <p class='ocr_par' dir='ltr' id='par_1_97' title="bbox 202 4825 1918 4902">
     <span class='ocr_line' id='line_1_98' title="bbox 202 4825 1918 4902; baseline 0.001 -18"><span class='ocrx_word' id='word_1_659' title='bbox 202 4826 400 4899; x_wconf 88' lang='lat' dir='ltr'>verbo,</span> <span class='ocrx_word' id='word_1_660' title='bbox 434 4827 652 4902; x_wconf 88' lang='lat' dir='ltr'>pariter</span> <span class='ocrx_word' id='word_1_661' title='bbox 681 4831 737 4885; x_wconf 89' lang='lat' dir='ltr'>et</span> <span class='ocrx_word' id='word_1_662' title='bbox 772 4825 1042 4900; x_wconf 81' lang='lat' dir='ltr'>exemplo</span> <span class='ocrx_word' id='word_1_663' title='bbox 1071 4826 1146 4884; x_wconf 92' lang='lat' dir='ltr'>ad</span> <span class='ocrx_word' id='word_1_664' title='bbox 1173 4826 1277 4886; x_wconf 92' lang='lat' dir='ltr'>Dei</span> <span class='ocrx_word' id='word_1_665' title='bbox 1315 4825 1622 4886; x_wconf 86' lang='lat' dir='ltr'>servitium</span> <span class='ocrx_word' id='word_1_666' title='bbox 1669 4826 1918 4885; x_wconf 86' lang='lat' dir='ltr'>ferventi</span> 
     </span>
    </p>
   </div>
   <div class='ocr_carea' id='block_1_98' title="bbox 198 4917 1918 4992">
    <p class='ocr_par' dir='ltr' id='par_1_98' title="bbox 198 4917 1918 4992">
     <span class='ocr_line' id='line_1_99' title="bbox 198 4917 1918 4992; baseline -0.001 -15"><span class='ocrx_word' id='word_1_667' title='bbox 198 4917 344 4990; x_wconf 77' lang='lat' dir='ltr'>zelo,</span> <span class='ocrx_word' id='word_1_668' title='bbox 389 4929 773 4992; x_wconf 89' lang='lat' dir='ltr'>quoscunque</span> <span class='ocrx_word' id='word_1_669' title='bbox 817 4925 1026 4992; x_wconf 86' lang='lat' dir='ltr'>posset,</span> <span class='ocrx_word' id='word_1_670' title='bbox 1069 4917 1408 4976; x_wconf 89' lang='lat' dir='ltr'>accenderet</span> <span class='ocrx_word' id='word_1_671' title='bbox 1444 4935 1459 4976; x_wconf 87' lang='lat'><strong>:</strong></span> <span class='ocrx_word' id='word_1_672' title='bbox 1513 4917 1746 4976; x_wconf 89' lang='lat' dir='ltr'>tandem</span> <span class='ocrx_word' id='word_1_673' title='bbox 1777 4932 1918 4976; x_wconf 87' lang='lat' dir='ltr'>con-</span> 
     </span>
    </p>
   </div>
   <div class='ocr_carea' id='block_1_99' title="bbox 206 5008 1915 5083">
    <p class='ocr_par' dir='ltr' id='par_1_99' title="bbox 206 5008 1915 5083">
     <span class='ocr_line' id='line_1_100' title="bbox 206 5008 1915 5083; baseline -0.001 -16"><span class='ocrx_word' id='word_1_674' title='bbox 206 5023 405 5082; x_wconf 90' lang='lat' dir='ltr'>sensu,</span> <span class='ocrx_word' id='word_1_675' title='bbox 436 5014 492 5067; x_wconf 91' lang='lat' dir='ltr'>et</span> <span class='ocrx_word' id='word_1_676' title='bbox 516 5008 897 5083; x_wconf 89' lang='lat' dir='ltr'>permissione</span> <span class='ocrx_word' id='word_1_677' title='bbox 925 5008 1125 5067; x_wconf 89' lang='lat' dir='ltr'>domui</span> <span class='ocrx_word' id='word_1_678' title='bbox 1151 5008 1440 5080; x_wconf 82' lang='lat' dir='ltr'>(Desiderii</span> <span class='ocrx_word' id='word_1_679' title='bbox 1459 5009 1516 5067; x_wconf 91' lang='lat' dir='ltr'>S.</span> <span class='ocrx_word' id='word_1_680' title='bbox 1541 5012 1606 5066; x_wconf 76' lang='grc' dir='ltr'>Β.</span> <span class='ocrx_word' id='word_1_681' title='bbox 1641 5012 1706 5066; x_wconf 91' lang='grc' dir='ltr'><strong>Ε.</strong></span> <span class='ocrx_word' id='word_1_682' title='bbox 1741 5010 1915 5082; x_wconf 87' lang='lat' dir='ltr'>card.,</span> 
     </span>
    </p>
   </div>
   <div class='ocr_carea' id='block_1_100' title="bbox 203 5099 1916 5176">
    <p class='ocr_par' dir='ltr' id='par_1_100' title="bbox 203 5099 1916 5176">
     <span class='ocr_line' id='line_1_101' title="bbox 203 5099 1916 5176; baseline 0.002 -17"><span class='ocrx_word' id='word_1_683' title='bbox 203 5101 325 5174; x_wconf 79' lang='lat' dir='ltr'>etc.)</span> <span class='ocrx_word' id='word_1_684' title='bbox 351 5099 578 5160; x_wconf 82' lang='lat' dir='ltr'>abbatis</span> <span class='ocrx_word' id='word_1_685' title='bbox 613 5117 647 5159; x_wconf 88' lang='lat' dir='ltr'>a</span> <span class='ocrx_word' id='word_1_686' title='bbox 675 5105 879 5162; x_wconf 89' lang='lat' dir='ltr'>cuncta</span> <span class='ocrx_word' id='word_1_687' title='bbox 915 5101 1354 5176; x_wconf 85' lang='lat' dir='ltr'>congregatione</span> <span class='ocrx_word' id='word_1_688' title='bbox 1390 5101 1719 5161; x_wconf 88' lang='lat' dir='ltr'>voluntaria</span> <span class='ocrx_word' id='word_1_689' title='bbox 1757 5103 1916 5162; x_wconf 87' lang='lat' dir='ltr'>obla-</span> 
     </span>
    </p>
   </div>
   <div class='ocr_carea' id='block_1_101' title="bbox 201 5191 1916 5268">
    <p class='ocr_par' dir='ltr' id='par_1_101' title="bbox 201 5191 1916 5268">
     <span class='ocr_line' id='line_1_102' title="bbox 201 5191 1916 5268; baseline 0.002 -19"><span class='ocrx_word' id='word_1_690' title='bbox 201 5191 377 5263; x_wconf 87' lang='lat' dir='ltr'>tione,</span> <span class='ocrx_word' id='word_1_691' title='bbox 407 5191 475 5250; x_wconf 89' lang='lat' dir='ltr'>iu</span> <span class='ocrx_word' id='word_1_692' title='bbox 511 5191 914 5250; x_wconf 87' lang='lat' dir='ltr'>remissionem</span> <span class='ocrx_word' id='word_1_693' title='bbox 947 5192 1213 5251; x_wconf 88' lang='lat' dir='ltr'>omnium</span> <span class='ocrx_word' id='word_1_694' title='bbox 1251 5197 1614 5268; x_wconf 84' lang='lat' dir='ltr'>peccatorum</span> <span class='ocrx_word' id='word_1_695' title='bbox 1644 5193 1916 5266; x_wconf 90' lang='lat' dir='ltr'>obtinuit,</span> 
     </span>
    </p>
   </div>
   <div class='ocr_carea' id='block_1_102' title="bbox 201 5279 1919 5355">
    <p class='ocr_par' dir='ltr' id='par_1_102' title="bbox 201 5279 1919 5355">
     <span class='ocr_line' id='line_1_103' title="bbox 201 5279 1919 5355; baseline 0.002 -19"><span class='ocrx_word' id='word_1_696' title='bbox 201 5285 264 5337; x_wconf 90' lang='lat' dir='ltr'>ut</span> <span class='ocrx_word' id='word_1_697' title='bbox 300 5294 407 5353; x_wconf 86' lang='lat' dir='ltr'>per</span> <span class='ocrx_word' id='word_1_698' title='bbox 431 5280 612 5339; x_wconf 89' lang='lat' dir='ltr'>totius</span> <span class='ocrx_word' id='word_1_699' title='bbox 650 5279 789 5339; x_wconf 89' lang='lat' dir='ltr'>anui</span> <span class='ocrx_word' id='word_1_700' title='bbox 829 5285 1020 5338; x_wconf 79' lang='lat' dir='ltr'>sextae</span> <span class='ocrx_word' id='word_1_701' title='bbox 1051 5280 1243 5353; x_wconf 80' lang='lat' dir='ltr'>ferias,</span> <span class='ocrx_word' id='word_1_702' title='bbox 1274 5281 1506 5355; x_wconf 86' lang='lat' dir='ltr'>quando</span> <span class='ocrx_word' id='word_1_703' title='bbox 1537 5287 1728 5341; x_wconf 91' lang='lat' dir='ltr'>tamen</span> <span class='ocrx_word' id='word_1_704' title='bbox 1757 5282 1919 5340; x_wconf 88' lang='lat' dir='ltr'>festi-</span> 
     </span>
    </p>
   </div>
   <div class='ocr_carea' id='block_1_103' title="bbox 199 5369 1912 5443">
    <p class='ocr_par' dir='ltr' id='par_1_103' title="bbox 199 5369 1912 5443">
     <span class='ocr_line' id='line_1_104' title="bbox 199 5369 1912 5443; baseline 0.002 -18"><span class='ocrx_word' id='word_1_705' title='bbox 199 5383 288 5425; x_wconf 64' lang='lat' dir='ltr'>va:</span> <span class='ocrx_word' id='word_1_706' title='bbox 314 5383 434 5427; x_wconf 88' lang='lat' dir='ltr'>non</span> <span class='ocrx_word' id='word_1_707' title='bbox 466 5375 679 5440; x_wconf 89' lang='lat' dir='ltr'>essent,</span> <span class='ocrx_word' id='word_1_708' title='bbox 708 5384 858 5443; x_wconf 90' lang='lat' dir='ltr'>pane</span> <span class='ocrx_word' id='word_1_709' title='bbox 892 5374 1117 5428; x_wconf 89' lang='lat' dir='ltr'>tantum</span> <span class='ocrx_word' id='word_1_710' title='bbox 1146 5375 1203 5427; x_wconf 90' lang='lat' dir='ltr'>et</span> <span class='ocrx_word' id='word_1_711' title='bbox 1229 5385 1377 5443; x_wconf 87' lang='lat' dir='ltr'>aqua</span> <span class='ocrx_word' id='word_1_712' title='bbox 1409 5369 1660 5428; x_wconf 89' lang='lat' dir='ltr'>contenti</span> <span class='ocrx_word' id='word_1_713' title='bbox 1685 5376 1875 5429; x_wconf 90' lang='lat' dir='ltr'>essent</span> <span class='ocrx_word' id='word_1_714' title='bbox 1900 5394 1912 5429; x_wconf 91' lang='lat'><strong>:</strong></span> 
     </span>
    </p>
   </div>
   <div class='ocr_carea' id='block_1_104' title="bbox 199 5457 1915 5534">
    <p class='ocr_par' dir='ltr' id='par_1_104' title="bbox 199 5457 1915 5534">
     <span class='ocr_line' id='line_1_105' title="bbox 199 5457 1915 5534; baseline 0.003 -19"><span class='ocrx_word' id='word_1_715' title='bbox 199 5474 262 5516; x_wconf 90' lang='lat' dir='ltr'>ac</span> <span class='ocrx_word' id='word_1_716' title='bbox 289 5474 393 5534; x_wconf 89' lang='lat' dir='ltr'>per</span> <span class='ocrx_word' id='word_1_717' title='bbox 439 5457 703 5533; x_wconf 86' lang='lat' dir='ltr'>singulas</span> <span class='ocrx_word' id='word_1_718' title='bbox 742 5457 961 5530; x_wconf 84' lang='lat' dir='ltr'>singuli</span> <span class='ocrx_word' id='word_1_719' title='bbox 992 5459 1342 5534; x_wconf 89' lang='lat' dir='ltr'>disciplinas,</span> <span class='ocrx_word' id='word_1_720' title='bbox 1377 5459 1506 5519; x_wconf 89' lang='lat' dir='ltr'>data</span> <span class='ocrx_word' id='word_1_721' title='bbox 1536 5461 1915 5534; x_wconf 89' lang='lat' dir='ltr'>confessione,</span> 
     </span>
    </p>
   </div>
   <div class='ocr_carea' id='block_1_105' title="bbox 200 5546 1920 5626">
    <p class='ocr_par' dir='ltr' id='par_1_105' title="bbox 200 5546 1920 5626">
     <span class='ocr_line' id='line_1_106' title="bbox 200 5546 1920 5626; baseline 0.001 -19"><span class='ocrx_word' id='word_1_722' title='bbox 200 5551 543 5623; x_wconf 86' lang='lat' dir='ltr'>reciperent.</span> <span class='ocrx_word' id='word_1_723' title='bbox 581 5546 825 5624; x_wconf 87' lang='lat' dir='ltr'>Insuper</span> <span class='ocrx_word' id='word_1_724' title='bbox 859 5554 914 5607; x_wconf 92' lang='lat' dir='ltr'>et</span> <span class='ocrx_word' id='word_1_725' title='bbox 947 5549 1280 5609; x_wconf 89' lang='lat' dir='ltr'>triduanum</span> <span class='ocrx_word' id='word_1_726' title='bbox 1312 5549 1605 5626; x_wconf 84' lang='lat' dir='ltr'>jejunium</span> <span class='ocrx_word' id='word_1_727' title='bbox 1645 5551 1708 5611; x_wconf 90' lang='lat' dir='ltr'>in</span> <span class='ocrx_word' id='word_1_728' title='bbox 1747 5555 1920 5626; x_wconf 90' lang='lat' dir='ltr'>caput</span> 
     </span>
    </p>
   </div>
   <div class='ocr_carea' id='block_1_106' title="bbox 199 5635 1582 5714">
    <p class='ocr_par' dir='ltr' id='par_1_106' title="bbox 199 5635 1582 5714">
     <span class='ocr_line' id='line_1_107' title="bbox 199 5635 1582 5714; baseline 0 -16"><span class='ocrx_word' id='word_1_729' title='bbox 199 5635 676 5714; x_wconf 73' lang='lat' dir='ltr'>Quadragesimze</span> <span class='ocrx_word' id='word_1_730' title='bbox 706 5653 806 5714; x_wconf 88' lang='lat' dir='ltr'>per</span> <span class='ocrx_word' id='word_1_731' title='bbox 829 5653 1013 5699; x_wconf 89' lang='lat' dir='ltr'>annos</span> <span class='ocrx_word' id='word_1_732' title='bbox 1040 5639 1302 5714; x_wconf 88' lang='lat' dir='ltr'>singulos</span> <span class='ocrx_word' id='word_1_733' title='bbox 1327 5646 1582 5714; x_wconf 88' lang='lat' dir='ltr'>agerent.</span> 
     </span>
    </p>
   </div>
   <div class='ocr_carea' id='block_1_107' title="bbox 2003 4647 3714 4725">
    <p class='ocr_par' dir='ltr' id='par_1_107' title="bbox 2003 4647 3714 4725">
     <span class='ocr_line' id='line_1_108' title="bbox 2003 4647 3714 4725; baseline -0.003 -14"><span class='ocrx_word' id='word_1_734' title='bbox 2003 4654 2301 4725; x_wconf 88' lang='lat' dir='ltr'>feramque</span> <span class='ocrx_word' id='word_1_735' title='bbox 2330 4656 2395 4708; x_wconf 93' lang='lat' dir='ltr'>ut</span> <span class='ocrx_word' id='word_1_736' title='bbox 2424 4653 2620 4723; x_wconf 90' lang='lat' dir='ltr'>potero</span> <span class='ocrx_word' id='word_1_737' title='bbox 2653 4664 2824 4722; x_wconf 89' lang='lat' dir='ltr'>onus,</span> <span class='ocrx_word' id='word_1_738' title='bbox 2855 4647 3011 4724; x_wconf 88' lang='lat' dir='ltr'>quod</span> <span class='ocrx_word' id='word_1_739' title='bbox 3056 4648 3343 4722; x_wconf 88' lang='lat' dir='ltr'>deponere</span> <span class='ocrx_word' id='word_1_740' title='bbox 3381 4662 3501 4705; x_wconf 92' lang='lat' dir='ltr'>non</span> <span class='ocrx_word' id='word_1_741' title='bbox 3529 4647 3714 4706; x_wconf 87' lang='lat' dir='ltr'>valeo.</span> 
     </span>
    </p>
   </div>
   <div class='ocr_carea' id='block_1_108' title="bbox 2006 4733 3713 4814">
    <p class='ocr_par' dir='ltr' id='par_1_108' title="bbox 2006 4733 3713 4814">
     <span class='ocr_line' id='line_1_109' title="bbox 2006 4733 3713 4814; baseline -0.004 -15"><span class='ocrx_word' id='word_1_742' title='bbox 2006 4741 2090 4799; x_wconf 89' lang='lat' dir='ltr'>Ita</span> <span class='ocrx_word' id='word_1_743' title='bbox 2143 4740 2373 4798; x_wconf 83' lang='lat' dir='ltr'>eﬂ‘erato</span> <span class='ocrx_word' id='word_1_744' title='bbox 2424 4739 2609 4814; x_wconf 85' lang='lat' dir='ltr'>magis</span> <span class='ocrx_word' id='word_1_745' title='bbox 2681 4753 2782 4812; x_wconf 91' lang='lat' dir='ltr'>per</span> <span class='ocrx_word' id='word_1_746' title='bbox 2849 4735 3108 4797; x_wconf 90' lang='lat' dir='ltr'>studium</span> <span class='ocrx_word' id='word_1_747' title='bbox 3177 4735 3497 4796; x_wconf 73' lang='lat' dir='ltr'>concordiae</span> <span class='ocrx_word' id='word_1_748' title='bbox 3559 4733 3713 4808; x_wconf 90' lang='lat' dir='ltr'>odio,</span> 
     </span>
    </p>
   </div>
   <div class='ocr_carea' id='block_1_109' title="bbox 2002 4825 3713 4903">
    <p class='ocr_par' dir='ltr' id='par_1_109' title="bbox 2002 4825 3713 4903">
     <span class='ocr_line' id='line_1_110' title="bbox 2002 4825 3713 4903; baseline -0.003 -15"><span class='ocrx_word' id='word_1_749' title='bbox 2002 4828 2232 4902; x_wconf 90' lang='lat' dir='ltr'>annuit,</span> <span class='ocrx_word' id='word_1_750' title='bbox 2265 4829 2522 4903; x_wconf 90' lang='lat' dir='ltr'>quidem,</span> <span class='ocrx_word' id='word_1_751' title='bbox 2554 4831 2619 4888; x_wconf 94' lang='lat' dir='ltr'>ut</span> <span class='ocrx_word' id='word_1_752' title='bbox 2652 4827 2714 4887; x_wconf 93' lang='lat' dir='ltr'>in</span> <span class='ocrx_word' id='word_1_753' title='bbox 2742 4829 2908 4901; x_wconf 86' lang='lat' dir='ltr'>regni</span> <span class='ocrx_word' id='word_1_754' title='bbox 2935 4826 3290 4887; x_wconf 88' lang='lat' dir='ltr'>consortium</span> <span class='ocrx_word' id='word_1_755' title='bbox 3321 4825 3520 4900; x_wconf 86' lang='lat' dir='ltr'>regina</span> <span class='ocrx_word' id='word_1_756' title='bbox 3545 4838 3713 4884; x_wconf 89' lang='lat' dir='ltr'>revo-</span> 
     </span>
    </p>
   </div>
   <div class='ocr_carea' id='block_1_110' title="bbox 2002 4927 2247 4981">
    <p class='ocr_par' dir='ltr' id='par_1_110' title="bbox 2002 4927 2247 4981">
     <span class='ocr_line' id='line_1_111' title="bbox 2002 4927 2247 4981; baseline 0.008 -2"><span class='ocrx_word' id='word_1_757' title='bbox 2002 4927 2247 4981; x_wconf 68' lang='grc'>031⁸81111⁸.</span> 
     </span>
    </p>
   </div>
   <div class='ocr_carea' id='block_1_111' title="bbox 2808 5007 2907 5068">
    <p class='ocr_par' dir='ltr' id='par_1_111' title="bbox 2808 5007 2907 5068">
     <span class='ocr_line' id='line_1_112' title="bbox 2808 5007 2907 5068; baseline 0 0"><span class='ocrx_word' id='word_1_758' title='bbox 2808 5007 2907 5068; x_wconf 89' lang='lat' dir='ltr'>VI.</span> 
     </span>
    </p>
   </div>
   <div class='ocr_carea' id='block_1_112' title="bbox 2001 5110 3712 5192">
    <p class='ocr_par' dir='ltr' id='par_1_112' title="bbox 2001 5110 3712 5192">
     <span class='ocr_line' id='line_1_113' title="bbox 2001 5110 3712 5192; baseline -0.005 -15"><span class='ocrx_word' id='word_1_759' title='bbox 2001 5121 2323 5177; x_wconf 83' lang='lat' dir='ltr'>Bertholdus</span> <span class='ocrx_word' id='word_1_760' title='bbox 2348 5120 2632 5192; x_wconf 76' lang='lat' dir='ltr'>presbyter</span> <span class='ocrx_word' id='word_1_761' title='bbox 2654 5118 3082 5192; x_wconf 80' lang='lat' dir='ltr'>Constantiensis</span> <span class='ocrx_word' id='word_1_762' title='bbox 3110 5115 3218 5192; x_wconf 82' lang='lat' dir='ltr'>(an.</span> <span class='ocrx_word' id='word_1_763' title='bbox 3259 5110 3429 5192; x_wconf 68' lang='lat'>1090),</span> <span class='ocrx_word' id='word_1_764' title='bbox 3458 5117 3510 5170; x_wconf 85' lang='lat' dir='ltr'>et</span> <span class='ocrx_word' id='word_1_765' title='bbox 3531 5116 3712 5188; x_wconf 62' lang='lat' dir='ltr'>pani-</span> 
     </span>
    </p>
   </div>
   <div class='ocr_carea' id='block_1_113' title="bbox 2074 5187 3713 5263">
    <p class='ocr_par' dir='ltr' id='par_1_113' title="bbox 2074 5187 3713 5263">
     <span class='ocr_line' id='line_1_114' title="bbox 2074 5187 3713 5263; baseline -0.004 -15"><span class='ocrx_word' id='word_1_766' title='bbox 2074 5187 2370 5249; x_wconf 70' lang='lat' dir='ltr'>tentiarius</span> <span class='ocrx_word' id='word_1_767' title='bbox 2411 5187 2759 5263; x_wconf 77' lang='lat' dir='ltr'>apostolicus,</span> <span class='ocrx_word' id='word_1_768' title='bbox 2794 5193 2868 5263; x_wconf 18' lang='lat' dir='ltr'>in;</span> <span class='ocrx_word' id='word_1_769' title='bbox 2892 5189 3169 5263; x_wconf 63' lang='grc' dir='ltr'>Δᾼῖιεεανίο</span> <span class='ocrx_word' id='word_1_770' title='bbox 3216 5187 3291 5242; x_wconf 87' lang='lat' dir='ltr'>ad</span> <span class='ocrx_word' id='word_1_771' title='bbox 3347 5187 3713 5244; x_wconf 80' lang='lat' dir='ltr'>Hermannum</span> 
     </span>
    </p>
   </div>
   <div class='ocr_carea' id='block_1_114' title="bbox 2076 5260 2970 5327">
    <p class='ocr_par' dir='ltr' id='par_1_114' title="bbox 2076 5260 2970 5327">
     <span class='ocr_line' id='line_1_115' title="bbox 2076 5260 2970 5327; baseline -0.004 -6"><span class='ocrx_word' id='word_1_772' title='bbox 2076 5260 2574 5327; x_wconf 57' lang='lat' dir='ltr'>Contractumfsub</span> <span class='ocrx_word' id='word_1_773' title='bbox 2601 5279 2693 5320; x_wconf 89' lang='lat' dir='ltr'>an.</span> <span class='ocrx_word' id='word_1_774' title='bbox 2723 5264 2778 5320; x_wconf 88' lang='lat' dir='ltr'>C.</span> <span class='ocrx_word' id='word_1_775' title='bbox 2814 5260 2970 5319; x_wconf 89' lang='grc'>1061.</span> 
     </span>
    </p>
   </div>
   <div class='ocr_carea' id='block_1_115' title="bbox 2073 5363 3715 5441">
    <p class='ocr_par' dir='ltr' id='par_1_115' title="bbox 2073 5363 3715 5441">
     <span class='ocr_line' id='line_1_116' title="bbox 2073 5363 3715 5441; baseline 0.001 -16"><span class='ocrx_word' id='word_1_776' title='bbox 2073 5367 2180 5426; x_wconf 88' lang='lat' dir='ltr'>His</span> <span class='ocrx_word' id='word_1_777' title='bbox 2233 5368 2585 5441; x_wconf 87' lang='lat' dir='ltr'>temporibus</span> <span class='ocrx_word' id='word_1_778' title='bbox 2639 5365 2982 5425; x_wconf 89' lang='lat' dir='ltr'>venerabilis</span> <span class='ocrx_word' id='word_1_779' title='bbox 3036 5363 3240 5424; x_wconf 88' lang='lat' dir='ltr'>Petrus</span> <span class='ocrx_word' id='word_1_780' title='bbox 3291 5364 3582 5440; x_wconf 87' lang='lat' dir='ltr'>Damiani,</span> <span class='ocrx_word' id='word_1_781' title='bbox 3639 5383 3715 5426; x_wconf 81' lang='lat' dir='ltr'>ex</span> 
     </span>
    </p>
   </div>
   <div class='ocr_carea' id='block_1_116' title="bbox 2005 5455 3714 5531">
    <p class='ocr_par' dir='ltr' id='par_1_116' title="bbox 2005 5455 3714 5531">
     <span class='ocr_line' id='line_1_117' title="bbox 2005 5455 3714 5531; baseline -0.002 -15"><span class='ocrx_word' id='word_1_782' title='bbox 2005 5457 2243 5516; x_wconf 88' lang='lat' dir='ltr'>eremita</span> <span class='ocrx_word' id='word_1_783' title='bbox 2295 5455 2603 5514; x_wconf 88' lang='lat' dir='ltr'>cardinalis</span> <span class='ocrx_word' id='word_1_784' title='bbox 2653 5456 2973 5530; x_wconf 82' lang='lat' dir='ltr'>episcopus,</span> <span class='ocrx_word' id='word_1_785' title='bbox 3027 5455 3207 5514; x_wconf 88' lang='lat' dir='ltr'>multa</span> <span class='ocrx_word' id='word_1_786' title='bbox 3251 5456 3607 5531; x_wconf 88' lang='lat' dir='ltr'>conscripsit,</span> <span class='ocrx_word' id='word_1_787' title='bbox 3658 5463 3714 5514; x_wconf 90' lang='lat' dir='ltr'>et</span> 
     </span>
    </p>
   </div>
   <div class='ocr_carea' id='block_1_117' title="bbox 2007 5547 3715 5610">
    <p class='ocr_par' dir='ltr' id='par_1_117' title="bbox 2007 5547 3715 5610">
     <span class='ocr_line' id='line_1_118' title="bbox 2007 5547 3715 5610; baseline -0.002 -1"><span class='ocrx_word' id='word_1_788' title='bbox 2007 5550 2483 5610; x_wconf 86' lang='lat' dir='ltr'>incontinentiam</span> <span class='ocrx_word' id='word_1_789' title='bbox 2553 5549 2912 5608; x_wconf 87' lang='lat' dir='ltr'>sacerdotum</span> <span class='ocrx_word' id='word_1_790' title='bbox 2971 5549 3107 5608; x_wconf 88' lang='lat' dir='ltr'>satis</span> <span class='ocrx_word' id='word_1_791' title='bbox 3169 5549 3586 5609; x_wconf 85' lang='lat' dir='ltr'>rationabiliter</span> <span class='ocrx_word' id='word_1_792' title='bbox 3648 5547 3715 5606; x_wconf 91' lang='lat' dir='ltr'>in</span> 
     </span>
    </p>
   </div>
   <div class='ocr_carea' id='block_1_118' title="bbox 2001 5634 3710 5715">
    <p class='ocr_par' dir='ltr' id='par_1_118' title="bbox 2001 5634 3710 5715">
     <span class='ocr_line' id='line_1_119' title="bbox 2001 5634 3710 5715; baseline -0.002 -17"><span class='ocrx_word' id='word_1_793' title='bbox 2001 5637 2228 5715; x_wconf 88' lang='lat' dir='ltr'>scriptis</span> <span class='ocrx_word' id='word_1_794' title='bbox 2297 5640 2418 5700; x_wconf 90' lang='lat' dir='ltr'>suis</span> <span class='ocrx_word' id='word_1_795' title='bbox 2487 5638 2826 5699; x_wconf 85' lang='lat' dir='ltr'>confutavit.</span> <span class='ocrx_word' id='word_1_796' title='bbox 2887 5641 3093 5697; x_wconf 82' lang='lat' dir='ltr'>Rursus</span> <span class='ocrx_word' id='word_1_797' title='bbox 3160 5639 3235 5695; x_wconf 85' lang='lat' dir='ltr'>ad</span> <span class='ocrx_word' id='word_1_798' title='bbox 3291 5655 3493 5695; x_wconf 85' lang='lat' dir='ltr'>annum</span> <span class='ocrx_word' id='word_1_799' title='bbox 3552 5634 3710 5695; x_wconf 84' lang='lat'>1070.</span> 
     </span>
    </p>
   </div>
  </div>
