4078 6202
264 270 366 330 183
1175 257 1235 318 S.
1277 253 1570 315 PETRUS
1611 249 2000 310 DAMIANUS
2043 251 2104 311 S.
2145 253 2214 312 Β.
2260 256 2324 313 E.
2368 256 2845 318 CARDINALIS.
3675 258 3776 316 181

261 395 469 456 Petrus
512 389 777 451 Damiani
823 390 937 466 piae
980 385 1279 447 memoriae
1309 379 1624 442 cardinalis
1650 377 1973 453 episcopus,
1995 378 2176 438 Aalio
2205 387 2378 456 atque
2405 382 2521 442 alio
2559 384 2694 442 vitae
2726 389 2876 444 statu
2901 383 3070 442 edita
3106 401 3118 440 :
3147 395 3402 456 quarum
3434 380 3494 440 in
3527 381 3681 454 aliis,
3713 391 3780 444 ut

258 484 607 563 jamdudum
667 483 885 543 mundo
929 482 1249 542 crucifixus
1276 524 1292 548 ,
1344 474 1617 549 migravit
1657 473 1731 563 ad
1781 471 1982 563 Domi-
2060 467 2204 526 mihi
2241 470 2500 563 ,videtur,
2527 479 2840 546 occupatus
2883 469 3086 563 amissi
3133 468 3240 563 otii
3253 467 3544 563 requiem
3586 472 3778 563 suspi-

263 560 410 636 num
467 585 573 633 VIII
632 572 875 632 Kalend.
931 569 1161 630 Martii:
1195 567 1292 625 cui
1349 564 1637 624 Dominus
1697 560 1980 621 Geroldus
2063 565 2188 629 rat;
2234 561 2298 618 in
2332 562 2464 620 aliis
2502 564 2720 622 otiosus
2750 562 3017 622 transacti
3053 560 3267 635 negotii
3307 560 3778 633 inquietudinem

269 665 576 734 (Giraldus,
633 665 753 720 ord.
809 665 868 720 S.
927 663 1056 716 Ben.
1108 658 1354 716 Cluniae.
1415 654 1724 721 canobita),
1779 666 1982 709 revera
2059 650 2406 710 recordatur.
2460 653 2650 727 Hujus
2697 652 2844 710 mihi
2880 665 3040 710 nunc
3084 649 3297 707 certior
3343 649 3624 708 memoria
3675 657 3778 709 est.

264 752 588 812 monachus
610 750 848 810 scientia
880 746 1310 821 Scripturarum
1339 741 1610 815 insignis,
1634 746 1690 798 et
1719 738 1982 798 moribus
2063 737 2297 799 Caeteris
2328 741 2527 814 igitur,
2560 757 2694 816 quae
2733 748 2895 800 extra
2932 739 3287 815 propositum
3329 746 3490 811 sunt,
3529 740 3784 811 omissis,

267 856 373 904 suo
415 837 820 914 praedecessori
863 851 982 895 non
1036 834 1246 908 impar,
1289 831 1353 890 in
1398 827 1790 904 episcopatum
1843 841 1980 888 suc-

268 933 459 992 cessit.

1062 997 1190 1057 VII.

870 1112 984 1178 (an.
1041 1106 1234 1175 1100),
1284 1106 1579 1161 monachus
1632 1105 1980 1178 Gemblacen-

831 1177 1053 1252 Bened.,
1109 1179 1206 1238 lib.
1273 1180 1349 1232 De
1430 1178 1569 1232 viris
1647 1177 1978 1240 illustribus,

264 1114 578 1182 Sigebertus
627 1113 820 1169 Gallus

335 1187 434 1248 sis,
512 1185 634 1242 0rd.
716 1184 776 1243 S.

337 1272 462 1328 cap.
494 1254 615 1314 103.

339 1363 544 1422 Petrus
588 1361 858 1422 Damiani
912 1363 1082 1422 Rom.
1139 1359 1412 1418 Ecclesiae
1455 1357 1737 1432 septimus
1787 1357 1982 1431 levita,

267 1453 496 1526 scripsit
521 1453 701 1512 vitam
727 1451 986 1514 Odilonis
1013 1450 1204 1526 quarti
1235 1445 1709 1508 Cluniacensium
1739 1447 1980 1536 abbatis.

267 1542 658 1602 Inveniuntur
690 1543 864 1601 etiam
905 1541 1168 1601 homiliae
1195 1539 1269 1598 ab
1297 1553 1364 1598 eo
1392 1537 1689 1597 luculento
1718 1554 1984 1599 sermone

268 1631 627 1706 conscriptae.

1063 1702 1214 1763 VIII.

2063 831 2287 906 utique,
2319 833 2582 907 inquam,
2619 833 2826 893 Petrus
2861 833 2973 902 hic,
3011 835 3299 905 quantum
3337 846 3413 888 ex
3446 830 3788 889 novissimis

2069 915 2195 990 ejus
2251 920 2478 992 scriptis
2537 919 2729 990 elicio,
2789 919 3126 978 Romanum
3181 917 3606 978 cardinalatum
3663 934 3783 978 non

2066 1004 2194 1064 sine
2242 1007 2415 1067 laude
2449 1009 2778 1082 possederat
2820 1032 2832 1066 :
2875 1009 2964 1066 vir
3009 1006 3164 1066 haud
3216 1005 3496 1080 dignitate
3552 1005 3782 1078 clarior,

2068 1110 2246 1168 quam
2274 1095 2493 1171 lingua.
2529 1096 2678 1167 Quid
2719 1103 2908 1155 tamen
2943 1103 2997 1155 et
3025 1097 3119 1154 hic
3145 1096 3375 1155 consilii
3404 1097 3636 1171 ceperit,
3660 1097 3784 1170 jam

2069 1184 2289 1244 audies.
2340 1186 2638 1262 Siquidem
2682 1193 2894 1246 statum
2938 1187 3126 1258 illum,
3175 1201 3530 1261 pompasque
3585 1186 3786 1246 saeculi

2068 1276 2495 1335 contribulibus
2523 1277 2648 1337 suis
2672 1276 2967 1351 linquens,
2999 1277 3123 1350 ipse
3150 1275 3334 1334 Italiae
3364 1275 3578 1346 medio,
3605 1275 3676 1333 ad
3703 1275 3785 1334 si-

2069 1368 2318 1426 nistrum
2335 1369 2631 1441 Apennini
2653 1368 2827 1442 latus,
2849 1368 3274 1442 quietissimam
3295 1366 3694 1436 solitudinem,
3716 1367 3788 1425 de

2070 1473 2187 1532 qua
2234 1458 2418 1517 multa
2471 1459 2829 1533 conscripsit,
2865 1465 2920 1517 et
2967 1473 3101 1533 quae
3150 1464 3318 1517 vetus
3355 1456 3546 1515 adhuc
3590 1456 3790 1514 Fontis

2069 1547 2342 1608 Avellani
2379 1564 2594 1608 nomen
2632 1555 2840 1618 servat,
2876 1548 3151 1622 perituris
3211 1547 3532 1606 honoribus
3579 1546 3790 1620 praefe-

2071 1637 2314 1695 rendam
2345 1637 2559 1696 duxit:
2592 1638 2697 1696 ubi
2737 1653 2854 1695 non
2885 1636 3083 1694 minus
3123 1636 3370 1709 gloriose
3418 1634 3789 1708 postmodum

2004 1747 2052 1807 B
2074 1726 2262 1798 latuit,
2287 1742 2461 1800 quam
2486 1726 2821 1787 innotuerat
2845 1725 3103 1800 primum
3130 1725 3333 1785 Romae
3361 1743 3374 1780 :
3399 1739 3505 1782 nec
3525 1723 3793 1782 dedecori

270 1819 545 1873 Honorius
602 1818 1118 1886 Augustodunensis
1168 1815 1450 1890 presbyter
1500 1814 1610 1890 (an.
1671 1812 1843 1890 1120),
1874 1829 1992 1890 _m_o-
2075 1815 2164 1874 illi
2194 1815 2303 1874 fuit
2337 1815 2440 1874 alti
2471 1816 2700 1876 verticis
2746 1815 2990 1875 rutilum
3043 1815 3240 1889 decus,
3268 1812 3557 1890 squalenti
3599 1810 3790 1871 cilicio

339 1891 548 1945 nachus
573 1894 626 1944 et
652 1885 822 1944 abbas
861 1889 980 1945 0rd.
1011 1890 1071 1946 S.
1099 1885 1322 1952 Bened.,
1349 1903 1522 1959 prope
1561 1889 1724 1954 ﬁnem
1753 1885 1884 1940 libri
1914 1887 1991 1940 De

345 1961 713 2017 luminaribus
739 1962 1014 2017 Ecclesiae.

344 2064 550 2124 Petrus
567 2071 946 2139 cognomento
965 2065 1256 2136 Damiaui,
1279 2079 1353 2122 ex
1377 2064 1662 2122 monacho
1681 2068 1736 2121 et
1755 2063 1994 2121 eremita

269 2156 592 2230 episcopus,
623 2155 852 2229 scripsit
869 2154 1087 2213 librum
1111 2158 1308 2213 contra
1336 2151 1490 2221 illos,
1517 2151 1619 2226 qui
1647 2150 1993 2211 simoniacos

271 2242 604 2303 reordinare
627 2250 1075 2315 consueverunt,
1105 2249 1163 2302 et
1198 2242 1388 2302 multa
1410 2241 1526 2300 alia
1558 2260 1574 2301 :
1608 2241 1717 2302 sub
1743 2241 1994 2318 Henrico

275 2332 380 2393 Pio
412 2333 629 2395 floruit.

1094 2405 1196 2464 IX.

270 2520 615 2577 Helinandus
647 2519 842 2574 Gallus
869 2521 983 2585 (an.
1020 2515 1204 2584 1200),
1247 2516 1546 2571 monachus
1575 2516 1994 2582 Frigidimontis

343 2592 462 2648 0rd.
487 2593 548 2647 S.
573 2591 771 2646 Bened.
793 2593 854 2644 in
880 2591 1129 2644 Historia
1158 2605 1279 2651 sua,
1317 2588 1473 2657 cujus
1501 2587 1664 2640 verba
1684 2587 1836 2657 apud
1864 2590 1997 2643 Vin-

344 2665 579 2718 centium
601 2663 974 2717 Belvacensem
995 2660 1115 2716 ord.
1143 2661 1320 2717 Praed.
1352 2661 1410 2713 in
1431 2659 1659 2729 Speculo
1691 2659 1991 2722 historiali,

348 2734 446 2790 lib.
477 2743 631 2797 XXV,
663 2749 785 2805 cap.
816 2733 906 2797 52,
935 2733 1046 2788 haec
1073 2736 1201 2786 sunt
1231 2751 1248 2785 :

348 2839 473 2898 Hoc
513 2842 769 2912 tempore
808 2837 1013 2896 Petrus
1055 2835 1374 2895 Damianus
1413 2835 1642 2908 scripsit
1675 2836 1747 2894 ad
1788 2852 1996 2910 papam

276 2927 766 2999 Hildebrandum,
799 2927 1048 2986 reddens
1072 2925 1376 2996 rationem,
1403 2940 1581 2998 quare
1607 2925 1997 3000 episcopatum

275 3017 582 3076 dimiserit.
632 3016 770 3075 Erat
809 3014 967 3074 enim
1014 3015 1108 3072 vir
1148 3013 1430 3086 religione
1469 3020 1524 3071 et
1562 3013 1843 3088 sapientia
1888 3030 1998 3072 no-

277 3105 728 3175 minatissimus,
760 3103 863 3178 qui
902 3103 1176 3178 quaedam
1223 3101 1304 3160 ibi
1347 3109 1562 3173 narrat,
1595 3119 1728 3177 quae
1772 3104 1836 3162 in
1883 3103 2060 3166 hocC

277 3195 406 3254 loco
454 3191 815 3267 excerpenda
871 3193 1101 3251 decrevi
1158 3211 1171 3250 :
1235 3190 1400 3262 Quia,
1460 3191 1691 3266 inquit,
1746 3192 1998 3251 refutavi

279 3284 734 3343 ecclesiasticum
763 3281 1044 3355 regimen,
1077 3289 1308 3340 centum
1336 3297 1623 3340 annorum
1659 3282 1998 3355 poenitentia

281 3371 432 3430 mihi
471 3371 739 3446 injuncta
782 3375 886 3442 est,
928 3371 1252 3429 secundum
1305 3369 1560 3428 remedia
1608 3371 1826 3443 regulae
1873 3385 1999 3428 mo-

281 3459 540 3520 nasticae.
1112 3533 1164 3591 Χ

279 3643 604 3699 Franciscus
678 3641 974 3697 Petrarcha
1055 3643 1170 3701 (an.
1238 3637 1422 3707 1370),
1479 3643 1663 3693 orator
1715 3643 1767 3692 et
1838 3643 2006 3709 poeta

354 3716 594 3841 ῗιαιςίεεη
647 3729 771 3785 cap.
823 3711 908 3777 17,
957 3716 1116 3768 tract.
1171 3709 1223 3776 3,
1285 3711 1388 3769 lib.
1442 3721 1503 3773 II,
1561 3713 1637 3764 De
1693 3712 1810 3764 vita
1867 3711 2003 3765 soli-

382 3802 528 3841 aria.

382 3802 528 3843 arta.

355 3891 560 3950 Petrus
596 3906 755 3950 nunc
791 3892 1041 3950 occurrit
1077 3890 1198 3960 ille,
1243 3888 1349 3962 qui
1382 3887 1649 3946 Damiani
1686 3901 2006 3960 cognomen

285 3978 481 4050 habet,
507 3976 778 4053 quamvis
815 3983 872 4035 et
913 3977 985 4036 de
1027 3977 1136 4034 hoc
1163 3976 1307 4050 ipso,
1339 3981 1396 4033 et
1443 3975 1513 4033 de
1550 3975 1687 4045 vita,
1719 3973 2008 4046 rebusque

289 4067 404 4129 viri
431 4065 613 4141 hujus
642 4066 964 4137 agentium,
995 4063 1282 4124 discordia
1320 4063 1501 4122 multa
1533 4062 1605 4120 sit
1634 4087 1646 4121 :
1680 4061 1835 4137 quod
1871 4077 2008 4120 eum

291 4159 393 4217 alii
432 4175 464 4216 e
502 4158 832 4216 solitudinis
866 4157 1001 4226 otio,
1033 4156 1104 4214 ad
1138 4154 1512 4214 ecclesiastici
1549 4153 1763 4227 negotii
1801 4168 2005 4222 curas;

293 4252 513 4317 contra,
537 4247 639 4305 alii
671 4263 746 4304 ex
781 4247 904 4320 ipsa
941 4263 1214 4306 curarum
1254 4262 1403 4318 arce,
1441 4245 1804 4319 strepituque
1832 4259 2009 4317 nego-

295 4337 530 4408 tiorum,
559 4338 632 4396 ad
688 4338 855 4396 otiosi
916 4337 1131 4396 silentii
1177 4353 1373 4412 pacem
1428 4339 1684 4396 trahunt.
1745 4336 2010 4412 Utraeque

295 4427 435 4518 vitae
488 4428 692 4518 hujus
725 4428 1168 4496 commendatio,
1230 4445 1333 4487 seu
1391 4435 1545 4486 tanto
1595 4428 1766 4488 illum
1819 4429 2080 4518 oﬂicioD

295 4515 544 4589 dignum
592 4517 743 4588 fecit,
787 4533 889 4577 seu
936 4518 1059 4591 ipsa
1107 4518 1283 4592 digna
1332 4519 1456 4576 visa
1516 4523 1620 4589 est,
1664 4534 1798 4593 quae
1858 4523 2011 4577 tanto

297 4604 526 4678 fastigio
554 4607 943 4680 praeferretur.
977 4605 1094 4664 Alii
1128 4622 1251 4665 rem
1279 4607 1644 4680 permiscent.
1677 4607 1846 4677 Nam,
1877 4623 2012 4666 cum

297 4693 564 4753 exactius
612 4709 816 4754 verum
859 4709 1130 4770 quaerens
1177 4711 1364 4769 usque
1405 4695 1476 4754 ad
1524 4696 1876 4767 coenobium,
1910 4697 2011 4754 ubi

300 4785 351 4843 is
384 4786 600 4858 ﬂoruit,
632 4785 944 4856 misissem,
971 4786 1073 4859 qui
1105 4785 1251 4844 mihi
1279 4792 1567 4858 comperta
1591 4787 1788 4844 omnia
1817 4802 2012 4860 repor-

302 4881 530 4948 tarent;
604 4874 1007 4948 religiosorum
1059 4873 1167 4933 loci
1215 4873 1376 4932 illius
1426 4875 1743 4933 assertione
1790 4876 2010 4950 didici,

302 4965 484 5023 fuisse
535 4980 672 5023 eum
723 4965 912 5039 primo
958 4963 1197 5039 quidem
1247 4961 1591 5035 solitarium,
1657 4963 1794 5022 inde
1838 4964 2016 5023 altius

303 5058 592 5124 evectum,
613 5051 847 5111 demum
878 5052 1034 5110 ultro
1054 5051 1125 5109 ad
1159 5050 1531 5110 solitudinem
1560 5052 1816 5111 rediisse.
1851 5053 2014 5122 Quod

307 5139 359 5198 si
405 5141 483 5197 ita
521 5147 628 5208 est,
663 5149 720 5199 et
757 5140 1040 5200 indicium
1089 5143 1213 5216 ejus
1253 5148 1585 5199 extremum
1628 5147 1801 5215 patet,
1855 5148 1909 5199 et
1955 5142 2017 5200 iu

307 5245 496 5290 unum
543 5234 878 5304 exemplum
929 5232 1259 5292 solitudinis
1318 5231 1619 5305 geminum
1670 5231 1844 5290 decus
1883 5233 2016 5304 coit,

307 5336 444 5394 quae
497 5321 638 5380 tales
692 5321 848 5380 viros
900 5323 1112 5382 saeculo
1163 5321 1506 5394 commodat,
1543 5323 1891 5398 eosdemque
1937 5325 2020 5382 sic

310 5411 531 5487 recipit.
564 5411 650 5470 Ita
681 5428 818 5471 vero
852 5429 994 5484 esse,
1031 5423 1094 5472 ut
1123 5415 1372 5487 credam,
1411 5415 1668 5489 epistolae
1710 5415 1834 5488 ejus
1879 5416 2018 5474 hor-

309 5510 528 5574 tantur,
579 5517 726 5577 quas
774 5518 932 5561 nunc
978 5507 1252 5575 maxime,
1289 5504 1382 5562 bis
1420 5505 1656 5577 auditis,
1689 5505 1758 5563 ad
1808 5520 2020 5564 memo-

310 5592 459 5652 riam
516 5607 740 5666 revoco,
775 5591 1021 5652 diversis
1075 5592 1192 5651 illae
1244 5592 1481 5669 quidem
1537 5593 1910 5668 temporibus,
1966 5599 2020 5650 et

2073 1913 2450 1982 permutasse.

2879 1983 2982 2042 XI.

2072 2093 2132 2148 S.
2189 2092 2503 2147 Antoninus
2553 2091 2670 2165 (an.
2728 2091 2914 2163 1450),
2972 2108 3040 2147 ea:
3105 2089 3303 2165 ordine
3367 2087 3791 2158 praedicath

2145 2161 2584 2234 archiepiscopus
2667 2161 3030 2228 Florentinus,
3099 2161 3488 2220 Chronicorum
3569 2173 3791 2213 suorum

2138 2240 2301 2306 parte
2327 2246 2387 2298 II,
2420 2238 2506 2291 tit.
2549 2234 2630 2299 l6,
2663 2252 2786 2307 cap.
2817 2235 2872 2294 8.

2145 2343 2323 2410 Anno
2372 2340 2608 2399 Domini
2670 2341 2824 2400 1068.
2887 2341 3092 2399 Petrus
3164 2337 3483 2396 Damianus
3547 2337 3666 2394 vita
3737 2343 3795 2395 et

2075 2428 2314 2486 scientia
2342 2429 2613 2503 insignis,
2643 2428 2890 2489 habetur
2916 2430 2979 2488 in
3007 2427 3192 2486 Italia.
3224 2425 3335 2484 Hic
3369 2425 3548 2484 edidit
3578 2423 3792 2483 multos

2077 2536 2373 2580 sermones
2388 2521 2658 2595 ,eleganti
2691 2521 2838 2595 stylo
2867 2521 2937 2580 de
2967 2519 3214 2578 diversis
3241 2517 3517 2575 materiis.
3551 2515 3791 2590 Episco-

2075 2612 2236 2686 patui
2264 2627 2417 2682 vero,
2448 2628 2565 2686 quo
2604 2611 2896 2671 infulatus
2931 2613 3142 2680 fuerat,
3172 2607 3549 2678 renuntiavit,
3586 2614 3648 2666 ut
3675 2605 3791 2664 Deo

2076 2699 2320 2760 liberius
2348 2707 2592 2759 vacaret.
2633 2699 2874 2776 Scripsit
2898 2708 2952 2760 et
2981 2703 3152 2776 plura
3171 2698 3468 2773 opuscula,
3500 2695 3792 2765 videlicet,

2077 2787 2296 2846 librum
2324 2787 2582 2861 primum
2618 2788 2699 2848 De
2748 2788 3099 2862 perfectione
3138 2783 3556 2845 monachorum
3607 2799 3619 2837 :
3653 2783 3793 2840 item

2075 2876 2280 2946 alium,
2329 2876 2431 2951 qui
2470 2876 2802 2937 intitulatur
2855 2877 3253 2948 Gratissimus,
3305 2889 3408 2932 seu
3462 2869 3796 2930 Probatissi-

2077 2982 2234 3039 mus,
2271 2973 2326 3024 et
2356 2971 2553 3025 contra
2581 2966 2932 3026 simoniacos
2963 2990 2976 3025 :
3005 2966 3145 3024 item
3175 2964 3390 3022 librum
3421 2962 3500 3020 De
3532 2965 3797 3018 contem-

2080 3061 2181 3129 ptu
2211 3054 2415 3113 saeculi
2444 3075 2456 3112 :
2490 3055 2630 3113 item
2669 3055 2965 3128 libellum,
2999 3055 3103 3130 qui
3125 3051 3476 3121 intitulatur,
3509 3047 3798 3107 Dominus

2083 3143 2404 3215 vobiscum,
2428 3144 2501 3202 ad
2530 3144 2784 3202 Leonem
2814 3158 3042 3218 papam,
3069 3141 3286 3201 librum
3314 3138 3385 3197 de
3414 3134 3796 3197 Consuetudi-

2082 3233 2259 3293 nibus
2292 3231 2565 3291 Ecclesiae
2592 3252 2604 3291 :
2637 3233 2777 3291 item
2801 3231 3030 3306 scripsit
3058 3229 3319 3304 regulam
3345 3227 3720 3294 eremiticam,
3743 3233 3801 3282 et

2081 3322 2151 3378 de
2178 3320 2379 3378 ordine
2408 3321 2544 3378 vitae
2571 3319 2886 3378 eremiticae
2928 3344 2941 3377 :
2985 3320 3123 3377 item
3162 3317 3377 3376 librum
3420 3330 3522 3388 per
3556 3313 3801 3371 modum

2081 3410 2314 3484 dialogi,
2336 3417 2531 3468 contra
2560 3409 2794 3467 Judaeos
2829 3428 2840 3466 :
2875 3409 3014 3466 item
3046 3405 3310 3465 libellum
3339 3402 3752 3461 Narrationum
3784 3425 3796 3458 :

2083 3499 2220 3557 item
2249 3498 2464 3556 librum
2496 3498 2577 3557 De
2602 3497 2990 3572 diremptione
3008 3494 3348 3570 nuptiarum
3377 3509 3388 3542 :
3415 3492 3556 3550 item
3585 3489 3800 3547 librum

2083 3590 2165 3648 De
2194 3588 2583 3663 disputatione
2640 3588 2711 3646 de
2770 3587 3065 3646 canonicis
3121 3583 3490 3643 boriszitem
3547 3579 3800 3638 Invecti-

2085 3695 2218 3738 vam
2251 3685 2450 3736 contra
2481 3678 2794 3754 quemdam
2836 3677 3195 3750 episcopum,
3227 3673 3330 3747 qui
3371 3671 3682 3730 monachos
3727 3667 3804 3724 ad

2087 3769 2372 3828 saeculum
2401 3769 2719 3827 revocabat.
2755 3768 2959 3826 Narrat
2986 3767 3160 3824 etiam
3200 3764 3371 3838 plura
3408 3758 3672 3833 exempla
3703 3771 3800 3816 eo-

2088 3875 2244 3929 rum,
2276 3875 2408 3934 quw
2439 3858 2803 3931 contigerunt
2831 3855 3185 3930 temporibus
3214 3853 3338 3912 suis
3365 3852 3425 3909 in
3451 3846 3694 3906 diversis
3720 3845 3804 3904 lo-

2087 3950 2169 4007 cis
2191 3947 2442 4007 multum
2475 3945 2770 4016 notabilia,
2796 3946 2866 4004 de
2887 3944 3104 4018 quibus
3127 3944 3189 4000 in
3209 3941 3318 4000 isto
3339 3937 3591 4014 capitulo
3607 3936 3806 4007 aliqua

2088 4045 2409 4112 ponuntur.
2442 4036 2508 4093 In
2551 4035 2849 4110 Apologia,
2883 4033 2941 4092 id
2974 4040 3058 4091 est
3085 4030 3458 4090 excusatione
3492 4041 3601 4084 sua
3628 4038 3807 4112 super

2090 4109 2418 4199 episc0patu
2460 4109 2721 4194 dimiSso,
2762 4121 3128 4181 Helinandus
3174 4119 3256 4176 sic
3289 4117 3370 4175 ait
3410 4115 3481 4172 de
3531 4127 3597 4170 eo
3650 4135 3663 4169 :
3697 4109 3809 4167 Hic

2094 4214 2294 4272 Petrus
2337 4213 2406 4269 ad
2439 4229 2643 4287 papam
2682 4211 3168 4278 Hildebrandum,
3198 4208 3301 4283 qui
3344 4205 3455 4264 fuit
3495 4200 3810 4274 Gregorius

2092 4302 2371 4377 septimus
2411 4303 2656 4376 scripsit,
2694 4303 2973 4360 rationem
3009 4298 3259 4357 reddens
3291 4310 3476 4369 quare
3513 4291 3807 4365 episcopa-

2093 4402 2218 4453 tum
2248 4393 2560 4450 dimiserat.
2603 4392 2737 4449 Erat
2774 4391 2932 4449 enim
2970 4390 3062 4447 vir
3099 4385 3401 4461 sapientia,
3435 4389 3490 4440 et
3528 4380 3811 4464 religione

2097 4475 2614 4542 nominatissiiiius.
2640 4486 2709 4538 Et
2739 4486 2925 4552 infra:
2949 4479 3062 4550 Qui
3094 4477 3271 4536 etiam
3299 4471 3603 4545 descripsit
3629 4471 3809 4526 vitam

2100 4573 2158 4633 S.
2194 4572 2523 4644 Romualdi,
2557 4579 2612 4631 et
2636 4572 2918 4633 Odilonis.

2901 4695 3031 4754 XII.

2099 4811 2417 4877 Anonymus
2455 4798 2747 4863 monachus
2779 4805 3161 4877 Benedictinus
3204 4800 3322 4877 (an.
3355 4794 3508 4877 1480)
3553 4806 3805 4877 eguqreq.

2176 4867 2416 4936 Unitatis
2463 4882 2522 4936 S.
2575 4881 2822 4941 Iustinae,
2880 4891 3022 4931 nunc
3086 4867 3414 4932 Casinensis,
3448 4869 3506 4921 in
3559 4867 3807 4920 Historia

2171 4953 2490 5013 monastica,
2521 4950 2672 5020 apud
2701 4965 2782 5004 me
2809 4963 2939 5003 mss.

2175 5056 2421 5116 Sanctus
2449 5053 2655 5113 Petrus
2685 5051 3000 5112 Damianus
3037 5049 3152 5107 vita
3181 5053 3236 5106 et
3273 5041 3509 5104 scientia
3537 5037 3810 5111 insignis,

2102 5144 2159 5201 in
2204 5143 2370 5200 Italia
2418 5142 2597 5200 floret.
2644 5141 2894 5200 Dimisso
2939 5137 3288 5211 episcopatu,
3323 5129 3570 5220 efﬁcitur
3604 5138 3816 5220 mona-

2101 5235 2248 5292 chus
2284 5234 2342 5293 in
2377 5231 2725 5291 monasterio
2765 5230 2825 5290 S.
2857 5227 3057 5288 Mariae
3089 5226 3197 5284 sito
3237 5215 3555 5284 Faventiam
3588 5211 3818 5270 ordinis

2103 5322 2518 5380 monachorum
2559 5317 3020 5392 congregationis
3048 5314 3107 5374 S.
3140 5310 3338 5371 Crucis
3378 5302 3682 5397 Avellanae
3711 5318 3724 5356 :
3758 5307 3818 5397 et

2102 5412 2430 5470 vestiuntur
2459 5409 2610 5479 albo,
2642 5415 2698 5467 et
2732 5406 2959 5467 cuculla
2989 5403 3150 5471 alba;
3177 5397 3376 5472 ibique
3409 5393 3593 5452 multa
3622 5393 3814 5462 panni-

2104 5504 2278 5562 tentia
2317 5509 2562 5578 peracta,
2608 5501 2851 5560 moritur
2883 5496 3201 5556 monachus
3230 5492 3291 5551 in
3323 5494 3561 5565 praefato
3608 5501 3816 5578 mona-

2103 5593 2297 5665 sterio,
2320 5576 2394 5651 ’Χι
2431 5591 2557 5650 Kal.
2588 5588 2776 5650 Martii
2806 5595 2861 5646 et
2890 5592 2937 5661 1a
2981 5582 3194 5660 populo
3226 5590 3553 5652 veneratur,
3581 5586 3637 5636 et
3662 5593 3694 5635 a
3716 5576 3820 5668 alo-
