4078 6202
244 307 358 367 185

240 438 431 501 ratur,
467 427 569 503 qui
612 428 800 488 multa
836 431 1323 491 excellentissime
1362 433 1609 508 scripsit,
1648 435 2037 498 secundumA

243 517 650 592 Vincentium,
702 524 759 577 et
804 520 1322 596 archiepiscopum,
1377 523 1451 582 ad
1504 539 1650 597 quos
1700 523 1967 585 lectorem

242 610 437 670 mitto.

1028 701 1189 761 XIII.

247 791 545 847 Wernerus
600 793 841 848 Rolewik
890 791 1194 861 (an.1494)
1248 796 1589 859 Teutonicas,
1653 796 1970 853 Carthusia-

399 877 527 926 nus,
559 866 619 919 in
646 866 927 919 Fasciculo
953 868 1274 935 temporum,
1306 866 1408 921 sub
1434 882 1528 923 an.
1560 868 1620 923 ϐ.
1654 866 1810 926 1054.

318 960 528 1019 Petrus
568 959 906 1031 Damianus,
946 962 1143 1021 doctor
1185 962 1550 1037 gravissimas
1587 967 1965 1042 auctoritatis,

243 1055 301 1106 et
323 1049 636 1123 religiOsus
657 1050 850 1124 valde,
877 1051 1072 1111 claret.

240 1268 487 1321 Joannes
544 1268 875 1323 Trithemius
930 1176 1258 1338 (agiagi),
1314 1269 1440 1327 abb.
1495 1270 1613 1327 0rd.
1662 1272 1721 1328 S.
1763 1272 1963 1329 Bened.

316 1354 574 1464 congtreg.
636 1339 1061 1407 Bursfeldensis,
1093 1341 1189 1398 lib.
1244 1342 1321 1396 De
1372 1341 1745 1413 Sm’ptom’bus
1801 1345 1968 1399 eccle-

314 1425 434 1464 sias
462 1425 587 1466 ms.

315 1507 525 1567 Petrus
556 1508 824 1568 Damiani
853 1525 929 1568 ex
969 1504 1269 1570 monacho
1299 1512 1366 1571 D.
1420 1512 1477 1571 Ρ.
1519 1511 1814 1573 Benedicti
1843 1514 1966 1587 epi-

239 1614 457 1674 scopus
505 1600 809 1671 Ostiensis,
877 1607 933 1659 et
996 1608 1373 1664 sacrosanctae
1460 1604 1630 1665 Rom.
1689 1605 1966 1664 Ecclesiae

240 1688 578 1761 cardinalis,
615 1690 706 1748 vir
736 1690 799 1749 in
825 1690 1044 1751 divinis
1084 1691 1401 1767 Scripturis
1431 1694 1728 1755 studiosus
1755 1702 1811 1754 et
1830 1712 1966 1754 eru-

241 1778 420 1849 ditus,
472 1786 532 1837 et
568 1780 937 1839 saecularium
976 1781 1300 1843 litterarum
1344 1799 1463 1843 non
1510 1785 1770 1859 ignarus,
1811 1785 2028 1863 iuge-13

951 305 1530 368 PROLEGOMENA.
1574 338 1640 352 -—
1680 307 2143 372 TESTIMONIA
2182 311 2278 370 DE
2318 311 2380 371 S.
2423 313 2667 376 PETRO
2706 316 3073 393 DAMIANO.

3661 325 3766 386 186

2054 509 2201 567 Idem
2248 512 2595 579 Trithemius,
2631 515 2727 588 lib.
2762 442 2987 588 11,131,):
3020 516 3116 587 93,
3148 521 3225 575 De
3268 522 3406 577 viris
3456 524 3768 581 illustribus

2627 587 2759 657 ard,
2781 589 2844 643 s.
2874 587 3178 649 Benedicti.

2126 671 2330 732 Petrus
2380 673 2647 733 Damiani
2698 677 3019 735 monachus
3074 678 3442 742 Vivariensis
3490 685 3763 754 ccenobii,

2054 761 2356 837 episcopus
2408 763 2705 835 Ostiensis,
2754 772 2810 825 et
2862 768 3196 843 cardinalis,
3255 773 3348 831 vir
3421 774 3482 831 in
3539 773 3767 833 divinis

2056 848 2370 924 Scripturis
2400 852 2848 924 eruditissimus,
2881 855 3118 929 ingenio
3146 859 3405 933 subtilis,
3438 868 3495 919 et
3532 860 3766 937 eloquio

2052 938 2321 1012 disertus,
2378 946 2434 1000 et
2490 939 2860 1015 Gregorianaa
2910 945 3261 1021 eloquentiae
3315 948 3514 1017 instar,
3574 949 3766 1011 dulcis

2053 1036 2108 1087 et
2153 1036 2411 1103 ornatus,
2441 1036 2496 1090 et
2526 1031 2596 1089 ad
2631 1034 3095 1105 persuadendum
3136 1038 3272 1096 satis
3305 1057 3318 1097 :
3351 1055 3488 1098 cum
3526 1056 3628 1114 per
3652 1041 3764 1099 ali-

2051 1125 2193 1192 quot
2236 1135 2421 1179 annos
2467 1120 2864 1195 pontificatum
2911 1130 3145 1185 strenue
3195 1127 3459 1199 rexisset,
3516 1134 3573 1188 et
3623 1130 3768 1189 vitia

2050 1207 2371 1284 impiorum
2395 1210 2522 1269 sine
2559 1211 2783 1271 delectu
2815 1228 3199 1287 personarum
3239 1216 3569 1290 corriperet,
3603 1217 3766 1276 senio

2054 1300 2286 1359 tandem
2315 1301 2608 1361 confectus
2646 1309 2702 1362 et
2742 1305 2912 1363 taedio
2944 1305 3015 1363 ad
3048 1304 3477 1364 consulendum
3515 1306 3764 1381 propriae

2050 1390 2224 1449 saluti
2266 1391 2655 1466 episcopatum
2701 1394 2960 1453 deseruit
3013 1415 3026 1453 :
3083 1402 3141 1453 et
3186 1395 3456 1469 exemplo
3499 1394 3761 1466 Gregorii

2050 1478 2264 1552 Magni,
2281 1478 2624 1540 Nazianzeni
2641 1482 2935 1556 quondam
2953 1483 3229 1557 episcopi,
3252 1485 3323 1543 ad
3345 1486 3765 1545 monachorum

2050 1570 2242 1629 studia
2299 1578 2606 1633 remeatur.
2636 1572 2803 1631 Unde
2835 1589 3008 1647 super
3038 1574 3147 1632 hoc
3186 1590 3220 1632 a
3260 1574 3449 1634 tribus
3484 1575 3766 1635 Romanis

2050 1657 2423 1729 pontiﬁcibus
2454 1658 2739 1733 arguitur,
2779 1660 2935 1734 quod
2965 1660 3056 1718 vir
3093 1666 3204 1717 tam
3243 1659 3468 1732 doctus,
3504 1666 3560 1719 et
3603 1661 3767 1720 utilis

2055 1747 2344 1821 Ecclesiae,
2407 1749 2725 1809 deseruerit
2789 1751 3204 1825 episcopatum,
3276 1758 3332 1809 et
3396 1751 3767 1811 commodum

243 1869 346 1927 nio
375 1868 559 1940 mitis,
580 1876 636 1928 et
656 1876 898 1943 acutus;
929 1872 1165 1946 eloquio
1194 1874 1479 1957 placidus,
1510 1840 1567 1935 et
1589 1840 1961 1950 compbsitus,
1980 1840 2028 1863 υ
2048 1840 2664 1957 Pfjfﬁ‘ﬁmn‘ffj'jfﬂ
2684 1848 3071 1957 313398???
3082 1857 3454 1957 Αθξξιξῗῃξὲξξ
3490 1842 3765 1957 ﬁt}???

242 1970 301 2021 et
350 1962 422 2020 ad
481 1963 957 2036 persuadendum
1014 1965 1154 2024 satis
1205 1966 1503 2039 idoneus;
1564 1984 1684 2028 non
1769 1968 1966 2028 minus

241 2050 548 2110 sanctitate
573 2068 753 2127 quam
779 2054 1113 2115 eruditione
1162 2056 1375 2128 clarus,
1409 2063 1466 2117 et
1498 2058 1748 2132 insignis
1787 2057 1963 2117 ell‘ul-

242 2141 341 2211 sit,
375 2141 481 2215 qui
531 2142 801 2217 exemplo
839 2143 1040 2218 Magni
1076 2145 1339 2221 Gregorii
1386 2146 1661 2206 antistitis
1697 2150 1962 2222 (Nazian-

240 2246 439 2286 zenum
477 2232 782 2304 intelligit),
830 2247 1027 2293 amore
1077 2233 1413 2295 solitudinis
1468 2241 1523 2293 et
1566 2236 1796 2310 quietis,
1841 2239 1962 2313 epi-

239 2323 549 2391 scopatum
591 2335 768 2379 suum
817 2321 1108 2394 deserens,
1156 2331 1535 2399 posteaquam
1568 2325 1743 2386 illum
1791 2326 1964 2386 annis

239 2405 469 2480 aliquot
495 2414 732 2468 strenue
759 2410 1203 2485 gubernaverat,
1216 2414 1288 2472 ad
1309 2415 1641 2475 cmnobium
1671 2431 1845 2476 suum
1868 2432 1964 2474 re-

239 2510 453 2555 versus
492 2503 596 2568 est,
638 2505 698 2557 et
735 2500 917 2559 vitam
956 2502 1228 2577 deinceps
1263 2520 1398 2563 cum
1438 2504 1714 2564 fratribus
1741 2497 1862 2564 suis
1896 2505 1960 2563 in

238 2585 671 2658 tranquillitate
691 2588 873 2648 animi
895 2592 1107 2665 exegit.
1136 2593 1280 2653 Cum
1305 2600 1499 2652 autem
1518 2610 1551 2652 a
1575 2608 1808 2652 summo
1825 2608 1960 2667 pon-

240 2672 397 2732 tiiice
425 2675 770 2736 cbaritativa
802 2679 1192 2755 increpatione
1222 2688 1580 2755 argueretur,
1612 2698 1717 2741 cur
1748 2684 1964 2757 episco-

236 2768 466 2836 patum,
495 2772 692 2838 utpote
726 2769 819 2827 vir
855 2769 1017 2829 utilis
1044 2779 1099 2831 et
1132 2772 1394 2840 idoneus,
1428 2771 1742 2831 dimisisset
1766 2788 1963 2831 amore

238 2850 449 2911 salutis
477 2855 737 2929 privatas,
773 2859 846 2918 ad
879 2866 994 2919 tres
1024 2861 1135 2920 sibi
1166 2862 1419 2922 invicem
1446 2862 1837 2934 succedentes,
1868 2862 1963 2921 Ni-

238 2942 476 3002 colaum
495 2943 576 3017 II,
593 2948 995 3010 Alexandrum
1006 2950 1061 3010 II
1082 2956 1138 3009 et
1157 2952 1501 3025 Gregorium
1522 2950 1650 3025 VII,
1671 2952 1964 3012 Romanos

237 3031 574 3109 pontifices,
608 3038 1013 3113 Apologeticos
1040 3041 1220 3100 edidit
1241 3061 1257 3113 ;
1278 3041 1336 3100 in
1366 3042 1586 3117 quibus
1605 3042 1960 3114 auctoritate,

238 3123 470 3183 ratione
495 3132 551 3183 et
579 3128 847 3203 exemplo
872 3129 1088 3190 factum
1116 3146 1293 3191 suum
1316 3130 1618 3191 humiliter
1650 3147 1959 3204 excusans,
1982 3163 2028 3224 ο

239 3214 476 3273 animos
513 3231 725 3278 eorum
762 3220 1030 3294 placavit.
1066 3222 1147 3281 De
1181 3223 1348 3298 cujus
1379 3223 1678 3298 opusculis
1706 3223 1964 3297 subjecta

241 3303 565 3365 feruntur:
618 3308 689 3366 ad
732 3310 986 3371 Leonem
1043 3314 1365 3386 eremitam,
1419 3302 1622 3373 utrum
1675 3312 1967 3372 solitarius

238 3406 418 3451 orans
452 3394 628 3455 horas
652 3400 981 3472 canonicas,
1012 3400 1215 3460 debeat
1239 3402 1415 3461 etiam
1439 3401 1652 3473 dicere,
1680 3400 1969 3461 Dominus

236 3481 570 3556 vobiscum,
598 3487 833 3560 quando
858 3504 1030 3548 nemo
1059 3490 1134 3548 sit
1158 3491 1262 3565 qui
1302 3489 1681 3565 respondeat;
1709 3506 1965 3564 opuscu-

240 3570 371 3631 lum
415 3574 851 3650 instructivum,
894 3579 1053 3654 quod
1091 3589 1464 3654 praenotatur,
1490 3581 1596 3640 lib.
1638 3582 1687 3640 1.
1721 3580 1969 3640 Domino

239 3659 430 3719 Leoni
459 3678 677 3736 amore,
708 3666 1075 3740 Antilogium
1107 3676 1308 3729 contra
1335 3670 1597 3741 Judaaos,
1635 3669 1675 3728 l.
1722 3669 1772 3728 1.
1815 3671 1968 3728 Con-

240 3756 332 3808 tra
370 3752 686 3825 quemdam
724 3757 1080 3831 episcopum,
1114 3759 1155 3817 l.
1209 3758 1261 3817 1.
1303 3758 1385 3818 De
1415 3759 1642 3818 naturis
1685 3774 1966 3833 quorum-

240 3838 381 3897 dam
415 3842 783 3917 animalium,
820 3846 922 3906 lib.
968 3847 1016 3905 1.
1051 3848 1585 3922 Apologeticorum,
1618 3847 1720 3906 lib.
1758 3847 1810 3906 3.
1851 3847 1968 3905 Do-

244 3928 413 3987 mino
448 3947 559 3990 suo
608 3932 864 3993 Nicolao.
904 3935 987 3995 De
1022 3937 1384 3996 continentia
1421 3939 1804 4008 sacerdotum,
1836 3938 1876 3996 l.
1915 3938 1963 3996 1.

244 4017 449 4092 Nuper
484 4021 706 4082 habens
743 4040 878 4082 cum
921 4025 1244 4084 nonnullis.
1278 4025 1360 4083 De
1395 4026 1681 4085 uxoribus
1728 4025 1965 4084 clerico-

242 4122 404 4177 rum,
446 4109 546 4168 lib.
585 4112 632 4171 1.
685 4111 802 4172 Vos
840 4113 1121 4190 alloquor,
1148 4131 1183 4175 o
1226 4114 1469 4189 lepores.
1514 4115 1740 4191 Regula
1769 4115 1964 4174 solita-

244 4194 494 4269 riorum,
526 4198 628 4259 lib.
671 4203 714 4260 l.
754 4201 908 4261 Dum
946 4205 1233 4263 fervorem
1264 4210 1477 4263 sanctae
1520 4220 1649 4263 con.
1680 4205 1960 4264 Exhorta-

243 4284 462 4343 torium
497 4288 572 4345 ad
610 4293 945 4363 monachos,
998 4295 1037 4350 l.
1084 4295 1130 4351 1.
1181 4293 1487 4352 Fratribus
1532 4292 1596 4350 in
1649 4292 1962 4366 Gangensi.

239 4371 663 4437 Miraculorum
685 4380 777 4439 sui
809 4383 1103 4455 temporis,
1130 4381 1168 4441 l.
1202 4383 1252 4441 1.
1281 4381 1664 4440 Dilectissimo
1690 4381 1960 4441 Gerardo.
2015 4421 2018 4424 ~

1982 4520 2033 4580 D

245 4463 329 4521 De
360 4470 618 4546 profectu
651 4471 1095 4543 monachorum,
1128 4471 1237 4530 lib.
1280 4474 1327 4530 1.
1359 4471 1441 4531 De
1478 4471 1721 4530 avaritia
1756 4471 1963 4547 praela-

241 4568 465 4631 torum,
516 4559 558 4618 1.
623 4561 669 4618 1.
723 4559 853 4617 Vita
928 4560 1190 4619 Odilonis
1241 4559 1487 4630 abbatis,
1545 4560 1585 4618 l.
1670 4562 1719 4619 1.
1792 4560 1963 4632 Hugo

240 4647 652 4706 Cluniacensis
692 4648 890 4707 abbas.
936 4648 1016 4706 De.
1047 4658 1261 4708 terrore
1299 4650 1521 4719 mortis,
1564 4648 1605 4707 l.
1651 4649 1702 4708 1.
1732 4648 1967 4708 Blancze

239 4735 389 4793 olim
420 4735 751 4795 comitissaa.
780 4736 862 4795 De
897 4737 1266 4798 meditatione
1287 4738 1513 4810 mortis,
1544 4737 1582 4797 l.
1626 4738 1673 4797 1.
1709 4737 1966 4798 Pensan-

239 4824 391 4881 dum
430 4824 646 4899 quippe
684 4832 787 4883 est.
828 4827 1038 4885 Contra
1079 4827 1374 4902 episcopos
1419 4827 1784 4900 simoniacos,
1821 4828 1860 4887 l.
1914 4829 1963 4888 1.

244 4913 330 4971 De
384 4911 700 4971 insolentia
731 4912 1124 4989 malignorum
1159 4916 1492 4990 hominum,
1520 4918 1558 4975 1.
1608 4919 1655 4977 1.
1705 4916 1967 4977 Gratissi-

242 5016 410 5071 mus,
438 5015 544 5058 seu
586 5000 1055 5075 Probatissimus,
1084 5004 1129 5064 l.
1164 5004 1211 5063 1.
1246 5004 1496 5064 Domino
1541 5005 1613 5063 H.
1644 5005 1968 5064 Ravennait

242 5087 328 5146 De
384 5089 764 5149 clamationes
814 5090 1139 5165 rhetoricas,
1189 5092 1230 5152 1.
1289 5094 1340 5152 1.
1393 5094 1476 5153 De
1534 5093 1637 5154 SS.
1686 5093 1853 5153 Flora
1913 5100 1969 5153 et

245 5176 504 5248 Lucilla,
532 5176 574 5237 1.
626 5180 677 5236 1.
725 5180 955 5252 Adhuc,
1010 5180 1392 5241 dilectissimi.
1450 5182 1532 5241 De
1580 5181 1637 5241 S.
1695 5180 1967 5241 Cassiano

244 5274 529 5341 martyre,
567 5269 605 5327 1.
646 5272 693 5329 1.
738 5271 1141 5340 Admirabilis,
1182 5279 1238 5331 et
1272 5272 1544 5345 gloriosa.
1576 5272 1658 5330 De
1693 5271 1753 5331 S.
1788 5272 1966 5332 Boni-

242 5357 417 5429 facio,
448 5356 489 5417 l.
539 5359 588 5416 l.
635 5356 703 5415 B.
755 5359 1040 5419 Bonifacii
1083 5360 1350 5434 gloriosa.
1406 5361 1489 5420 De
1528 5361 1586 5421 S.
1637 5360 1964 5431 Anastasio,

244 5447 282 5504 1.
352 5447 399 5504 1.
451 5446 539 5504 Ad
590 5446 924 5520 pulchrum,
976 5449 1178 5507 fratres
1222 5448 1569 5509 charissimi.
1619 5449 1965 5510 Sermonum

238 5540 297 5592 et
326 5533 749 5593 Homiliarum.
780 5535 848 5594 Et
875 5536 992 5595 alia
1018 5538 1217 5606 multa,
1246 5554 1381 5613 quae
1412 5554 1531 5597 non
1571 5538 1714 5597 vidi.
1746 5539 1967 5599 Claruit

238 5620 359 5680 sub
386 5622 646 5682 Henrico
681 5640 813 5698 rege
838 5624 937 5696 IV,
970 5642 1127 5686 anno
1156 5626 1388 5685 Domini
1420 5625 1580 5688 1050.

2046 1929 2308 2003 regimen
2337 1931 2668 1991 animarum
2697 1930 2877 1991 verbo
2914 1938 2970 1991 et
3000 1935 3272 2006 exemplo
3307 1940 3457 2015 esset
3490 1935 3763 1995 idoneus.

2047 2019 2123 2076 At
2175 2017 2377 2079 Petrus
2436 2020 2737 2081 humiliter
2773 2037 2836 2080 se
2883 2038 3173 2082 excusans
3221 2024 3452 2100 scripsit
3505 2041 3609 2101 pro
3656 2041 3764 2085 suo

2046 2105 2195 2166 facto
2222 2109 2640 2184 Apologeticos,
2677 2112 2891 2184 quibus
2915 2113 3137 2171 ratione
3176 2119 3232 2172 et
3264 2116 3532 2190 exemplo
3572 2115 3766 2190 ponti-

2046 2198 2183 2258 lices
2225 2199 2357 2258 fecit
2386 2201 2753 2275 tranquillos.
2786 2202 3030 2277 Scripsit
3058 2204 3177 2263 alia
3223 2206 3407 2265 multa
3435 2207 3765 2279 volumina,

2044 2286 2116 2346 de
2141 2287 2360 2361 quibus
2397 2304 2503 2363 ego
2534 2295 2759 2349 tantum
2789 2291 2975 2365 reperi
3016 2291 3292 2365 subjecta.
3328 2293 3419 2351 Ad
3458 2293 3766 2355 Nicolaum

2046 2392 2254 2451 papam
2281 2376 2337 2435 II
2363 2378 2822 2452 Apologeticum,
2849 2378 2955 2438 lib.
2984 2379 3037 2438 1.
3070 2379 3161 2438 Ad
3190 2368 3678 2443 Alexandrum’ll
3708 2389 3767 2443 et

2048 2464 2393 2539 Gregorium
2404 2464 2652 2537 VII,lib.
2675 2467 2729 2526 2.
2744 2467 2825 2525 De
2838 2468 3103 2542 profectu
3114 2471 3558 2543 monachorum,
3580 2469 3681 2531 lib.
3712 2472 3765 2530 1.

2047 2553 2386 2628 Antilogion
2415 2561 2614 2614 contra
2638 2555 2892 2627 Iudaeos,
2920 2557 2962 2615 l.
3015 2559 3063 2616 1.
3096 2558 3179 2617 De
3212 2560 3459 2617 avaritia
3494 2559 3764 2633 praelato-

2050 2659 2117 2703 ru
2127 2643 2313 2713 m,lib.
2336 2645 2384 2703 1.
2401 2644 2609 2703 Contra
2626 2645 2920 2719 episcopos
2933 2646 3305 2718 simoniacos,
3324 2647 3424 2708 lib.
3451 2648 3500 2707 1.
3516 2648 3598 2708 De
3619 2648 3768 2710 Con-

2051 2732 2295 2791 tinentia
2322 2733 2707 2805 sacerdotum,
2735 2733 2832 2801 liii.
2874 2736 2918 2792 1.
2955 2736 3035 2794 De
3074 2735 3366 2795 uxoribus
3396 2736 3763 2811 clericorum,

2050 2819 2150 2878 lib.
2182 2820 2228 2878 1.
2254 2821 2343 2880 Ad
2367 2821 2620 2881 Leonem
2650 2822 3004 2893 solitarium;
3028 2839 3103 2882 an
3123 2824 3386 2883 solitario
3406 2841 3576 2885 orans
3594 2842 3765 2886 cano-

2050 2910 2211 2967 nicas
2236 2911 2407 2970 horas
2441 2912 2646 2971 debeat
2682 2913 2856 2971 etiam
2896 2912 3183 2973 Dominus
3216 2914 3524 2974 vobiscum
3549 2917 3760 2990 dicere,

2048 3013 2183 3056 cum
2207 3014 2326 3058 non
2354 2999 2559 3058 habeat
2583 3001 3161 3075 respondentem,lib.
3186 3003 3233 3062 1.
3249 3001 3532 3077 Regulam
3554 3005 3763 3065 eremi-

2051 3091 2240 3145 tarum
2262 3093 2317 3146 et
2336 3087 2720 3162 inclusorum,
2739 3090 2839 3155 lib.
2867 3091 2917 3149 1.
2942 3091 3421 3152 Exhortatorium
3439 3093 3510 3151 ad
3535 3094 3761 3167 fratres,

2050 3173 2090 3232 l.
2125 3176 2172 3233 1.
2203 3175 2286 3234 De
2312 3176 2664 3251 quibusdam
2690 3178 3131 3239 incredibilibus
3155 3197 3262 3240 suo
3295 3188 3549 3256 tempore
3579 3184 3764 3257 factis,

2048 3263 2149 3322 lib.
2188 3264 2234 3323 1.
2268 3264 2458 3324 Vitam
2489 3266 2547 3325 S.
2581 3265 2841 3327 Odilonis
2868 3269 3091 3328 abbatis
3113 3269 3537 3345 Cluniacensis,
3570 3273 3673 3334 lib.
3704 3274 3755 3332 1.

2046 3351 2131 3409 De
2184 3359 2396 3413 terrore
2447 3356 2666 3426 mortis,
2721 3356 2824 3415 lib.
2879 3358 2930 3417 1.
2986 3359 3064 3417 De
3116 3360 3491 3420 meditatione
3537 3363 3762 3434 mortis,

2046 3439 2150 3499 lib.
2193 3443 2241 3501 1.
2284 3443 2365 3501 De
2405 3442 2509 3502 SS.
2548 3444 2716 3501 Flora
2753 3451 2809 3503 et
2856 3444 3105 3517 Lucilla,
3146 3447 3249 3506 lib.
3290 3449 3335 3507 1.
3394 3449 3619 3520 Alium,
3659 3452 3764 3525 qui

2047 3537 2400 3604 praenotatur
2464 3530 2857 3603 Gratissimus,
2900 3549 3005 3592 seu
3045 3534 3513 3611 Probatissimus,
3550 3539 3652 3598 lib.
3711 3543 3768 3601 1.

2048 3620 2345 3681 Adversus
2388 3623 2698 3697 quemdam
2748 3623 3107 3698 episcopum,
3167 3627 3268 3701 qui
3318 3629 3637 3687 monachos
3688 3629 3763 3687 ad

2050 3710 2333 3769 steculum
2388 3710 2712 3783 revocabat,
2753 3710 2855 3770 lib.
2902 3711 2951 3771 1.
2992 3713 3075 3771 De
3113 3713 3422 3773 insolentia
3473 3715 3764 3788 maligno-

2048 3813 2180 3858 rum
2235 3799 2570 3870 hominum,
2640 3798 2741 3858 lib.
2806 3801 2856 3858 1.
2916 3799 3375 3861 Declamatioues
3439 3804 3766 3877 rhetorica,

2050 3888 2154 3947 lib.
2207 3888 2257 3946 1.
2291 3888 2373 3947 De
2400 3893 2609 3947 natura
2638 3889 3025 3964 quorumdam
3048 3890 3423 3963 animalium,
3454 3892 3557 3951 lib.
3600 3895 3650 3953 1.
3679 3895 3762 3955 De

2053 3977 2112 4039 S.
2153 3979 2424 4039 Cassiano
2460 3985 2734 4055 martyre,
2772 3985 3072 4039 tractatum
3120 3981 3170 4040 1.
3210 3982 3291 4040 De
3334 3981 3395 4041 S.
3438 3982 3757 4059 Bonifacio,

2049 4072 2208 4126 tract.
2246 4066 2297 4125 1.
2339 4066 2419 4126 De
2463 4067 2578 4126 situ
2618 4074 2676 4125 et
2711 4066 3050 4127 fundatione
3087 4068 3453 4128 Vivariensis
3482 4071 3760 4147 cmnobii,

2049 4156 2089 4212 l.
2132 4155 2180 4214 1.
2212 4155 2519 4215 Sermones
2556 4161 2610 4214 et
2647 4155 2936 4215 Homilies
2966 4156 3198 4231 scripsit
3235 4172 3383 4230 pene
3420 4160 3766 4220 innumera-

2048 4244 2237 4303 biles:
2283 4244 2568 4318 Epistolas
2616 4245 2790 4303 etiam
2843 4245 3044 4318 plures
3084 4245 3157 4305 ad
3208 4245 3522 4307 diversos:
3552 4254 3609 4306 et
3644 4249 3761 4308 alia

2049 4334 2253 4405 multa,
2280 4348 2415 4408 quae
2452 4334 2515 4392 in
2553 4349 2764 4393 manus
2792 4342 3018 4393 nostras
3052 4333 3247 4393 adhuc
3299 4334 3547 4394 minime
3582 4352 3762 4396 vene-

2051 4427 2209 4480 runt.
2243 4421 2464 4482 Claruit
2485 4421 2593 4480 sub
2617 4421 2867 4481 Henrico
2896 4422 3003 4492 III,
3032 4438 3186 4482 anno
3222 4423 3461 4483 Domini
3495 4422 3652 4485 1060.

2048 4604 2254 4660 Eadem
2282 4604 2419 4656 serie
2446 4604 2564 4671 ipse
2600 4594 2929 4656 Trithemius
2972 4601 3133 4656 habet
3176 4600 3274 4656 lib.
3306 4609 3388 4669 IV,
3424 4616 3546 4671 cap.
3572 4599 3662 4670 35,
3688 4604 3765 4656 De

2120 4677 2257 4729 viris
2321 4671 2633 4727 illustribus
2683 4673 2801 4728 0rd.
2862 4674 2920 4729 S.
2976 4672 3174 4728 Bened.
3244 4671 3323 4726 At
3375 4674 3435 4725 in
3500 4672 3765 4728 Chronica

2118 4745 2506 4812 Hirsaugiensi
2532 4747 2849 4798 monasterii
2875 4744 2976 4799 sub
3006 4761 3096 4801 an.
3128 4743 3184 4799 C.
3222 4739 3357 4800 1056
3386 4743 3495 4797 hac
3532 4761 3549 4796 :

2122 4830 2326 4888 Petrus
2351 4843 2583 4903 quoque
2608 4827 2931 4887 Damianus
2959 4844 3035 4887 ex
3073 4826 3359 4887 monacho
3388 4826 3570 4884 nostri
3599 4826 3761 4884 ordi-

2050 4918 2141 4978 nis
2179 4920 2484 4991 episcopus
2520 4917 2818 4986 Ostiensis,
2847 4925 2902 4977 et
2933 4926 3313 4978 sacrosancta)
3342 4916 3617 4975 Ecclesia)
3642 4915 3761 4975 Ro-

2050 5022 2239 5066 manm
2293 5007 2625 5075 cardinalis,
2685 5006 2778 5065 his
2826 5006 3180 5082 temporibus
3227 5004 3416 5065 clarus
3470 5005 3760 5077 habetur,

2049 5100 2141 5157 vir
2182 5104 2329 5158 certe
2367 5099 2521 5158 inter
2555 5098 2750 5158 doctos
2789 5099 2882 5157 sui
2923 5097 3193 5170 temporis
3230 5095 3599 5156 doctissimus
3630 5116 3644 5156 :
3704 5103 3761 5155 et

2049 5203 2169 5246 non
2234 5187 2433 5246 minus
2465 5185 2763 5245 sanctitate
2800 5201 2976 5260 quam
3012 5183 3340 5243 eruditione
3388 5184 3759 5256 venerabilis,

2049 5275 2155 5349 qui
2188 5275 2370 5334 multa
2398 5274 2624 5346 ingenii
2651 5274 2741 5332 sui
2771 5273 3045 5348 prmelara
3070 5272 3376 5331 volumina
3401 5272 3600 5343 edidit,
3620 5288 3761 5346 quo-

2050 5379 2182 5423 rum
2223 5361 2421 5420 titulos
2452 5360 2593 5419 alibi
2640 5361 2810 5434 plene
2842 5360 3212 5435 digessimus.
3249 5361 3358 5422 Hic
3386 5378 3581 5421 amore
3619 5360 3760 5420 reli-

2051 5450 2240 5527 gionis
2296 5456 2506 5508 sanctae
2564 5451 2955 5525 episcopatum
3014 5467 3192 5511 suum
3248 5450 3523 5523 deseruit,
3582 5456 3638 5510 et
3687 5449 3760 5507 ad

2051 5539 2467 5599 monasterium
2500 5554 2765 5599 reversus
2791 5546 2895 5599 est.
2928 5544 3001 5597 Et
3021 5542 3190 5613 paulo
3213 5546 3357 5612 post.
3389 5538 3574 5612 Igitur
3598 5552 3755 5595 anno

2051 5629 2130 5699 (C.
2192 5625 2342 5699 1069)
2395 5625 2705 5687 Wilhelmi
2759 5628 2907 5694 (abb.
2968 5628 3032 5687 12
3081 5629 3515 5697 Hirsaugt'ensis)
3569 5626 3756 5698 primo
