4078 6202
271 261 373 324 187
1183 258 1242 319 S.
1285 255 1578 321 PETRUS
1615 253 1911 320 DAMIAN

2152 253 2221 316 Ιὶ.
2264 255 2331 318 Ε.
2372 251 2852 319 CARDINALIS.
3671 258 3772 320 188

268 385 473 446 Petrus
519 383 838 444 Damianus
875 398 950 444 ex
979 382 1184 446 ordine
1212 387 1408 443 nostro
1448 385 1820 440 sacrosanctae
1866 378 1976 437 Ec-
1996 378 2362 455 Aopuscula,
2391 394 2686 442 sermones
2717 394 2954 459 quoque
2990 381 3280 458 elegantes
3309 379 3558 456 scripsit,
3589 384 3648 442 et
3683 397 3775 442 re-

270 476 466 538 clesiaa
511 473 794 537 Romanis
833 474 1136 552 episcOpus
1177 471 1509 546 cardinalis,
1542 471 1613 533 de
1648 486 1764 547 quo
1811 471 1982 546 longe
2059 471 2258 545 gulam
2283 470 2662 547 eremiticam,
2691 477 2747 532 et
2773 472 2844 533 de
2869 472 3075 534 ordine
3098 473 3234 534 vitae
3254 471 3604 548 eremiticas;
3632 474 3772 536 item

266 567 536 642 superius
569 567 924 626 mentionem
964 566 1228 636 fecimus,
1275 578 1310 639 a
1346 577 1493 638 papa
1539 561 1873 621 Alexandro
1924 562 1979 621 II
2061 559 2282 620 librum
2333 569 2530 623 contra
2583 564 2852 636 Judaeos;
2908 569 3100 622 narrat
3152 569 3207 622 et
3257 564 3424 637 plura
3479 567 3772 642 exempla,

264 656 486 732 legatus
507 656 580 716 ad
606 671 801 731 regem
833 653 1154 715 Henricum
1185 653 1246 711 in
1277 651 1651 712 Germaniam
1680 651 1930 712 mittitur
1961 670 1975 711 :

266 754 322 809 et
343 747 500 824 apud
529 746 992 818 Franktordiam,
1023 745 1087 805 in
1119 743 1431 820 praisentia
1460 743 1786 804 multorum
1814 742 1981 818 prin-

266 839 485 914 cipum,
525 836 678 898 sedis
720 837 1052 912 apostolica)
1088 835 1359 896 mandata
1388 833 1530 909 regi,
1559 849 1697 896 cum
1726 833 1978 896 auctori-

266 934 380 989 tate
406 942 617 1002 magna
643 931 701 987 et
719 926 1002 1002 sapientia
1029 925 1287 1000 exponit.

261 1111 496 1186 Iacobus
552 1109 851 1186 Philippus,
902 1034 1276 1180 Bergyo‘nYeIrgsis
1333 1115 1459 1186 (an.
1529 1109 1663 1171 1500
1689 1113 1728 1182 ).
1788 1115 1982 1186 Frater

335 1184 559 1259 omnim
609 1182 1061 1259 Augustin-ianus
1110 1186 1206 1242 lib.
1237 1182 1762 1259 νΧιῙ-δμρριετηθηεὶ
1813 1185 1978 1243 Chro-

335 1257 581 1312 nicorum
607 1255 738 1312 edit.
767 1257 964 1328 prima:
987 1255 1061 1311 ad
1087 1273 1180 1315 an.
1217 1258 1274 1316 C.
1321 1255 1474 1317 1070.

335 1342 541 1404 Petrus
599 1341 921 1404 Damianus
980 1343 1200 1418 doctor,
1258 1349 1314 1406 et
1375 1344 1650 1406 Ecclesiae
1699 1343 1980 1405 Romanae

263 1429 575 1492 cardinalis
612 1431 936 1508 episcopus,
975 1434 1040 1493 in
1078 1432 1295 1493 divinis
1357 1433 1668 1512 Scripturis
1715 1434 1984 1495 eruditis-

262 1523 469 1598 simus,
522 1523 616 1584 his
660 1523 1017 1601 temporibus
1071 1539 1168 1584 eas
1207 1525 1280 1584 ob
1329 1541 1420 1584 res
1458 1525 1644 1586 multo
1690 1525 1753 1584 in
1797 1524 1980 1600 pretio

257 1614 496 1675 habitus
525 1619 610 1673 est
641 1637 654 1675 ς
682 1614 785 1691 qui
817 1621 872 1673 et
901 1613 1190 1675 nonnulla
1219 1616 1390 1676 laude
1426 1616 1602 1691 digna
1625 1615 1805 1676 edidit
1829 1631 1978 1691 opu-

261 1703 440 1764 ecula.
472 1702 631 1778 Erat,
669 1708 733 1764 ut
774 1702 1121 1766 Vincentius
1178 1705 1379 1767 Gallus
1411 1705 1560 1768 libro
1594 1717 1747 1767 XXVI
1783 1705 1956 1765 refert

2059 667 2193 729 quae
2225 654 2346 716 suis
2375 657 2733 730 temporibus
2776 655 3160 730 contigerunt.
3202 653 3336 712 Erat
3372 653 3533 713 enim
3559 655 3651 714 vir
3680 673 3771 715 re-

2061 742 2297 819 ligione,
2346 747 2403 805 et
2442 745 2775 807 humilitate
2817 761 2886 806 ac
2930 743 3216 822 sapientia
3245 744 3772 820 nominatissimus,

2058 835 2160 909 qui
2198 850 2332 896 cum
2370 835 2678 897 cardinalis
2716 837 3018 913 episcopus
3052 842 3218 909 esset,
3250 841 3318 898 ut
3355 835 3466 897 soli
3507 836 3626 897 Deo
3657 837 3772 896 hu-

2061 926 2304 986 militate
2339 925 2601 1000 serviret,
2631 927 2985 1004 episc0patui
3030 927 3224 1000 cessit,
3271 932 3336 990 ut
3373 926 3492 989 Deo
3529 925 3772 987 liberius

2060 1021 2286 1076 vacaret
2336 1035 2350 1076 :
2412 1021 2468 1076 et
2504 1032 2638 1077 cum
2673 1033 2707 1075 a
2738 1017 3017 1092 Gregorio
3054 1016 3326 1093 pontiﬁce
3370 1032 3500 1077 eam
3537 1016 3609 1076 ob
3645 1031 3771 1078 rem

2061 1107 2596 1181 reprehenderetur,
2628 1105 2848 1167 librum
2877 1105 3340 1181 pulcherrimum
3367 1105 3438 1166 ad
3462 1121 3599 1166 eum
3626 1107 3770 1165 scri-

2058 1196 2193 1270 psit,
2220 1195 2464 1256 reddens
2491 1194 2797 1269 rationem,
2826 1209 3007 1272 quare
3036 1197 3430 1274 episcopatum
3460 1195 3770 1256 dimiserit.

2059 1357 2380 1430 Anonymus
2444 1361 2738 1418 monachus
2799 1285 3025 1417 digiti
3093 1362 3153 1420 S.
3222 1361 3428 1426 Crucis,
3492 1375 3560 1417 ea:
3610 1361 3774 1418 Fonte

2129 1433 2413 1489 Avellanas
2469 1435 2577 1506 (an.
2613 1433 2794 1504 1537),
2826 1436 2883 1489 in
2936 1438 3176 1490 tractatu
3211 1433 3448 1506 quodam
3493 1432 3560 1488 de
3589 1432 3771 1489 eodem

2131 1508 2481 1563 monasterio.
2507 1506 2678 1579 Apud
2706 1521 2790 1562 me
2817 1521 2919 1562 ms.

2131 1582 2284 1644 Olim
2309 1601 2344 1644 a
2367 1591 2536 1660 partu
2559 1585 2821 1660 Virginis
2847 1600 3003 1645 anno
3032 1583 3364 1656 millesimo,
3395 1583 3505 1643 fuit
3533 1583 3769 1659 quidam

2061 1677 2243 1750 locus,
2313 1677 2416 1752 qui
2479 1675 2696 1737 dicitur
2787 1675 2944 1736 Fons
3033 1673 3358 1747 Avellanaa,
3427 1674 3492 1733 in
3576 1681 3773 1734 monts

262 1794 354 1853 vir
395 1751 677 1869 religione
725 1798 781 1854 et
823 1751 1274 1862 humilitatefa‘c
1311 1751 2398 1872 sapientiannominatis:BAPenninot
2444 1768 2518 1872 ,i“
2577 1767 3142 1872 ἷθάξθὼυθηξξῖθθω
3196 1765 3424 1872 Cantia”
3478 1766 3773 1872 9’lente‘l’

261 1884 468 1958 simus,
517 1882 621 1964 qui
673 1900 811 1947 cum
845 1885 1156 1948 cardinalis
1191 1887 1497 1964 episcopus
1540 1891 1709 1960 esset,
1762 1893 1829 1949 ut
1868 1885 1977 1948 soli

263 1977 380 2038 Deo
429 1978 495 2038 in
541 1977 872 2040 humilitate
925 1978 1183 2052 serviret,
1243 1980 1598 2057 episcopatui
1652 1981 1866 2044 cessit:
1919 1987 1978 2044 et

261 2083 398 2131 cum
431 2084 468 2130 a
500 2069 777 2146 Gregorio
827 2071 1103 2146 pontiﬁce
1143 2086 1270 2133 eam
1307 2073 1382 2132 ob
1416 2087 1540 2133 rem
1590 2073 1976 2149 reprehende-

262 2163 442 2234 retur,
488 2159 710 2221 librum
762 2161 1229 2238 pulcherrimum
1275 2161 1349 2222 ad
1403 2161 1675 2224 eumdem
1726 2162 1972 2239 scripsit,

262 2250 507 2316 reddens
532 2254 837 2328 rationem,
873 2269 1054 2330 quare
1079 2254 1475 2332 episcopatum
1501 2255 1806 2316 dimiserit.

258 2441 406 2502 Idem
464 2441 698 2503 Iacobus
753 2443 1414 2575 Ρὴειίριοῒέἀξοέἕᾶηιθη.
1483 2445 1597 2503 loco
1653 2447 1839 2509 citato,
1897 2460 1978 2501 sco

333 2599 537 2662 Petrus
577 2600 894 2663 Damianus
931 2618 1006 2664 ex
1040 2605 1346 2678 monacho,
1385 2603 1658 2666 Ecclesiae
1694 2603 1974 2666 Romanas

259 2690 569 2752 cardinalis
627 2691 949 2768 episc0pus,
1003 2693 1066 2752 in
1127 2693 1346 2753 divinis
1408 2694 1725 2769 Scriptnris
1777 2695 1975 2756 doctor

261 2783 717 2856 eruditissimus,
749 2784 842 2844 his
882 2786 1240 2860 temporibus
1285 2801 1382 2846 eas
1427 2786 1500 2846 ob
1538 2802 1630 2847 res
1673 2801 1882 2862 magno
1910 2789 1973 2848 in

261 2872 446 2947 pretio
481 2871 719 2934 habitus
759 2881 863 2933 est.
913 2874 1069 2948 Erat,
1110 2880 1323 2951 praeter
1358 2875 1742 2936 eruditionem
1788 2877 1977 2938 maxi-

259 2976 440 3034 mam,
473 2965 528 3021 et
559 2961 856 3038 religione,
896 2969 952 3024 et
985 2964 1267 3040 sapientia
1314 2964 1530 3042 ubique
1573 2965 1971 3027 nominatissi-

261 3067 396 3112 mus
431 3052 524 3111 vir
555 3070 570 3114 :
612 3056 850 3128 eratque
889 3059 947 3114 et
983 3053 1220 3128 ingenio
1258 3055 1606 3116 mitissimus
1643 3062 1699 3116 et
1722 3062 1968 3130 acutus;

2058 1874 2280 1932 versus,
2321 1858 2760 1934 quatuordecim
2818 1856 3086 1920 millibus
3136 1869 3416 1934 passuum
3468 1857 3689 1916 distans
3737 1869 3771 1916 a

2057 1949 2287 2009 civitate
2349 1948 2688 2023 Eugubina,
2744 1948 2808 2008 in
2853 1963 2970 2024 quo
3011 1953 3135 2008 erat
3182 1947 3461 2007 aediﬁcata
3500 1946 3772 2021 quaedam

2055 2039 2266 2098 domus
2309 2053 2445 2099 cum
2483 2052 2665 2113 parvo
2704 2037 2976 2109 oratorio,
3028 2035 3185 2111 quod
3245 2042 3368 2096 erat
3420 2035 3772 2098 beneﬁcium

2053 2128 2362 2203 cujusdam
2435 2126 2728 2202 Ludolphi
2790 2125 3064 2186 Gessonis
3119 2125 3246 2199 ﬁlii,
3301 2126 3502 2200 paucis
3552 2125 3769 2186 ibidem

2056 2219 2476 2280 habitantibus.
2533 2218 2733 2278 Postea
2787 2232 2945 2290 vero,
2997 2232 3154 2276 anno
3207 2217 3362 2290 1047,
3421 2217 3772 2278 venerabilis

2055 2310 2295 2370 eremita
2340 2309 2546 2369 Petrus
2578 2307 2916 2380 Damianus,
2958 2311 3342 2382 cognomento
3383 2306 3669 2381 Peccator,
3700 2308 3774 2367 de

2057 2398 2358 2470 Ravenna,
2383 2398 2607 2459 ordinis
2639 2396 2697 2457 S.
2737 2396 3049 2468 Benedicti,
3091 2397 3292 2457 doctor
3321 2397 3598 2470 eximius,
3631 2397 3774 2458 reli-

2055 2490 2247 2566 gione,
2279 2488 2542 2550 moribus
2575 2494 2632 2548 et
2661 2488 2939 2548 charitate
2982 2487 3487 2563 prmclarissimus,
3519 2489 3621 2562 qui
3649 2488 3772 2548 suis

2055 2581 2370 2642 virtutibus
2407 2580 2520 2640 fuit
2545 2579 2848 2654 episcopus
2870 2576 3168 2648 Ostiensis,
3195 2581 3252 2637 et
3281 2576 3340 2637 S.
3371 2577 3441 2638 Β.
3475 2578 3538 2638 Ε.
3583 2579 3771 2638 cardi-

2056 2671 2228 2746 nalis,
2258 2671 2333 2731 ob
2366 2669 2760 2731 humilitatem
2800 2668 3028 2729 invitus
3078 2674 3304 2742 tamen;
3337 2673 3392 2726 et
3445 2669 3527 2728 sic
3558 2685 3773 2744 paucos

2052 2768 2181 2840 post
2235 2778 2423 2823 annos
2478 2761 2870 2837 episcopatum
2918 2759 3297 2832 renuntiavit,
3359 2758 3514 2836 quod
3555 2759 3770 2836 Grego-

2053 2854 2177 2913 rius
2195 2851 2305 2910 VII
2331 2851 2592 2926 pontifex
2617 2848 2914 2910 maximus
2944 2863 3101 2923 aegro
3130 2847 3262 2907 tulit
3291 2848 3506 2924 animo,
3534 2850 3606 2908 ad
3633 2867 3772 2925 prae.

2053 2945 2273 3006 dictum
2302 2943 2502 3005 Fontis
2543 2942 2844 3003 Avellanaa
2889 2942 3084 3002 locum
3125 2957 3186 3001 se
3217 2942 3483 3016 contulit,
3518 2949 3573 3002 et
3611 2959 3770 3004 eum-

2054 3035 2187 3094 dem
2210 3033 2623 3109 omnipotentis
2661 3032 2765 3092 Dei
2819 3031 3068 3093 servitiis
3115 3031 3252 3091 satis
3291 3031 3414 3092 fore
3443 3047 3769 3109 congruum

257 3139 489 3216 eloquio
517 3121 798 3218 placidus,
823 3148 880 3203 et
906 3121 1278 3220 compositus,
1314 3151 1370 3205 et
1394 3146 1466 3205 ad
1497 3121 2425 3220 persuadendumcadjudicaii}:
2458 3121 2562 3220 Phi
2612 3124 2816 3220 dom?“
2861 3127 2917 3183 et
2964 3122 3284 3220 Ρηίονίυφ
3335 3122 3546 3186 an“:
3592 3129 3648 3185 et
3695 3125 3771 3220 al?

259 3229 398 3289 satis
424 3231 691 3292 idoneus.
719 3233 836 3305 Qui
866 3249 1062 3295 amore
1105 3235 1440 3297 solitudinis
1486 3243 1539 3295 et
1583 3236 1812 3309 quietis,
1848 3237 1973 3312 epi-

258 3327 555 3396 scopatum
585 3327 641 3382 et
667 3320 1004 3396 dignitatem
1045 3325 1360 3384 maximam
1390 3324 1663 3387 deseruit.
1695 3325 1806 3386 Hic
1834 3342 1971 3388 cum

259 3416 408 3471 esset
453 3410 547 3472 vir
594 3412 1041 3474 eminentissimi
1083 3414 1327 3490 ingenii,
1375 3417 1501 3476 haec
1539 3431 1676 3492 quae
1717 3417 1973 3494 subjecta

256 3505 416 3574 sunt,
448 3502 628 3564 edidit
654 3503 941 3563 librorum
980 3504 1284 3566 volumina
1315 3510 1436 3566 μοι
1460 3506 1652 3582 primo
1688 3509 1972 3586 Apologe-

256 3591 505 3653 ticorum
535 3593 638 3654 lib.
676 3594 727 3654 3.
770 3593 851 3654 De
885 3595 1308 3656 incontinentia
1345 3598 1726 3673 sacerdotum,
1761 3599 1862 3661 lib.
1919 3600 1971 3660 i.

263 3682 343 3742 De
387 3682 674 3743 uxoribus
712 3684 1077 3756 clericorum,
1120 3683 1224 3746 lib.
1275 3687 1322 3746 1.
1367 3686 1450 3747 De
1481 3688 1742 3762 profectu
1771 3705 1972 3749 mona-

261 3771 526 3842 chorum,
566 3771 667 3832 lib.
714 3773 764 3833 1.
801 3772 1023 3848 Regula
1059 3775 1473 3837 solitariorum.
1505 3775 1610 3837 lib.
1655 3777 1705 3836 1.
1741 3776 1973 3838 Exhor-

265 3859 541 3920 tatorium
577 3860 649 3919 ad
678 3864 1012 3934 monachos,
1044 3864 1145 3924 lib.
1181 3865 1230 3924 1.
1273 3864 1686 3925 Miraculorum
1717 3867 1808 3926 sui
1836 3873 1975 3926 tem-

261 3949 437 4025 poris,
487 3948 589 4010 lib.
642 3951 688 4012 1.
732 3950 1064 4027 Antilogion
1105 3958 1304 4014 contra
1347 3953 1602 4026 Judaaos,
1655 3954 1755 4015 lib.
1801 3955 1851 4015 1.
1891 3957 1974 4018 De

261 4038 504 4100 avaritia
536 4039 932 4113 praelatorum,
959 4041 1060 4102 lib.
1094 4042 1142 4102 1.
1175 4043 1258 4102 De
1288 4049 1504 4103 terrore
1529 4044 1755 4117 mortis,
1780 4044 1884 4106 lib.
1920 4047 1970 4108 i.

263 4127 346 4190 De
380 4129 754 4190 meditatione
794 4132 1018 4203 mortis,
1062 4131 1164 4193 lib.
1227 4133 1278 4193 1.
1334 4132 1418 4193 De
1455 4133 1763 4194 insolentia
1801 4135 1974 4197 mali-

259 4231 514 4292 gnorum
544 4219 872 4293 hominum,
901 4221 1005 4280 lib.
1045 4221 1093 4282 1.
1127 4223 1338 4282 Contra
1364 4223 1660 4299 episc0pos
1693 4224 1972 4285 simonia-

263 4322 379 4379 cos,
410 4306 514 4366 lib.
560 4308 610 4368 1.
642 4308 854 4369 Contra
895 4311 1210 4385 quemdam
1248 4312 1602 4387 episcopum,
1633 4311 1734 4373 lib.
1783 4315 1830 4374 1.
1871 4315 1974 4375 De-

263 4396 636 4457 clamationes
658 4397 980 4471 rhetoricas,
1010 4399 1112 4460 lib.
1152 4401 1201 4460 i.
1230 4400 1315 4460 De
1333 4402 1557 4461 naturis
1584 4403 1973 4478 quorumdam

2058 3231 2213 3276 anno
2267 3213 2580 3291 millesimo
2637 3213 3079 3290 quadragesimo
3127 3215 3388 3290 septimo,
3449 3230 3639 3293 usque
3694 3216 3770 3280 ad

2057 3305 2464 3380 centesimum,
2494 3311 2550 3365 et
2578 3304 2731 3365 ultra
2773 3315 2905 3364 cum
2957 3304 3165 3380 viginti
3198 3305 3499 3365 monachis
3526 3307 3620 3366 vel
3658 3306 3771 3366 cir-

2059 3413 2144 3470 ca,
2203 3397 2459 3457 eremitis
2499 3394 2760 3472 ejusdem
2803 3395 3028 3455 ordinis
3076 3395 3186 3455 sibi
3235 3395 3424 3468 sociis,
3464 3396 3769 3456 continuis

2059 3486 2435 3557 orationibus,
2494 3491 2550 3544 et
2599 3483 2982 3560 pasnitentiis,
3032 3483 3139 3544 soli
3192 3483 3306 3544 Deo
3350 3484 3771 3560 servientibus,

2060 3581 2117 3638 et
2173 3575 2507 3654 quindecim
2553 3575 2851 3636 conversis
2935 3573 3114 3636 simul
3167 3587 3308 3634 cum
3363 3573 3604 3634 famulis
3649 3576 3771 3635 fere

2061 3682 2285 3741 semper
2333 3668 2721 3725 commoratus
2776 3667 2879 3724 est.
2938 3663 3068 3739 Ipse
3129 3662 3291 3722 enim
3344 3664 3496 3722 hanc
3548 3678 3771 3724 sacram

2061 3769 2323 3818 eremum
2377 3752 2589 3815 sanctis
2647 3753 2937 3830 operibus,
2990 3757 3046 3814 et
3091 3752 3294 3815 divino
3343 3752 3504 3814 cultu
3548 3753 3775 3828 primus

2061 3845 2391 3919 illustravit,
2445 3859 2512 3904 ac
2556 3845 2745 3905 eidem
2795 3844 3042 3905 diversis
3080 3843 3142 3904 in
3192 3842 3334 3906 locis
3382 3844 3774 3920 possessiones

2059 3935 2323 3996 ﬁdelium
2370 3933 2759 3994 oblationibus
2805 3933 3148 4010 acquisivit;
3193 3933 3608 3994 Bibliothecam
3648 3935 3774 3994 fere

2060 4027 2326 4090 omnium
2354 4023 2578 4085 Veteris
2605 4031 2660 4085 et
2689 4024 2837 4085 Novi
2870 4024 3224 4085 Testamenti
3261 4023 3635 4086 voluminum
3676 4041 3770 4087 re-

2059 4117 2266 4194 liquit;
2310 4116 2631 4178 claustrum
2663 4116 2837 4192 juxta
2875 4114 3192 4176 Ecclesiam
3229 4115 3594 4190 construxit;
3632 4131 3774 4178 cru-

2060 4221 2186 4266 cem
2222 4211 2554 4280 argenteam
2588 4205 2727 4265 satis
2763 4204 3033 4264 idoneam
3069 4205 3436 4280 procuravit;
3493 4203 3772 4265 tintinna-

2060 4297 2223 4371 bula,
2255 4297 2598 4372 diversaque
2616 4295 2836 4356 divinae
2865 4297 3072 4358 domus
3093 4295 3365 4356 utensilia
3393 4295 3771 4372 comparavit,

2061 4389 2266 4451 calices
2323 4403 2559 4466 quoque
2613 4385 2762 4448 duos
2824 4394 3122 4462 argenteos
3165 4387 3552 4463 pulcherrime
3602 4387 3777 4448 deau-

261 4487 626 4559 animalium,
656 4487 759 4547 lib.
796 4489 844 4548 1.
873 4489 952 4548 De
988 4488 1091 4550 ss.
1125 4489 1295 4550 Flora
1319 4498 1374 4550 et
1401 4474 1646 4564 Lucilla,
1677 4493 1778 4553 lib.
1815 4495 1863 4556 1.
1893 4485 2215 4571 Dentatos
2250 4477 2524 4571 providit.
2565 4484 2750 4571 prout
2771 4478 2834 4571 it}
2869 4477 2990 4571 suis}
3033 4474 3437 4571 voluminibus
3473 4477 3776 4571 meruerim

266 4578 326 4638 S.
358 4578 629 4638 Cassiano
665 4582 940 4653 martyre,
980 4579 1080 4638 lib.
1121 4579 1169 4640 1.
1220 4580 1303 4640 De
1336 4579 1395 4641 S.
1427 4580 1742 4655 Bonifacio,
1773 4583 1872 4645 lib.
1915 4601 1917 4608 λ

2130 4567 2233 4630 nus
2259 4568 2556 4645 proditum
2583 4573 2688 4627 est.
2715 4565 2827 4638 Qui
2859 4567 3086 4655 tandem
3131 4566 3241 4625 sub
3269 4581 3426 4625 anno
3459 4565 3778 4627 millesimo

266 4667 614 4729 Sermonum
637 4672 694 4729 et
717 4666 1114 4742 homiliarum,
1152 4668 1251 4730 lib.
1286 4669 1336 4731 1.
1362 4670 1434 4730 Et
1457 4668 1572 4732 alia
1598 4671 1803 4732 multa.

390 4849 803 4910 Harthmannus
830 4778 1283 4925 Schedegtfsxjan.
1322 4851 1476 4925 1505)
1493 4857 1564 4925 ,z'n
1590 4855 1838 4912 Historia

700 4925 1021 4981 universali.
1051 4921 1146 4981 Ad
1174 4921 1268 4983 nn.
1292 4925 1351 4985 ο.
1386 4921 1539 4985 1068.

332 5009 538 5072 Petrus
577 5011 865 5085 Damiani,
895 5011 1205 5074 cardinalis
1233 5015 1476 5089 legatus,
1512 5014 1819 5077 fortissime
1859 5033 1965 5077 ex-

258 5100 526 5175 sequitur
559 5116 727 5161 suam
766 5103 1112 5180 legationem
1163 5111 1362 5164 contra
1407 5105 1831 5181 imperatorem,
1860 5124 1966 5168 vo-

2057 4659 2392 4731 centesimo,
2425 4661 2633 4735 quarto
2680 4657 2813 4716 idus
2861 4654 3098 4732 Aprilis,
3136 4657 3294 4717 diem
3341 4672 3517 4717 suum
3564 4656 3778 4717 clausit

2056 4754 2408 4820 extremum,
2438 4752 2495 4806 et
2544 4746 2670 4821 ejus
2706 4745 2941 4805 beatum
2980 4761 3184 4822 corpus
3223 4744 3624 4818 ecclesiasticas
3654 4751 3773 4806 tra-

2055 4840 2244 4899 ditum
2271 4841 2357 4898 est
2389 4837 2726 4912 sepulturae,
2758 4833 2822 4895 in
2850 4835 3078 4895 abbatia
3111 4834 3170 4896 S.
3208 4835 3409 4896 Mariae
3441 4834 3514 4895 de
3541 4835 3769 4896 Faven-

2055 4928 2154 5002 tia,
2202 4929 2274 4988 de
2333 4927 2613 4988 membris
2661 4932 2936 5002 perpetuo
2995 4923 3177 4987 unitis
3221 4925 3514 5002 praedictas
3570 4942 3770 4986 eremo

2056 5017 2116 5079 S.
2147 5016 2345 5078 Crucis
2387 5015 2586 5076 Fontis
2617 5014 2921 5077 Avellanze
2953 5033 2966 5073 :
3002 5016 3172 5092 cujus
3209 5015 3465 5075 animam
3496 5022 3552 5075 et
3582 5017 3766 5076 socio-

2054 5121 2186 5166 rum
2213 5119 2456 5166 suorum
2486 5103 2756 5179 precibus
2783 5101 3041 5179 Virginis
3074 5103 3347 5178 perducat
3381 5102 3665 5166 Dominus
3691 5101 3767 5163 ad

257 5189 476 5248 lentem
526 5187 809 5250 divertere
845 5208 879 5250 a
919 5191 1120 5267 regina
1176 5207 1361 5253 uxore
1397 5209 1503 5254 sua
1540 5193 1813 5270 legitima.
1875 5201 1968 5270 (Et
2050 5194 2244 5254 locum
2297 5200 2531 5254 aeternas
2583 5191 2983 5258 beatitudinis.
3011 5192 3332 5255 Prazmissis
3378 5193 3560 5267 igitur
3616 5197 3769 5252 stan-

254 5279 426 5351 paulo
459 5283 588 5351 post
617 5279 718 5336 sub
757 5281 1082 5341 Alexandro
1105 5285 1163 5341 Π
1177 5285 1372 5358 papa.)
1411 5282 1613 5346 Petrus
1648 5284 1965 5348 Damianus
2050 5284 2226 5356 tibus,
2268 5285 2370 5361 qui
2409 5281 2760 5345 dubitaverit
2799 5284 3035 5345 Petrum
3075 5284 3444 5354 Damianum,
3486 5289 3541 5343 et
3586 5283 3766 5358 hujus

260 5369 457 5428 doctor
493 5373 549 5427 et
587 5366 859 5432 Ecclesiae
896 5372 1173 5433 Romana:
1212 5374 1522 5436 cardinalis
1556 5377 1872 5455 episcopus,
1903 5379 1965 5438 in
2049 5389 2227 5435 sacras
2287 5376 2468 5435 eremi
2515 5377 2682 5452 quasi
2729 5375 3113 5445 fundatorem,
3155 5377 3209 5430 et
3263 5371 3578 5432 eremiticaa
3625 5371 3765 5430 vitae

255 5457 474 5518 divinis
506 5457 818 5536 Scripturis
853 5462 1304 5538 eruditissimus,
1337 5467 1430 5526 his
1462 5469 1814 5545 temporibus
1869 5486 1965 5529 eas
2047 5467 2453 5526 instructorem
2469 5463 2756 5526 exstitisse
2775 5487 2788 5537 ;
2813 5461 3130 5540 praesertim
3151 5475 3284 5520 cum
3299 5466 3433 5520 ante
3460 5461 3585 5536 ejus
3613 5467 3760 5518 tem-

256 5545 331 5608 ob
360 5563 452 5608 res
481 5547 670 5609 multo
696 5549 759 5610 in
803 5551 986 5627 pretio
1013 5549 1246 5614 habitus
1288 5560 1374 5615 est
1411 5557 1473 5615 in
1511 5555 1699 5630 Italia,
1727 5559 1866 5632 vita,
1907 5563 1963 5620 et
2047 5572 2205 5632 pora,
2227 5557 2289 5616 in
2311 5557 2584 5632 praedicto
2604 5555 2803 5619 Fontis
2821 5553 3116 5615 Avellanae
3134 5551 3256 5612 loco
3278 5552 3388 5612 sub
3404 5551 3658 5627 alicujus
3678 5565 3765 5609 re-

255 5635 494 5700 scientia
519 5635 787 5713 insignis,
822 5639 927 5714 qui
954 5648 1010 5702 et
1049 5643 1333 5705 nonnulla
1369 5641 1539 5706 laude
1575 5643 1751 5721 digna
1781 5647 1961 5709 edidit
2045 5647 2184 5724 gula
2201 5663 2563 5725 quemquam
2588 5647 2870 5709 meruisse
2894 5643 3191 5707 memoriae
3213 5642 3482 5706 relictum
3504 5657 3622 5702 non
3641 5638 3764 5701 sit?
