4078 6202
248 277 355 340 189

1021 403 1177 466 XXI.

238 516 507 585 Aloysius
555 516 889 590 Lipomanus
935 514 1049 583 (an.
1087 513 1266 585 1550),
1296 516 1580 590 episcopus
1631 516 1957 584 Bsrgomen-

310 590 410 652 sis,
449 602 578 642 mea:
620 587 978 650 Veronensis,
1013 591 1071 644 in
1124 589 1356 660 epistola
1402 587 1644 658 quadam
1673 591 1858 661 partis
1893 597 1956 645 IV

313 661 449 714 tomi
475 662 612 715 VIII
641 661 897 716 Vitarum
925 665 1236 716 sanctorum
1258 661 1520 733 praﬁxa.

313 764 472 823 Dum
523 763 715 823 adhuc
758 764 1090 824 adolescens
1135 781 1340 837 essem,
1373 763 1674 827 audieram
1714 764 1958 826 Petrum

238 854 616 924 Damianum,
653 853 976 914 Ostiensem
1015 854 1372 930 episcopum,
1412 860 1626 916 sanctas
1677 856 1959 917 Romanae

241 943 522 1004 Ecclesia;
568 942 944 1015 cardinalem,
974 945 1078 1023 qui
1111 943 1261 1005 circa
1288 961 1510 1006 annum
1547 946 1784 1008 Domini
1822 946 1956 1006 mil-

242 1035 523 1097 lesimum
550 1033 1108 1112 quinquagesimum
1137 1036 1246 1094 sub
1271 1035 1503 1097 Nieolao
1523 1037 1600 1108 II,
1622 1037 1962 1099 Alexandro

244 1125 386 1184 item
415 1123 492 1198 II,
515 1139 623 1184 nec
657 1139 771 1184 non
796 1123 1072 1198 Gregorio
1094 1122 1222 1198 VII,
1254 1126 1534 1188 Romanis
1563 1127 1960 1203 pontiﬁcibus,

243 1215 542 1289 ﬂoruerat,
571 1213 764 1275 virum
810 1215 992 1276 fuisse
1040 1213 1458 1292 doctissimum,
1481 1223 1656 1294 atque
1691 1217 1752 1279 in
1785 1219 1963 1280 sacris

242 1307 455 1368 litteris
506 1307 1076 1380 exercitatissimum,
1111 1305 1411 1383 multaque
1462 1307 1686 1383 ingenii
1739 1309 1858 1383 sui,
1895 1325 1964 1370 ac

241 1415 311 1459 ea
365 1396 604 1474 quidem
656 1398 930 1474 prmclara
986 1405 1369 1460 monumenta
1424 1398 1776 1474 reliquisse:
1825 1416 1962 1476 quas

241 1495 440 1549 tamen
485 1505 604 1548 non
648 1489 729 1549 ita
779 1486 948 1549 facile
987 1488 1188 1550 haberi
1224 1495 1455 1566 possent
1501 1506 1622 1565 prae
1663 1491 1959 1565 manibus,

239 1588 305 1639 ut
339 1595 424 1651 ea,
461 1593 592 1658 qum
633 1593 937 1656 nunquam
975 1577 1126 1654 typis
1170 1582 1338 1638 antea
1374 1575 1719 1639 demandata
1747 1585 1958 1641 essent.

241 1667 367 1743 Ego
422 1674 615 1728 autem
671 1672 978 1743 postquam
1045 1673 1380 1729 sanctorum
1433 1667 1671 1731 Patrum
1722 1669 1885 1731 Vitas
1927 1684 1961 1729 a

941 273 1520 338 PBOLEGOMENA.
1560 305 1628 323 -ι
1665 273 2130 338 TESTIMONIA
2167 275 2266 338 DE
2307 276 2366 339 S.
2409 275 2653 340 PETRO
2691 278 3057 343 DAMIANO.

3658 282 3762 346 190

1972 401 2231 466 Actione
2268 401 2435 465 Dom.
2466 403 2548 464 De
2578 403 2640 465 S.
2673 401 2905 466 Victore
2941 405 3288 468 confessore.
3319 404 3389 466 In
3419 405 3756 468 inventione

2047 487 2106 549 8.
2136 487 2343 550 crucis.
2386 487 2468 552 De
2517 489 2575 552 S.
2616 493 2898 554 Anthimo
2938 500 3107 554 mart.
3159 493 3242 555 De
3293 491 3353 555 S.
3381 492 3548 555 Joan.
3587 491 3752 569 Bapt.

2043 580 2125 640 De
2178 579 2238 641 S.
2280 580 2445 641 Petro
2495 581 2768 656 apostolo.
2805 581 2886 642 De
2932 579 3035 645 SS.
3069 582 3235 642 Petro
3285 589 3340 642 et
3388 581 3566 642 Paulo
3623 597 3756 658 app.

2043 671 2124 730 De
2171 670 2230 733 8.
2265 670 2446 731 Maria
2493 671 2854 747 Magdalena.
2901 672 2967 732 In
3019 672 3416 749 assumptione
3439 672 3506 733 B.
3533 671 3754 733 Marias.

2044 761 2125 822 De
2167 762 2370 822 eadem
2425 760 2702 836 hymnus.
2760 761 2844 822 De
2893 760 3096 822 eadem
3156 763 3577 838 paractericum
3627 778 3758 821 car-

2046 867 2198 913 men.
2251 852 2334 912 De
2379 851 2581 912 eadem
2636 852 2973 927 rhythmus.
3021 853 3104 913 De
3150 851 3351 914 eadem
3400 867 3622 913 versus.
3675 851 3758 912 De

2046 941 2107 1006 8.
2149 942 2570 1006 Bartholomzeo
2619 950 2797 1020 apost.
2854 944 2925 1005 In
2968 944 3274 1006 Nativitate
3330 944 3492 1021 Virg.
3533 943 3759 1006 Marias.

2043 1030 2114 1092 In
2142 1031 2344 1092 eadem
2371 1032 2544 1094 alius.
2573 1032 2642 1093 In
2680 1032 2880 1094 eadem
2911 1033 3174 1095 homilia.
3199 1033 3271 1094 In
3308 1032 3660 1094 exaltatione
3691 1031 3755 1095 8.

2043 1127 2250 1189 crucis.
2289 1126 2359 1187 In
2405 1127 2607 1188 eadem
2659 1127 3080 1202 paractericum
3123 1142 3378 1188 carmen.
3411 1124 3493 1188 De
3525 1125 3585 1187 S.
3617 1125 3759 1186 Mat-

2047 1216 2200 1276 thaeo
2241 1221 2418 1292 apost.
2457 1216 2539 1276 De
2571 1215 2630 1277 S.
2662 1216 2943 1277 Michaele
2983 1216 3351 1290 archangelo.
3383 1215 3464 1277 De
3507 1214 3565 1276 S.
3597 1215 3758 1276 Luca

2045 1307 2414 1383 evangelista.
2449 1307 2515 1367 In
2552 1309 2695 1370 festo
2751 1307 3094 1370 Sanctorum
3143 1308 3440 1370 Omnium.
3475 1306 3545 1367 In
3582 1307 3754 1369 Dedi~

2045 1397 2269 1460 catione
2310 1397 2586 1458 ecclesias.
2636 1397 2705 1458 In
2756 1397 2956 1460 eadem
3008 1399 3179 1461 alius.
3227 1399 3300 1459 In
3355 1397 3555 1459 eadem
3589 1398 3758 1458 tertio

2044 1485 2219 1549 alius.
2260 1489 2342 1548 De
2393 1487 2453 1550 S.
2501 1487 2753 1548 Martino
2804 1489 3088 1563 episcopo.
3121 1489 3202 1548 De
3243 1487 3305 1550 8.
3340 1488 3572 1547 Andrea
3617 1502 3759 1561 apo-

2046 1578 2213 1638 stolo.
2241 1577 2324 1638 De
2372 1577 2576 1639 eodem
2623 1576 2797 1640 alius.
2833 1577 2917 1640 De
2971 1576 3031 1639 8.
3082 1577 3315 1639 Nieolao
3359 1577 3642 1653 episeopo.
3674 1575 3756 1635 De

2047 1667 2108 1730 S.
2155 1669 2429 1730 Cassiano
2480 1675 2757 1744 martyre.
2811 1669 3088 1744 Epistola,
3131 1670 3195 1730 ni
3231 1667 3440 1740 mavis,
3485 1670 3759 1728 tractatus

243 1755 390 1818 viris
431 1755 627 1830 dignis
667 1756 1015 1835 conscriptas
1065 1758 1131 1820 in
1175 1773 1364 1818 unum
1407 1773 1617 1835 corpus
1662 1759 2118 1841 redigendine
2153 1759 2503 1838 quibusdam
2544 1758 2864 1822 miraculis.
2895 1758 3355 1836 Apologeticum,
3387 1757 3460 1818 de
3487 1757 3762 1820 Contem-

241 1864 398 1910 onus
450 1850 660 1924 accepi,
692 1850 875 1909 multa
922 1865 1057 1911 sum
1105 1865 1248 1911 usus
1304 1849 1625 1926 diligentia,
1654 1857 1719 1914 ut
1769 1850 1966 1928 aliqua

243 1940 428 2016 hujus
475 1939 627 2000 beati
676 1939 865 2000 Patris
905 1941 970 2001 in
1013 1941 1126 2002 hoc
1159 1955 1369 2016 genere
1406 1941 1618 2018 scripta
1643 1943 1967 2015 (audieram

245 2046 388 2091 vero
439 2036 668 2091 exstare
719 2032 1020 2109 plurima),
1051 2032 1101 2093 si
1138 2046 1386 2107 possem,
1420 2032 1485 2094 in
1515 2032 1708 2096 lucem
1741 2035 1967 2109 profer-

245 2137 393 2181 rem.
428 2121 547 2181 Nec
580 2122 782 2191 defuit.
810 2128 875 2184 ut
911 2122 1159 2195 videbis,
1197 2123 1612 2197 omnipotentis
1646 2123 1754 2184 Dei
1794 2123 1967 2184 benia

245 2213 469 2287 gnitas,
501 2228 636 2288 quas
670 2211 782 2288 piis
819 2227 1046 2287 semper
1071 2211 1376 2274 desideriis
1402 2214 1598 2274 favere
1627 2213 1789 2276 solet.
1819 2211 1967 2276 Nam

245 2306 304 2360 et
344 2317 421 2362 ex
454 2301 859 2381 Capranicensi
888 2302 1008 2375 illa,
1039 2317 1172 2378 quas
1198 2302 1401 2364 Romae
1432 2308 1640 2375 exstat,
1677 2303 1968 2366 Francisci

247 2391 462 2452 Turres
514 2391 630 2454 mei
665 2393 1072 2465 amantissimi,
1103 2408 1222 2454 non
1265 2393 1482 2454 minori
1527 2393 1758 2469 pietate,
1789 2409 1967 2469 quam

246 2483 575 2544 eruditione
634 2485 962 2559 praestantis
1004 2485 1139 2558 viri,
1190 2485 1489 2560 diligentia
1525 2505 1538 2547 :
1584 2492 1640 2546 et
1681 2501 1759 2548 ex
1802 2486 1966 2547 Casi-

245 2573 454 2633 nensis
493 2575 829 2635 monasterii
882 2574 1036 2636 clara
1087 2576 1465 2652 Bibliotheca,
1496 2575 1683 2652 ipsius
1725 2591 1965 2651 congre-

241 2663 499 2737 gationis
534 2664 803 2725 Patribus
834 2665 895 2726 id
931 2665 1184 2740 benigne
1215 2665 1609 2728 annuentibus
1639 2690 1653 2728 :
1691 2670 1968 2740 praeterea

241 2767 319 2811 ex
357 2751 578 2814 illustri
607 2754 861 2830 quodam
889 2755 1076 2817 Italia)
1113 2755 1408 2829 emnobio,
1440 2755 1612 2831 cujus
1648 2770 1864 2817 nomen
1901 2756 1966 2817 in

241 2843 557 2917 praesentia
587 2859 705 2904 non
745 2849 954 2906 temere
992 2852 1269 2920 praeterea
1300 2870 1314 2906 :
1355 2846 1596 2907 demum
1641 2851 1699 2906 et
1751 2862 1827 2907 ex
1864 2862 1965 2908 ve-

244 2931 602 2993 nerabilium
637 2933 761 2994 divi
788 2934 942 2996 Petri
970 2935 1363 3009 apostolorum
1388 2934 1670 3010 principis
1694 2933 1968 2995 Ecclesim

243 3022 660 3084 canonicorum
717 3023 1088 3097 bibliotheca,
1128 3026 1420 3098 indicante
1477 3025 1810 3088 doctissimo
1864 3025 1968 3086 illo

2049 1856 2152 1924 ptu
2174 1848 2397 1908 saeculi.
3588 1898 3590 1901 .

2117 1942 2308 2000 Isthac
2340 1943 2523 1998 omnia
2557 1943 2890 2014 Lipomanus
2919 1943 3038 2014 ipse
3068 1941 3216 2013 typis
3244 1937 3562 1997 emcudsnda
3597 1952 3762 1996 man-

2049 2033 2208 2089 davit
2231 2037 2413 2092 Romae
2441 2034 2511 2091 ab
2535 2033 2778 2094 Antonio
2804 2034 2983 2093 Blado
3013 2035 3336 2104 impressors
3368 2029 3640 2089 Camerati
3664 2045 3759 2088 an.

2051 2122 2110 2183 C.
2139 2125 2342 2183 MDLX
2363 2126 2422 2180 in
2452 2125 2596 2181 calce
2621 2126 2755 2183 tomi
2785 2127 2966 2182 octavi
2994 2126 3252 2183 Vitarum
3279 2125 3589 2181 sanctorum
3610 2122 3764 2194 pris-

2051 2227 2233 2270 corum
2275 2215 2550 2271 Patrum:
2581 2229 2650 2272 ea:
2681 2229 2788 2286 quo
2836 2214 3030 2274 dehinc
3071 2215 3292 2281 Surius,
3322 2212 3608 2285 caterique
3659 2209 3764 2271 alii

2051 2302 2412 2378 assumpsere,
2440 2307 2503 2362 ut
2530 2319 2659 2363 more
2685 2304 2948 2363 dicemus.

2813 2417 2997 2479 XXII.

2051 2508 2366 2581 Onuphrius
2415 2507 2718 2566 Panvinius
2767 2511 2882 2579 (an.
2921 2507 3094 2580 1560).
3130 2509 3314 2578 frater
3361 2508 3594 2581 eremita
3615 2505 3761 2581 ⁸ᾼμει

2091 2576 2462 2651 gustinianus,
2487 2584 2546 2638 in
2568 2576 2826 2640 Chronico
2846 2576 3226 2647 ecclesiastico,
3251 2581 3352 2638 sub
3372 2595 3465 2638 an.
3491 2581 3548 2638 Ο.
3576 2576 3734 2637 1056.

2128 2667 2332 2728 Petrus
2375 2668 2642 2728 Damiani
2693 2685 2767 2728 ex
2819 2669 3104 2730 monacho
3133 2669 3434 2744 episcopus
3461 2665 3767 2736 Ostiensis,

2054 2757 2412 2820 Lanfrancus
2467 2775 2543 2818 ex
2608 2758 2813 2819 abbate
2883 2759 3230 2820 Codoniensi
3299 2757 3764 2834 archiepiscOpus

2053 2847 2506 2921 Cantuariensis,
2542 2849 2858 2910 Anselmus
2916 2850 3239 2912 monachus
3290 2849 3618 2923 Remensis,
3649 2847 3762 2908 viri

2051 2937 2391 3011 doctissimi,
2420 2944 2478 2999 et
2505 2938 2873 2999 sanctissimi.
2907 2935 2912 2939 ’

2797 3054 3010 3117 XXIII.

247 3111 425 3222 iiii-
456 3113 820 3222 ίῗνὶυὲωὲο.
855 3115 1548 3222 ἓξγθθεοτξρῖοίρηοιετίο
1605 3115 1917 3222 “mimum
1937 3162 1963 3222 ζ
1982 3149 2030 3216 o
2049 3146 2282 3202 Joannes
2332 3149 2555 3222 mehe-
2587 3148 2700 3222 (an.
2739 3111 3152 3218 ιδὲὲῐῗὶέναιεν
3205 3146 3474 3205 Minoam
3527 3146 3760 3222 Praeci-

249 3202 435 3262 multa
472 3204 825 3265 sanctissimi
857 3204 1034 3278 hujus
1066 3204 1252 3266 Patris
1289 3205 1353 3265 in
1388 3221 1600 3268 manus
1631 3211 1858 3267 nostras
1891 3205 1965 3266 ad

246 3293 612 3366 propositum
661 3309 806 3369 opus
849 3295 1188 3368 spectantia,
1234 3304 1522 3356 venerunt
1563 3320 1578 3356 :
1627 3311 1764 3373 quae
1806 3312 1968 3357 nunc

245 3383 461 3458 apertis
501 3385 691 3444 cordis
729 3384 1050 3445 visceribus
1099 3385 1202 3445 toti
1249 3384 1520 3446 Ecclesim
1547 3385 1672 3458 Dei,
1712 3387 1772 3447 in
1819 3386 1966 3447 iide-

250 3473 396 3534 lium
447 3474 717 3534 omnium
751 3475 1121 3535 commodum
1151 3480 1208 3534 et
1234 3475 1545 3536 utilitatem
1583 3476 1968 3538 libentissime

248 3561 626 3636 evulgamus:
663 3563 1072 3640 imprimisque
1101 3579 1187 3636 ea,
1222 3580 1356 3639 quas.
1384 3581 1460 3626 ex
1493 3567 1640 3627 urbe
1665 3567 1868 3638 Roma,
1902 3583 1970 3628 ac

247 3652 550 3712 Casinensi
585 3655 932 3714 monasterio
959 3655 1277 3716 habuimus
1305 3673 1320 3716 :
1355 3654 1568 3716 deinde
1599 3671 1684 3727 ea,
1722 3673 1856 3732 quas
1889 3673 1969 3718 ex

249 3742 517 3803 omnobio
577 3742 698 3816 illo,
730 3744 999 3820 dictaque
1036 3743 1160 3805 divi
1209 3743 1362 3806 Petri
1418 3743 1770 3806 bibliotheca
1814 3748 1968 3808 nacti

249 3847 479 3896 sumus.
509 3833 665 3908 Lege
686 3835 866 3909 igitur
887 3841 945 3895 et
966 3836 1110 3908 haec,
1139 3834 1394 3909 benigne
1423 3834 1639 3897 lector:
1674 3851 1782 3896 nec
1808 3837 1966 3898 enim

254 3924 454 3984 minus
479 3925 543 3985 iu
571 3924 677 3984 hoc
704 3923 1070 3985 sanctissimo
1096 3924 1221 3985 viro
1242 3923 1613 3998 eruditionis,
1641 3925 1965 3999 elegantim,

252 4012 503 4089 pietatis,
545 4030 612 4074 ac
651 4014 996 4088 devotionis,
1027 4029 1205 4091 quam
1248 4013 1314 4076 in
1361 4014 1822 4089 praecedentibus
1859 4015 1970 4077 Pa-

252 4104 447 4165 tribus
474 4104 763 4164 invenies.

324 4197 462 4265 Ou
508 4211 634 4254 υσνο
683 4197 1020 4268 Lipamanus
1075 4197 1268 4263 edidit,
1306 4213 1377 4255 om
1423 4199 1558 4257 Mss.
1600 4195 1770 4257 Codd.
1811 4197 1969 4256 Casi-

249 4291 443 4344 nmsts
501 4293 556 4344 et
613 4288 930 4361 Capi-unica:
977 4289 1437 4345 Bibiiothecarum
1459 4328 1478 4354 ,
1534 4290 1645 4346 haec
1695 4293 1842 4346 sunt.
1891 4287 1973 4346 De

255 4375 318 4436 8.
359 4376 721 4436 Eleuchadio
771 4376 1055 4452 episcopo.
1087 4376 1170 4435 De
1199 4375 1259 4436 S.
1290 4375 1536 4450 Georgio
1588 4382 1860 4450 martyre.
1892 4374 1975 4436 De

255 4466 317 4526 8.
349 4465 588 4527 Ruﬂino
619 4471 894 4541 martyre.
924 4465 1007 4524 De
1034 4465 1235 4524 eodem
1265 4467 1540 4540 hymnus.
1571 4463 1654 4524 De
1692 4464 1752 4524 8.
1783 4463 1973 4524 Marco

2122 3233 2338 3284 scanus,
2371 3237 2493 3293 cap.
2530 3218 2710 3293 5,‘tib.
2743 3231 2805 3279 1v
2848 3221 3164 3292 Compendii
3204 3223 3526 3292 temgiorum,
3565 3222 3617 3275 et
3657 3218 3764 3274 Hi-

2119 3293 2416 3349 storiarum
2444 3295 2957 3351 ecclesiasticarum.

2121 3378 2326 3442 Petrus
2360 3381 2644 3453 Damiani,
2675 3398 2749 3441 ex
2777 3381 3061 3440 monacho
3094 3379 3154 3440 8.
3185 3378 3483 3438 Benedicti
3525 3378 3766 3437 etfectus

2050 3470 2353 3546 episeOpus
2383 3469 2662 3531 Ostiensis
2680 3476 2736 3530 et
2765 3469 3090 3531 Cardinalis
3120 3467 3177 3528 S.
3210 3467 3283 3528 Β.
3311 3467 3403 3540 Ε.,
3430 3468 3524 3527 vir
3551 3466 3767 3526 studio-

2050 3571 2150 3617 sus
2178 3601 2194 3628 ,
2251 3562 2308 3616 et
2354 3556 2656 3629 eruditus,
2708 3557 2808 3617 sed
2865 3564 2922 3616 et
2970 3555 3403 3616 conversatione
3467 3554 3762 3629 insignis:

2050 3647 2319 3719 exemplo
2376 3653 2569 3707 tamen
2619 3647 2879 3722 Gregorii
2914 3646 3278 3716 Nazianzeni,
3307 3657 3504 3703 amore
3557 3643 3766 3703 solitub

2049 3735 2226 3806 diuis,
2259 3735 2646 3811 episcopatum
2692 3736 2966 3808 deseruit,
2994 3735 3068 3795 ad
3103 3732 3434 3794 emnobium
3476 3747 3764 3793 reversus.

2050 3824 2324 3899 Dumque
2369 3841 2404 3884 a
2441 3825 2678 3886 Nieolao
2731 3824 2807 3895 II,
2854 3824 3190 3885 Alexandro
3239 3830 3297 3883 et
3341 3821 3616 3898 Gregorio
3661 3820 3768 3881 VII

2051 3932 2224 3992 super
2247 3918 2356 3977 hoc
2387 3924 2703 3990 taxaretur,
2735 3916 3174 3992 Apologeticum
3220 3915 3665 3975 satisfactorium
3690 3911 3763 3971 ad

2051 4006 2283 4068 eosdem
2329 4008 2530 4080 edidit,
2561 4023 2678 4082 quo
2725 4007 2965 4068 fuerunt
3009 4006 3214 4081 pacati.
3265 4004 3446 4064 Multa
3492 4004 3676 4076 docta,
3708 4006 3767 4060 et

2051 4098 2256 4159 devota
2308 4096 2634 4172 composuit
2679 4095 2981 4171 opuscula,
3010 4095 3120 4156 sub
3176 4093 3426 4155 Henrico
3477 4091 3580 4164 III,
3607 4091 3760 4152 circa

2053 4185 2436 4247 millesimum
2463 4183 3043 4261 quinquagesimum.

2806 4293 3014 4358 XXIV.

2052 4392 2278 4453 Carolus
2332 4390 2593 4460 Sigonius
2653 4387 2766 4462 (an.
2829 4386 2978 4462 1570)
3036 4385 3408 4462 Historiarum
3426 4379 3540 4462 ,ἐς
3593 4397 3758 4451 regno

2259 4453 2454 4529 Italia,
2487 4462 2627 4518 libro
2651 4453 2809 4527 bona,
2838 4458 2910 4516 ab
2939 4453 2992 4518 Ι.
3020 4459 3079 4517 C.
3117 4456 3254 4517 1058
3284 4455 3359 4512 ad
3390 4453 3549 4514 1080.

251 4520 1332 4632 ξῆέὸξεῖἱῖὧῐξ
1350 4520 1751 4616 ῐῖιῖέι-ἶίῡῖ
1770 4520 2038 4614 eodemu
2131 4520 2594 4614 Umterum'cum
2638 4520 2839 4610 multm
2882 4547 3015 4607 alias
3064 4543 3335 4605 Ecclesiae
3374 4555 3525 4632 nova
3560 4539 3632 4599 de
3673 4539 3765 4599 Si-

250 4646 431 4706 alius.
473 4646 556 4706 De
599 4645 802 4706 eodem
844 4645 1038 4704 adhuc
1077 4645 1300 4706 tertius.
1340 4645 1425 4705 De
1477 4643 1537 4706 S.
1575 4643 1774 4705 Fidele
1815 4659 1974 4704 mar-

255 4743 402 4810 tyre.
441 4735 525 4797 De
577 4736 780 4796 eodem
827 4737 1104 4811 hymnus.
1142 4735 1225 4796 De
1254 4735 1314 4796 S.
1354 4735 1700 4796 Barbatiano
1747 4734 1974 4795 confes‘

254 4837 405 4885 sora.
439 4823 524 4884 De
551 4825 610 4886 8.
644 4823 835 4886 Vitale
865 4833 1140 4900 martyre.
1171 4825 1242 4884 In
1269 4825 1648 4884 translatione
1673 4823 1735 4884 S.
1763 4822 1974 4884 Hilarii

253 4931 346 4991 ep.
397 4916 648 4990 Epistula
689 4916 762 4976 de
792 4915 924 4975 Vita
955 4915 1016 4976 8.
1047 4915 1345 4992 Rodulphi
1382 4931 1470 4991 ep.
1509 4917 1641 4978 Vita
1676 4914 1736 4977 8.
1769 4914 1975 4976 Domi-

257 5006 380 5064 niei
402 5004 678 5065 Loricati.
711 5005 842 5066 Vita
872 5003 932 5068 8.
964 5006 1272 5066 Romualdi
1300 5006 1543 5066 abbatis.

326 5098 417 5152 Ba:
492 5111 596 5152 ms.
662 5097 888 5154 camobz'i
959 5097 1248 5168 cujusdam
1308 5097 1486 5155 Italia
1540 5099 1592 5152 et
1651 5093 1974 5155 bibliotheca

253 5189 640 5242 manicarum
714 5189 949 5244 ecclesia
1001 5189 1061 5246 S.
1129 5189 1298 5245 Petri.
1368 5186 1438 5245 In
1495 5183 1711 5260 Vigilia
1766 5185 1974 5244 natalis

250 5275 514 5337 Domini.
549 5275 620 5336 In
649 5275 960 5337 Nativitate
988 5277 1078 5336 Ι).Δ
1105 5275 1176 5336 Ν.
1231 5276 1282 5337 J.
1313 5276 1395 5336 De
1422 5274 1482 5336 S.
1519 5274 1811 5350 Stephano
1842 5289 1974 5350 pro-

253 5371 592 5441 tomartyre.
658 5365 741 5426 De
811 5366 871 5427 S.
923 5367 1147 5426 Joanne
1207 5366 1580 5440 evangelista.
1640 5364 1718 5424 De
1771 5365 1973 5424 eodem

247 5455 420 5515 alius.
460 5454 542 5514 De
571 5454 773 5516 eodem
814 5457 1094 5531 hymnus.
1129 5455 1197 5514 In
1239 5454 1566 5531 Epiphania
1608 5454 1862 5514 Domini.
1894 5453 1975 5513 De

250 5543 315 5604 8.
350 5545 666 5606 Benedicto
693 5544 919 5606 abbate.
947 5544 1030 5604 De
1072 5544 1130 5605 8.
1166 5545 1380 5606 Severo
1426 5544 1714 5620 episcopo.
1748 5543 1817 5603 In
1864 5543 1973 5603 Do-

247 5631 472 5693 minica
517 5633 868 5708 palmarum.
920 5633 989 5694 In
1036 5645 1201 5694 coena
1265 5633 1519 5695 Domini.
1567 5632 1635 5694 In
1691 5633 1973 5694 Resurre—

2062 4642 2484 4712 moniaeorum,
2517 4644 2693 4715 atque
2729 4636 3150 4697 Nieolaitarum
3178 4632 3384 4693 haeresi
3419 4630 3644 4690 decreta
3673 4642 3766 4688 re-

2060 4731 2378 4808 pudiarunt
2402 4769 2418 4800 ,
2478 4733 2604 4789 tum
2660 4726 2918 4786 maxime
2973 4721 3456 4790 Mediolauensis;
3510 4723 3577 4779 ut
3605 4730 3767 4808 quas

2053 4805 2177 4898 jam
2218 4818 2441 4896 pridem
2489 4817 2770 4878 Romanas
2823 4814 3098 4875 Ecclesia
3152 4809 3486 4898 auctoritate
3541 4805 3763 4878 relicta,

2057 4912 2358 4988 preeeptis
2413 4909 2544 4983 ejus
2597 4907 3052 4982 haudquaquam
3100 4904 3537 4975 obtemperaret,
3564 4904 3644 4988 et
3681 4904 3768 4956 ta-

2060 4985 2216 5074 men,
2250 4985 2308 5060 si
2361 5012 2479 5074 qua
2529 4996 2644 5058 alia
2695 4999 2842 5058 tetro
2894 4992 3237 5070 hujusmodi
3285 5003 3511 5050 veneno
3556 4985 3769 5047 infecta

2059 5097 2226 5152 esset.
2256 5089 2421 5148 Hanc
2458 5101 2583 5147 rem
2625 5099 2763 5147 eum
2811 5099 2914 5160 per
2950 5099 3012 5143 se
3046 5094 3302 5157 gravem,
3333 5083 3460 5138 tum
3493 5076 3768 5137 Mediola-

2059 5181 2334 5241 nensium
2379 5177 2730 5237 clericorum
2782 5173 3008 5233 nomini
3063 5180 3290 5245 turpem
3337 5184 3463 5230 esse
3496 5167 3772 5229 Artaldus

2057 5269 2302 5329 clericus
2352 5267 2714 5325 decumanus
2763 5267 2940 5336 ratus,
2985 5259 3278 5321 Landulio
3331 5259 3510 5319 Cottas
3565 5255 3770 5333 populi

2060 5358 2331 5434 prastecto
2381 5359 2582 5414 auctor
2632 5351 2762 5425 fuit,
2797 5357 2862 5412 ut
2905 5363 3035 5410 eam
3083 5348 3276 5425 palam
3321 5345 3770 5434 oppugnandam

2058 5431 2486 5524 aggrederetur.
2537 5441 2604 5500 Id
2655 5455 2793 5500 vero
2837 5454 2974 5499 cum
3022 5438 3208 5498 facere
3261 5435 3533 5497 secundis
3571 5431 3770 5508 populi

2060 5537 2304 5599 auribus
2333 5580 2348 5605 ,
2403 5529 2736 5609 animisque
2807 5528 3105 5606 erupisset,
3154 5526 3337 5593 Wido
3385 5525 3770 5600 archiepisco-

2059 5643 2170 5704 pus
2219 5623 2571 5688 contrariam
2629 5626 2848 5699 partem
2909 5620 3205 5696 suscepit,
3262 5618 3461 5680 favore
3514 5614 3772 5674 maxime
