4078 6202
305 280 400 342 191

1214 277 1271 336 S.
1315 273 1607 334 PETRUS
1650 268 2040 331 DAMIANUS
2083 270 2141 330 S.
2184 271 2255 330 Β.
2297 272 2361 340 E.
2405 272 2881 333 GARDINALIS.

3701 277 3797 337 192

302 405 622 464 nobilitatis
641 405 905 465 innixus.
931 403 1134 479 Itaque
1163 419 1253 462 res
1281 417 1468 476 usque
1492 417 1558 460 eo
1583 399 1844 458 infamiae
1872 413 2007 457 mu-
2027 395 2201 459 Ahac
2247 397 2393 456 urbe
2438 397 2784 472 martyrium
2815 403 2900 457 est
2928 412 3234 472 perpessus
3267 418 3279 458 :
3311 404 3366 458 et
3396 398 3709 461 Gervasius
3732 417 3798 460 ac

306 497 420 554 luis
462 495 954 565 altercationibus,
984 494 1311 570 jurgiisque
1357 492 1602 551 deducta
1635 490 1766 562 fuit,
1799 495 1861 548 ut
1912 504 2004 546 sa-

302 586 557 644 cerdotes
605 588 708 661 qui
758 599 973 643 uxores
1002 583 1299 652 haberent,
1335 598 1456 654 prae
1504 581 1722 654 pudore
1775 595 2003 652 separa-

303 678 407 735 tim
459 693 490 734 a
543 675 764 734 caeteris
815 690 936 732 rem
994 672 1256 730 divinam
1308 672 1494 728 facere
1550 673 1890 742 cogerentur
1942 666 2005 724 in

303 769 443 839 loco,
477 769 580 842 qui
632 765 856 825 Pataria
911 762 1140 821 dicitur.
1177 761 1344 819 Unde
1396 760 1573 833 vulgo
1601 777 1634 818 a
1661 759 1858 832 pueris
1897 757 2004 816 Pa-

304 857 475 915 tarini
501 855 573 913 ad
603 852 1019 914 contumeliam
1046 850 1403 909 dicebantur.
1439 849 1591 908 Huic
1624 857 1816 906 autem
1846 846 2005 905 malo

297 947 687 1017 opportunum
724 943 1047 1000 remedium
1080 939 1258 999 Wido
1287 938 1526 1012 cupiens
1551 937 1844 1007 adhibere,
1877 951 2009 994 con-

301 1037 541 1091 ventum
595 1032 994 1105 episcoporum
1042 1043 1280 1087 suorum
1325 1027 1479 1101 apud
1525 1027 1906 1084 Fontanetum
1943 1023 2007 1080 in

297 1139 436 1197 agro
475 1122 817 1182 Novariensi
851 1121 1127 1195 oppidum
1162 1117 1495 1178 convocavit
1530 1137 1542 1175 :
1586 1123 1760 1191 atque
1796 1131 1870 1175 ex
1911 1130 2006 1173 eo-

297 1229 430 1272 rum
459 1211 740 1270 sententia
773 1208 996 1269 clericis
1044 1224 1256 1286 uxores
1288 1209 1515 1280 habere,
1559 1207 1760 1280 inique
1789 1213 2010 1276 tamen,

298 1302 616 1361 constituit.
657 1300 920 1358 Florebat
968 1314 1033 1356 eo
1087 1304 1340 1371 tempore
1382 1297 1696 1366 sanctitate,
1730 1294 2008 1365 doctrina,

299 1406 364 1448 ac
409 1405 600 1448 rerum
651 1388 1034 1463 gerendarum
1082 1385 1285 1460 peritia
1332 1385 1533 1443 Petrus
1584 1382 1849 1442 Damiani
1894 1382 2011 1440 Ra-

295 1494 539 1550 vennas,
571 1477 674 1549 qui
722 1477 900 1536 vitam
954 1474 1307 1533 eremiticam
1354 1474 1645 1548 professus
1700 1473 1764 1530 in
1817 1485 2012 1530 eremo

301 1569 372 1625 ad
426 1567 666 1625 Fontem
717 1564 1068 1622 Avellanum
1109 1563 1330 1636 agebat,
1361 1563 1531 1636 cujus
1569 1577 1802 1635 Operam
1835 1559 2011 1619 ecclev

299 1657 402 1714 sim
432 1654 850 1713 constituendze
884 1653 1211 1727 Stephanus
1239 1652 1507 1711 idoneam
1535 1652 1866 1720 arbitratus,
1898 1649 2012 1708 ini-

2087 485 2402 557 Protasius,
2443 501 2697 560 quorum
2737 495 2933 546 sancta
2971 488 3033 545 in
3080 487 3185 546 hac
3223 488 3366 547 urbe
3415 503 3652 562 corpora
3703 506 3800 549 co-

2087 576 2311 648 luntur,
2336 593 2453 636 non
2479 576 2663 636 alium
2684 594 2859 652 quam
2885 579 3135 638 Paulum
3161 579 3416 638 habuere
3438 581 3799 654 magistrum.

2090 667 2272 726 Divus
2315 667 2586 743 denique,
2616 684 2732 743 quo
2769 685 2873 727 vos
2924 673 3216 743 tantopere
3259 669 3614 743 gloriamini,
3658 672 3802 729 Am-

2089 756 2340 829 brosius,
2372 775 2507 817 cum
2536 759 2953 819 Nicolaitarum
2986 761 3258 819 haeresim
3290 777 3390 835 per
3418 777 3477 819 se
3507 763 3803 836 quondam

2090 861 2346 905 coercere
2384 864 2502 906 non
2553 855 2762 922 posset,
2795 865 2828 907 a
2867 850 3132 909 Romana
3170 849 3425 908 Ecclesia
3462 847 3803 924 praesidium

2091 936 2442 1009 imploravit,
2473 943 2646 1012 atque
2685 947 2798 998 tres
2843 939 2957 998 viri
2995 939 3067 998 ad
3106 939 3284 1012 hujus
3339 941 3550 998 erroris
3599 941 3802 1013 expia-

2095 1025 2309 1083 tionem
2351 1042 2383 1084 a
2416 1026 2640 1100 Syricio
2681 1034 2805 1087 tum
2842 1029 3112 1102 pontifice
3154 1029 3316 1086 missi
3368 1044 3622 1103 praesens
3653 1029 3804 1086 civi-

2094 1114 2193 1172 tati
2232 1115 2527 1175 auxilium
2564 1118 2897 1177 attulerunt.
2933 1119 3336 1190 Quamobrem,
3378 1135 3510 1178 cum
3545 1127 3600 1178 et
3630 1119 3804 1193 primi

2095 1203 2299 1262 salutis
2348 1213 2555 1265 vestras
2603 1215 2884 1278 auctores,
2911 1216 2967 1266 et
3022 1215 3146 1282 post
3195 1208 3442 1267 labentis
3481 1207 3806 1283 disciplinm

2096 1293 2513 1368 emendatores,
2557 1296 2631 1354 ab
2669 1296 2923 1355 Ecclesia
2972 1298 3232 1356 Romana
3285 1296 3622 1370 prodierint,
3665 1296 3804 1370 quid

2098 1387 2184 1441 est
2233 1384 2386 1457 quod
2445 1386 2570 1457 ejus
2621 1387 2862 1445 decretis
2913 1388 3341 1461 obtemperare,
3402 1387 3809 1461 intempestiva

2099 1488 2260 1532 nunc
2279 1476 2664 1549 contumacia,
2684 1477 2992 1535 recusetis?
3013 1477 3238 1548 Quibus
3261 1476 3453 1535 verbis
3472 1483 3808 1550 protervum

2098 1565 2384 1638 populum
2421 1566 2562 1625 adeo
2601 1567 2784 1638 ﬂexit,
2816 1575 2882 1627 ut
2921 1583 2981 1626 se
3014 1568 3085 1626 ad
3125 1567 3322 1626 omnia
3364 1569 3490 1638 ejus
3541 1566 3813 1624 mandata

2100 1660 2364 1727 paratum
2413 1671 2536 1714 esse
2577 1655 2952 1730 responderit.
2995 1656 3327 1727 Quaestione
3381 1655 3517 1713 inde
3572 1653 3812 1712 clerico-

301 1746 378 1804 tio
437 1743 942 1818 Quadragesimas,
1000 1744 1143 1802 urbe
1201 1743 1456 1816 repetita,
1517 1742 1710 1816 ipsum
1768 1739 2233 1817 OstiensiBrum
2277 1744 2560 1816 instituta,
2601 1747 2706 1804 vix
2753 1747 3065 1820 quisquam
3096 1762 3255 1804 unus
3283 1751 3542 1818 repertus
3569 1749 3673 1815 est,
3709 1743 3812 1816 qui

303 1833 558 1893 Ecclesia
590 1833 898 1892 decoravit.

374 1924 520 1982 Cum
574 1922 901 1982 Landulfus
954 1921 1262 1980 Arialdum
1319 1921 1564 1980 Romam
1619 1919 1906 1990 misisset,
1955 1926 2021 1979 ut

300 2029 569 2072 vesanam
629 2011 901 2070 Ecclesiae
952 2009 1397 2069 Mediolanensis
1441 2008 1865 2068 contumaciam
1919 2008 2019 2066 de-

301 2103 496 2174 ferret,
530 2101 827 2176 simulque
857 2107 924 2160 ut
960 2101 1032 2158 ad
1073 2116 1305 2159 causam
1344 2102 1634 2158 hazreseos
1673 2115 2021 2172 cognoscen-

299 2193 433 2250 dam
486 2190 712 2264 judices
763 2189 1103 2264 postularet,
1140 2190 1405 2264 pontifex
1463 2189 1698 2247 Petrum
1752 2187 2021 2246 Damiani

302 2281 634 2355 episcopum
665 2278 987 2338 Ostiensem
1024 2279 1096 2338 ad
1126 2294 1250 2337 eam
1294 2293 1417 2336 rem
1453 2277 1705 2351 legatum
1743 2276 2017 2335 decrevit.

301 2367 543 2427 Interim
583 2368 785 2426 Petrus
832 2367 1096 2426 Damiani
1152 2367 1430 2425 Anselmo
1469 2366 1733 2440 episcopo
1771 2363 2024 2424 Lucensi

305 2462 618 2531 assumpto,
657 2458 878 2530 legatus
927 2456 1318 2514 Mediolanum
1365 2455 1640 2529 perrexit,
1674 2455 1757 2513 ibi
1794 2470 1897 2528 pro
1931 2454 2020 2511 di-

307 2547 525 2619 gnitate
574 2549 855 2618 receptus,
901 2559 1133 2602 causam
1184 2543 1488 2617 legationis
1540 2543 1612 2601 ad
1659 2557 1755 2601 eos
1802 2559 1926 2602 sua;
1959 2542 2022 2600 in

305 2634 580 2694 concione
610 2633 897 2707 exposuit.
930 2633 1012 2691 Ea
1038 2632 1266 2704 cognita
1290 2631 1594 2706 prostridie
1620 2647 1818 2690 rumor
1847 2632 1910 2689 in
1936 2632 2020 2690 ci-

308 2726 482 2784 vitate
535 2743 568 2783 a
620 2725 868 2785 factione
929 2725 1269 2784 clericorum
1350 2725 1631 2783 excitatus
1691 2723 2017 2796 increbuit;

311 2813 758 2873 Ambrosianam
810 2813 1124 2872 Ecclesiam
1163 2814 1416 2888 antiquis
1467 2813 1700 2871 Patrum
1744 2811 2021 2871 institutis

311 2904 576 2974 liberam,
613 2919 720 2962 nec
750 2902 1030 2961 Romanis
1067 2901 1293 2976 legibus
1318 2901 1631 2961 obnoxiam
1660 2917 1803 2972 esse,
1829 2917 2022 2976 neque

312 2993 648 3068 pontificem
688 2993 1019 3062 Romanum
1048 2994 1145 3067 jus
1180 2992 1367 3052 ullum
1395 2993 1458 3050 in
1492 3009 1598 3052 sua
1634 2993 1887 3051 Ecclesia
1924 3009 2019 3052 or-

312 3082 588 3154 dinanda,
625 3089 800 3159 atque
837 3082 1236 3142 constituenda
1275 3081 1507 3140 habere.
1553 3081 1752 3156 Itaque
1790 3080 2019 3141 sublato

311 3173 563 3231 clamore
594 3173 804 3247 raptim
832 3173 1094 3248 undique
1125 3189 1158 3230 a
1185 3171 1680 3232 tumultuantibus
1709 3170 1780 3228 ad
1807 3172 2020 3244 episco-

311 3261 479 3335 pium
535 3261 921 3329 concurritur,
969 3277 1379 3334 campanarum
1440 3261 1700 3334 strepitu,
1743 3274 1811 3315 ac
1863 3272 2017 3332 prte-

312 3351 551 3426 grandis
595 3350 750 3410 tubas
786 3351 1052 3425 clangore
1083 3352 1222 3410 urbs
1251 3358 1360 3410 tota
1389 3350 1730 3425 completur,
1765 3365 1830 3407 ac
1863 3364 2019 3407 mors

316 3439 504 3513 legato
536 3439 608 3498 ab
637 3439 910 3499 omnibus
938 3440 1274 3500 intentatur.
1315 3439 1668 3498 Accenderat
1695 3444 1890 3498 autem
1924 3438 2019 3496 in-

318 3529 495 3588 vidiaz
520 3529 837 3600 ﬂammam,
855 3529 1008 3601 quod
1034 3529 1237 3588 Petrus
1263 3530 1448 3604 pridie
1473 3528 1535 3587 in
1555 3535 1846 3587 conventu
1875 3543 2021 3602 prae-

317 3614 531 3687 sidens,
566 3616 638 3673 ad
677 3615 942 3675 dextram
975 3616 1087 3675 sibi
1126 3617 1470 3676 Anselmum
1506 3617 1839 3691 episcopum
1879 3630 2020 3673 con-

315 3703 594 3776 stituerat,
634 3721 668 3761 a
707 3705 940 3764 sinistra
976 3721 1113 3765 vero
1159 3705 1469 3765 Widonem
1527 3705 2022 3778 archiepiscopum

316 3794 429 3851 sibi
475 3795 726 3852 assidere
774 3795 1092 3854 mandaret.
1149 3795 1446 3868 Perspecta
1503 3811 1639 3852 vero
1681 3793 1878 3866 populi
1915 3807 2023 3850 vo.

312 3881 533 3940 luntate
563 3883 804 3955 legatus,
846 3883 1123 3955 postridie
1161 3890 1469 3941 convocato
1507 3884 1568 3940 in
1610 3879 1890 3956 templum
1919 3897 2022 3956 po-

309 3972 462 4046 pulo,
499 3973 562 4030 in
607 3973 942 4030 concionem
979 3971 1260 4042 ascendit,
1288 3978 1460 4046 atque
1500 3972 1755 4030 tumultu
1791 3971 2021 4029 tandem

310 4064 523 4134 sedato,
567 4064 649 4121 ita
707 4063 1024 4122 disseruit:
1059 4063 1330 4123 Nicolaus
1384 4063 1643 4138 pontifex
1705 4064 2020 4135 maximus,

311 4152 514 4208 fratres
544 4151 895 4220 cbarissimi,
923 4151 1084 4209 misit
1119 4166 1213 4209 me
1249 4152 1321 4209 ad
1353 4167 1472 4221 vos,
1513 4166 1627 4209 non
1659 4159 1725 4210 ut
1749 4151 2023 4211 Ecclesiae

312 4239 480 4297 Rom.
537 4239 745 4297 honori
797 4247 971 4312 atque
1021 4242 1395 4315 amplitudini
1451 4242 1750 4312 servirem,
1801 4242 1899 4300 sed
1959 4248 2026 4301 ut

313 4332 518 4387 vestrae
567 4327 768 4401 gloriae
817 4337 989 4404 atque
1032 4330 1202 4390 saluti
1257 4332 1639 4390 consulerem.
1669 4331 1821 4401 Quid
1867 4330 2024 4389 enim

313 4417 530 4476 honore
587 4418 915 4478 tenuissimi
972 4421 1230 4480 hominis
1285 4422 1547 4480 Romana
1584 4428 1709 4495 eget
1747 4420 2022 4492 Ecclesia,

311 4523 443 4582 quae
490 4506 732 4567 laudum
779 4510 1069 4583 praeconia
1104 4526 1178 4569 ex
1228 4511 1411 4584 ipsius
1453 4527 1552 4570 ore
1585 4517 1670 4571 est
1709 4510 2023 4570 Salvatoris

309 4597 553 4671 adepta?
584 4613 718 4671 qua)
753 4605 949 4658 autem
993 4599 1292 4673 provincia
1324 4600 1387 4659 in
1426 4601 1593 4660 terris
1625 4600 1698 4660 ab
1721 4600 1858 4672 ejus
1902 4599 2021 4657 edi-

317 4687 472 4744 tione
510 4685 690 4745 libera
721 4688 1027 4761 reperitur,
1067 4689 1236 4761 cujus
1265 4690 1504 4748 arbitrio
1551 4689 1746 4762 ipsum
1791 4703 2026 4762 quoque

315 4776 530 4836 coelum
576 4777 852 4850 aperitur,
885 4785 939 4836 et
973 4778 1311 4838 clauditur?
1351 4782 1549 4849 (Math.
1587 4783 1741 4848 XVI.)
1781 4779 1852 4836 Et
1886 4779 2024 4853 qui-

313 4867 466 4938 dem,
507 4869 558 4927 si
597 4877 746 4928 recte
782 4871 1157 4943 attenderitis,
1199 4870 1452 4945 reliquas
1488 4869 1772 4928 Ecclesiae
1807 4870 1881 4928 ab
1919 4871 2025 4929 bo-

316 4957 575 5017 minibus
623 4959 915 5019 institutas
967 4976 1091 5019 esse
1147 4959 1481 5033 reperietis;
1533 4958 1848 5018 Ecclesiam
1888 4975 2026 5018 vero

317 5045 642 5108 Romanam
685 5066 721 5108 a
759 5050 878 5108 Deo
932 5051 1055 5123 ipso
1095 5065 1220 5107 esse
1266 5048 1586 5118 fundatam,
1617 5056 1788 5121 atque
1831 5047 1904 5106 ab
1959 5065 2025 5106 ea

318 5148 452 5192 cum
479 5135 731 5209 reliquas
759 5139 921 5211 alias,
955 5146 1082 5198 tum
1119 5138 1376 5196 maxime
1406 5136 1891 5195 Mediolanensem
1929 5152 2026 5194 or-

326 5226 418 5280 tus
437 5224 532 5281 sui
560 5224 895 5299 primordia,
919 5235 972 5286 et
990 5226 1314 5300 disciplinae
1341 5224 1674 5283 rudimenta
1687 5224 2024 5298 sumpsisse.

323 5311 473 5381 Quid
505 5315 660 5372 enim
681 5317 709 5375 ‘2
737 5316 940 5377 Petrus
975 5327 1031 5377 et
1071 5319 1302 5388 Paulus,
1335 5317 1435 5390 qui
1476 5317 1797 5375 Romanam
1827 5315 2023 5374 Eccle-

322 5400 470 5459 siam
501 5418 607 5461 suo
634 5408 916 5478 sanguine
944 5412 1369 5478 consecrarunt,
1401 5420 1595 5464 nonne
1620 5405 1770 5462 hanc
1794 5420 2029 5479 quoque

315 5505 419 5564 per
471 5489 790 5566 discipulos
841 5509 975 5553 suos
1021 5492 1442 5553 instituerunt?
1478 5494 1624 5552 Nam
1675 5493 1951 5552 Nazarius
1993 5510 2028 5552 a

322 5577 474 5638 Lino
505 5579 654 5640 Petri
689 5581 974 5655 discipulo
1017 5596 1180 5641 sacro
1217 5583 1374 5642 fonte
1408 5581 1665 5652 ablutus,
1695 5597 1923 5640 sacrum
1962 5581 2025 5639 in

2102 1849 2219 1892 non
2247 1840 2346 1892 aut
2370 1834 2604 1893 ordines
2629 1833 2879 1903 emisset,
2908 1840 3008 1892 aut
3044 1834 3350 1892 muliebris
3375 1831 3813 1892 consuetudinis

2101 1924 2382 1996 particeps
2411 1931 2578 1982 esset.
2613 1923 2764 1983 Tum
2795 1922 3036 1996 legatus,
3069 1939 3204 1983 cum
3245 1939 3305 1981 se
3331 1921 3607 1982 omnibus
3644 1919 3814 1977 dam-

2101 2014 2311 2071 nandis
2349 2029 2508 2072 sacra
2547 2012 2744 2072 tollere
2782 2027 2812 2070 e
2850 2013 3100 2085 civitate,
3160 2013 3360 2087 paucis
3420 2008 3812 2078 absolvendis,

2102 2103 2343 2178 reliquis
2380 2119 2441 2161 se
2474 2102 2755 2175 injuriam
2790 2103 2994 2172 facere,
3041 2117 3175 2162 cum
3210 2117 3314 2176 par
3340 2101 3606 2160 omnium
3642 2113 3816 2157 causa

2104 2199 2273 2264 esset,
2307 2192 2814 2262 animadverteret,
2843 2199 3142 2267 propterea
3179 2190 3454 2249 omnibus
3487 2205 3548 2247 se
3577 2186 3815 2246 veniam

2101 2283 2377 2340 daturum
2411 2282 2678 2353 ostendit,
2715 2281 2762 2340 si
2801 2298 2861 2340 se
2899 2286 3275 2350 sacramento,
3315 2296 3383 2339 ac
3438 2279 3668 2354 piaculo
3706 2277 3816 2336 ob-

2104 2373 2497 2443 strinxissent,
2554 2387 2614 2430 se
2665 2371 2728 2429 in
2779 2378 3072 2445 posterum
3121 2371 3194 2429 ab
3251 2369 3538 2445 ejusmodi
3579 2367 3817 2440 ﬂagitiis

2108 2467 2536 2536 temperaturos.
2573 2459 3010 2520 Sacramentum
3040 2467 3237 2520 autem
3275 2459 3388 2519 fuit
3419 2457 3647 2530 triplex.
3682 2454 3820 2512 Pri-

2103 2568 2269 2612 mum
2319 2551 2786 2626 archiepiscopus
2843 2551 2920 2610 ita
2958 2548 3536 2626 juravit:Conﬁteor
3588 2559 3816 2603 morem

2103 2639 2163 2697 in
2205 2637 2458 2696 Ecclesia
2493 2637 2824 2707 inolevisse,
2881 2642 2946 2694 ut
2993 2635 3331 2709 quicunque
3385 2629 3682 2692 clericales
3719 2643 3816 2685 or-

2102 2726 2267 2785 dines
2295 2726 2592 2799 acciperet,
2622 2725 3070 2785 subdiaconatus
3112 2722 3349 2782 nomine
3376 2735 3652 2781 nummos
3677 2717 3821 2775 duo-

2101 2815 2308 2885 decim,
2353 2815 2692 2874 diaconatus
2742 2813 3078 2883 octodecim,
3119 2811 3549 2886 presbyteratus
3608 2806 3819 2879 viginti

2102 2910 2354 2975 quatuor
2377 2903 2667 2977 penderet.
2695 2903 2895 2976 Itaque
2929 2907 3212 2975 praesente
3251 2897 3317 2958 D.
3349 2897 3536 2968 Petro,
3565 2894 3819 2956 Ostiensi

2101 2993 2387 3067 episcopo,
2426 2993 2608 3067 legato
2649 2991 2890 3050 'Nicolai
2933 2995 3095 3064 pont.
3132 2996 3188 3048 et
3227 2988 3296 3047 D.
3343 2986 3642 3056 Anselmo,
3694 2984 3818 3041 Lu-

2038 3083 2258 3184 ccensi
2301 3081 2586 3156 episcopo,
2625 3087 2682 3139 et
2718 3079 2992 3139 omnibus
3029 3077 3214 3148 vobis,
3254 3076 3488 3148 damno,
3531 3089 3598 3132 ac
3654 3071 3819 3184 dete-

2105 3178 2222 3231 stor
2261 3187 2495 3231 omnem
2536 3170 2913 3231 simoniacam
2947 3168 3244 3238 haeresim,
3287 3182 3352 3225 ac
3395 3181 3509 3236 me,
3560 3170 3617 3222 et
3646 3161 3818 3220 cleri-

2103 3278 2220 3332 cos,
2248 3269 2304 3320 et
2342 3275 2696 3320 successores
2729 3274 2908 3330 meos,
2950 3258 3202 3332 spondeo
3240 3253 3388 3313 nihil
3419 3255 3480 3311 in
3521 3257 3820 3325 posterum

2105 3356 2429 3411 exacturos.
2483 3348 2899 3408 Nicolaitarum
2976 3360 3213 3420 quoque
3282 3340 3550 3402 haeresim
3611 3338 3820 3396 eadem

2070 3468 2077 3475 ι·
2108 3442 2328 3500 ratione
2380 3439 2721 3506 condemno,
2780 3441 2834 3494 et
2886 3436 3266 3510 presbyteros,
3319 3429 3614 3498 diaconos,
3673 3426 3819 3484 sub-

2107 3533 2492 3604 diaconosque
2531 3528 2605 3587 ab
2641 3542 2897 3586 uxorum
2925 3532 2982 3583 et
3019 3523 3481 3583 concubinarum
3525 3515 3819 3588 societate,

2106 3621 2296 3697 quoad
2339 3628 2553 3696 potero,
2602 3617 3018 3694 propulsurum
3055 3615 3340 3691 promitto.
3376 3609 3518 3670 lnde
3557 3615 3689 3668 ante
3723 3608 3819 3665 al-

2109 3717 2229 3770 tare
2263 3726 2457 3771 coram
2493 3710 2757 3785 episcopo
2787 3708 3039 3769 Lucensi
3076 3706 3226 3764 dixit
3255 3724 3269 3764 :
3312 3703 3375 3763 Si
3413 3702 3506 3761 his
3534 3699 3818 3765 defecero,

2108 3808 2235 3859 tum
2261 3815 2352 3857 me
2376 3799 2546 3868 Deus,
2579 3805 2634 3856 et
2656 3798 2778 3856 divi
2814 3798 3042 3871 piorum
3074 3791 3487 3855 communione
3521 3788 3816 3862 dejiciant.

2109 3888 2402 3948 Postremo
2453 3887 2742 3946 Arnulfus
2796 3901 2975 3960 nepos
3028 3885 3174 3960 ejus,
3229 3882 3475 3941 clericus
3526 3891 3660 3937 cum
3697 3888 3820 3933 una

2110 3994 2290 4040 manu
2329 3993 2570 4037 manum
2609 3977 3023 4051 archiepiscopi
3069 3981 3306 4045 teneret,
3349 3971 3528 4031 altera
3586 3980 3819 4025 sacrum

2111 4069 2412 4143 Evangelii
2445 4067 2700 4128 codicem
2733 4073 3009 4141 tangeret,
3034 4065 3112 4122 ita
3137 4064 3358 4122 locutus
3380 4066 3499 4119 est:
3530 4054 3822 4143 Dominus

2112 4141 2305 4215 Wido'
2321 4156 2810 4231 archiepiscopus,
2849 4153 3002 4229 quod
3035 4151 3297 4226 promisit
3324 4149 3395 4206 de
3424 4145 3678 4205 castitate
3711 4141 3824 4200 cle-

2113 4247 2362 4305 ricorum
2387 4291 2403 4315 ,
2463 4245 2791 4304 observabit
2843 4267 2855 4300 :
2910 4255 3100 4314 neque
3153 4236 3509 4298 consecrabit
3561 4232 3821 4304 aliquem

2112 4343 2322 4409 praeter
2367 4334 2704 4405 monachos,
2735 4348 2912 4406 quem
2962 4329 3257 4404 superiore
3302 4321 3662 4384 sacramento
3699 4333 3818 4377 non

2111 4425 2344 4499 obliget.
2377 4424 2592 4482 Eadem
2632 4421 2825 4482 clerici
2852 4423 3144 4496 jurarunt.
3195 4417 3301 4476 His
3337 4414 3496 4484 actis,
3528 4409 3822 4499 archiepif

2109 4497 2315 4588 scopus
2367 4529 2427 4572 se
2480 4513 2717 4587 projecit
2762 4512 2826 4569 in
2879 4517 3110 4580 terram,
3140 4513 3310 4582 atque
3357 4501 3654 4579 piaculum
3703 4497 3821 4588 sibi

2109 4587 2340 4680 injungi
2374 4605 2570 4676 jussit,
2602 4601 2740 4676 quia
2788 4598 3059 4674 quamvis
3109 4611 3176 4654 ea
3225 4595 3346 4668 ipSe
3388 4594 3450 4650 in
3502 4587 3822 4648 Ecclesiam

2107 4694 2316 4768 probra
2355 4708 2476 4750 non
2501 4691 2841 4760 invexisset,
2871 4695 3065 4745 tamen
3094 4699 3228 4744 cum
3259 4689 3466 4758 posset,
3497 4695 3571 4768 ex
3601 4693 3668 4736 ea
3699 4690 3823 4768 non

2113 4766 2464 4841 sustulisset.
2507 4780 2760 4852 Legatus
2787 4782 3023 4836 centum
3050 4788 3338 4833 annorum
3375 4767 3676 4845 piaculum
3705 4766 3820 4822 im-

2110 4858 2322 4946 posuit,
2376 4869 2555 4944 idque
2593 4867 2799 4925 redimi
2830 4881 2997 4939 posse
3034 4873 3187 4923 certa
3223 4863 3288 4920 in
3327 4860 3588 4933 singulos
3635 4869 3825 4946 annos

2116 4941 2302 5017 soluta
2339 4941 2607 5030 pecunia,
2643 4954 2846 5014 voluit.
2885 4952 3091 5011 Clerici
3131 4950 3378 5010 diversis
3410 4948 3474 5006 in
3513 4947 3633 5004 vita
3663 4941 3824 5016 jeju-

2113 5046 2231 5105 niis
2258 5045 2516 5122 obligati.
2553 5043 3039 5117 Archiepiscopus
3072 5041 3210 5100 inde
3247 5037 3583 5098 concionem
3621 5045 3827 5090 ascen-

2111 5136 2216 5207 dit,
2268 5150 2353 5205 ac,
2405 5141 2690 5208 praesente
2743 5131 2896 5192 clero
2950 5139 3007 5190 et
3051 5125 3597 5205 populo,,clericum
3647 5135 3830 5208 suum

2107 5227 2304 5299 jurare
2323 5207 2520 5297 jussit,
2561 5238 2621 5280 se
2651 5222 2756 5279 has
2783 5220 2929 5280 duas
2955 5221 3207 5278 haareses
3233 5230 3336 5290 pro
3369 5211 3596 5270 viribus
3617 5207 3831 5299 exstir-

2112 5295 2406 5388 paturum.
2440 5312 2776 5385 Eodemque
2807 5326 2868 5369 se
2900 5305 3281 5384 jurejurando
3316 5300 3567 5376 populus
3599 5295 3825 5388 obliga-

2112 5385 2214 5460 vit.
2259 5401 2494 5462 Clericis
2532 5409 2820 5476 postremo
2854 5397 3098 5473 pristina
3139 5399 3498 5459 ornamenta,
3554 5385 3827 5447 litteratis

2112 5491 2308 5562 etiam,
2339 5499 2394 5550 et
2441 5494 2613 5550 castis
2647 5489 2904 5549 oiﬁcium
2946 5486 3256 5544 redditum.
3289 5482 3521 5556 Reliqui
3551 5476 3829 5536 Ecclesiae

2116 5587 2341 5640 tantum
2395 5580 2682 5650 associati,
2721 5574 3188 5649 archiepiscopus
3226 5573 3422 5642 etiam,
3453 5585 3552 5627 eos
3584 5584 3644 5625 se
3683 5563 3829 5621 reli-
