4078 6202
244 311 344 368 193
937 307 1511 368 PROLEGOMENA.
1556 340 1621 350 —-
1663 307 2126 368 TESTIMONIA
2164 313 2261 368 DE
2304 311 2362 369 S.
2407 309 2648 369 I’ETRO
2689 311 3052 372 DAMIANO.
3647 313 3748 373 194

224 438 424 512 gionis
477 435 682 510 gratia,
742 435 990 493 Romam
1037 440 1135 492 aut
1175 434 1482 494 Turonum
1538 435 2157 500 missuros:seAnati
2207 434 2620 510 archiepisc0pi
2679 439 3018 512 contagione
3071 438 3428 510 corruptum,
3486 449 3744 510 eumque

227 543 372 587 vero
406 525 478 584 ad
522 523 580 584 S.
621 523 901 583 Iacobum
931 523 991 581 in
1024 523 1370 596 Hispaniam
1402 521 1624 583 iturum
1662 523 1953 598 promisit.
2038 525 2374 582 damnatum
2404 524 2465 582 in
2489 528 2734 598 gratiam
2766 526 3037 584 Ecclesiw
3077 525 3306 599 recepit,
3351 542 3417 583 ac
3452 531 3742 586 contracto

227 617 374 675 Haec
395 615 598 672 Petrus
621 613 746 687 ipse
772 629 832 671 se
858 611 1172 671 Mediolani
1210 612 1465 685 legatum
1497 611 1684 686 egisse
1708 612 1952 686 scripsit.
2037 612 2267 686 piaculo
2296 614 2630 672 auctoritate
2658 615 2950 689 pontificia
2981 615 3262 674 liberavit.
3296 616 3433 673 Mox
3462 615 3744 674 Ravenna

309 703 574 763 Profecto
619 701 756 760 inde
803 703 1014 775 legato,
1067 701 1535 774 archiepiscopus
1576 701 1796 776 asperis
1841 703 1959 759 cle-

235 794 495 853 ricorum
535 807 773 851 suorum
822 791 1107 868 conviciis
1141 789 1446 862 laceratus,
1483 791 1640 866 quod
1681 791 1958 849 Mediola-

237 881 442 940 nensis
485 880 812 940 libertatem
856 879 1129 937 Ecclesiae
1165 878 1531 952 prodidisset,
1571 879 1634 936 in
1675 877 1960 938 sententia

235 973 516 1032 castitatis
544 987 659 1030 non
684 969 952 1045 perstitit,
978 969 1076 1028 sed
1102 969 1460 1044 promiscuos
1485 969 1802 1029 mulierum
1831 985 1961 1028 con-

235 1062 476 1122 cubitus
501 1062 728 1120 annuit.
769 1061 968 1134 Itaque
995 1059 1262 1134 sequenti
1286 1075 1461 1131 anno,
1496 1060 1598 1135 qui
1627 1059 1737 1119 fuit
1766 1060 1958 1118 mille-

234 1153 430 1212 simus
495 1151 915 1224 sexagesimus,
972 1149 1386 1208 Arlembaldus
1439 1148 1600 1209 Cotta
1651 1151 1714 1209 in
1766 1151 1959 1210 locum

235 1240 514 1300 Landulfi
544 1241 735 1299 fratris
765 1240 978 1299 mortui
1002 1239 1321 1312 sublectus,
1351 1241 1551 1299 eodem
1582 1240 1817 1300 Arialdo
1844 1242 1959 1300 im-

235 1329 510 1402 pellente,
544 1344 778 1387 causam
813 1329 1260 1387 intermortuam
1284 1328 1596 1387 excitavit:
1622 1339 1795 1405 atque
1825 1347 1956 1402 gra-

233 1418 414 1476 vibus
445 1417 798 1476 tumultibus
825 1417 884 1475 in
923 1416 1067 1475 urbe
1099 1416 1449 1488 miscendis;
1482 1419 1656 1477 etiam
1685 1436 1757 1477 ne
1781 1419 1960 1479 abbas

235 1506 298 1565 S.
331 1506 483 1565 Celsi
511 1507 585 1565 ab
609 1506 1039 1580 archiepiscopo
1063 1513 1407 1574 sacraretur,
1439 1505 1718 1566 inhibuit.
1753 1508 1956 1582 Itaque

235 1595 447 1654 Petrus
477 1594 745 1653 Damiani
775 1594 847 1652 ad
890 1609 987 1652 eos
1015 1595 1166 1652 hanc
1205 1597 1506 1669 epistolam
1541 1599 1730 1656 misit:
1758 1599 1958 1658 Petrus

238 1687 530 1756 Damiani,
563 1693 670 1744 etc.
707 1685 842 1743 hab.
877 1701 1004 1744 eam
1037 1684 1136 1743 lib.
1168 1695 1229 1754 v,
1262 1685 1428 1758 epist.
1460 1686 1552 1745 84.

2037 699 2346 774 digressus,
2378 717 2515 760 cum
2545 702 2877 761 Faventiam
2916 705 3291 778 pervenisset,
3327 701 3473 760 febri
3506 718 3743 776 oppres-

2038 806 2137 850 sus
2168 791 2406 848 interiit.
2449 790 2569 862 Vir,
2610 798 2664 850 et
2709 793 3022 862 sanctitate,
3068 799 3124 851 et
3161 793 3441 866 sapientia
3481 808 3583 866 per
3615 792 3743 850 haec

2039 885 2293 952 tempora
2323 878 2531 937 clarus.
2565 878 2696 938 Post
2724 886 2962 938 mortem
2993 879 3293 940 miraculis
3324 879 3607 954 inclytum
3638 895 3744 953 pro

2037 967 2173 1027 divo
2195 969 2461 1028 homines
2484 967 2836 1027 habuerunt.

2803 1055 2982 1113 XXV.

2037 1141 2228 1194 Petrus
2299 1138 2625 1196 Ricardatus
2697 1139 2811 1203 (an.
2874 1137 3048 1205 1578),
3130 1140 3332 1193 Tuscus
3395 1138 3737 1208 Bojanensis,

2075 1211 2367 1266 monachus
2401 1226 2646 1278 congreg.
2691 1210 2872 1266 Casia.
2915 1208 3096 1263 diaria
3125 1208 3158 1264 4
3185 1212 3330 1265 Hist.
3368 1214 3702 1270 monasticae.

2108 1299 2191 1356 De
2231 1299 2395 1357 Petro
2435 1297 2723 1368 Damiani,
2779 1304 2902 1354 tum
2947 1295 3224 1366 doctrina,
3281 1303 3404 1356 tum
3447 1299 3746 1357 sanctitate

2039 1389 2258 1461 insigni
2288 1389 2464 1447 verba
2505 1388 2796 1458 facientes,
2829 1387 3078 1446 dicimus
3105 1387 3282 1446 fuisse
3321 1387 3742 1461 Ravennatem,

2039 1488 2094 1540 et
2126 1480 2460 1538 monasterii
2498 1479 2558 1538 S.
2592 1478 2792 1536 Mariae
2824 1494 2856 1535 a
2899 1478 3175 1536 Faventia
3215 1480 3592 1536 monachum.
3631 1477 3784 1548 Qui-

2038 1571 2112 1629 ob
2156 1585 2290 1628 suas
2330 1568 2630 1642 praeclaras
2659 1569 2901 1627 virtutes
2935 1584 2968 1624 a
3001 1566 3290 1640 Stephano
3329 1567 3409 1624 IX
3443 1568 3748 1641 episcopus

2039 1659 2317 1720 Ostiensis
2364 1667 2420 1717 et
2482 1658 2539 1718 S.
2603 1659 2671 1717 R.
2723 1659 2788 1716 Ε.
2839 1657 2992 1715 card.
3053 1661 3298 1726 creatus,
3354 1656 3454 1713 tali
3507 1671 3752 1716 munere

308 1775 468 1834 Idem
504 1744 814 1847 (Henricus
852 1774 934 1832 IIl
979 1774 1140 1847 imp.)
1170 1744 1341 1832 malis
1377 1774 1735 1844 suasoribus,
1768 1775 1955 1849 inpri-
1979 1747 2767 1858 B99f“ng“i‘ILteﬂl’9I3
2806 1744 3586 1858 fgifi‘ﬂﬂfiéif’$29383?
3615 1750 3747 1858 νξῇλ

239 1865 471 1938 misque
499 1863 832 1934 Adelberto,
872 1863 1176 1921 Bremensi
1217 1864 1666 1938 archiepiscopo,
1703 1864 1952 1938 deditus,

236 1955 472 2014 nullum
511 1971 647 2028 erga
697 1953 990 2025 homines,
1024 1953 1327 2028 Deumque
1351 1953 1634 2023 avaritize,
1668 1953 1954 2026 libidinis,

233 2051 414 2119 atque
447 2042 778 2101 insolentiae
805 2057 991 2115 genus
1025 2041 1311 2101 omittere.
1345 2042 1490 2100 Nam
1536 2050 1592 2100 et
1632 2041 1783 2115 plebi
1815 2059 1954 2101 con-

235 2141 322 2193 tra
381 2133 632 2203 nobiles,
679 2132 1092 2207 principesque
1137 2133 1391 2206 studere,
1435 2140 1609 2210 atque
1651 2134 1847 2192 omnia
1895 2132 1954 2192 vi

237 2223 447 2297 magis,
487 2237 663 2295 quam
703 2221 834 2294 jure
871 2237 1061 2294 agere,
1091 2229 1146 2280 et
1171 2222 1553 2295 episc0patus,
1582 2221 1954 2296 abbatiasque

235 2311 429 2384 palam
476 2311 747 2381 vendere,
787 2316 843 2369 et
889 2311 1082 2384 opima
1124 2311 1249 2384 ipsa
1284 2311 1703 2369 monachorum
1736 2311 1955 2383 praedia

233 2400 612 2460 sectatoribus
637 2400 762 2458 suis
786 2399 938 2473 turpi
965 2399 1272 2472 largitione
1295 2399 1563 2458 tribuere.
1597 2399 1753 2469 Quin
1779 2399 1953 2457 etiam

232 2507 369 2548 cum
398 2491 649 2563 conjuge
687 2487 916 2558 Bertha,
948 2487 1191 2546 Othonis
1223 2487 1576 2546 marchionis
1608 2488 1750 2558 ﬁlia,
1785 2490 1953 2560 cujus

233 2577 410 2651 paulo
435 2585 572 2636 ante
601 2576 713 2635 sibi
740 2579 1044 2650 desponsae
1065 2577 1186 2650 jam
1217 2577 1444 2635 satietas
1477 2583 1723 2650 ceperat,
1755 2576 1952 2635 divor-

232 2667 382 2726 tium
424 2666 612 2725 facere
652 2667 913 2740 cupiens,
954 2665 1369 2740 Moguntinum
1408 2665 1722 2723 antistitem
1751 2665 1825 2723 ad
1855 2665 1950 2723 in-

227 2756 546 2814 dicendum
578 2771 754 2829 super
783 2772 849 2813 ea
876 2771 936 2813 re
957 2754 1274 2828 Moguntize
1299 2761 1655 2814 conventum
1689 2754 1950 2813 induxit.

2041 1837 2200 1896 Inter
2234 1852 2320 1906 ea,
2360 1852 2492 1911 quae
2535 1835 2607 1892 de
2643 1835 2768 1907 ipso
2806 1835 2953 1893 scitu
2981 1832 3157 1906 digna
3184 1831 3249 1890 in
3276 1832 3586 1906 Hirsaugia
3615 1833 3748 1891 Tri-

2041 1926 2241 1985 themii
2273 1925 2534 1996 invenio,
2556 1923 2768 1996 legitur
2788 1925 2964 1996 quod,
2991 1923 3204 1981 missus
3225 1922 3298 1980 ab
3326 1922 3664 1980 Alexandro
3692 1920 3748 1980 II

2039 2016 2112 2074 ad
2143 2013 2467 2074 Henricum
2497 2013 2718 2086 legatus
2748 2012 3128 2082 Francofurti,
3158 2026 3350 2070 coram
3381 2011 3749 2085 magnatibus

2038 2115 2094 2166 et
2139 2107 2500 2182 principibus
2547 2105 2779 2178 imperii
2814 2121 3044 2164 summa
3089 2105 3427 2164 auctoritate
3464 2111 3519 2162 et
3557 2103 3747 2161 scien-

2040 2199 2120 2257 tia
2176 2199 2515 2257 universam
2578 2195 2880 2268 legationis
2939 2195 3147 2253 seriem
3217 2195 3338 2267 regi
3400 2192 3744 2252 insinuavit.

2039 2288 2252 2362 Captus
2312 2287 2521 2345 deinde
2580 2302 2776 2344 amore
2835 2284 3186 2355 solitudinis,
3249 2283 3461 2342 talibus
3521 2297 3582 2340 se
3641 2296 3747 2338 ne-

2041 2376 2212 2452 gotiis
2260 2375 2577 2446 extricavit,
2632 2381 2803 2449 atque
2849 2375 3179 2449 episcopatu
3227 2388 3288 2431 se
3329 2372 3622 2443 abdicans,
3673 2373 3745 2430 ad

2044 2465 2461 2526 monasterium
2499 2464 2558 2523 S.
2593 2463 2792 2522 Crucis
2821 2467 2894 2522 ab
2918 2462 3197 2520 Avellana
3235 2477 3409 2534 supra
3457 2476 3745 2519 memora-

2045 2560 2166 2614 tum
2219 2571 2280 2613 se
2319 2553 2578 2612 contulit.
2637 2554 2795 2612 Jacet
2839 2560 3033 2611 autem
3080 2551 3186 2608 hoc
3226 2550 3643 2608 monasterium
3685 2549 3742 2606 iu

2045 2643 2340 2702 montibus
2378 2650 2556 2702 status
2589 2643 2900 2713 Urbinatis,
2945 2642 3048 2701 ubi
3079 2648 3272 2701 noster
3301 2647 3465 2715 poeta
3510 2642 3743 2711 Dantes,

2043 2736 2299 2794 solitaria
2351 2734 2452 2792 illa
2514 2735 2748 2805 regione
2801 2734 3134 2804 delectatus,
3198 2731 3300 2790 diu
3370 2730 3748 2790 commoravit

228 2846 398 2915 Quod
432 2845 536 2904 ubi
565 2826 832 2918 cognovit
866 2826 1220 2914 Alexander,
1251 2844 1486 2902 Petrum
1507 2842 1774 2901 Damiani
1805 2843 1954 2915 lega-
2025 2826 2362 2918 ,ξηεικίηξειη
2409 2839 2648 2883 suorum
2694 2839 2946 2918 0P9m_m_
2971 2831 3191 2918 Parte?
3229 2836 3602 2918 οοωβοβεῖηεν
3643 2835 3748 2918 09‘

231 2909 358 2992 tum
388 2934 452 2990 in
483 2909 858 2992 Germaniam
890 2934 960 2990 ad
991 2948 1118 2990 eam
1155 2909 1275 2990 rem
1309 2932 1740 3006 impediendam
1773 2909 1950 2990 misit.
2035 2914 2132 3006 Ius
2177 2915 2260 2973 rei
2303 2915 2538 3006 Signum
2580 2929 2770 3006 ιιείιιξθ
2786 2913 2888 3006 -ἱιά
2933 2913 3083 3006 hanc
3106 2911 3513 3006 ﬂlemf’fsmt
3559 2909 3746 3006 (ξιξοά-

232 3019 290 3077 Is
351 3021 622 3092 sequenti
674 3034 830 3078 anno
895 3021 1184 3094 profectus
1228 2998 1623 3092 Moguntium,
1675 3017 1954 3075 intentato

2100 3021 2175 3062 tm
2223 3005 2522 3078 spelaeum,
2576 3003 2727 3078 quod
2786 3002 2986 3060 Dantis
3031 3000 3222 3060 cubile
3279 3000 3509 3058 dicitur.
3576 2998 3750 3094 IIunc

229 3108 473 3167 acrioris
496 3107 1016 3167 animadversionis
1043 3107 1327 3181 periculo,
1353 3107 1426 3165 ab
1466 3105 1731 3165 habendo
1760 3104 1954 3163 conci-

2042 3091 2233 3151 locum
2270 3101 2435 3166 poeta
2479 3093 2534 3149 in
2575 3108 2679 3151 suo
2709 3092 2978 3151 Paradiso
3022 3091 3320 3163 descripsit
3354 3090 3426 3146 iis
3458 3087 3744 3158 versibus,

233 3197 314 3256 lio
337 3197 650 3257 revocavit.
683 3198 935 3256 Henrico
959 3157 1096 3257 vero
1120 3157 1529 3267 Francfordiae,
1558 3210 1673 3271 quo
1700 3195 1802 3253 ille
1826 3209 1956 3252 oon-
1975 3157 2020 3218 Ο
2039 3196 2184 3257 quos
2231 3188 2404 3241 απ]ίο
2457 3194 2568 3240 XXI
2618 3181 2904 3240 dicentem
2959 3181 3150 3254 ipsum
3179 3221 3183 3225 ε
3222 3178 3354 3237 Ρθίτ
3356 3193 3455 3236 11m
3522 3176 3750 3235 induc”

234 3296 480 3349 ventum
510 3290 815 3359 acciverat,
845 3289 1116 3348 mandata
1146 3289 1437 3362 pontificis
1463 3288 1524 3347 in
1557 3289 1709 3346 hanc
1735 3294 1958 3346 senten-

236 3379 375 3438 tiam
412 3379 618 3451 edidit,
660 3395 781 3438 rem
816 3380 1150 3453 pessimam,
1183 3385 1239 3436 et
1261 3394 1294 3436 a
1324 3377 1563 3437 nomine
1603 3377 1952 3447 Christiano,

235 3475 456 3532 nedum
508 3471 686 3546 regio,
739 3470 988 3529 alienam
1043 3486 1190 3535 esse,
1244 3485 1424 3543 quam
1473 3469 1574 3528 ille
1627 3470 1951 3530 moliretur.

235 3561 399 3631 Quod
430 3561 482 3619 si
511 3559 811 3628 humanis,
844 3565 946 3617 aut
971 3558 1190 3616 divinis
1221 3557 1450 3631 legibus
1475 3573 1594 3616 non
1624 3564 1952 3631 terreretur,

235 3660 292 3709 at
321 3651 527 3709 saltem
568 3647 739 3706 famae
772 3657 829 3706 et
866 3647 1316 3706 existimationis
1359 3662 1485 3705 sum
1525 3646 1809 3705 rationem
1847 3648 1953 3704 ha-

238 3740 420 3808 beret,
457 3751 534 3794 ne
577 3743 691 3795 tam
731 3742 872 3794 tetro
900 3752 1126 3795 veneno
1161 3753 1196 3793 a
1234 3751 1366 3807 rege
1409 3740 1723 3808 temperato
1769 3742 1954 3795 totum

241 3829 526 3904 populum
555 3827 949 3888 Christianum
973 3829 1263 3899 inliceret;
1294 3834 1351 3884 et
1377 3827 1484 3902 qui
1512 3827 1726 3900 ﬂagitia
1751 3827 1954 3886 ulcisci

238 3919 494 3986 deberet,
535 3917 607 3976 iis
644 3933 705 3975 se
751 3917 1019 3990 princeps
1070 3916 1472 3990 obstringeret.
1531 3915 1693 3985 Quod
1740 3917 1790 3975 si
1837 3932 1953 3974 non

237 4009 568 4065 necteretur
620 4004 900 4076 consiliis,
959 4021 1064 4079 pro
1121 4010 1274 4064 certo
1330 4005 1567 4063 haberet
1619 4004 1954 4078 pontificem

239 4099 365 4156 vim
416 4096 860 4155 ecclesiasticam
911 4096 1338 4164 adhibiturum,
1397 4112 1588 4171 neque
1645 4113 1780 4156 cum
1829 4097 1954 4156 suis

238 4190 515 4248 manibus
541 4191 946 4264 imperatorem
984 4190 1302 4264 aliquando
1338 4198 1719 4250 saeraturum.
1761 4192 1954 4265 Hujus

234 4283 561 4342 orationem
613 4282 936 4341 subsecutae
982 4289 1121 4340 sunt
1178 4282 1314 4340 inde
1366 4299 1570 4355 graves
1618 4283 1951 4357 principum

234 4372 344 4445 qui
382 4371 621 4429 aderant
665 4386 853 4442 voces,
890 4387 1058 4445 aequa
1090 4370 1298 4444 jubere
1343 4370 1674 4430 Romanum
1719 4373 1951 4446 pontifi-

235 4477 388 4519 cem.
437 4459 522 4518 Ne
559 4476 660 4534 per
698 4459 884 4518 Deum
923 4459 1181 4518 nominis
1228 4460 1371 4533 regii
1425 4462 1785 4535 majestatem
1837 4469 1951 4520 tam

237 4551 430 4624 turpis
468 4550 600 4608 facti
632 4551 758 4609 labe
795 4551 1260 4622 commacularet,
1305 4568 1451 4610 neve
1489 4553 1824 4626 parentibus
1862 4569 1951 4611 re-

232 4641 396 4712 gina:
440 4655 673 4698 causam
708 4640 1044 4698 defectionis
1082 4647 1138 4698 et
1161 4641 1378 4715 justam
1421 4642 1724 4700 turbandze
1758 4643 1954 4716 reipu—

233 4727 407 4786 blicze
482 4728 835 4787 occasionem
901 4729 1218 4802 praeberet;
1269 4730 1406 4805 qui,
1469 4731 1518 4788 si
1568 4731 1681 4788 viri
1739 4738 1948 4803 essent,

224 4832 366 4874 cum
395 4815 575 4873 armis
600 4816 854 4890 virisque
883 4816 1205 4891 plurimum
1231 4824 1482 4890 possent,
1512 4824 1623 4876 tam
1657 4817 1948 4893 insignem

227 4904 376 4961 tiliae
400 4919 522 4962 suae
556 4906 965 4964 contumeliam
997 4906 1123 4965 sine
1160 4907 1340 4966 dubio
1372 4906 1587 4979 insigni
1624 4906 1822 4981 aliquo
1863 4909 1951 4965 fa-

222 4992 428 5051 cinore
474 4993 764 5066 expiaturi
807 5001 1017 5054 essent.
1073 4993 1296 5064 Quibus
1353 4994 1682 5054 rationibus
1736 4996 1953 5055 fractus

225 5083 418 5156 magis
448 5099 624 5156 quam
653 5084 908 5144 inﬂexus
929 5085 1239 5156 Henricus,
1272 5101 1333 5144 se
1359 5085 1420 5143 in
1442 5086 1738 5160 pontiﬁcis
1761 5092 1952 5146 aucto-

224 5171 395 5229 ritate
425 5171 697 5230 futurum
728 5171 900 5230 dixit.

295 5261 386 5319 Eo
414 5277 552 5320 vero
577 5279 733 5322 anno
761 5264 864 5338 qui
895 5264 1195 5325 insecutus
1231 5270 1337 5338 est,
1379 5279 1590 5338 nempe
1622 5264 1774 5336 1080,
1808 5264 1955 5324 Gre-

224 5352 433 5425 gorius
483 5353 670 5423 (Greg.
723 5357 845 5425 VII)
900 5370 1034 5413 cum
1083 5355 1408 5416 Gilbertum
1455 5355 1953 5428 archiepiscopum

229 5444 515 5503 Ravenna
543 5444 867 5517 profectum
902 5446 1178 5517 audisset,
1222 5446 1458 5506 Petrum
1496 5444 1786 5515 Damiani,
1821 5444 1955 5504 licet

229 5540 400 5592 aetate
427 5533 780 5604 confectum,
811 5533 1150 5593 Ravennam
1178 5536 1434 5608 legatum
1468 5534 1647 5594 misit.
1682 5534 1790 5593 Ille
1817 5550 1951 5608 pro-

230 5623 418 5683 fectus
457 5638 523 5682 ac
563 5623 805 5683 comiter
831 5641 864 5683 a
891 5625 1121 5685 civitate
1155 5631 1440 5699 acceptus,
1483 5624 1764 5699 populum
1796 5623 1954 5683 dam-

2036 3271 2306 3331 videlicet
2332 3291 2346 3330 :

2221 3361 2323 3411 Tra
2357 3360 2457 3410 due
2489 3359 2564 3409 liti
2595 3359 2795 3410 d'Italia
2828 3373 3018 3411 sumen
3046 3360 3177 3408 cassi

2242 3375 2323 3411 t'ra
2357 3375 2457 3410 due
2489 3375 2564 3409 uu
2595 3375 2795 3410 auaua
2828 3375 2918 3410 sur
2955 3375 3018 3408 on
3046 3375 3177 3408 δείξει

2242 3423 2282 3472 E
2310 3438 2408 3472 non
2441 3425 2601 3471 multo
2636 3423 2847 3471 distanti
2878 3375 2980 3471 aﬁa
3007 3431 3090 3470 tua
3116 3421 3304 3482 patria)

2266 3495 2385 3534 anto
2413 3487 2510 3534 che
2541 3488 2554 3533 i
2585 3494 2720 3533 tuom
2757 3486 2890 3533 assai
2923 3497 3117 3532 suonan
3156 3484 3243 3546 piu
3274 3484 3428 3542 bassi,
3460 3493 3558 3534 etc.

2117 3566 2234 3626 Hoc
2263 3566 2674 3624 monasterium
2696 3563 3178 3623 abillustrissimo
3193 3569 3247 3621 et
3265 3561 3746 3621 reverendissimo

2035 3656 2194 3715 Julio
2221 3655 2374 3714 card.
2411 3655 2687 3713 Urbinate
2717 3654 2787 3712 ad
2816 3653 3244 3712 observantiam
3273 3651 3599 3723 regularem
3639 3650 3746 3708 sub

2037 3743 2478 3817 congregatione
2530 3741 2958 3802 Camaldulensi
2997 3741 3211 3800 nostris
3251 3738 3605 3812 temporibus
3653 3754 3744 3796 re-

2037 3833 2269 3892 dactum
2297 3839 2400 3890 est.
2434 3831 2509 3890 Ut
2533 3831 2712 3904 igitur
2734 3831 2805 3890 ad
2835 3830 3170 3890 institutum
3191 3829 3516 3898 redeamus,
3542 3827 3747 3886 Petrus

2036 3921 2108 3980 ad
2160 3918 2577 3979 monasterium
2624 3934 2908 3988 reversus,
2955 3918 3243 3991 privatum
3290 3915 3481 3974 locum
3524 3913 3744 3982 tenuit;

2037 4016 2228 4082 postea
2254 4024 2286 4065 a
2312 4007 2546 4065 Nicolao
2576 4006 2852 4078 secundo,
2878 4004 3210 4064 Alexandro
3235 4003 3488 4062 secundo
3519 4007 3573 4060 et
3602 4001 3747 4060 Gre-

2037 4097 2196 4172 gorio
2239 4097 2480 4170 septimo
2531 4094 2810 4164 monitus,
2857 4109 2924 4152 eo
2955 4092 3114 4166 quod
3151 4097 3297 4150 esset
3325 4089 3748 4149 inconveniens

2038 4189 2232 4248 virum
2260 4203 2294 4245 a
2322 4186 2437 4244 Deo
2467 4184 2683 4259 optimo
2713 4188 2868 4240 tanta
2901 4181 3142 4241 scientia
3167 4187 3224 4239 et
3248 4179 3577 4252 eloquentia
3606 4177 3749 4236 dita-

2039 4285 2186 4348 tum,
2216 4277 2287 4334 ad
2311 4274 2774 4350 persuadendum
2799 4271 3031 4345 populis
3057 4276 3280 4328 rectum
3299 4267 3538 4327 vivendi
3563 4282 3750 4339 genus

2039 4366 2296 4425 maxime
2324 4365 2620 4432 idoneum,
2649 4360 2938 4435 propriam
2970 4365 3270 4417 curantem
3297 4357 3609 4418 utilitatem
3633 4372 3752 4415 ces-

2041 4459 2184 4518 sisse
2209 4457 2584 4532 episc0patui,
2625 4469 2760 4513 cum
2804 4453 3004 4511 multis
3042 4452 3104 4509 in
3146 4451 3246 4509 tali
3275 4449 3552 4523 dignitate
3579 4447 3750 4522 adju-

2041 4555 2235 4607 mento
2282 4554 2449 4615 esset,
2496 4560 2596 4617 per
2643 4541 2944 4616 epistolam
2991 4539 3305 4612 respondit,
3346 4539 3408 4595 in
3454 4552 3567 4610 qua
3622 4541 3750 4594 tum

2039 4637 2304 4712 optimas,
2331 4643 2452 4693 tum
2477 4640 2859 4705 congruentes
2891 4631 2984 4689 sui
3011 4631 3302 4688 discessus
3329 4640 3533 4684 causas
3560 4625 3745 4712 affert.

2043 4723 2280 4798 Scripsit
2303 4724 2374 4782 ad
2407 4724 2662 4782 Leonem
2686 4722 2986 4780 eremitam
3009 4735 3085 4777 an
3113 4719 3176 4776 in
3210 4715 3398 4774 oﬂicio
3428 4712 3628 4772 divino
3657 4711 3748 4769 di-

2040 4814 2288 4874 cendum
2314 4813 2388 4872 sit
2424 4811 2714 4870 Dominus
2743 4810 3069 4878 vobiscum,
3106 4806 3207 4864 lib.
3240 4817 3319 4875 II;
3359 4801 3750 4876 Apologetico-

2038 4921 2193 4977 rum,
2225 4905 2264 4963 l.
2292 4916 2387 4976 Ill;
2429 4903 2512 4962 De
2535 4901 2889 4962 continentia
2921 4898 3305 4966 sacerdotum,
3338 4895 3377 4952 l.
3425 4894 3482 4962 l;
3531 4892 3612 4950 De
3657 4909 3748 4951 re-

2035 4995 2173 5069 gula
2219 4993 2627 5064 solitariorum,
2678 4992 2717 5050 1.
2779 4991 2836 5060 l;
2877 4991 2959 5049 De
2998 4984 3299 5046 miraculis
3328 4983 3420 5043 sui
3454 4981 3747 5056 temporis,

2036 5085 2078 5145 Ι.
2130 5085 2192 5152 1;
2232 5084 2723 5143 Exhortationum
2771 5080 3243 5145 monasticaruin,
3299 5074 3338 5131 1.
3385 5075 3450 5143 1;
3499 5072 3578 5130 De
3614 5087 3748 5146 pro-

2036 5191 2236 5249 gressu
2271 5173 2707 5244 monachorum,
2749 5172 2788 5229 l.
2829 5172 2850 5229 1
2883 5189 2898 5242 ;
2938 5168 3148 5228 Contra
3175 5164 3431 5235 Iudaeos,
3469 5162 3506 5220 l.
3554 5164 3616 5233 l;
3671 5163 3751 5220 De

2037 5264 2280 5324 avaritia
2316 5265 2712 5337 praelatorum,
2749 5261 2789 5320 1.
2836 5262 2899 5328 1;
2941 5257 3022 5315 De
3062 5255 3193 5313 Vita
3230 5253 3487 5314 Odilonis
3526 5252 3751 5310 abbatis

2038 5352 2457 5424 Cluniacensis,
2490 5353 2530 5409 l.
2574 5354 2629 5423 t;
2672 5352 2754 5409 De
2798 5354 3016 5407 terrore
3063 5345 3282 5417 mortis,
3331 5345 3372 5402 l.
3421 5345 3487 5414 1;
3541 5343 3752 5401 Contra

2037 5445 2329 5519 episcopos
2360 5441 2723 5510 simoniacos,
2761 5438 2802 5498 l.
2839 5427 2902 5511 1“;
2932 5439 3140 5496 Contra
3185 5435 3538 5510 episcopum,
3580 5432 3747 5505 cujus

2035 5547 2248 5592 nomen
2287 5530 2630 5600 subticetur,
2671 5530 2710 5587 Ι.
2755 5528 2819 5599 1;
2867 5527 2950 5586 De
2987 5525 3296 5586 insolentia
3347 5521 3742 5598 reproborum,

2037 5623 2078 5684 l.
2113 5623 2134 5681 t
2161 5641 2178 5693 ;
2214 5620 2296 5680 De
2323 5617 2843 5682 exclamationibus
2875 5617 3196 5687 rhetorum,
3229 5613 3266 5673 l.
3303 5616 3366 5684 1;
3409 5612 3493 5670 De
3536 5615 3741 5667 natura
