4088 6198
326 355 430 425 195

1234 359 1292 420 S.
1337 354 1627 419 PETRUS
1668 351 2061 418 DAMIANUS
2102 352 2163 418 S.
2204 356 2274 418 Β.
2320 357 2385 418 Ε.
2426 355 2907 420 CARDINALIS.

3729 362 3831 420 196

325 488 658 568 aliquorum
683 486 1052 561 animalium,
1074 487 1114 547 l.
1151 485 1173 546 1
1201 503 1215 558 ;
1248 484 1329 546 De
1360 489 1556 546 sancto
1586 483 1860 545 Cassiano
1882 500 2027 549 mar-
2048 482 2190 547 Aex
2233 482 2516 544 monacho
2550 480 2820 543 Ecclesia
2858 481 3137 542 Romanm
3161 482 3470 542 cardinalis
3495 481 3829 559 episcopus,

321 584 465 655 tyre,
523 577 563 638 l.
620 578 685 651 1;
739 575 1089 639 Sermonum
1144 580 1198 634 et
1258 574 1658 649 homiliarum,
1708 571 1758 634 i.
1826 575 1891 646 1;
1964 569 2035 631 de

325 669 429 732 SS.
480 670 650 732 Flora
677 675 733 730 et
761 668 1006 744 Lucilla,
1046 683 1296 744 quarum
1327 683 1565 744 corpora
1592 666 1654 727 in
1682 673 1878 728 nostro
1907 680 2032 726 mo-

326 758 579 820 nasterio
607 758 850 818 Aretino
884 755 1211 833 quiescunt,
1244 755 1285 819 l.
1324 756 1371 817 ι.
1404 754 1588 816 Multa
1621 754 1738 817 alia
1783 753 2032 830 scripsit,

323 866 459 927 quae
502 865 808 910 numerare
834 846 1078 922 longum
1107 853 1290 920 esset;
1325 846 1485 920 obiit,
1521 847 1841 924 imperante
1868 845 2035 906 Hen-

327 940 444 1000 rico
473 939 579 1011 III,
611 938 761 998 circa
788 953 883 996 an.
927 935 994 997 D.
1039 935 1194 1008 1080,
1228 942 1285 997 et
1325 935 1389 999 in
1426 953 1672 1000 numero
1703 942 2035 999 sanctorum

328 1035 416 1090 est
439 1029 742 1104 ascriptus.

1072 1096 1278 1159 XXVI.

332 1171 612 1231 Arnoldus
673 1174 837 1233 Wion
885 1175 997 1241 (an.
1060 1172 1240 1239 1294),
1292 1173 1479 1245 Belga,
1532 1174 1826 1245 monachus
1882 1172 2040 1231 Casi-

400 1248 584 1302 nensis
630 1247 1088 1315 congregationis,
1117 1245 1237 1318 rlib,
1285 1256 1348 1310 II,
1388 1244 1510 1318 cap.
1558 1244 1612 1311 9,
1662 1247 1827 1315 1ιὶῃηὶ
1873 1247 2035 1310 Vitae,

400 1323 645 1375 tractans
698 1318 766 1373 de
823 1317 1205 1374 cardinalibus
1260 1317 1474 1373 ordinis
1522 1320 1580 1376 S.
1642 1320 1825 1374 Patris
1880 1319 2039 1373 Bene-

396 1389 555 1456 dicti,
590 1390 700 1448 haec
727 1391 926 1449 scribit
955 1390 1022 1447 de
1054 1392 1119 1449 B.
1147 1391 1307 1447 Petro
1330 1392 1592 1448 Damiam‘
1616 1409 1633 1445 .-

400 1476 644 1538 Sanctus
684 1477 889 1539 Petrus
928 1477 1000 1539 de
1047 1476 1345 1549 Honestis,
1388 1483 1767 1553 cognomento
1805 1475 2037 1537 Damia-

328 1582 457 1634 nus,
492 1572 553 1627 et
590 1573 869 1642 peccator,
901 1567 1116 1627 nobilis
1166 1568 1495 1639 Ravennae,
1543 1566 1864 1629 monachus
1911 1579 2037 1623 mo-

327 1654 567 1715 nasterii
594 1654 655 1715 S.
679 1656 935 1717 Andreas
964 1656 1147 1717 eremi
1173 1656 1243 1715 de
1273 1656 1578 1729 Avellana,
1610 1657 1733 1715 ord.
1769 1656 1828 1715 S.
1859 1653 2039 1713 Bene-

327 1744 488 1819 dicti,
569 1747 1033 1821 congregationis
1105 1746 1428 1820 Columbaa,
1504 1746 1564 1807 S.
1624 1747 1695 1807 Il.
1758 1746 1827 1806 E.
1878 1744 2032 1806 card.

2115 573 2179 633 in
2211 571 2431 635 divinis
2476 572 2786 650 Scripturis
2823 573 3018 634 doctor
3068 571 3520 644 eruditissimus,
3561 572 3655 633 his
3684 581 3833 634 tem-

2114 665 2352 741 poribus
2398 683 2493 727 eas
2535 667 2609 727 ob
2674 684 2764 726 res
2816 682 3028 741 magno
3076 665 3140 723 in
3196 664 3378 740 pretio
3432 663 3667 724 habitus
3724 672 3829 724 est.
3941 732 3950 741 ι

2116 753 2414 817 Honorius
2463 756 2604 817 item
2648 755 2730 817 De
2771 753 3149 829 scriptoribus
3190 752 3623 826 ecclesiasticis;
3676 753 3832 813 Pan-

2117 842 2293 905 vinus
2338 847 2401 905 in
2446 844 2727 907 Chronico
2792 845 3135 921 pontiﬁcum
3194 843 3387 919 Rom.,
3441 851 3499 905 et
3553 843 3675 904 alii.
3728 844 3834 905 Re-

2117 933 2271 1011 gulae
2304 950 2440 996 vero
2476 935 2598 996 divi
2643 934 2939 995 Benedicti
2973 936 3355 1009 professorem
3398 937 3657 994 referunt
3702 935 3833 994 Tri-

2118 1025 2392 1101 themius,
2444 1026 2487 1085 l.
2543 1039 2604 1099 II,
2657 1042 2707 1089 c.
2767 1026 2857 1100 93,
2929 1032 2984 1086 et
3056 1024 3097 1086 1.
3160 1038 3245 1097 Iv,
3299 1042 3350 1084 c.
3413 1024 3501 1099 35,
3555 1026 3637 1085 De
3692 1025 3833 1084 viris

2115 1116 2329 1178 illustr.
2398 1117 2520 1178 0rd.
2585 1116 2645 1179 S.
2700 1117 2915 1178 Bened.
2969 1116 3120 1177 libro
3190 1123 3385 1177 autem
3456 1114 3538 1174 De
3590 1116 3833 1192 scripto-

2116 1208 2277 1270 ribus
2306 1207 2535 1282 eccles.,
2566 1214 2621 1269 et
2650 1208 2713 1267 in
2739 1209 3020 1269 Chronico
3047 1208 3415 1282 Hirsaugiae;
3445 1208 3743 1267 Panvinus
3769 1208 3832 1265 in

2114 1299 2379 1375 Epitome
2404 1300 2468 1360 in
2498 1298 2663 1374 solio,
2705 1316 2841 1360 cum
2870 1300 3050 1361 dicit:
3077 1299 3281 1361 Petrus
3320 1298 3587 1359 Damiani
3629 1313 3835 1358 mona-

2111 1390 2257 1449 chus
2284 1390 2636 1464 Casinensis,
2672 1391 2796 1452 0rd.
2839 1390 2899 1451 S.
2941 1389 3239 1450 Benedicti
3277 1389 3431 1450 card.
3473 1388 3645 1464 episc.
3688 1387 3835 1460 Ost.,

2116 1482 2441 1540 monachus
2465 1487 2657 1541 autem
2681 1480 3011 1541 Casinensis
3032 1480 3267 1555 dicitur,
3295 1480 3453 1555 quod
3472 1478 3534 1539 in
3553 1477 3837 1538 coenobiis

2117 1568 2236 1628 illis
2266 1571 2444 1630 vitam
2469 1570 2851 1632 monasticam
2876 1570 3133 1643 duxerit,
3155 1586 3292 1646 quae
3313 1568 3614 1629 Gasinensi
3639 1585 3838 1629 mona-

2118 1659 2291 1717 sterio
2331 1659 2806 1734 subjiciebantur.
2847 1660 3072 1719 Addam
3111 1665 3177 1719 ut
3220 1664 3457 1719 caeteros
3491 1657 3835 1718 recentiores

2120 1748 2404 1821 omittam,
2447 1754 2503 1806 et
2538 1749 2723 1823 ipsius
2752 1749 3023 1808 Damiani
3053 1748 3452 1809 testimonium
3479 1748 3540 1808 in
3571 1762 3837 1809 sermone

329 1834 633 1908 episcopus
663 1834 945 1897 Ostiensis
974 1842 1204 1898 creatus
1234 1853 1330 1895 an.
1361 1837 1430 1897 D.
1468 1836 1625 1908 1058,
1657 1850 1857 1895 mense
1886 1833 2036 1894 Mar-
2056 1859 2104 1920 Β
2125 1836 2196 1907 de
2252 1834 2311 1896 S.
2372 1835 2704 1911 Benedicto,
2759 1838 2861 1897 ubi
2920 1837 2980 1898 S.
3014 1836 3017 1839 λ
3049 1836 3428 1898 Benedictum
3491 1836 3835 1912 magistrum

331 1923 430 1995 tio,
460 1923 707 1987 Sabbato
744 1933 993 2001 quatuor
1031 1933 1359 2002 temporum
1392 1927 1892 2001 Quadragesimaa.‘
1930 1924 2043 1995 Qui

331 2013 563 2075 tandem
592 2015 955 2077 cardinalitia
978 2017 1257 2092 dignitate
1293 2018 1574 2090 abdicata,
1613 2034 1769 2077 anno
1804 2016 1943 2077 1072
1970 2015 2042 2075 ad

328 2105 749 2166 monasterium
808 2122 982 2169 suum
1042 2107 1233 2182 rediit,
1309 2108 1569 2183 obiitque
1636 2108 1933 2169 Faventiae
1980 2108 2042 2167 in

330 2194 589 2255 coenobio
621 2194 680 2256 S.
708 2193 930 2268 Marias,
958 2198 1114 2272 quod
1144 2198 1268 2272 ipse
1290 2213 1426 2258 cum
1452 2198 1714 2273 quinque
1740 2198 1875 2258 aliis
1901 2213 2040 2258 con-

330 2287 639 2356 struxerat,
682 2299 836 2347 anno
883 2284 1041 2357 1080,
1071 2285 1166 2347 die
1188 2286 1259 2345 22
1287 2286 1607 2347 Februarii.

405 2369 564 2433 Inter
610 2375 959 2449 professores
1016 2376 1233 2451 regulas
1287 2376 1410 2437 divi
1458 2375 1782 2451 Augustini
1840 2391 2044 2437 recen-

332 2467 490 2522 setur
538 2462 636 2522 hic
672 2470 867 2524 noster
905 2463 1226 2526 Damianus
1260 2482 1294 2525 a
1332 2465 1724 2537 Volaterrano,
1776 2464 1880 2525 lib.
1932 2478 2044 2526 XXI

332 2550 825 2624 Anthropologias,
867 2557 923 2612 et
959 2554 1262 2614 nonnullis
1303 2554 1457 2614 aliis.
1512 2554 1660 2614 Falli
1708 2561 1908 2615 autem
1968 2569 2045 2615 ex

335 2639 540 2701 multis
591 2641 1075 2704 demonstremus.
1128 2643 1201 2703 Et
1252 2643 1519 2719 primum
1571 2643 1690 2704 Leo
1744 2644 2043 2717 Ostiensis,

335 2725 437 2788 lib.
481 2739 523 2788 lI
561 2744 685 2804 cap.
740 2730 855 2803 102,
904 2748 981 2791 ex
1027 2747 1221 2793 eremo
1275 2734 1348 2793 ad
1396 2733 1679 2794 honorem
1731 2734 2047 2795 cardinali-

335 2821 483 2881 tium
542 2830 912 2897 assumptum
978 2827 1169 2900 refert,
1227 2827 1312 2887 sic
1360 2826 1671 2904 inquiens:
1699 2828 1861 2899 Quod
1912 2843 2047 2888 cum

338 2912 541 2974 Petrus
567 2913 891 2976 Damianus
913 2914 1006 2998 vir
1038 2917 1209 2978 valde
1238 2918 1564 2994 religiosus,
1598 2934 1774 2996 quem
1802 2934 1869 2979 eo
1898 2924 2047 2979 tem-

338 3019 476 3078 pore
532 3003 864 3079 Stephanus
909 3021 1056 3083 papa
1108 3008 1181 3068 ab
1207 3025 1399 3069 eremo
1450 3014 1795 3083 extractum,
1852 3010 1916 3069 in
1967 3009 2045 3070 O-

334 3092 534 3153 stiensi
566 3093 828 3155 Ecclesia
859 3097 1196 3174 episcopum
1233 3100 1464 3173 fecerat,
1497 3101 1888 3175 comperisset,
1928 3114 2048 3160 una

340 3201 477 3248 cum
513 3187 916 3250 cardinalibus
952 3192 1219 3252 resistere
1253 3208 1321 3253 ac
1358 3192 1671 3254 reclamare
1702 3193 1896 3268 erepit,
1937 3198 2043 3253 etc.

340 3278 656 3338 Conﬁrmat
724 3280 1074 3343 Bertholdus
1127 3283 1577 3343 Constantiensis
1628 3282 1690 3342 in
1738 3281 2049 3358 appendice

337 3369 411 3427 ad
438 3368 851 3430 Hermannum
882 3371 1253 3433 Contractum
1281 3372 1354 3433 ad
1378 3388 1601 3433 annum
1637 3371 1772 3432 1066
1800 3370 1893 3432 bis
1930 3388 2056 3431 ver-

337 3456 464 3519 bis:
488 3458 596 3518 His
636 3460 995 3535 temporibus
1032 3460 1381 3523 venerabilis
1414 3460 1622 3523 Petrus
1655 3460 1942 3533 Damiani,
1978 3476 2053 3520 ex

335 3547 572 3609 eremita
600 3548 913 3610 cardinalis
951 3549 1270 3627 episcopus,
1316 3550 1502 3610 multa
1539 3551 1896 3626 conscripsit,
1943 3556 2048 3611 etc.

337 3638 541 3699 Nullos
597 3644 794 3701 autem
849 3639 1135 3714 eremitas,
1193 3654 1260 3700 eo
1318 3646 1569 3716 tempore
1623 3640 1902 3714 maxime,
1958 3656 2054 3702 re-

340 3729 541 3804 gulam
587 3729 711 3791 divi
752 3730 1075 3805 Augustini
1112 3729 1465 3804 observasse,
1506 3746 1582 3791 ex
1626 3731 1883 3792 historiis
1927 3747 2054 3793 ma-

340 3821 619 3881 nifestum
649 3825 769 3895 est;
808 3820 920 3883 sub
957 3821 1082 3883 divi
1120 3836 1257 3883 vero
1285 3821 1578 3883 Benedicti
1606 3823 1809 3896 regula
1839 3822 2056 3883 multos

341 3908 522 3985 hujus
570 3909 947 3983 professionis
1002 3910 1302 3984 militasse,
1349 3918 1611 3972 auctores
1661 3916 1800 3972 sunt
1849 3910 2055 3974 Petrus

340 3998 651 4074 Diaconus,
694 3999 796 4061 lib.
838 3998 923 4067 De
974 3998 1186 4061 sanctis
1234 4001 1447 4062 montis
1500 4001 1714 4075 Casia,
1774 4018 1825 4065 c.
1883 4002 1939 4076 4,
1990 4003 2055 4063 in

341 4086 475 4151 Vita
528 4088 592 4151 S.
639 4090 876 4153 Martini
916 4092 1173 4153 eremitaa
1218 4092 1433 4156 montis
1483 4091 1713 4153 Marcisi
1729 4110 1746 4167 ;
1802 4092 2055 4155 Joannes

342 4178 693 4257 Dubravius,
721 4183 827 4244 lib.
858 4196 945 4246 Vt.
972 4183 1246 4246 Historiae
1271 4182 1601 4261 Bojemicte,
1641 4185 1704 4246 in
1744 4186 1878 4248 Vita
1919 4203 2054 4248 san-

340 4277 564 4333 ctorum
606 4272 869 4347 quinque
909 4274 1333 4335 monachorum
1373 4276 1745 4338 eremitarum
1788 4277 2054 4339 Brouno-

342 4359 634 4422 viensium
650 4377 668 4434 ;
739 4361 1025 4422 Martinus
1076 4362 1402 4439 Cromarus,
1466 4365 1529 4425 in
1583 4367 1838 4428 Historia
1896 4366 2057 4428 Polo-

342 4450 492 4525 nica,
533 4452 604 4512 de
642 4452 907 4528 ejusdem
944 4468 1140 4529 agens,
1184 4461 1240 4515 et
1270 4455 1371 4515 alii
1411 4455 1669 4518 Polonici
1717 4459 2053 4535 Scriptores.

344 4542 617 4604 Eremitte
656 4556 793 4603 vero
828 4558 1044 4604 nomen
1086 4544 1215 4606 ideo
1260 4546 1464 4608 habuit
1509 4548 1826 4610 Damianus
1875 4550 2051 4626 quod,

2123 1933 2178 1986 et
2232 1934 2454 2003 patrem
2508 1945 2686 1989 suum
2726 1936 2911 2001 vocat,
2960 1946 3133 2004 quem
3192 1930 3445 2005 reperire
3500 1930 3635 1990 licet
3680 1931 3836 2005 apud

2125 2018 2520 2093 Mosandrum,
2552 2025 2705 2080 tomo
2732 2019 2839 2079 VII
2869 2019 3047 2093 Surii,
3079 2022 3172 2081 die
3200 2021 3263 2081 21
3297 2020 3511 2094 Martii,
3538 2020 3693 2095 quod
3726 2020 3837 2082 tale

2123 2112 2207 2168 est
2234 2127 2246 2166 :
2271 2108 2377 2168 Cui
2406 2123 2541 2169 vero
2568 2110 2653 2168 sic
2673 2109 2996 2185 specialiter
3024 2117 3176 2171 totus
3203 2112 3553 2186 evangelica)
3576 2110 3839 2173 lectionis

2124 2214 2407 2259 excursus
2452 2199 2738 2275 assignari
2790 2208 2993 2275 potest,
3043 2203 3535 2276 quemadmodum
3583 2202 3741 2263 Patri
3782 2208 3840 2262 et

2124 2288 2400 2362 magistro
2447 2295 2642 2348 nostro
2675 2289 2743 2348 B.
2792 2288 3148 2351 Benedicto?
3190 2291 3335 2350 Item
3381 2291 3445 2351 in
3483 2291 3722 2365 epistola
3766 2292 3840 2351 ad

2126 2376 2436 2453 quemdam
2484 2377 2721 2438 Petrum
2761 2378 3044 2452 abbatem,
3100 2396 3235 2455 qum
3285 2388 3369 2441 est
3416 2381 3482 2442 in
3525 2381 3842 2457 appendice

2125 2466 2439 2543 Margarini
2470 2468 2543 2528 de
2586 2468 2643 2528 la
2673 2468 2879 2543 Bigne,
2928 2470 3001 2529 ad
3048 2470 3466 2537 Bibliothecam
3510 2479 3842 2535 sanctorum

2126 2554 2385 2629 Patrum,
2414 2555 2629 2616 clarius
2664 2556 2930 2634 loquens,
2971 2557 3056 2618 sic
3094 2559 3290 2634 inquit
3334 2558 3527 2620 statim
3565 2559 3631 2618 in
3676 2558 3843 2635 prin-

2125 2649 2310 2723 cipio:
2346 2647 2706 2709 Succensetis
2760 2650 2921 2709 enim
2977 2666 3045 2709 ac
3096 2666 3206 2711 nos
3260 2656 3680 2727 conquerentes
3743 2667 3838 2711 ar-

2125 2738 2303 2815 guitis
2344 2738 2487 2815 quia
2524 2754 2645 2799 non
2686 2738 2999 2801 debuimus
3036 2746 3256 2803 vestros
3292 2743 3606 2802 monachos
3645 2747 3843 2802 contra

2126 2829 2278 2890 beati
2337 2828 2521 2889 Patris
2579 2830 2761 2892 nostri
2831 2829 3131 2891 Benedicti
3180 2839 3468 2906 przecepta
3526 2833 3837 2907 suscipere.

2128 2918 2198 2978 Et
2239 2918 2412 2989 infra,
2457 2924 2762 2993 postquam
2814 2920 2990 2979 verba
3032 2920 3097 2980 P.
3150 2920 3218 2980 N.
3274 2920 3571 2981 Benedicti
3627 2922 3837 2994 attulit,

2126 3008 2287 3082 Haec,
2333 3008 2545 3083 inquit,
2591 3010 2789 3084 itaque
2829 3016 3023 3070 nostra
3066 3026 3186 3070 non
3234 3018 3388 3084 sunt,
3439 3011 3537 3071 sed
3580 3011 3839 3087 ejusdem

2128 3098 2312 3160 Patris
2363 3098 2546 3159 nostri
2596 3099 2790 3173 verba,
2855 3108 2962 3160 etc.
3020 3100 3090 3160 In
3137 3102 3272 3161 aliis
3324 3105 3496 3162 etiam
3561 3101 3840 3178 epistolis,

2132 3204 2271 3264 quae
2297 3188 2518 3250 ibidem
2548 3190 2939 3263 reperiuntur,
2977 3206 3131 3266 saepe
3174 3192 3394 3267 sapius
3423 3192 3579 3251 idem
3615 3193 3839 3268 repetit,

2135 3278 2193 3341 S.
2225 3279 2604 3341 Benedictum
2650 3278 2877 3339 Patrem
2911 3285 2965 3339 et
3002 3279 3345 3355 magistrum
3379 3281 3696 3356 appellans.
3752 3280 3843 3340 Ad

2134 3376 2488 3443 extremum,
2546 3370 2913 3442 monasteria,
2974 3370 3036 3430 in
3088 3370 3306 3444 quibus
3373 3370 3657 3430 habitavit
3722 3371 3847 3444 ipse

2134 3461 2470 3532 Damianus,
2514 3460 2834 3519 monachus
2873 3464 2929 3519 et
2964 3459 3223 3519 nondum
3267 3460 3461 3531 abbas,
3501 3465 3564 3520 ut
3606 3458 3665 3520 S.
3701 3457 3846 3517 Vin-

2134 3549 2329 3622 centii,
2368 3548 2563 3610 Casini
2609 3555 2666 3608 et
2712 3548 3030 3624 Pomposze,
3082 3550 3232 3608 clare
3280 3547 3676 3608 demonstrant
3720 3546 3847 3607 divi

2135 3640 2432 3703 Benedicti
2482 3641 2811 3713 alumnum,
2867 3639 3150 3715 illudque,
3203 3640 3356 3716 quod
3411 3639 3521 3714 ipsi
3574 3639 3851 3699 monachi

2135 3734 2207 3793 de
2247 3731 2531 3792 Avellana
2573 3731 2647 3791 ad
2688 3730 2814 3791 haec
2846 3746 3035 3807 usque
3066 3735 3261 3789 nostra
3306 3734 3583 3804 tempora,
3627 3730 3851 3804 quibus

2137 3820 2562 3896 congregationi
2613 3819 3039 3883 Camaldulensi
3084 3818 3240 3879 uniti
3286 3823 3444 3890 sunt,
3488 3833 3523 3877 a
3570 3818 3851 3893 primaria

2135 3909 2324 3985 ipsius
2372 3910 2624 3971 cmnobii
2666 3910 2760 3970 sui
2804 3908 3170 3969 institutione
3222 3908 3483 3983 regulam
3529 3908 3598 3967 D.
3655 3907 3717 3967 P.
3777 3905 3848 3965 N.

2136 4000 2433 4061 Benedicti
2491 4001 2845 4072 observasse,
2901 4013 2963 4058 se
3012 4000 3267 4073 ingenue
3316 3998 3677 4072 proﬁtentur.
3736 3998 3850 4057 Co-

2137 4099 2517 4167 gnomentum
2559 4088 2828 4151 Damiani
2864 4089 2953 4149 illi
3008 4091 3139 4164 fuit,
3185 4104 3322 4158 non,
3383 4095 3449 4148 ut
3499 4088 3579 4148 ait
3630 4087 3851 4148 Panvi-

2138 4199 2270 4255 nus,
2314 4184 2471 4257 quod
2510 4181 2773 4242 Damiani
2821 4179 2983 4241 ﬁlius
3030 4179 3223 4252 fuerit,
3282 4178 3380 4239 sed
3427 4177 3579 4254 quod
3629 4192 3765 4237 cum
3817 4193 3853 4235 ιι

2138 4275 2310 4334 fratre
2355 4288 2481 4347 suo,
2534 4271 2815 4337 Damiano
2866 4270 3124 4341 nomine,
3185 4269 3523 4329 Faventiam
3566 4268 3847 4344 primum,

2139 4364 2405 4425 Parmam
2451 4363 2659 4423 deinde
2713 4363 2927 4423 missus
2976 4362 3196 4434 fuisset,
3250 4368 3312 4421 ut
3364 4360 3565 4420 litteris
3612 4374 3851 4433 operam

2139 4453 2317 4525 daret,
2359 4452 2422 4513 in
2460 4453 2554 4513 sui
2600 4452 2745 4527 grati
2788 4452 2969 4513 animi
3015 4450 3433 4523 testimonium,
3478 4464 3691 4510 nomen
3732 4448 3850 4508 Da-

2139 4538 2321 4600 miani
2359 4540 2432 4601 ab
2478 4543 2607 4615 ejus
2645 4541 2883 4601 nomine
2926 4540 3008 4600 sic
3055 4539 3355 4614 usurpavit
3395 4544 3461 4598 ut
3502 4554 3562 4598 se
3609 4537 3849 4597 Petrum

434 4602 517 4692 fin
552 4602 679 4708 ejus
724 4602 1462 4711 Vita—legiturrrefer—tqu—e
1501 4602 2409 4714 Augustinus-IFlolnDamiani
2440 4602 2665 4705 semper
2702 4630 2993 4703 scriberet,
3034 4637 3100 4689 ut
3135 4602 3285 4689 recte
3330 4628 3493 4689 docet
3529 4627 3684 4688 idem
3720 4630 3853 4689 Au-

342 4722 611 4785 rentinus
644 4729 792 4800 part.
832 4736 893 4797 II,
934 4724 1087 4786 Hist.
1142 4725 1423 4801 Camald.,
1471 4727 1573 4789 lib.
1622 4741 1680 4801 ν,
1729 4746 1780 4790 c.
1827 4731 1881 4805 7,
1929 4746 2057 4791 mo-

342 4814 517 4875 nachi
544 4814 882 4876 monasterii
909 4815 973 4876 S.
997 4816 1249 4877 Andreas
1278 4818 1350 4878 de
1380 4817 1685 4891 Avellana,
1718 4820 1872 4896 quod
1897 4836 2058 4882 nunc

347 4904 408 4965 S.
462 4903 663 4965 Crucis
719 4898 959 4966 titulum
1027 4907 1194 4982 gerit,
1255 4913 1395 4968 tunc
1466 4909 1760 4983 temporis,
1814 4925 1881 4969 ac
1929 4910 2059 4971 bini

341 4992 546 5054 divisis
599 4994 666 5054 in
719 4994 948 5055 cellulis
1003 4996 1466 5068 commanebant,
1522 4997 1878 5071 psalmodiis,
1928 5014 2057 5059 ora-

349 5083 514 5157 tioni,
555 5085 807 5159 lectioni,
848 5086 1234 5162 abstinentiaa,
1271 5088 1618 5149 obedientize
1655 5089 1904 5166 aliisque
1944 5091 2057 5153 hu-

343 5175 603 5250 jusmodi
642 5176 871 5250 pietatis
926 5178 1199 5253 operibus
1244 5177 1648 5253 religiosisque
1678 5178 1883 5239 ofﬁciis
1928 5195 2059 5256 ope-

354 5280 479 5325 ram
546 5263 766 5326 dantes.
833 5266 1187 5331 Monachum
1244 5274 1439 5329 autem
1480 5267 1659 5330 fuisse
1706 5270 1954 5346 probant
2003 5274 2062 5331 et

349 5355 614 5417 abbatem
648 5373 783 5417 cum
821 5359 949 5434 ejus
988 5359 1119 5419 Vita
1158 5375 1261 5436 per
1299 5359 1726 5436 Hieronymum
1762 5361 2056 5436 Rubeum,

349 5445 390 5506 l.
424 5461 483 5517 v,
530 5446 679 5508 Hist.
717 5448 963 5523 Raven.,
1004 5466 1140 5525 quae
1175 5456 1264 5511 est
1295 5452 1451 5527 apud
1486 5451 1858 5514 Mosandrum
1904 5460 2061 5514 tomo

352 5533 459 5595 VII
500 5534 682 5608 Surii,
724 5542 850 5599 tum
896 5538 1071 5599 etiam
1115 5540 1272 5601 idem
1309 5542 1695 5617 Augustinus,
1739 5543 1844 5605 lib.
1890 5543 2062 5604 citato

348 5640 382 5685 a
416 5641 467 5685 c.
506 5624 541 5685 6
576 5625 650 5685 ad
690 5626 776 5702 15,
815 5634 873 5689 et
904 5628 1153 5692 Iacobus
1196 5629 1501 5708 Philippus
1536 5633 1599 5693 in
1648 5632 2062 5711 Supplementa

351 5715 780 5793 chronicorum,
819 5720 922 5785 lib.
957 5731 1065 5796 x11,
1104 5720 1189 5784 sic
1225 5720 1421 5786 dicens
1447 5744 1461 5787 :
1487 5722 1695 5792 Petrus
1743 5722 2063 5795 Damianus

2137 4724 2407 4799 gustinus
2439 4739 2562 4799 cap.
2604 4724 2658 4795 6,
2700 4723 2770 4781 de
2803 4722 3007 4782 ordine
3045 4720 3364 4793 Columbae,
3405 4717 3488 4780 sic
3523 4719 3675 4779 dicto
3709 4734 3848 4794 pro-

2137 4819 2262 4888 pter
2292 4811 2589 4885 Ludulphi
2616 4810 2791 4885 primi
2821 4810 3125 4870 Avellanae
3153 4808 3501 4869 institutoris
3529 4806 3855 4868 incredibi-

2138 4905 2254 4965 lem
2292 4902 2579 4964 columbae
2611 4899 3075 4976 simplicitatem;
3107 4908 3288 4973 agunt
3323 4901 3444 4975 ipse
3482 4900 3854 4973 Augustinus

2139 5016 2262 5074 cap.
2317 4998 2372 5071 5,
2427 5003 2484 5057 et
2550 4994 2918 5054 Beneventus
2989 4992 3317 5064 Imolensis,
3398 4991 3462 5049 in
3532 4996 3849 5049 comment.

2141 5086 2399 5150 Paradisi
2439 5085 2659 5158 Dantis,
2701 5100 2823 5160 cap.
2872 5084 2961 5145 21.
3013 5083 3255 5144 Putatur
3298 5081 3395 5141 hic
3432 5095 3466 5141 a
3507 5079 3853 5151 Trithemio,

2140 5178 2243 5239 lib.
2301 5191 2361 5250 ll,
2403 5193 2523 5253 cap.
2573 5176 2663 5247 93,
2713 5175 3033 5235 monachus
3072 5172 3457 5244 Vivariensis;
3507 5185 3542 5229 a
3586 5167 3857 5229 Volater-

2142 5283 2283 5329 rano
2326 5268 2383 5329 S.
2426 5265 2623 5328 Marias
2657 5265 3032 5338 Ravennatis,
3074 5276 3129 5325 et
3172 5281 3205 5324 a
3246 5263 3511 5337 Bugiano
3549 5259 3608 5320 S.
3653 5256 3856 5319 Mariae

2142 5358 2458 5419 Faventiaa.
2507 5356 2619 5427 Qui
2657 5362 2773 5415 tres
2814 5356 2897 5416 sic
2934 5354 3231 5415 conciliari
3280 5357 3537 5426 possunt,
3579 5354 3644 5409 ut
3693 5347 3856 5407 dica-

2143 5463 2277 5512 mus
2315 5464 2450 5510 cum
2495 5447 2815 5507 Trithemio
2850 5453 2975 5521 post
3022 5443 3433 5520 professionem
3472 5440 3745 5502 emissam
3789 5438 3854 5497 in

2145 5539 2496 5602 monasterio
2540 5537 2599 5601 8.
2642 5537 2891 5599 Andreae
2931 5536 3007 5595 de
3039 5532 3321 5593 Avellan‘a
3357 5531 3558 5606 aliquo
3596 5536 3854 5604 tempore

2142 5632 2210 5694 in
2253 5629 2516 5695 cmnobio
2552 5627 2879 5691 Vivariensi
2918 5625 3206 5686 habitasse
3231 5642 3247 5698 ;
3284 5621 3613 5684 exercuisse
3655 5624 3853 5680 autem

2145 5738 2271 5791 sese
2297 5728 2431 5789 ante
2455 5720 2871 5797 professionem
2890 5733 2993 5794 per
3010 5715 3082 5780 40
3102 5717 3226 5780 dies
3246 5715 3319 5778 ad
3339 5710 3621 5777 eremitici
3643 5708 3854 5786 rigoris
