4078 6202
182 358 294 422 197
880 353 1462 421 PROLEGOMENA.
1508 388 1567 400 —
1612 347 2079 416 TESTIMONIA
2120 351 2213 413 DE
2260 353 2317 414 S.
2363 349 2604 416 PETRO
2648 351 3009 415 DAMIANO.

3598 359 3700 419 198

175 484 630 550 similitudinem
682 487 748 547 in
808 486 1072 549 cmnobio
1145 484 1206 547 S.
1267 484 1467 546 Marim
1526 483 1900 557 Ravennatis,
1922 480 2056 546 Ain
2113 482 2353 545 secundi
2393 483 2539 543 rami
2582 480 2759 557 hujus
2802 480 3041 542 Arboris
3081 478 3488 560 descriptione,
3532 487 3589 548 et
3634 481 3698 546 in

173 577 513 656 periculum
554 576 817 639 facturus
853 583 1053 639 utrum
1093 577 1425 636 monasticm
1473 576 1608 638 vitae
1645 574 1903 634 laborem
1995 577 2234 634 tractatu
2256 572 2328 633 de
2355 571 2770 634 cardinalibus.

172 670 408 732 laturus
445 676 613 744 esset,
650 675 715 730 ut
751 669 954 730 asserit
986 669 1352 744 Augustinus
1389 684 1511 744 cap.
1554 667 1608 741 6,
1650 676 1706 729 et
1743 668 1902 729 Dan-
2707 682 2974 742 XXVIII,

177 765 268 820 tes
296 760 616 837 Aligerius,
654 759 749 820 his
779 759 1011 821 verbis:
1989 777 2139 840 Idm
2158 779 2324 848 Ligni
2359 779 2502 836 Vitas
2527 776 2624 834 lib.
2651 785 2712 835 v.
2743 776 2977 833 Arboris
3009 790 3122 833 sua
3155 791 3372 848 ramum
3401 775 3696 837 secmdum

366 879 429 930 In
448 879 574 992 geel
605 879 760 943 luogo
790 878 858 930 t'u’
885 879 936 930 io
957 879 1133 930 Pietro
1163 878 1439 942 Damiano,
2231 846 2244 848 ⁷
2317 850 2622 914 ἀθθίαναηδι
2657 853 2841 947 “(qua
2869 848 3036 922 huius
3069 855 3244 946 ῩαΡαί
3277 846 3382 948 31f
3650 937 3662 948 ο

373 940 417 992 Ε
499 950 626 992 Ietro
659 950 896 992 peccator
925 943 976 992 fu
1008 942 1143 992 uella
1165 957 1284 992 casa
2064 936 2314 992 Sanctus
2341 936 2544 992 Petrus
2570 937 2892 992 Damianus
2934 934 3457 992 Mediolanenslum
3481 953 3516 992 a
3541 938 3662 992 scin

373 934 626 1010 I_3_P_ietro
658 934 896 1010 péocator
917 943 976 1010 in
1008 942 1145 1010 uella
1165 957 1309 1010 casa_
1344 1005 1355 1010 _
1425 934 1437 942 ’
2064 936 2314 999 Sanctus
2340 936 2544 999 Petrus
2570 937 2892 996 Damianus
2934 934 3457 998 Mediolanensium
3481 953 3516 1000 ἃ
3541 937 3698 999 schi-

377 1003 444 1055 m
473 1003 673 1057 Η⁰³¹τέ
695 1005 880 1057 Dm“
915 1005 966 1056 ί¹¹
999 1005 1079 1056 ⁵¹¹¹
1113 1005 1203 1056 ¹ίί⁰
1228 1003 1474 1062 Adrian“
1510 1011 1608 1055 °'°°
1991 1031 2173 1087 smate
2200 1026 2272 1087 ad
2301 1025 2622 1088 Ecclesiam
2659 1025 3001 1087 catholicam
3037 1026 3302 1088 reductor
3328 1027 3696 1103 magniﬁcus.

253 1110 556 1174 Mortuum
585 1111 820 1173 tandem
853 1111 916 1171 in
943 1111 1205 1172 cmnobio
1241 1111 1300 1172 S.
1335 1111 1536 1172 Mariae
1573 1109 1643 1170 de
1673 1110 1903 1172 Faven-
1988 1119 2214 1177 Homini
2259 1121 2402 1175 enim
2454 1118 2587 1175 bono
2627 1120 2688 1175 in
2744 1122 3030 1190 conspectu
3070 1134 3168 1177 suo
3225 1117 3378 1178 dedit
3422 1121 3566 1178 Deus
3614 1135 3704 1177 sa-

179 1202 265 1262 tia
317 1218 477 1263 anno
531 1202 687 1274 1080,
742 1201 838 1262 die
899 1207 1098 1264 octavo
1151 1200 1397 1263 Kalend.
1455 1200 1668 1273 Martii,
1725 1205 1790 1261 ut
1848 1204 1903 1262 et
1985 1210 2277 1284 pientiam,
2317 1213 2370 1266 et
2406 1209 2713 1275 scientiam,
2762 1213 2813 1265 et
2860 1209 3110 1266 latitiam
3166 1207 3354 1282 (Eccli.
3408 1208 3487 1284 ιι).
3534 1208 3704 1268 Mens

182 1291 577 1367 Augustinus,
620 1293 722 1353 lib.
752 1303 814 1367 v,
845 1308 967 1368 cap.
1015 1291 1099 1364 14,
1141 1297 1196 1349 et
1243 1290 1485 1350 Rubeus
1523 1288 1584 1348 in
1617 1290 1743 1366 ejus
1773 1287 1904 1350 Vita
1991 1299 2194 1372 hairet,
2241 1315 2433 1374 penna
2477 1297 2714 1372 difﬂuit,
2754 1313 2964 1361 manus
2996 1299 3164 1373 riget,
3201 1315 3338 1362 cum
3382 1299 3456 1360 de
3501 1306 3699 1362 sancto

181 1383 919 1460 rectissimeprodiderunt.
940 1378 1282 1441 Bertholdus
1302 1385 1494 1441 tamen
1511 1379 1907 1441 Constantien—
1990 1390 2159 1452 Ρθιιοο
2203 1390 2484 1452 Damiano
2532 1391 2837 1463 monacho,
2889 1398 2945 1453 et
2987 1390 3047 1453 S.
3090 1392 3162 1453 Β.
3208 1392 3277 1455 Ε,
3325 1392 3481 1458 card.
3521 1394 3698 1469 episc,

186 1474 267 1534 sis
302 1474 368 1534 in
406 1473 722 1550 appendice
763 1473 835 1532 ad
881 1474 1252 1533 Contractum
1291 1489 1447 1534 anno
1488 1472 1724 1534 Domini
1767 1472 1906 1534 1072
1991 1478 2208 1543 ostien.
2237 1481 2341 1558 qui
2380 1481 2534 1542 tertii
2569 1481 2795 1542 ordinis
2820 1481 3122 1556 praesentis
3150 1483 3299 1544 rami
3328 1484 3588 1560 primum
3617 1486 3703 1546 lo-

185 1571 489 1628 mortuum
522 1566 714 1637 refert,
766 1563 848 1624 sic
877 1564 1194 1640 inquiens:
1238 1564 1392 1636 1072,
1434 1564 1638 1628 Petrus
1668 1564 1901 1626 Damia-
1990 1586 2127 1632 cum
2178 1577 2438 1647 occupat,
2495 1569 2685 1632 dicere
2735 1571 2944 1646 cogito.
2993 1571 3216 1633 Tantus
3266 1572 3429 1636 enim
3484 1573 3598 1634 fuit
3635 1589 3705 1635 ac

182 1657 249 1717 ni
302 1657 422 1732 piae
472 1657 771 1717 memoriae
826 1654 1136 1715 cardinalis
1188 1655 1508 1732 episcopus,
1550 1656 1906 1733 jamdudum
1994 1663 2143 1737 talis,
2171 1662 2430 1739 adeoque
2453 1667 2670 1726 sanctae
2720 1661 2995 1726 Ecclesiae
3031 1662 3197 1724 utilis
3228 1669 3285 1725 et
3320 1665 3704 1738 necessarius,

185 1749 414 1809 mundo
448 1749 788 1820 cruciﬁxus,
818 1747 1088 1823 migravit
1113 1749 1186 1808 ad
1220 1748 1536 1808 Dominum
1566 1759 1673 1809 VIII
1705 1746 1907 1808 Kalen-
1990 1757 2077 1827 ut,
2096 1768 2132 1814 a
2150 1768 2269 1829 quo
2299 1752 2580 1814 factorum
2604 1768 2846 1815 suorum
2865 1750 3226 1828 principium
3253 1768 3505 1828 sumam,
3537 1753 3704 1829 igno-

186 1840 290 1898 das
317 1839 533 1898 Martii.
563 1839 709 1910 Quas
737 1837 915 1898 verba
945 1838 1026 1896 sic
1057 1837 1402 1915 exponenda
1432 1836 1579 1897 mihi
1610 1835 1971 1924 videntur,B
1995 1856 2140 1902 rem.
2203 1840 2470 1904 Eruditio
2516 1842 2662 1917 ejus,
2712 1847 2770 1902 et
2816 1841 3086 1904 facundia
3138 1858 3215 1904 ex
3267 1843 3394 1919 ejus
3436 1841 3707 1918 pluribus

185 1938 254 1990 ut
295 1945 508 1990 sensus
541 1929 635 2003 sit,
670 1945 789 1990 non
819 1927 891 1989 de
924 1933 1106 1988 morte
1147 1927 1466 2004 temporali,
1499 1927 1599 1990 sed
1624 1927 1698 1989 de
1721 1935 1907 1989 morte
1995 1932 2245 2008 scriptis,
2275 1948 2412 2008 quae
2445 1939 2504 1993 et
2542 1932 2714 1993 hodie
2748 1937 3081 2008 supersunt,
3121 1937 3258 1996 nota
3284 1937 3391 1992 est.
3426 1930 3710 1994 Sanctitas

187 2017 367 2078 oiiicii
421 2023 475 2078 et
525 2019 842 2094 dignitatis,
887 2019 1122 2094 quando
1158 2017 1373 2078 scilicet
1404 2016 1769 2079 cardinalitio
1808 2020 1908 2080 ho-
1997 2025 2168 2100 cujus
2209 2025 2461 2100 insignis
2489 2025 2621 2097 fuit,
2662 2023 2817 2099 quod
2857 2024 2964 2086 diu
3006 2022 3317 2085 cardinalis
3358 2029 3416 2086 et
3457 2019 3710 2098 episcopi

188 2123 333 2167 nore
382 2109 638 2182 repulso,
691 2107 911 2168 mundo
963 2114 1018 2167 et
1062 2108 1187 2183 ejus
1224 2107 1450 2184 pompis
1493 2114 1757 2170 mortuus
1799 2114 1904 2172 est.
1997 2114 2278 2176 Ostiensis
2331 2131 2576 2176 munere
2626 2115 2884 2188 functus,
2945 2114 3200 2188 denique
3252 2119 3533 2188 pertaesus
3582 2111 3709 2186 ejus

185 2196 358 2270 Nam,
409 2197 564 2274 quod
591 2203 716 2272 post
752 2213 978 2256 annum
1025 2197 1156 2257 1072
1193 2196 1426 2269 vixerit,
1463 2196 1711 2271 probant
1746 2195 1795 2257 1e

2103 2222 2155 2276 θ,
2209 2205 2556 2266 Nazianzeni
2606 2203 2895 2279 exemplo,
2950 2201 3024 2262 ad
3082 2202 3328 2278 pristina
3375 2218 3438 2263 se
3491 2199 3713 2275 recepit

188 2288 378 2346 tiones
414 2287 562 2361 ejus,
591 2301 735 2362 quas
773 2285 958 2347 obivit
995 2293 1246 2362 tempore
1280 2285 1542 2361 Gregorii
1579 2302 1740 2362 papae
1774 2286 1906 2360 VII,
2000 2295 2418 2354 monachorum
2472 2293 2711 2363 studia;
2767 2292 2937 2366 cujus
2989 2289 3164 2352 etiam
3226 2290 3362 2352 facti
3423 2288 3710 2351 rationem

189 2376 292 2452 qui
323 2377 563 2437 nonnisi
587 2392 741 2436 anno
772 2377 908 2440 1073
933 2377 1195 2451 pontifex
1223 2376 1589 2440 renuntiatus
1616 2383 1720 2438 est.
1750 2375 1908 2438 illud
1999 2383 2293 2446 luculento
2319 2382 2530 2457 scripto
2565 2381 2834 2454 reddidit,
2871 2379 3145 2441 omnibus
3171 2379 3559 2441 manifestam,
3593 2376 3708 2439 Ta.

190 2473 412 2537 autem,
469 2465 625 2542 quod
680 2465 819 2526 dicit
887 2465 1245 2526 Trithemius
1301 2465 1652 2528 Damianum
1713 2466 1910 2542 Magni
1999 2471 2261 2534 cebimus
2308 2471 2492 2548 ergo?
2535 2470 2721 2533 Absit.
2763 2471 2960 2532 Restat
3003 2469 3164 2530 enim
3200 2475 3257 2530 et
3299 2471 3518 2530 factum
3560 2467 3713 2529 illud

190 2555 458 2629 Gregorii
495 2555 769 2614 antistitis
804 2553 1094 2630 exemplo,
1133 2572 1330 2618 amore
1368 2556 1580 2632 quietis
1610 2563 1666 2617 et
1700 2557 1909 2620 solitu-
1999 2564 2250 2640 insigne,
2315 2578 2420 2639 pro
2476 2577 2594 2637 quo
2660 2561 2758 2623 hic
2815 2561 3130 2623 cardinaiis
3183 2560 3389 2621 habitu
3445 2558 3712 2634 adpictus

192 2645 349 2708 diuis
387 2644 780 2720 episcOpatum
819 2642 1130 2718 dimisisse,
1169 2649 1224 2704 et
1253 2645 1325 2706 ad
1363 2647 1696 2708 cmnobium
1734 2662 1910 2708 suum
1999 2655 2282 2728 cemitur,
2319 2668 2483 2716 arma
2529 2652 2891 2727 episcopatus
2927 2650 3375 2712 mediolanensis
3414 2649 3481 2709 in
3517 2648 3712 2708 mani.

194 2750 496 2795 reversum
526 2733 704 2793 fuisse
731 2751 747 2805 3
779 2748 894 2793 Ποῖ]
919 2733 998 2794 ίῐᾶ
1027 2734 1186 2794 V911it
1211 2733 1675 2811 intelligendum,
1707 2744 1773 2797 ut
1801 2753 1912 2813 ρα-
1999 2747 2112 2808 bus
2129 2746 2340 2818 ferens,
2371 2748 2509 2805 sunt
2527 2748 2724 2804 autem
2746 2741 2869 2814 illa,
2897 2757 3108 2804 manus
3130 2739 3386 2802 hominis
3408 2737 3711 2813 ﬂagellum

193 2833 382 2888 temus
410 2824 803 2885 Trithemium
829 2824 900 2884 de
931 2822 989 2884 S.
1022 2824 1296 2901 Gregorio
1318 2825 1526 2902 Magno
1551 2843 1698 2904 papa
1723 2829 1803 2904 loc

2106 2835 2364 2900 reticulis
2388 2848 2634 2898 aureum
2657 2839 2860 2894 tenens
2883 2833 2948 2893 in
2977 2833 3299 2908 sanguineo
3326 2843 3583 2906 aequore.
3615 2828 3712 2889 Ni-

194 2916 292 2976 sed
323 2915 396 2975 de
426 2914 702 2991 Gregorio
733 2915 996 2991 episc0po
1021 2913 1400 2990 Nazianzeno,
1431 2917 1532 2994 qui
1560 2917 1761 2979 eodem
1793 2919 1912 2994 spi-
2001 2929 2196 2992 οοιαυε
2234 2942 2490 3004 namque
2525 2941 2672 3002 papa
2705 2924 2761 2986 II
2799 2923 3220 3002 rempublicam
3258 2922 3704 2998 compositurus,

193 3005 329 3080 ritu,
382 3021 504 3083 quo
541 3004 881 3079 Damianus,
923 3004 1216 3081 incensus,
1256 3005 1589 3085 episcopatu
1623 3008 1910 3085 abdicato,

194 3095 266 3157 ad
294 3095 616 3157 solitariam
647 3099 829 3160 vitam
857 3096 1128 3159 redierat.

927 3240 1163 3303 XXVII.

195 3328 364 3417 idem,
397 3352 565 3423 Ligni
594 3351 737 3412 Vita
775 3351 870 3410 lib.
911 3362 995 3418 III,
1025 3353 1126 3409 sub
1164 3355 1350 3410 octavo
1388 3352 1666 3411 Kalendas
1699 3354 1914 3412 Martii.

267 3465 568 3526 Faventiai
605 3465 884 3542 depositio
915 3465 975 3528 S.
1018 3466 1171 3528 Petri
1210 3467 1498 3543 Damiani,
1540 3476 1918 3544 cognomento

199 3552 542 3630 Peccatoris,
604 3554 662 3616 S.
717 3555 793 3617 It.
853 3555 917 3616 Ε.
974 3557 1288 3618 cardinalis
1345 3559 1734 3632 sanctissimi;
1791 3562 1915 3634 qui,

201 3657 334 3702 cum
375 3643 640 3703 arctioris
674 3643 808 3703 vitae
847 3644 1154 3715 desiderio,
1184 3645 1564 3706 cardinalatui
1601 3646 1918 3706 valedixis-

201 3741 302 3806 set,
337 3750 449 3794 nec
485 3733 664 3793 minis
709 3749 815 3793 nec
859 3732 1274 3796 blandimentis
1319 3753 1354 3795 a
1405 3736 1594 3812 primo
1635 3737 1918 3812 preposito

199 3823 372 3883 avelli
425 3824 632 3899 potuit.
687 3824 865 3900 Cujus
919 3825 1052 3886 facti
1098 3841 1229 3886 cum
1284 3843 1319 3887 a
1365 3843 1596 3888 summo
1648 3827 1918 3901 pontifice

200 3915 548 3975 charitativa
586 3915 977 3991 increpatione
1014 3922 1374 3990 argueretur,
1417 3919 1488 3977 ad
1528 3923 1643 3979 tres
1674 3918 1783 3978 sibi
1819 3918 1918 3980 in-

203 4006 386 4066 vicem
418 4007 837 4082 subsequentes
863 4008 1156 4068 Romanos
1198 4010 1501 4084 pontiﬁces
1537 4009 1919 4084 apologaticos

202 4097 401 4169 edidit,
435 4099 499 4157 in
534 4098 751 4174 quibus
779 4100 1142 4173 auctoritate,
1185 4101 1408 4163 ratione
1443 4109 1500 4162 et
1529 4103 1799 4177 exemplo
1830 4103 1918 4163 fa-

201 4193 356 4246 ctum
384 4203 566 4247 suum
597 4189 898 4252 humiliter
925 4206 1214 4251 excusans
1241 4192 1468 4253 animos
1496 4207 1696 4253 eorum
1737 4191 1922 4266 placa-

206 4278 304 4351 vit,
334 4286 392 4338 et
429 4280 516 4338 sic
553 4280 616 4339 in
644 4280 796 4341 bono
825 4298 995 4356 opere
1033 4298 1426 4356 perseverans,
1466 4283 1819 4343 obdormivit
1857 4284 1919 4345 in

204 4366 475 4428 Domino.
528 4369 703 4440 (Petri
759 4371 1076 4443 Damiani.)
1150 4371 1391 4433 Tabulae
1449 4372 1920 4433 Camalduienses

201 4457 272 4516 ad
312 4473 406 4516 me
466 4459 844 4532 transmissae,
882 4460 954 4526 de
999 4461 1215 4522 eodum
1251 4468 1434 4536 agunt
1470 4463 1580 4522 hac
1615 4461 1728 4522 die.
1774 4461 1920 4537 Ejus

204 4548 383 4608 vitam
413 4564 492 4608 ex
524 4548 626 4609 lib.
658 4565 696 4608 ν
722 4550 1067 4626 Hieronymi
1098 4550 1283 4612 Rubei
1316 4552 1576 4612 historim
1606 4552 1916 4612 Ravenna-

2002 3035 2138 3098 qum
2187 3017 2464 3079 maximis
2518 3015 2848 3090 perturbata
2899 3014 3330 3076 calamitatibus
3384 3013 3710 3088 plurimum

2003 3111 2389 3189 quatiebatur,
2433 3120 2587 3168 anno
2628 3107 2765 3168 1059
2805 3105 3047 3167 Petrum
3083 3103 3442 3166 Damianum
3488 3100 3712 3164 Medio-

1931 3237 1977 3299 c
2002 3202 2207 3262 ianum
2237 3198 2418 3273 misit,
2444 3203 2511 3259 ut
2546 3211 2677 3258 eam
2713 3195 3032 3301 Ecclesiam
3068 3193 3221 3301 male
3249 3192 3619 3301 sentientem,
3658 3196 3715 3253 et

2002 3289 2125 3366 jam
2151 3306 2186 3350 a
2213 3288 2480 3351 ducentis
2505 3287 2680 3348 annis
2705 3301 2742 3346 a
2769 3285 3032 3347 Romana
3057 3284 3390 3358 abductam,
3421 3288 3479 3344 et
3505 3282 3722 3343 discre-

2007 3386 2264 3456 pantem,
2312 3378 2745 3452 simoniacaque
2780 3377 2910 3438 labe
2951 3382 3009 3436 et
3052 3373 3469 3436 Nicoiaitarum
3505 3371 3716 3434 haresl

2008 3469 2308 3543 infectam,
2357 3484 2494 3532 cum
2555 3467 2817 3528 Romana
2867 3463 3216 3537 conciliaret,
3271 3469 3329 3524 et
3381 3463 3447 3523 in
3503 3466 3718 3522 rectam

2009 3560 2357 3620 sententiam
2392 3558 2720 3620 deduceret.
2751 3555 2957 3616 Petrus
2991 3557 3303 3616 convocato
3328 3551 3393 3614 in
3430 3552 3718 3627 templum

2009 3651 2245 3727 populo,
2275 3651 2356 3710 ita
2381 3649 2714 3726 prudenter,
2747 3645 3077 3721 leniterque
3106 3659 3308 3706 eorum
3337 3643 3565 3705 animos
3605 3649 3722 3703 tra-

2008 3743 2203 3814 ctavit,
2253 3747 2321 3801 ut
2367 3740 2600 3801 tandem
2645 3739 2708 3801 in
2751 3739 2880 3814 ejus
2929 3738 3274 3799 sententiam
3327 3735 3716 3811 discesserint,

2007 3829 2452 3906 apostolicaeque
2511 3827 2634 3889 sedi
2691 3844 2892 3904 parere
2946 3842 3319 3905 nequaquam
3381 3825 3715 3888 abnuerint.

2009 3921 2242 3983 Primus
2285 3919 2646 3981 solemnibus
2685 3918 2880 3979 verbis
2916 3915 3100 3980 Wido
3145 3915 3615 3993 archiepiscopus
3659 3914 3719 3975 id

2009 4012 2308 4088 professus
2345 4017 2451 4085 est,
2502 4008 2996 4085 simoniacamque
3037 4011 3093 4067 et
3133 4004 3551 4067 Nicolaitarum
3595 4003 3724 4064 bte-

2010 4104 2186 4164 resim
2233 4116 2427 4164 coram
2469 4100 2747 4163 omnibus
2789 4100 3137 4172 detestatus;
3175 4097 3316 4159 inde
3356 4095 3552 4157 clerici
3592 4109 3720 4158 om-

2011 4211 2135 4257 nes.
2176 4194 2661 4270 Archiepiscopus
2697 4192 2759 4252 in
2800 4196 3012 4252 terram
3065 4190 3380 4267 projectus,
3418 4186 3721 4265 piaculum

2011 4283 2246 4360 injungi
2272 4282 2386 4344 sibi
2412 4281 2743 4358 postulavit.
2779 4280 3027 4342 Centum
3053 4294 3348 4341 annorum
3379 4276 3584 4339 Petrus
3617 4275 3726 4337 im-

2010 4372 2225 4447 posuit,
2254 4370 2431 4446 idque
2459 4369 2670 4430 redimi
2697 4385 2885 4444 posse,
2915 4374 3068 4430 certa
3091 4368 3342 4446 pecunia
3367 4367 3434 4428 in
3462 4365 3731 4443 singulos

2009 4475 2194 4521 annos
2222 4458 2431 4533 soluta,
2461 4458 2680 4532 voluit;
2713 4457 2908 4518 clerici
2936 4458 3183 4518 diversis
3223 4457 3296 4518 in.
3323 4459 3442 4518 vita
3479 4457 3726 4533 jejuniis

2011 4550 2267 4624 obligati.
2296 4550 2542 4610 Exstant
2581 4549 2654 4608 de
2690 4548 2798 4608 hac
2833 4563 2896 4607 re
2925 4547 3110 4622 ipsius
3141 4546 3317 4620 Petri,
3357 4544 3461 4621 qui
3499 4559 3562 4605 se
3589 4561 3724 4620 peo-

205 4637 274 4697 tis
302 4639 477 4698 affert
508 4608 1721 4712 Maeander,
2302 4608 2522 4714 ubi—que
2570 4637 2849 4710 nominat,
2907 4608 2979 4696 ad
3028 4608 3333 4697 Nicolaum
3377 4608 3611 4710 papam:
3667 4637 3729 4694 et

204 4729 309 4788 hac
359 4729 478 4800 die,
533 4745 711 4805 quam
763 4730 954 4792 fusius
1007 4736 1206 4792 tractat
1256 4733 1509 4793 domnus
1552 4731 1922 4806 Augustinus

206 4818 529 4882 Fortuuius
565 4819 626 4879 in
668 4833 711 4878 II
748 4826 908 4895 parte
942 4821 1219 4882 Historia)
1249 4821 1598 4894 Gamaidul.,
1649 4822 1747 4881 lib.
1792 4839 1848 4892 v,
1887 4837 1922 4880 a

206 4924 324 4983 mp.
359 4909 396 4968 6
434 4908 508 4967 ad
547 4909 631 4967 14.
665 4909 746 4968 De
783 4926 850 4970 eo
883 4911 1023 4971 item
1051 4911 1170 4972 Leo
1208 4911 1488 4972 Ostiensis
1523 4912 1828 4988 cpiscopus
1855 4912 1920 4972 in

206 4999 491 5058 Chronico
530 4997 850 5072 Casinensi,
891 5000 993 5060 lib.
1029 5014 1088 5072 II,
1122 5017 1245 5077 cap.
1291 5001 1413 5062 102.
1457 5002 1818 5063 Trithemius
1851 5003 1924 5062 de

207 5088 346 5147 viris
391 5088 608 5147 illustr.
647 5089 772 5148 0rd.
813 5090 997 5150 sancti
1036 5091 1277 5164 Bened.,
1319 5091 1421 5151 lib.
1461 5104 1523 5162 II,
1568 5107 1695 5166 cap.
1735 5091 1824 5162 93,
1866 5096 1923 5150 et

207 5177 304 5236 lib.
344 5188 428 5249 Iv,
479 5193 605 5251 cap.
635 5178 733 5251 '35,
789 5185 844 5239 et
871 5179 973 5240 alii
1027 5180 1262 5241 inﬁniti.
1315 5181 1448 5241 Fuit
1499 5189 1693 5242 autem
1734 5181 1922 5256 primo

206 5269 531 5328 monachus
570 5267 630 5328 S.
664 5269 935 5338 Andreae,
973 5270 1128 5346 quod
1161 5287 1321 5332 nunc
1359 5278 1575 5332 sanctae
1615 5272 1815 5332 Crucis
1853 5271 1924 5331 de

205 5358 486 5417 Avellana
539 5363 930 5432 nuncupatur,
984 5359 1205 5419 ordinis
1257 5361 1438 5420 sancti
1484 5360 1803 5432 Benedicti,
1859 5368 1924 5420 ut

207 5447 447 5522 ipsemet
505 5452 744 5508 testatur
793 5449 856 5510 in
910 5465 1176 5511 sermone
1221 5450 1293 5509 de
1342 5457 1537 5510 sancto
1590 5449 1921 5521 Benedicto,

209 5538 303 5612 qui
329 5544 526 5598 exstat
554 5537 619 5598 in
646 5543 800 5598 tomo
826 5537 927 5600 VII
956 5538 1250 5600 Mosandri
1273 5541 1346 5600 ad
1367 5540 1634 5614 Surium,
1663 5539 1766 5600 ubi
1787 5555 1924 5600 eum

212 5635 429 5701 patrem
456 5635 517 5688 et
542 5627 888 5704 magistrum
917 5644 1096 5692 suum
1122 5627 1405 5690 nominat.
1438 5630 1592 5690 Obiit
1628 5627 1925 5689 Faventim

215 5734 362 5782 anno
405 5721 565 5786 1080.
602 5720 683 5782 De
719 5721 962 5796 reliquis
1000 5723 1128 5798 ejus
1165 5722 1340 5786 rebus
1370 5723 1545 5800 gestis
1581 5721 1714 5784 vide
1749 5735 1922 5796 supra

2011 4729 2230 4790 Nieoiai
2261 4730 2332 4788 ad
2361 4729 2557 4804 ipsum
2582 4728 2862 4805 epistolae,
2899 4729 2963 4787 in
2990 4726 3094 4788 lib.
3125 4741 3163 4787 v
3192 4722 3468 4786 Historiae
3498 4722 3725 4784 Raven-

2009 4820 2163 4880 natis
2203 4820 2545 4896 Hieronymi
2582 4819 2792 4891 Rubei,
2833 4833 2910 4878 ex
2947 4832 3065 4893 quo
3102 4815 3229 4876 haec
3265 4813 3722 4889 desumpsimus.

2011 4910 2179 4970 Hanc
2226 4911 2512 4971 actionem
2554 4925 2590 4969 a
2637 4908 2802 4970 Petro
2847 4907 3126 4969 Damiano
3169 4907 3378 4967 factam
3419 4905 3726 4966 confirmat

2011 5005 2068 5060 et
2115 4997 2334 5061 Paulus
2369 4998 2632 5074 Morigia,
2674 4999 2756 5059 De
2794 4998 2937 5073 orig.
2989 4997 3180 5072 relig.,
3225 4996 3330 5055 lib.
3372 5006 3414 5068 I,
3458 5009 3589 5070 cap.
3631 4993 3727 5068 58,

2012 5095 2072 5150 et
2111 5090 2212 5148 alii
2257 5088 2621 5160 recentiores,
2675 5087 2906 5147 diverso
2956 5092 3152 5146 tamen
3205 5083 3376 5145 modo
3425 5081 3723 5146 nonnulli.

2015 5178 2273 5239 Gloriam
2299 5179 2458 5237 enim
2481 5191 2716 5237 omnem
2740 5177 3007 5253 rejiciunt
3034 5175 3096 5233 in
3128 5174 3494 5250 Stephanum
3517 5188 3726 5251 papam

2016 5270 2087 5340 X,
2117 5269 2338 5328 dictum
2369 5267 2468 5340 IX,
2502 5283 2679 5342 quem
2709 5265 2890 5340 hujus
2918 5263 3406 5326 reconciliationis
3430 5271 3726 5327 auctorem

2018 5359 2258 5422 faciunt.
2292 5358 2403 5418 Sed
2431 5373 2634 5417 eorum
2661 5357 2811 5416 hanc
2839 5357 3187 5415 sententiam
3223 5356 3306 5416 sic
3331 5354 3728 5432 accipiendam

2019 5465 2245 5520 censeo,
2283 5454 2348 5508 ut
2384 5447 2647 5507 dicamus
2679 5446 3037 5522 Stephanum
3081 5447 3320 5522 quidem
3362 5447 3514 5508 hanc
3548 5447 3730 5508 actio-

2020 5558 2154 5602 nem
2190 5540 2517 5615 iucmpisse,
2549 5539 2648 5599 sed
2673 5538 2748 5599 ob
2773 5538 2910 5599 vita:
2940 5535 3280 5599 brevitatem
3305 5541 3582 5614 perlicere
3609 5551 3729 5597 non

2023 5630 2295 5706 potuisse,
2347 5643 2482 5706 qua:
2528 5625 2916 5702 pastmodum,
2967 5641 3036 5686 eo
3079 5633 3328 5701 mortuo,
3374 5625 3460 5687 sic
3492 5625 3730 5698 iubente

2023 5718 2257 5782 Nicolao
2293 5715 2346 5778 Π
2376 5717 2502 5792 ejus
2525 5732 2873 5793 successore,
2902 5733 2938 5781 a
2965 5716 3132 5784 Petro
3170 5715 3453 5783 Damiano
3490 5715 3562 5776 ad
3598 5727 3727 5790 per-
