4078 6202
330 301 434 361 199
1260 299 1320 358 S.
1364 297 1655 357 PETRUS
1695 293 1934 353 DAMIA

2245 292 2302 348 Β.
2344 289 2410 348 Ε.
2452 286 2929 346 CARDINALIS.
3740 286 3855 346 200

332 429 544 487 fectum
573 425 807 483 reducta
840 430 943 496 est,
972 431 1037 484 ut
1069 423 1367 484 fusissime
1396 422 1646 481 ostendit
1678 421 1799 494 ipse
1838 419 2207 477 PetrusAre.
2244 415 2433 473 Vitam
2468 415 2526 473 S.
2559 411 2867 472 Romualdi
2901 410 3143 480 abbatis,
3183 408 3247 466 19
3290 408 3474 468 Junii.
3507 409 3587 468 De
3617 408 3678 466 S.
3725 409 3853 467 Ma-

327 517 392 576 in
459 520 726 585 tractatu,
791 495 965 586 quem
1042 512 1366 587 composuit
1428 511 1509 570 De
1573 507 2045 569 reconciliatione
2127 503 2213 561 ria
2240 502 2599 576 Magdalena.
2641 501 2722 559 De
2757 499 2815 559 8.
2853 498 3090 559 Buﬂino
3125 501 3405 587 martyre.
3448 495 3750 587 Hymnum
3780 498 3857 587 de

333 604 586 679 episcOpi
625 585 1072 663 Mediolanensis
1102 585 1398 672 Widonis,
1428 599 1529 674 qui
1569 605 1652 657 est
1692 613 1798 656 ms.
1839 596 1903 653 in
1953 595 2043 653 bi-
2128 592 2349 650 eodem.
2410 591 2602 649 Vitam
2657 588 2715 648 8.
2768 587 3059 647 Dominici
3110 585 3388 679 Loricati,
3424 586 3512 679 _t4
3571 585 3855 679 Octobris.

335 675 625 753 bliotheca
653 692 972 751 Casinensi.
1470 730 1475 733 -
2129 683 2210 743 De
2249 682 2523 742 omnibus
2569 679 2803 739 sanctis.
2843 679 2926 736 De
2978 679 3038 737 8.
3087 678 3341 746 Andrea,
3388 675 3542 736 alius
3593 677 3664 735 ab
3725 677 3852 748 illo,

405 783 551 843 Cum
583 788 776 843 autem
807 786 955 840 esset
992 781 1082 840 vir
1114 781 1175 839 in
1217 778 1434 837 divinis
1474 775 1794 852 Scripturis
1822 772 2046 835 studio-
2129 773 2230 849 qui
2261 779 2345 830 est
2387 773 2448 831 in
2481 785 2564 830 VII
2594 779 2766 830 tomo.
2822 768 2904 827 De
2941 768 3166 837 eodem,
3217 768 3475 841 hymnus
3517 767 3851 840 sapphicus.

335 889 435 933 sus
461 877 518 931 et
541 872 831 943 eruditus,
862 871 1233 931 saecularium
1268 869 1589 926 litterarum
1632 881 1746 924 non
1787 866 2046 938 ignarus,

336 961 573 1036 ingenio
611 961 769 1020 mitis
801 966 854 1018 et
892 968 1116 1032 acutus,
1148 958 1380 1032 eloquio
1415 955 1695 1030 placidus,
1729 959 1785 1011 et
1817 967 2049 1026 compo-

337 1055 482 1113 situs
516 1057 572 1111 et
596 1052 668 1110 ad
699 1051 1172 1126 persuadendum
1198 1047 1462 1117 idoneus,
1495 1046 1679 1105 multa
1701 1059 1873 1118 opera
1894 1058 2047 1101 com-

342 1142 536 1218 posuit
565 1140 680 1216 piis
718 1141 1014 1200 mentibus
1054 1140 1222 1198 valde
1264 1137 1450 1208 utilia,
1489 1150 1740 1209 quorum
1770 1130 2051 1193 nonnulla

339 1234 462 1307 jam
487 1249 702 1291 excusa
730 1239 884 1302 sunt,
911 1231 1026 1288 alia
1056 1244 1191 1288 vero
1213 1233 1441 1287 exstant
1468 1241 1572 1284 suo
1603 1231 1856 1298 tempore
1881 1222 2051 1280 etiam

346 1320 707 1380 excudenda.
749 1319 832 1377 De
871 1318 1108 1377 excusis
1150 1317 1404 1391 subjecta
1457 1314 1576 1372 vidi
1614 1332 1626 1370 :
1673 1313 1753 1370 De
1782 1308 2056 1368 ecclesia-

347 1411 488 1469 stica
514 1409 901 1480 institutione,
931 1414 986 1465 et
1018 1406 1347 1466 simoniaca:
1379 1405 1664 1461 timreseos
1705 1397 2055 1458 confutatio-

2133 865 2213 923 De
2276 864 2477 936 vigilia
2530 860 2882 920 Nativitatis.
2945 860 3026 920 De
3091 857 3400 916 Nativitate
3457 858 3712 916 Domini.
3771 859 3857 916 De

2135 953 2196 1012 8.
2229 953 2576 1011 Barbatiano
2601 950 2949 1009 confessore.
2985 947 3061 1006 Hi
3085 965 3287 1007 omnes
3317 963 3612 1006 sermones
3647 949 3857 1006 excusi

2136 1050 2272 1101 sunt
2301 1041 2556 1100 Colonia:
2583 1040 2645 1098 in
2674 1039 2819 1097 Vitis
2856 1037 3203 1096 Sanctorum
3241 1036 3442 1107 Surii;
3482 1044 3536 1094 et
3568 1035 3856 1104 Venetiis,

2135 1133 2198 1190 in
2238 1131 2398 1190 folio.
2467 1131 2750 1203 Epistolas
2808 1127 3069 1203 ejusdem
3110 1125 3443 1202 quindecim
3482 1126 3552 1184 ad
3594 1126 3860 1184 diversos

2136 1224 2452 1296 impressas
2483 1219 2605 1278 vidi
2637 1217 2889 1286 Parisiis,
2923 1217 2985 1274 in
3016 1217 3176 1289 folio,
3206 1216 3269 1274 in
3301 1223 3468 1274 tomo
3493 1215 3600 1274 VII
3632 1215 3859 1274 Biblio-

2142 1313 2327 1368 thecee
2361 1308 2464 1368 SS.
2500 1308 2747 1366 Patrum
2777 1306 3090 1380 Margarini
3120 1307 3190 1365 de
3215 1305 3268 1363 la
3299 1304 3499 1379 Pigne.

2213 1401 2293 1459 De
2327 1400 2493 1459 finali
2533 1399 2759 1458 Judicio
2790 1417 2801 1456 :
2841 1398 2968 1456 Non
3003 1398 3206 1471 ignoro
3239 1397 3377 1472 quia
3413 1413 3575 1458 cum.
3607 1397 3686 1456 De
3721 1398 3860 1458 doc-

346 1498 569 1569 ne,lib.
611 1510 651 1568 I,
681 1498 783 1571 qui
815 1511 1068 1554 excnsus
1095 1502 1178 1552 est
1207 1493 1461 1552 Colonia:
1499 1490 1650 1564 apud
1681 1487 2052 1562 Gymnicum,
2143 1490 2298 1547 trina
2348 1487 2742 1547 novitiorum:
2821 1486 3005 1545 Rudis
3077 1487 3206 1545 tiro.
3284 1486 3714 1546 Consolatorius
3786 1488 3860 1546 ad

344 1604 478 1646 cum
527 1586 714 1645 tribus
754 1584 1016 1659 Prosperi
1057 1584 1241 1654 libris,
1290 1583 1351 1640 in
1381 1583 1452 1654 8;
1487 1587 1541 1638 et
1578 1581 1717 1638 item
1767 1577 1826 1636 in
1879 1577 2056 1634 Flan-
2145 1585 2427 1653 zegrotum
2464 1597 2477 1636 :
2514 1576 2743 1650 Rogasti
2780 1591 2889 1633 me.
2935 1577 3022 1634 Ad
3049 1576 3423 1635 ambitiosum
3457 1579 3808 1638 monachum
3843 1599 3856 1638 :

344 1677 494 1746 dria,
521 1675 619 1733 sed
651 1675 814 1732 locus
834 1675 956 1748 jam
988 1672 1225 1743 excidit,
1256 1687 1392 1730 cum
1424 1670 1556 1729 aliis
1590 1667 1853 1742 ejusdem
1879 1681 2058 1738 argu-
2146 1667 2362 1741 Dignas
2417 1666 2637 1724 auctori
2692 1665 2998 1726 bonorum.
3047 1666 3130 1725 De
3168 1667 3536 1736 correctione,
3585 1685 3760 1742 quam
3787 1669 3862 1727 sit
3923 1661 3926 1664 ’

347 1765 550 1825 menti.
618 1764 701 1823 De
773 1763 1119 1821 excellentia
1189 1762 1369 1820 sancti
1451 1758 1692 1817 Joannis
1763 1756 2340 1842 BaptistaB,Butilis:
2373 1756 2594 1830 Exigis,
2639 1756 2744 1813 fili.
2796 1756 2876 1814 De
2921 1756 3229 1815 Nativitate
3273 1756 3863 1818 DominizCharitati

348 1855 620 1916 homilias
658 1854 826 1924 duaS,
881 1868 1129 1911 excusas
1171 1850 1428 1910 (Ιοῖοῐιῖέῠ
1474 1849 1626 1921 δρυᾱ
1680 1845 2053 1920 (ἦτῐῐὶηίευῐηο
2144 1861 2372 1916 vestrm.
2415 1853 2497 1910 De
2531 1852 2588 1912 S.
2621 1851 2844 1910 Joanne
2883 1851 3276 1925 evangelista:
3314 1851 3606 1921 Quantum
3641 1857 3859 1909 autem.

349 1935 2061 2012 Dominusvobiscum,lib.t,idest,utrumsolitariusorans
2146 1946 2229 2004 De
2263 1945 2461 2017 vigilia
2495 1942 2553 2001 S,
2591 1942 2654 2000 Ρ,
2698 1941 2766 1999 Ν,
2810 1940 3101 1999 Benedicti
3136 1960 3148 1998 ;
3191 1941 3467 2014 Vigiliam
3501 1942 3738 2015 egregii,
3783 1943 3864 2001 De

349 2033 523 2091 horas
552 2030 877 2100 canonicas,
917 2029 1121 2088 debeat
1151 2029 1321 2086 etiam
1351 2027 1539 2086 dicere
1567 2024 1850 2083 Dominus
1876 2022 2064 2082 vobis-
2146 2050 2311 2093 ςωηει
2338 2032 2569 2091 Domini
2602 2050 2614 2088 ε
2647 2031 2834 2090 Hodie
2881 2047 3108 2090 sacrum
3148 2031 3418 2091 chrisma,
3461 2032 3542 2090 De
3589 2032 3646 2091 ε,
3685 2033 3862 2091 J03“-

349 2137 506 2192 cum,
537 2118 771 2196 quando
807 2133 981 2177 nemo
1011 2118 1104 2189 sit,
1137 2119 1241 2191 qui
1277 2117 1631 2190 respondeat.
1667 2114 1775 2170 Hic
1813 2113 1959 2186 impr

2271 2122 2570 2197 Baptista:
2619 2120 2913 2179 Hodierna
2964 2120 3265 2178 festivitas.
3326 2120 3406 2178 De
3460 2121 3518 2179 8.
3579 2122 3863 2183 Anthimo

351 2226 455 2269 sus
493 2213 579 2267 est
610 2206 868 2265 Venetiis
905 2206 1060 2278 aPlld
1107 2205 1382 2263 ΖίΙΙθῐυιΠ
1416 2203 1570 2272 1572,
1607 2202 1666 2259 in
1705 2202 1782 2258 3°-
1819 2199 2063 2273 SPBCUIO
2149 2220 2444 2286 martyre:
2481 2211 2626 2270 Cum
2654 2210 2804 2267 beati
2837 2210 3124 2268 Anthimi.
3155 2211 3233 2268 De
3261 2208 3362 2268 SS.
3399 2210 3565 2269 Flora
3593 2218 3648 2269 et
3678 2213 3866 2271 Lucil-

351 2301 567 2372 missae,
607 2303 662 2357 et
701 2298 904 2357 Romae
959 2312 1100 2355 cum
1138 2295 1272 2353 aliis
1310 2293 1688 2367 scriptoribus
1723 2291 1794 2349 de
1845 2290 1961 2349 divi

2277 2301 2664 2370 Gaudeamus,
2700 2300 2919 2357 fratres.
2955 2299 3037 2357 De
3066 2298 3283 2358 eisdem
3315 2323 3328 2356 :
3371 2300 3567 2371 Adest,
3606 2300 3865 2360 dilectis-

352 2391 575 2460 Ofﬁciis.
616 2404 770 2446 anno
804 2386 960 2456 1591,
1001 2387 1062 2444 in
1108 2385 1265 2443 fOIiO-
1299 2384 1380 2441 De
1410 2381 1740 2457 Epiphania
1779 2378 2010 2438 Domini
2045 2396 2058 2435 ε
2149 2389 2304 2447 simi.
2337 2389 2418 2446 De
2462 2393 2655 2445 sancto
2689 2384 2978 2458 Stephano
3008 2402 3152 2460 papa
3184 2392 3239 2445 et
3280 2393 3568 2463 martyre:
3603 2388 3866 2447 Audistis

357 2478 502 2536 Cum
542 2483 713 2535 natus
747 2482 912 2533 esset.
962 2475 1096 2532 Vita
1133 2475 1316 2533 sancti
1362 2475 1550 2532 Mauri
1588 2472 1839 2547 episcopi
1870 2473 2060 2529 Caese-
2148 2477 2340 2536 hodie,
2371 2477 2453 2535 De
2483 2482 2678 2534 sancto
2702 2475 2922 2534 Donato
2951 2476 3216 2548 episcopo
3248 2482 3304 2534 et
3339 2486 3629 2551 martyre:
3664 2478 3863 2551 Adest,

351 2583 487 2626 nae:
536 2567 861 2638 Cupientes.
899 2564 979 2621 De
1031 2565 1401 2623 translatione
1449 2564 1630 2622 sancti
1684 2561 1895 2620 Hilarii
1942 2561 2062 2635 epi-
2151 2565 2541 2624 dilectissimi.
2564 2564 2645 2622 De
2692 2563 2748 2623 S.
2783 2564 3202 2623 Bartholomaeo
3231 2565 3530 2639 apostolo:
3566 2567 3865 2626 Hodierna

354 2654 554 2728 scopi:
613 2652 1004 2724 Gaudeamus,
1073 2658 1128 2710 et
1181 2651 1561 2711 exsultemus.
1631 2651 1713 2708 De
1762 2649 1964 2707 Domin

2261 2655 2452 2714 ivitas.
2501 2653 2583 2712 De
2631 2660 2830 2712 sancto
2879 2653 3117 2712 Buﬂino
3149 2663 3436 2730 martyre:
3485 2655 3694 2726 Nostis,
3744 2659 3867 2714 fra-

356 2744 733 2803 Palmarum:
775 2740 922 2800 Cum
960 2744 1495 2816 apprOpinquasset.
1539 2741 1619 2798 De
1653 2746 1849 2798 sancto
1889 2738 2066 2797 Eleu-
2153 2752 2286 2803 tres.
2343 2744 2424 2802 De
2491 2743 2789 2800 nativitate
2842 2743 2906 2800 B.
2964 2743 3166 2816 Marias
3232 2744 3525 2817 virginis:
3583 2744 3868 2802 Nativitas

355 2834 560 2892 chadio
587 2831 887 2905 episcopo:
926 2830 1220 2889 Hodierna
1263 2831 1562 2889 festivitas.
1605 2830 1684 2888 De
1725 2835 1922 2886 sancto
1963 2826 2066 2885 Se-
2154 2835 2454 2894 hodierna.
2489 2831 2570 2890 De
2604 2829 2665 2890 8.
2707 2831 2865 2890 Luca
2903 2832 3297 2905 evangelista:
3341 2833 3489 2903 Quia
3528 2849 3629 2907 per
3670 2834 3867 2891 Evan-

357 2939 492 2982 vero
519 2921 791 2996 episcopo
823 2945 836 2978 :
885 2921 1147 2979 Audistis
1177 2922 1396 2978 fratres.
1430 2921 1577 2978 Citat
1615 2927 1674 2978 et
1711 2919 1893 2977 alium
1941 2918 2066 2977 Mo-
2153 2923 2392 2998 gelium.
2433 2922 2516 2980 De
2557 2920 2614 2979 8.
2663 2919 2859 2978 Fidele
2889 2926 3145 2992 martyre
3181 2945 3193 2978 :
3233 2920 3444 2993 Nostis,
3485 2923 3687 2979 fratres
3726 2923 3869 2979 cha-

356 3013 526 3071 Ianus
545 3009 639 3068 die
666 3022 686 3067 Ι
716 3009 852 3068 Feb.
880 3009 978 3068 sed
999 3010 1261 3068 nondum
1281 3024 1534 3068 excusus
1556 3015 1659 3066 est.
1694 3007 1774 3066 De
1809 3006 1867 3066 8.
1900 3006 1963 3064 Ρ.
1993 3005 2062 3064 N.

357 3099 666 3160 Benedicto
701 3117 715 3155 :
757 3098 920 3156 Dixit
958 3096 1158 3156 Simon
1200 3099 1418 3158 Petrus.
1459 3098 1539 3156 De
1577 3113 1743 3156 omna
1786 3095 2017 3154 Domini
2050 3115 2062 3153 :

358 3188 544 3247 Hodie
601 3188 806 3244 fratres
867 3186 1213 3244 charissimi.
1274 3187 1355 3243 De
1407 3185 1854 3262 annuntiatione
1917 3183 2069 3240 divas

359 3277 577 3335 Mariae.
617 3275 699 3334 De
733 3275 1153 3334 resurrectione
1188 3273 1467 3333 Domini:
1510 3274 1804 3332 Postulavi
1845 3273 2068 3330 Patrem

359 3381 578 3425 meum.
619 3364 701 3424 De
736 3372 933 3424 sancto
966 3364 1209 3438 Georgio
1252 3372 1504 3439 martyre
1533 3387 1544 3424 :
1574 3365 1871 3424 Hodierna
1912 3364 2070 3422 festi-

357 3454 528 3512 vitas.
583 3451 840 3526 Epistola
892 3453 963 3511 de
1026 3452 1158 3510 Vita
1216 3452 1397 3510 sancti
1468 3447 1765 3526 Rodulphi
1823 3451 2071 3525 episc0pi

359 3539 681 3613 Eugubini,
722 3540 959 3600 domino
1009 3541 1362 3599 Alexandro.
1404 3542 1486 3599 De
1527 3540 1585 3600 S.
1629 3541 1796 3599 Petro
1847 3545 2072 3614 aposto-

357 3629 415 3689 lo
450 3650 462 3688 :
496 3630 964 3689 Adolescentula:
993 3630 1351 3689 dilexerunt.
1385 3631 1468 3689 De
1501 3629 1604 3689 SS.
1637 3630 1802 3688 Petro
1833 3636 1888 3688 et
1921 3629 2074 3687 Pau-

357 3719 449 3778 lo:
482 3719 773 3779 Hodierna
810 3721 952 3779 dies.
993 3721 1074 3778 De
1114 3720 1173 3778 S.
1216 3720 1548 3794 Apollinare
1582 3741 1594 3780 :
1629 3721 1923 3780 Hodierna
1959 3719 2073 3790 die,

356 3806 581 3864 fratres.
609 3807 779 3864 Alius
806 3806 878 3864 de
911 3806 970 3865 S.
1004 3807 1344 3880 Apollinare
1375 3827 1387 3863 :
1428 3808 1741 3882 Apostolici
1784 3807 2072 3880 martyris.

360 3894 533 3952 Alius
563 3893 633 3951 de
665 3893 906 3952 eodem:
951 3896 1309 3954 Audivimus
1355 3897 1546 3954 hodie.
1594 3897 1674 3954 De
1715 3904 1909 3954 sancto
1937 3897 2074 3954 Cas«

361 3983 526 4045 siano
552 3989 804 4057 martyre
832 4007 846 4041 :
885 3983 1287 4042 Admirabilis.
1321 3985 1417 4042 De.
1440 3985 1834 4059 assumptione
1859 3985 1924 4044 B.
1955 3986 2076 4044 Ma-

362 4074 465 4132 ria:
518 4097 532 4132 :
601 4073 710 4131 Hic
765 4078 952 4133 totum
1001 4073 1266 4132 decurrat
1314 4075 1626 4148 sapphicus
1697 4077 1956 4149 hymnus
2009 4077 2080 4134 de

364 4163 567 4220 eadem
593 4163 765 4220 :item
793 4168 848 4220 et
867 4162 970 4220 alii
1002 4179 1207 4221 versus
1238 4171 1292 4221 et
1329 4164 1613 4238 rhythmi.
1649 4164 1712 4221 D.
1747 4164 1806 4224 S.
1837 4165 2078 4224 Bartho-

364 4251 574 4309 lomaeo
611 4250 868 4323 apostolo
899 4269 911 4307 :
948 4250 1266 4322 Lmtamur,
1295 4261 1348 4310 et
1398 4254 1732 4327 gloriamur.
1766 4256 1844 4314 De
1883 4254 1940 4314 S.
1975 4253 2081 4311 Vi-

366 4349 556 4398 ctore:
589 4339 699 4398 Hic
728 4339 827 4398 ille
853 4355 1119 4414 magnus.
1161 4343 1243 4401 De
1283 4344 1342 4402 S.
1385 4343 1662 4402 Michaele
1699 4343 2076 4417 archangelo:

365 4431 529 4490 Circa
555 4447 754 4490 rerum
783 4433 1076 4491 cardinem
1118 4451 1439 4495 versamur.
1485 4436 1564 4493 De
1597 4435 1653 4495 8.
1691 4436 1884 4494 Fidele
1926 4453 2076 4494 mar-

365 4527 509 4596 tyre,
550 4536 739 4579 sermo
777 4522 1110 4594 historicus,
1151 4523 1220 4582 28
1260 4523 1520 4583 Octobris
1555 4550 1566 4582 :
1612 4524 1822 4596 Nostis,
1882 4502 2146 4583 fratresD

364 4613 713 4672 charissimi.
746 4613 828 4671 De
859 4614 1082 4688 eodem,
1128 4617 1404 4690 hymnus.
1449 4617 1530 4674 De
1577 4616 1635 4676 S.
1678 4618 1925 4677 Martino
1959 4619 2079 4692 epi-

365 4717 572 4775 scopo:
615 4702 839 4762 Nobilis
879 4703 978 4762 ille
1017 4707 1329 4764 confessor.
1379 4707 1457 4764 De
1499 4706 1555 4765 S.
1589 4706 1827 4764 Andrea
1854 4715 2082 4781 aposto-

367 4793 460 4851 lo:
493 4791 700 4864 Hodie,
737 4793 943 4851 fratres
980 4793 1328 4853 charissimi.
1369 4797 1450 4853 De
1486 4795 1543 4853 S.
1586 4795 1823 4854 Nicolao
1861 4795 2080 4870 episco-

365 4899 476 4957 po:
519 4884 792 4944 Nicolaus
830 4884 937 4944 iste
973 4902 1158 4945 meus.
1190 4887 1272 4944 De
1313 4887 1370 4945 8.
1418 4887 1716 4961 Stephano
1746 4892 2076 4961 protomart.

367 4973 576 5033 Adhuc
633 4975 822 5034 filiuni
882 4974 1150 5049 virginis.
1205 4976 1288 5036 De
1334 4977 1677 5036 excellentia
1733 4976 1790 5036 S.
1841 4977 2082 5035 Joannis

367 5066 778 5137 evangelistaa:
829 5066 1037 5138 Hodie,
1087 5068 1472 5126 dilectissimi.
1517 5069 1599 5126 De
1645 5069 1888 5128 eodem:
1934 5068 2083 5128 Gau-

369 5153 631 5224 deamus,
676 5157 900 5216 fratres.
948 5158 1031 5215 De
1070 5157 1427 5216 dedicatione
1468 5157 1750 5229 ecclesiae,
1799 5165 1914 5215 tres
1960 5174 2080 5216 ser-

369 5255 613 5299 mones:
681 5244 730 5314 1,
766 5242 896 5303 Post
935 5260 1207 5318 crucem;
1253 5246 1309 5317 2,
1359 5245 1604 5304 Immola
1641 5247 1796 5314 Deo;
1834 5246 1884 5316 3,
1929 5246 2083 5304 Fecit

373 5331 527 5390 Deus
582 5332 698 5390 duo
750 5351 980 5408 magna.
1033 5337 1115 5396 De
1139 5338 1502 5412 quibusdam
1540 5337 1838 5398 miraculis
1888 5345 2083 5398 tracta-

369 5425 464 5478 tus
491 5443 504 5478 :
537 5419 684 5479 Cum
709 5423 772 5480 in
797 5439 947 5484 meo.
982 5426 1430 5500 Apologeticum
1451 5427 1521 5487 de
1548 5435 1881 5502 contemptu
1903 5444 2083 5487 saecu—

370 5508 434 5580 li,
470 5509 755 5582 capitibus
783 5513 872 5571 33.
917 5514 1002 5572 De
1036 5521 1376 5590 contemptu
1423 5517 1624 5577 sazculi
1659 5520 1857 5594 hujus.
1892 5516 2081 5575 Vitam

373 5596 434 5662 S.
466 5597 730 5659 Odilonis
756 5600 996 5674 abbatis,
1029 5603 1050 5660 1
1085 5603 1378 5665 Januarii.
1411 5604 1490 5664 De
1531 5605 1590 5666 S.
1634 5605 1822 5666 Vitale
1861 5611 2077 5679 marty-

2158 3011 2393 3070 rissimi.
2447 3011 2857 3083 Fragmentum
2906 3010 3189 3068 sermonis
3237 3009 3308 3067 de
3368 3009 3426 3069 8.
3476 3008 3664 3068 Vitale
3708 3025 3869 3068 mar-

2157 3109 2311 3176 tyre:
2337 3103 2479 3160 Ecce
2503 3100 2747 3176 liquido.
2774 3099 3092 3159 Homiliam
3104 3115 3275 3173 super
3297 3102 3678 3173 Evangelium
3695 3103 3758 3159 in
3775 3101 3870 3158 die
3926 3125 3937 3131 -

2157 3189 2214 3250 8.
2241 3189 2497 3248 Matthzei
2527 3213 2539 3246 :
2573 3188 2917 3262 Evangelica
2942 3188 3127 3247 lectio.
3163 3190 3243 3247 De
3264 3189 3531 3248 silentio:
3569 3189 3713 3248 Cum
3737 3188 3870 3262 pius

2156 3286 2406 3338 exactor.
2465 3279 2547 3337 De
2590 3277 2834 3352 spiritali
2885 3278 3244 3336 certamine:
3294 3277 3355 3336 Si
3412 3278 3741 3352 diligenter.
3788 3279 3872 3338 De

2158 3373 2220 3434 8.
2250 3371 2549 3430 Anastasio
2577 3377 2824 3444 martyre
2853 3394 2865 3427 :
2897 3369 2987 3428 Ad
3016 3368 3325 3443 pulchrum
3355 3369 3757 3430 convenimus.

2229 3463 2310 3520 De
2335 3460 2658 3534 disciplina,
2693 3467 2749 3518 et
2785 3459 3188 3518 observatione
3227 3465 3404 3518 sexta:
3433 3460 3614 3531 ferias,
3654 3461 3870 3518 sanctis

2159 3551 2454 3610 fratribus.
2486 3550 2693 3607 Contra
2735 3548 2858 3606 vini
2895 3548 3124 3607 bibulos
3159 3554 3215 3606 et
3253 3565 3460 3622 aquam
3501 3550 3869 3608 stomachan-

2158 3646 2240 3698 tes
2271 3663 2282 3698 :
2328 3639 2523 3708 Miror,
2559 3637 2931 3696 dilectissime
2960 3638 3151 3694 frater.
3192 3638 3280 3695 Ad
3324 3638 3520 3696 fratres
3550 3637 3868 3710 Gamugni,

2158 3731 2229 3788 de
2287 3728 2531 3788 Sabbato
2587 3726 2909 3800 jejunando
2961 3746 2973 3784 :
3030 3725 3407 3786 Pensualium
3471 3729 3869 3786 conductores.

2160 3821 2250 3880 Ad
2292 3820 2561 3877 Blancam
2621 3817 2975 3877 comitissam
3014 3817 3084 3874 ad
3133 3817 3449 3876 Dominum
3485 3834 3862 3877 conversam:

2162 3911 2394 3969 Blancae
2438 3908 2600 3967 olim.
2643 3907 2719 3964 Hi
2758 3922 2961 3965 omnes
2999 3922 3314 3980 sermones,
3357 3907 3616 3966 homilia:
3654 3913 3707 3966 et
3744 3907 3871 3981 epi-

2163 3999 2324 4057 stolze
2371 3998 2739 4072 reperiuntur
2780 4012 2918 4054 mss.
2965 3995 3118 4070 apud
3163 4013 3276 4068 me,
3310 4003 3364 4055 et
3412 3997 3566 4071 apud
3612 3997 3680 4054 D.
3715 3998 3871 4056 Con-

2163 4089 2483 4148 stantinum
2529 4087 2869 4161 Cajetanum
2908 4086 3373 4160 Syracusanum,
3420 4087 3789 4157 monachum,
3817 4093 3872 4144 et

2165 4194 2376 4252 magna
2414 4177 2588 4235 etiam
2633 4191 2705 4234 ex
2747 4182 2906 4248 parte
2947 4177 3009 4232 in
3052 4176 3352 4234 Casinensi
3395 4174 3762 4244 bibliotheca,
3818 4183 3872 4233 et

2163 4268 2323 4326 alibi.
2354 4268 2435 4326 De
2461 4266 2758 4325 miraculis
2789 4266 2846 4325 S.
2884 4266 2942 4324 P.
2977 4267 3047 4325 N.
3090 4267 3381 4324 Benedicti
3418 4265 3520 4325 lib.
3552 4280 3591 4324 Ι.
3627 4267 3710 4324 De
3747 4283 3872 4340 pm-

2164 4354 2412 4414 nitentia
2453 4375 2465 4413 :
2516 4355 2882 4412 Pensandum
2930 4354 3160 4427 quippe.
3211 4353 3412 4413 Sermo
3455 4361 3650 4412 contra
3691 4354 3872 4412 simo-

2168 4445 2400 4502 niacos:
2449 4443 2655 4501 Mundi
2702 4443 2869 4500 turba
2915 4443 3270 4503 turbulenta.
3322 4445 3403 4501 De
3443 4443 3775 4501 amusnitate
3819 4451 3876 4500 et

2167 4533 2395 4607 gaudiis
2427 4532 2563 4590 vita:
2591 4537 2825 4590 aeternae
2851 4551 2870 4595 ε,
2895 4530 2982 4588 Ad
3013 4533 3286 4603 perennis
3321 4533 3485 4591 vitm.
3507 4533 3744 4589 fontem.
3792 4531 3876 4589 De

2164 4622 2636 4697 prauis-inferni:
2674 4621 2718 4679 Ο
2747 4636 2923 4694 quam
2961 4621 3110 4691 dira,
3159 4635 3333 4694 quam
3377 4620 3680 4679 horrenda.
3731 4621 3874 4694 Epi-

2165 4715 2307 4772 stola
2339 4713 2409 4771 de
2438 4713 2530 4770 die
2559 4712 2805 4785 judicii:
2840 4711 3054 4768 Dilecto
3092 4711 3258 4768 fratri
3293 4711 3457 4779 Adae,
3498 4710 3702 4768 Petrus
3739 4725 3873 4784 pec-

2164 4811 2338 4862 cator.
2388 4802 2538 4862 Sunt
2579 4803 2734 4874 apud
2788 4817 2880 4860 me
2927 4817 3064 4860 mss.
3121 4809 3176 4860 et
3220 4802 3354 4858 item
3413 4802 3476 4859 in
3523 4801 3877 4859 bibliotheca

2164 4899 2359 4952 nostra
2415 4891 2608 4951 Sancti
2663 4889 2957 4948 Benedicti
3016 4888 3337 4947 Mantuani.
3393 4889 3456 4946 In
3527 4889 3878 4950 bibliotheca

2165 4978 2461 5040 Casinensi
2491 4993 2649 5048 vero,
2681 4977 2743 5034 in
2785 4990 3019 5034 scamno
3069 4983 3233 5035 sexto
3279 4977 3349 5035 ad
3392 4976 3703 5045 sinistram,
3753 4979 3880 5038 hinc

2165 5070 2535 5143 reperiuntur
2565 5081 2704 5122 mss.
2743 5062 2946 5122 Sermo
2974 5065 3211 5139 quidam
3242 5073 3297 5123 et
3320 5066 3579 5139 rhythmi
3609 5067 3677 5124 ad
3703 5067 3880 5125 Cada-

2165 5157 2324 5214 loum
2373 5153 2727 5227 episcopum.
2783 5149 3128 5225 Disceptatio
3179 5151 3473 5224 synodalis
3522 5152 3673 5209 inter
3726 5153 3879 5224 regis

2165 5246 2527 5311 advocatum,
2569 5248 2624 5298 et
2668 5239 2942 5298 Ecclesiae.
2987 5241 3264 5300 Romanae
3310 5240 3692 5299 defensorem.
3746 5242 3878 5299 Dis-

2163 5333 2383 5408 putatio
2415 5346 2586 5402 super
2615 5331 2974 5402 quzestione:
3013 5330 3074 5389 Si
3103 5329 3257 5387 Deus
3287 5335 3390 5386 est.
3426 5329 3700 5402 Epistola}
3732 5347 3879 5389 non-

2165 5425 2368 5494 nullae,
2393 5429 2449 5482 et
2475 5421 2577 5480 alii
2615 5421 2851 5495 quidem
2880 5421 3042 5495 parvi
3075 5425 3363 5479 tractatus.
3397 5421 3480 5480 De
3511 5422 3878 5496 processione

2169 5514 2418 5589 Spiritus
2456 5511 2637 5571 sancti
2668 5528 2702 5570 a
2740 5511 2903 5570 Patre
2937 5517 2991 5570 et
3028 5509 3197 5570 Filio.
3241 5509 3441 5571 Sermo
3478 5512 3549 5570 de
3589 5512 3647 5571 S.
3683 5513 3877 5570 Marco

2168 5602 2537 5677 evangelista.
2569 5600 2651 5658 De
2683 5599 2743 5658 S.
2770 5601 2976 5658 Alexio
3009 5601 3353 5660 confessore.
3388 5602 3469 5660 De
3506 5600 3710 5660 ofﬁciis
3738 5617 3879 5676 pon-
