4078 6202
344 284 435 344 3M

1005 288 1535 348 PROLEGDMENA.
1575 321 1644 334 --
1674 281 2089 344 TESTIMOMA
2128 290 2214 346 DE
2252 290 2310 346 8.
2345 291 2570 347 PETRO
2612 293 2935 348 D.\‘.\ll.~\NO.

3466 293 3573 352 2th!

342 401 518 456 tilicis.
551 399 802 469 Epistolze
829 398 944 467 ejus
991 401 1194 454 multae.
1242 401 1316 456 De
1362 401 1421 456 8.
1471 402 1739 468 blatthteo,
1789 420 1903 459 scr-
1931 409 1979 466 Λ
2006 403 2164 457 borat
2208 402 2512 459 inﬁrmitas.
2561 404 2778 458 Flebilis
2821 404 3134 461 lamentatio
3182 422 3345 476 super
3391 411 3574 464 anima

339 504 524 546 mones
571 490 624 544 5.
678 489 753 542 De
791 489 1120 543 monasterio
1155 488 1457 555 Casinensi,
1492 500 1546 544 et
1587 493 1910 561 quibusdam

340 579 636 641 miraculis,
654 580 720 632 ad
737 579 1070 634 Desiderium
1097 579 1366 633 abbatem.
1389 581 1462 634 De
1478 580 1666 636 bestiis
1690 582 1912 651 quibus-

335 670 486 730 dam,
541 668 635 721 sed
674 667 996 736 principium
1038 669 1212 722 deest.
1252 667 1444 724 Sermo
1484 670 1552 724 de
1589 679 1771 726 sancta
1803 673 1909 726 Co-

337 756 517 810 lumba
549 757 756 827 virgine
781 763 836 811 et
871 765 1127 826 martyre.
1153 755 1347 813 Sermo
1374 759 1440 814 de
1465 759 1827 830 eleemosyna,
1856 769 1912 816 et

335 846 583 914 epistolae
611 847 728 915 ejus
762 846 1026 916 plurimae.

1019 937 1212 994 XXIX.

335 1025 560 1092 Ibidem,
589 1028 645 1081 in
666 1027 774 1082 alio
812 1029 1042 1110 quodam
1066 1030 1198 1084 libro
1226 1045 1325 1086 ms.
1349 1033 1404 1084 in
1439 1034 1750 1097 membranis
1783 1037 1912 1092 sub-

961 1111 1107 1169 Jecta
1125 1111 1267 1156 sunt.

410 1212 604 1267 Sermo
628 1211 694 1268 de
722 1221 913 1268 sancto
935 1213 1216 1270 Bonifacio
1243 1225 1501 1287 martyre.
1525 1217 1602 1272 De
1625 1219 1683 1272 S.
1705 1217 1913 1275 Joanne

337 1301 605 1370 Baptista,
642 1302 768 1358 duo.
798 1301 877 1357 De
919 1301 1021 1359 SS.
1050 1304 1262 1362 Donato
1288 1315 1344 1361 et
1373 1306 1604 1366 Hilario.
1667 1307 1912 1378 Hymnus

334 1395 407 1448 de
435 1393 1137 1454 sanctoAnthimoMomilia
1153 1413 1316 1466 super
1336 1399 1684 1470 Evangelium
1709 1415 1724 1453 :
1752 1399 1914 1456 Liber

331 1485 740 1542 Generationis.
763 1485 1057 1544 Sermones
1085 1491 1190 1544 duo
1218 1491 1282 1544 de
1305 1491 1590 1548 nativitatc
1612 1491 1670 1546 Β.
1707 1492 1908 1547 Marias.

333 1578 416 1631 De
442 1577 499 1632 S.
528 1577 861 1648 Apollinare,
900 1594 1178 1636 sermones
1208 1590 1337 1635 tres.
1372 1581 1447 1636 De
1475 1580 1534 1637 8.
1573 1581 1763 1645 Vitale,
1793 1597 1913 1638 ser-

332 1683 528 1724 mones
560 1669 686 1726 duo.
716 1669 793 1724 De
828 1669 886 1724 S.
917 1668 1126 1726 Joanne
1164 1669 1528 1743 Evangelista,
1557 1674 1744 1744 hynmi
1777 1685 1908 1734 tres.

2011 493 2261 548 sordibus
2281 493 2634 548 immunditire
2669 495 2867 557 dedita,
2897 496 2975 550 sic
3007 513 3022 552 :
3061 496 3193 566 Ego,
3216 511 3316 567 ego
3341 507 3412 564 te,
3441 497 3576 554 infe‘

2011 581 2084 635 lix
2105 582 2303 647 anima,
2329 582 2517 637 defleo.
2547 583 2746 637 Contra
2771 583 3097 648 Sodomitas,
3122 599 3398 641 sermones
3424 594 3575 643 tres:

2012 673 2218 742 primus
2263 675 2342 729 sic
2386 675 2616 744 incipit:
2663 676 2788 738 Eos,
2830 676 2919 745 qui
2967 677 3440 744 irrationabiliter;
3491 693 3580 736 se-

2012 764 2218 817 cundus
2252 781 2264 816 :
2296 763 2535 819 Clericus
2560 775 2737 819 autem
2770 765 3012 830 Domini;
3047 767 3237 822 tertius
3265 786 3278 798 ο
3305 766 3417 831 [ioc
3443 783 3578 824 sane

2013 849 2221 904 vitium.
2251 851 2498 906 Citantur
2520 862 2572 907 et
2609 868 2637 906 a
2667 853 2964 924 Trithcmio
2998 855 3110 909 haec
3143 857 3420 924 sequentia
3455 873 3468 909 ;
3503 858 3581 914 De

2011 941 2115 994 situ
2139 949 2192 995 et
2213 941 2525 997 laudatione
2551 922 2878 996 Vivariensis
2905 943 3158 1006 cmnobii,
3189 922 3278 998 lib.
3312 945 3362 1000 l.
3388 945 3585 1014 Apolo-

2011 1030 2335 1097 geticorum,
2370 1031 2464 1085 lib.
2505 1031 2561 1097 5,
2597 1032 2818 1086 domino
2845 1047 2942 1086 suo
2977 1031 3216 1087 Nicolao.
3249 1033 3322 1088 De
3355 1035 3581 1089 inconti-

2013 1119 2207 1189 nential
2226 1121 2584 1186 sacerdotum,
2613 1121 2703 1177 lib.
2731 1123 2755 1176 1
2787 1139 2802 1178 :
2835 1121 3012 1191 Nuper
3039 1123 3259 1178 habens.
3291 1125 3365 1180 De
3399 1127 3600 1179 uxori»

2011 1208 2110 1264 bus
2140 1211 2480 1277 clericorum,
2512 1212 2605 1267 lib.
2637 1213 2661 1266 ί
2694 1229 2707 1266 :
2734 1211 2841 1268 Vos
2869 1212 3130 1283 alloquor.
3164 1213 3364 1283 Regula
3393 1215 3580 1269 solitu-

2012 1299 2237 1366 riorum,
2269 1301 2362 1356 lib.
2395 1302 2419 1356 l
2453 1319 2465 1355 :
2498 1301 2631 1356 Dum
2663 1302 2928 1358 fervorem
2967 1312 3168 1358 sancta:
3198 1304 3579 1361 miraculorum

2012 1392 2092 1446 sui
2125 1393 2401 1462 temporis,
2434 1393 2526 1448 lib.
2552 1394 2602 1448 l.
2629 1394 2988 1451 Dilectissimo
3022 1396 3284 1452 Gerardo.
3318 1399 3585 1454 Exhorta-

2013 1482 2209 1536 torium
2237 1482 2305 1536 ad
2335 1484 2646 1548 monachos,
2674 1484 2765 1539 lib.
2796 1486 2820 1541 ί
2852 1503 2866 1538 :
2896 1480 3176 1542 Fratribus
3205 1487 3256 1542 in
3289 1484 3582 1559 Gangensi.

2014 1571 2089 1626 De
2117 1570 2361 1640 profectu
2393 1574 2798 1639 monachorum,
2833 1573 2924 1630 lib.
2957 1577 3008 1629 1.
3042 1576 3115 1630 De
3151 1576 3436 1631 insolentia
3473 1594 3586 1631 ma-

2013 1661 2280 1733 lignorum
2310 1666 2609 1733 hominum,
2639 1667 2732 1724 lib.
2764 1669 2815 1722 l.
2863 1670 2938 1724 De
2965 1670 3192 1724 avaritia
3218 1671 3584 1740 prmlatorum,

330 1757 699 1827 Epistolarum
741 1773 962 1814 suarum
1008 1758 1145 1816 liber
1191 1777 1352 1817 unus.
1398 1762 1474 1816 De
1521 1763 1910 1822 incontinentis

2017 1753 2106 1808 lib.
2155 1755 2206 1810 ί.
2256 1753 2688 1814 Declamationes
2734 1761 3035 1826 rhetoricae,
3109 1761 3199 1815 lib.
3234 1762 3284 1816 Ι.
3323 1762 3587 1819 Gratissi-

329 1849 731 1917 episcoporum.
765 1849 841 1904 De
870 1849 1202 1920 proprietate
1236 1852 1579 1908 clericorum.
1617 1855 1694 1912 De
1725 1865 1914 1911 sancto

334 1936 753 2003 Dartholomaao,
793 1952 1070 1994 sermones
1093 1941 1220 2005 duo,
1249 1949 1306 1996 et
1331 1941 1571 1998 collectae
1605 1944 1673 1998 de
1701 1943 1912 1998 eodem.

331 2021 581 2095 Hymnus
601 2027 666 2081 de
692 2035 882 2081 sancto
909 2025 1179 2083 Ursicino.
1207 2029 1466 2086 Miracnla
1495 2031 1668 2088 sancti
1697 2031 1913 2086 Ruliini.

334 2117 583 2188 Epistula
617 2119 682 2173 ad
711 2119 976 2188 Agnetem
1024 2120 1444 2190 imperatricem.
1478 2121 1766 2178 Tractatus
1796 2124 1916 2191 pius

331 2207 404 2260 ad
449 2207 766 2263 monachos.
814 2207 968 2264 Alius
1013 2208 1082 2265 de
1128 2209 1459 2279 perfectione
1501 2214 1910 2268 monachorum.

334 2297 594 2367 Dialogus
621 2295 790 2352 Judzei
819 2306 876 2354 et
902 2297 1216 2354 Christiani.
1255 2300 1492 2356 lnvectio
1527 2303 1577 2355 in
1605 2303 1913 2372 episc0pum

335 2387 635 2442 monachos
677 2387 743 2440 ad
783 2387 1039 2442 sicculum
1076 2398 1442 2446 revocantem.
1483 2389 1809 2459 Opusculum
1848 2388 1914 2444 ad

335 2476 644 2530 Teuzonetn
672 2475 977 2531 eremitam.
1010 2475 1086 2532 De
1114 2477 1263 2532 horis
1297 2477 1577 2534 canonicis
1601 2478 1914 2548 disputatio.

336 2566 493 2634 Quod
535 2569 735 2636 nuptis:
763 2577 990 2637 possunt
1023 2568 1140 2624 fieri
1169 2569 1286 2624 sine
1313 2569 1476 2632 coitu.
1508 2569 1700 2628 Sermo
1738 2571 1805 2626 de
1834 2572 1916 2626 vi-

337 2658 465 2728 gilia
497 2659 669 2714 sancti
707 2657 916 2713 Jacobi.
965 2661 1039 2714 De
1083 2661 1262 2731 vigilia
1304 2661 1474 2722 sancti
1514 2662 1916 2731 Bartholomaai,

334 2748 587 2817 epistolae
631 2749 920 2802 nonnullze.
967 2749 1042 2804 De
1070 2748 1354 2821 disciplina
1396 2753 1806 2824 monachorum.
1842 2751 1921 2808 De

337 2839 616 2906 patientiae
650 2839 929 2907 gradibus,
963 2840 1279 2910 disputatio.
1312 2841 1386 2897 De
1415 2843 1697 2915 privilegio
1729 2844 1919 2900 Eccle-

338 2929 438 2983 sia:
482 2929 758 2994 Romanae,
788 2931 854 2985 ad
886 2931 1310 2988 Hildebrandum
1351 2935 1812 2990 archidiaconum.
1845 2936 1920 2991 De

338 3019 756 3074 reconciliandis
776 3020 1066 3078 haereticis.
1079 3022 1318 3093 Epistola
1335 3022 1489 3095 longa
1511 3024 1580 3080 de
1600 3025 1918 3081 dimittendo

2015 1861 2153 1909 mus,
2185 1861 2277 1902 seu
2303 1848 2733 1918 probatissimus,
2763 1849 2856 1905 lib.
2891 1850 2916 1906 1
2952 1869 2966 1905 :
3001 1853 3226 1908 Domino
3265 1852 3329 1908 N.
3376 1855 3587 1910 [invene

2017 1934 2227 1990 naticze.
2600 1941 2608 1959 '

2085 2021 2336 2094 Ejusdem
2381 2028 2625 2098 epistolae
2657 2029 2722 2086 de
2762 2031 3010 2090 universa
3055 2033 3164 2086 vita
3205 2042 3260 2088 et
3304 2033 3581 2103 religione,

2016 2133 2070 2172 In
2103 2117 2251 2182 folio,
2298 2119 2352 2172 in
2400 2121 2727 2177 membranis
2765 2137 2866 2177 ms.
2906 2123 3148 2182 existunt
3177 2125 3230 2178 in
3258 2123 3584 2180 bibliotheca

2015 2209 2378 2280 imperatoris,
2414 2211 2652 2265 Viennzc.
3003 2267 3006 2270 .

2085 2298 2328 2354 Excusus
2351 2308 2434 2354 est
2461 2298 2768 2368 Argentius:
2799 2313 2942 2354 anno
2963 2300 3120 2365 156i,
3150 2300 3203 2354 in
3238 2301 3388 2364 folio,
3415 2301 3467 2358 in
3495 2313 3586 2356 ca~

2015 2388 2194 2460 talogo
2228 2387 2442 2443 testium
2487 2389 2750 2454 veritatis,
2797 2399 2856 2443 ut
2886 2390 2985 2458 ipsi
3021 2389 3334 2458 loquuntur,
3366 2391 3584 2460 quidam

2015 2493 2294 2550 tractatus,
2337 2499 2431 2538 seu
2473 2483 2703 2548 libellus,
2743 2485 2843 2538 sub
2883 2484 2997 2552 ejus
3037 2485 3274 2552 nomine,
3295 2485 3363 2540 de
3397 2499 3583 2540 corre-

2016 2573 2198 2643 ptione
2224 2573 2460 2642 episcopi
2502 2587 2565 2628 ac
2594 2588 2771 2643 papa);
2805 2573 2894 2643 qui
2928 2584 3105 2628 utrum
3143 2582 3330 2642 partus
3368 2573 3486 2642 ejus
3515 2574 3623 2630 sit.

2015 2663 2232 2728 nescio;
2265 2661 2534 2716 cavendus
2575 2672 2756 2717 tamen
2801 2662 2932 2719 Inibi
2971 2663 3204 2726 videtur,
3248 2678 3370 2717 cum
3404 2663 3589 2732 hujus-

2017 2752 2161 2810 modi
2187 2752 2562 2822 supposititios
2589 2751 2732 2807 fetus
2766 2752 2965 2807 multos
2986 2751 3142 2807 nobis
3165 2753 3458 2808 obtrudant
3483 2753 3590 2808 lue-

2017 2842 2194 2906 retici,
2226 2850 2284 2896 ut
2306 2856 2434 2896 suas
2455 2842 2801 2910 imposturas,
2827 2841 2979 2910 quasi
3007 2849 3316 2896 sanctorum
3343 2842 3584 2898 virorum

2015 2941 2073 2989 et
2122 2933 2404 2988 doctorum
2453 2929 2708 2986 Ecclesia:
2756 2930 3168 2988 auctoritatibus
3215 2939 3485 2999 tueantur,
3529 2942 3589 2990 ut

2017 3020 2244 3090 contigit
2294 3020 2456 3075 etiam
2505 3020 2560 3075 in
2602 3019 2830 3088 epistola
2881 3018 2970 3074 illa
3023 3020 3364 3090 supposititia
3415 3021 3593 3078 sancti

337 3111 677 3179 episcopatu.
708 3109 956 3166 Nonnulli
980 3121 1246 3170 tractatus
1264 3115 1332 3168 ad
1356 3094 1670 3183 monachos,
1699 3126 1755 3172 et
1775 3131 1920 3188 qua:-
1945 3094 1991 3160 ο
2023 3109 2257 3167 Udalrici
2283 3110 2523 3181 episcopi
2547 3119 2602 3167 et
2627 3109 2856 3166 aliorum
2879 3110 3160 3168 similium.

341 3203 550 3258 stiones
581 3202 806 3273 aliquot.
843 3203 1096 3274 Epistolae
1130 3205 1312 3260 multa:
1340 3207 1406 3260 ad
1433 3207 1727 3262 monachos
1756 3207 1919 3262 Pom-

343 3295 594 3364 posiacos
641 3305 696 3350 et
747 3296 903 3351 alios.
945 3295 1023 3352 De
1063 3297 1291 3352 diversis
1336 3297 1600 3364 historiis,
1641 3313 1831 3354 versus
1867 3307 1924 3353 et

341 3383 606 3454 cpistolze.
639 3384 832 3439 Sermo
863 3384 932 3440 de
973 3385 1396 3456 promptitudine
1425 3386 1595 3456 magis
1628 3387 1696 3442 ad
1722 3386 1921 3442 malum

341 3491 504 3542 quam
538 3475 604 3530 ad
637 3475 860 3537 bonum,
903 3476 1053 3531 etde
1081 3485 1207 3531 octo
1243 3475 1444 3547 vigiliis
1483 3474 1812 3546 jejunandis,
1844 3476 1925 3532 sic

344 3564 618 3634 incipiens
646 3583 660 3618 :
693 3564 1025 3621 Naturaliter
1049 3575 1230 3622 autem
1261 3567 1363 3623 hoc
1388 3566 1550 3622 modo
1588 3567 1821 3622 humana
1849 3566 1921 3621 la-

2093 3290 2466 3345 Auctoritatem
2495 3299 2744 3358 prtatema
2768 3289 3108 3344 illustrissimi
3130 3291 3330 3345 domini
3347 3291 3595 3345 cardina~

2024 3359 2090 3413 lis
2106 3359 2337 3430 ,Baernii
2359 3360 2456 3430 Itoc
2485 3359 2598 3412 loco
2618 3359 2808 3430 a/ferre
2835 3361 2952 3414 ideo
2977 3361 3181 3425 distuli,
3207 3363 3331 3430 quia
3351 3362 3466 3430 ejus
3488 3363 3596 3414 An-

2025 3429 2168 3508 nales
2200 3428 2594 3508 Ecclesiasticos
2636 3427 2792 3508 [agile
2831 3430 3042 3508 quilibet
3072 3427 3338 3508 consulere
3372 3427 3590 3508 :poterit.

2025 3497 2197 3554 Multa
2218 3497 2457 3550 enimille
2479 3507 2615 3567 tomo
2635 3496 2718 3567 Ill
2742 3496 2920 3567 scribit
2949 3498 3012 3550 de
3031 3499 3329 3564 sanctitate,
3352 3496 3594 3567 doctrina

2024 3581 2087 3620 ac
2123 3567 2272 3620 rebus
2295 3567 2447 3636 gestis
2471 3565 2605 3620 beati
2643 3563 2786 3619 Petri
2825 3566 3090 3620 Damiani.

935 3755 3575 3786 “ww

1025 3924 1956 4066 MONITIUNCULA
2023 3926 2173 4015 AD
2245 3925 2914 4020 LECTOREM.
3011 3857 3021 3872 ’

427 4161 540 4219 Hoc
561 4177 611 4220 te
637 4165 798 4219 latere
827 4161 1113 4236 noluimus,
1141 4161 1306 4236 amice
1329 4159 1526 4236 Lector,
1562 4161 1792 4230 ejusdem
1815 4159 1882 4214 Β.
1917 4158 2062 4236 Petri
2098 4160 2292 4236 Vitam,
2332 4173 2445 4236 post
2475 4163 2814 4236 prmgedetttis
2840 4172 3126 4236 auctorem.
3157 4163 3255 4236 qui
3305 4164 3594 4236 compote:

351 4237 496 4288 illius
522 4237 622 4304 fuit
645 4247 798 4305 atque
821 4231 1131 4305 discipuﬂlus,
1151 4230 1286 4305 style
1314 4231 1471 4284 etiam
1491 4228 1790 4298 prosecutos
1819 4228 2218 4305 esse__.(oannem
2250 4228 2533 4305 Antonium
2575 4229 2875 4285 Flavinium
2915 4228 3460 4305 Forocornelieusern';
3480 4235 3594 4305 Au-

356 4298 624 4373 gustinum
657 4298 969 4373 Fortuniuni
999 4298 1452 4373 Camaldulensent
1480 4307 1812 4373 rttonacltttm,
1836 4312 1880 4373 et
1917 4298 2291 4373 Hieronymum
2319 4301 2551 4354 Rubcum
2578 4317 2597 4354 :
2623 4317 2686 4354 ex
2711 4316 2928 4373 quorum
2940 4301 3398 4373 lucubrationibus
3427 4300 3596 4368 fusius

355 4367 408 4426 in
435 4374 672 4428 Romana
700 4371 1036 4440 epistolarum
1062 4369 1289 4424 editione
1317 4369 1575 4430 deductis,
1604 4370 1725 4438 quia
1754 4370 1981 4440 easdem;
2005 4367 2253 4423 Daniiani
2282 4387 2361 4423 res
2393 4382 2563 4440 gestas
2601 4367 2731 4438 quas
2769 4371 2886 4428 eius
2913 4369 3222 4438 discipulus,
3252 4386 3402 4439 quem
3428 4367 3595 4423 secuti

353 4455 497 4506 sunt,
527 4438 810 4510 eademque
839 4456 1052 4509 prorsus
1074 4440 1206 4510 serie
1239 4447 1485 4510 narrant,
1506 4455 1567 4491 ea
1582 4448 1790 4510 tantum
1812 4453 1930 4508 qum
1964 4438 2021 4510 in
2049 4441 2302 4510 superiori
2327 4438 2503 4493 deesse
2533 4439 2855 4510 videbantur,
2875 4454 3135 4510 quwsaue
3161 4438 3418 4506 perpauca
3452 4451 3595 4510 sunt,

355 4513 574 4566 Consilio
597 4507 887 4565 doctiorunt
909 4509 1311 4576 tltscerpsimus;
1341 4523 1401 4560 ne
1435 4508 1668 4578 ejusdem
1715 4509 2034 4560 narrationis
2073 4507 2222 4560 toties
2250 4511 2477 4578 repetitw
2519 4508 2791 4578 prolixitas
2827 4507 3109 4578 legentibus
3165 4510 3413 4575 ingereret
3445 4509 3594 4578 fasti-

357 4583 499 4632 dium
535 4585 700 4650 magis
725 4597 882 4650 quam
912 4574 1113 4648 legendi
1139 4579 1388 4650 studium.
1414 4574 1566 4640 Quod
1587 4589 1632 4629 et
1663 4579 1962 4650 incolarum
1989 4593 2188 4650 quoque
2221 4579 2284 4630 de
2304 4574 2534 4650 auctore
2563 4574 3300 4650 testimoniisobsemovimus,
3327 4592 3390 4628 ea:
3417 4574 3602 4637 auibus

358 4645 806 4703 brevitatis'cau'sa
841 4666 901 4700 ea
943 4645 1144 4700 tantum
1171 4646 1444 4714 selegimus
1465 4663 1582 4714 qua:
1607 4647 1814 4698 testium
1840 4649 2166 4698 commendat
2201 4648 2505 4705 auctoritas,
2542 4645 2619 4698 vel
2653 4660 2770 4713 qua:
2793 4645 2863 4697 ad
2889 4648 3125 4699 auctoris
3149 4647 3312 4714 ipsius
3338 4662 3599 4699 commen-

359 4722 625 4772 dationem
652 4720 813 4788 magis
841 4719 1062 4785 faciunt.
1102 4714 1147 4768 11
1154 4733 1225 4769 «ιτ
1255 4732 1373 4769 vero
1395 4715 1488 4768 illa
1516 4725 1636 4773 sunt
1662 4732 1780 4785 qua:
1799 4715 2105 4772 (iubendicis
2140 4717 2246 4770 vice
2268 4725 2536 4785 gratanter
2561 4715 2804 4782 accipies.

1829 4897 1897 4912 *-

1911 4895 2253 4912 ψ.

1968 5040 2016 5099 D
2044 5053 2154 5097 tum
2204 5046 2289 5097 vix
2336 5045 2458 5098 dum
2504 5045 2800 5110 obluctatus
2848 5058 3002 5115 puer,
3044 5045 3361 5100 commissus
3408 5043 3606 5112 fuerat,

372 5143 457 5198 Ex
497 5140 586 5196 lib.
628 5161 660 5197 v
711 5138 1067 5197 Historiarum
1131 5139 1611 5195 Camaldulensium
1662 5137 1938 5205 Augustini
2039 5150 2162 5190 eunt
2194 5134 2484 5188 crudeliter
2513 5137 2823 5204 depressum
2859 5135 3105 5200 tenebat;
3139 5136 3291 5201 novis
3321 5136 3492 5190 induit
3518 5152 3608 5187 γυι-

512 5212 784 5277 Fortunii,
820 5214 1048 5282 ejusdem
1088 5211 1500 5280 congregationis
1535 5209 1796 5261 monachi.

442 5304 570 5358 Erat
612 5302 774 5357 Petro
817 5302 953 5355 alius
998 5300 1189 5364 frater,
1231 5298 1526 5352 Damianus
1567 5295 1805 5359 nomine,
1847 5293 1938 5362 qui

2037 5225 2306 5279 stimcntis
2334 5234 2390 5279 et
2414 5225 2480 5279 ad
2505 5225 2746 5280 scholam
2777 5225 2925 5279 misit
2952 5226 3004 5279 in
3027 5227 3394 5294 grammaticis
3416 5228 3608 5281 studiis

2039 5315 2426 5379 erudiendum;
2473 5327 2631 5383 quem
2671 5329 2793 5368 cum
2835 5316 3040 5384 optimo
3079 5317 3362 5385 prteditum
3394 5319 3611 5387 ingenio

374 5391 581 5463 aliquot
620 5407 788 5448 annos
811 5407 840 5446 a
869 5392 1045 5462 patria
1075 5389 1340 5444 abluerat.
1374 5389 1424 5443 is
1453 5388 1686 5450 rediens,
1712 5396 1768 5452 et
1797 5383 1917 5439 i’etr

2041 5407 2404 5475 cognovisset,
2439 5407 2506 5459 ad
2547 5383 2934 5474 amplexandas
2971 5383 3107 5462 alias
3151 5383 3477 5478 disciplinas
3505 5410 3614 5462 illo-

376 5483 562 5538 fratris
608 5484 896 5537 miseratus
942 5494 1238 5543 aerumnas,
1285 5476 1466 5549 patrio
1517 5485 1692 5530 tactus
1732 5487 1936 5536 umore,

375 5577 577 5632 exemit
608 5591 732 5631 mox
763 5571 910 5628 illum
939 5575 1014 5628 dc'
1033 5572 1323 5628 miserabili
1351 5571 1609 5626 servitute
1636 5583 1740 5638 qua
1769 5567 1940 5635 major

380 5674 503 5718 natu
529 5664 712 5728 frater,
737 5662 891 5730 cujus
921 5677 1061 5716 cura:
1091 5671 1211 5727 post
1234 5661 1516 5729 utriusque
1553 5658 1790 5730 parentis
1827 5657 1940 5712 obie

710 5778 972 5830 [νημαι.
1009 5770 1276 5836 CXLIV.

2044 5512 2225 5562 neum,
2253 5495 2567 5550 Faventiam
2589 5498 2845 5566 primum,
2870 5497 3062 5553 deinde
3084 5499 3333 5553 Parmam
3359 5500 3526 5562 misit,
3549 5514 3614 5553 ac

2046 5585 2201 5650 fovit,
2243 5594 2304 5640 ut
2347 5585 2520 5640 doctis
2564 5587 2696 5640 viris
2745 5599 2967 5656 operam
3013 5587 3144 5642 dare
3178 5589 3614 5644 commodissime

2051 5685 2250 5746 posset.
2284 5674 2384 5731 Ubi
2414 5690 2533 5731 cum
2575 5674 2725 5731 brevi
2762 5674 2990 5730 multum
3031 5675 3374 5746 profecisset,
3416 5685 3612 5728 nomen

3139 5762 3180 5822 ’ῐ
