4078 6202
423 282 532 344 205

1261 278 1319 335 S.
1352 276 1626 334 PETRUS
1661 272 2014 330 DAMIANUS
2055 273 2111 329 S.
2140 274 2207 329 Β.
2248 271 2308 328 Ε.
2355 270 2792 329 CARDINALIS.

3574 269 3680 326 9οι

349 382 357 397 ⁸
420 395 689 462 Damiani,
716 396 784 453 ab
810 394 925 466 ejus
945 406 1165 448 nomine
1184 406 1263 447 sne
1290 388 1592 459 usurpavit,
1622 396 1756 441 utse
1776 384 1998 441 Petrum
2028 391 2068 450 Α
2105 383 2321 438 dientize
2351 381 2856 451 promptitudinem,
2905 386 2960 433 et
2997 393 3184 434 verum
3216 378 3399 433 mundi
3442 388 3684 432 contem-

420 488 666 543 Damiani
696 500 910 555 semper
943 482 1330 544 subscriberet,
1362 490 1468 533 etc.

1199 600 1242 657 Ι.

519 719 602 775 Ea:
641 719 731 772 lib.
765 734 795 769 v
828 715 1185 835 Historiam}?
1213 711 1584 834 bﬂovennatum
1621 709 1932 780 Hieronymi

1175 799 1206 835 u
1243 799 1310 835 et.

1175 799 1310 835 αυει.

499 898 862 953 Alexandrum
911 892 1217 963 pontificem
1273 889 1454 961 gravis
1501 889 1709 944 interea
1751 886 2011 959 fatigabat

426 990 690 1046 dissensio
710 985 928 1043 Cadaloi
953 981 1285 1044 Parmensis,
1311 995 1469 1050 quem
1497 977 1753 1033 Germani
1783 976 2012 1047 pseudo-

426 1081 733 1152 pontifteem
772 1095 895 1133 cum
939 1076 1214 1137 fecissent,
1261 1089 1290 1126 a
1321 1072 1577 1126 [laritanis
1614 1070 1778 1125 etiam
1818 1084 2008 1139 proce-

429 1177 581 1232 ribus
602 1174 767 1243 recipi
796 1171 1104 1226 studebant.
1142 1167 1191 1221 ls
1212 1181 1338 1221 vero
1366 1179 1674 1234 quanquam
1704 1163 1757 1216 in
1784 1162 2012 1217 concilio

429 1266 683 1326 Mantuae.
713 1277 857 1316 anno
885 1259 1021 1315 1064
1063 1257 1269 1319 habito,
1306 1269 1413 1324 quo
1451 1262 1505 1308 et
1551 1252 1858 1307 Alexander
1899 1250 2014 1320 ipse

429 1365 675 1419 venerat,
703 1355 958 1424 rejectus,
991 1360 1170 1405 tamen
1209 1348 1437 1417 insignia
1465 1344 1739 1416 pontificis
1769 1342 2010 1397 retinuit.

432 1447 794 1515 Quamobrem
823 1444 1017 1499 Petrus
1057 1440 1304 1494 Damiani
1354 1436 1613 1492 Ecclesia:
1664 1434 1759 1489 Dei
1809 1441 2015 1488 tantam

434 1538 898 1609 perturbationem
917 1536 1226 1595 miseratus,
1241 1533 1305 1586 ad
1329 1529 1603 1586 hominem
1633 1525 1823 1582 scribit
1845 1525 2017 1579 tribus

434 1632 583 1686 illum
601 1630 713 1700 jam
743 1626 1096 1683 conventibus
1118 1639 1239 1679 esse
1266 1622 1665 1693 damnatum,et
1686 1626 1789 1681 ter,
1836 1615 1879 1671 si
1908 1629 2017 1669 non

430 1720 633 1789 judicio
661 1718 1025 1782 sacerdotum,
1055 1723 1114 1771 at
1138 1714 1327 1770 saltem
1357 1711 1534 1778 legum
1566 1706 1889 1764 auctoritate
1913 1705 2014 1760 ab-

434 1813 699 1869 dieatum.

1187 1914 1274 1970 Ill.

438 2040 738 2101 Anonymus
766 2026 1137 2101 Beneai‘ctinus
1161 2024 1320 2101 (circa
1351 2022 1632 2101 gn._ll%5j
1652 2023 1705 2075 in
1726 2018 1854 2101 ,γὰρ
1886 2018 2039 2101 beati-

503 2088 728 2158 Joannis
750 2099 1061 2162 Laudeusis,
1084 2088 1318 2167 ejusdem
1345 2094 1403 2151 S.
1432 2088 1659 2147 doctoris
1702 2088 1945 2160 discipuli
1974 2097 2022 2142 et

509 2172 735 2242 episcopi
763 2170 809 2223 Ε
813 2169 1045 2239 ugubini.

507 2284 602 2339 illo
624 2294 856 2351 namque
888 2289 1128 2349 tempore
1167 2278 1249 2332 vir
1285 2276 1627 2340 venerabilis,
1672 2284 1727 2328 et
1766 2272 2023 2328 sacerdos

438 2376 533 2429 Dei
585 2373 829 2428 altissimi
878 2372 1110 2426 domnus
1166 2369 1359 2423 Petrus
1408 2366 1679 2428 Damiani,
1733 2364 2024 2417 virtutibus

441 2472 666 2517 ornatus
696 2470 751 2514 et
777 2460 947 2514 sacris
975 2458 1276 2526 Scripturis
1318 2456 1581 2517 eruditus,
1628 2453 1855 2507 florebat
1895 2466 2025 2506 san-

442 2553 649 2618 ctitate,
698 2561 754 2604 et
788 2549 1012 2604 scientia
1049 2548 1103 2600 in
1155 2561 1339 2599 eremo
1378 2544 1686 2598 vastissima
1732 2542 1789 2596 S.
1836 2541 2024 2598 Crucis

447 2642 635 2697 Fontis
656 2624 948 2695 Avellanre.
984 2638 1051 2691 Et
1080 2637 1193 2705 ipse
1221 2630 1435 2699 Petrus,
1458 2649 1579 2688 cum
1602 2641 1751 2690 esset
1772 2630 1830 2686 8.
1858 2630 1924 2686 R.
1957 2629 2023 2685 E.

444 2730 754 2791 cardinalis,
804 2737 859 2782 et
888 2728 1093 2796 legatus
1121 2724 1312 2779 fuisset
1341 2721 1692 2777 transmissus
1738 2734 1769 2773 a
1810 2719 2027 2773 domino

446 2836 607 2892 papa,
648 2817 988 2873 ctcircuiret
1030 2829 1127 2884 per
1168 2813 1510 2877 comitatum,
1559 2819 1615 2864 et
1657 2808 2025 2878 episcopatum

406 2974 421 2985 κ
448 2911 811 2982 Eugubinum,
851 2919 907 2964 et
958 2905 1306 2971 Nucerinum,
1354 2912 1413 2960 et
1459 2902 1795 2985 Callensem,
1830 2909 1887 2954 et
1932 2912 2028 2969 per

450 3002 879 3065 Romandiolam,
925 3008 985 3055 et
1036 2997 1357 3061 Marchiam,
1402 3007 1529 3050 cum
1574 2995 1642 3049 de
1698 2982 2027 3063 perfectione

447 3095 679 3150 fratrum
697 3104 994 3165 pauperum
1004 3088 1199 3145 Fontis
1213 3086 1485 3143 Avellame
1511 3082 1828 3141 admiranda
1859 3084 2024 3147 dicta,

447 3195 502 3238 et
547 3149 713 3255 operti
760 3149 1113 3253 percepisset,
1161 3194 1348 3236 eorum
1382 3178 1651 3248 colloquio
1699 3185 1755 3231 et
1788 3173 2028 3246 angelica
2056 3149 2101 3209 (ί

448 3273 858 3328 conversatione
893 3278 1175 3331 attractus,
1215 3267 1582 3324 cardinalatus
1610 3264 1835 3335 gloriam
1873 3265 2029 3317 dese-

450 3362 583 3427 ruit,
614 3370 670 3415 et
696 3376 818 3415 cum
870 3358 1084 3414 licentia
1128 3356 1330 3411 domini
1360 3366 1510 3426 papa:
1547 3353 1605 3409 in
1632 3366 1815 3408 eremo
1845 3351 2033 3406 Fontis

447 3453 719 3507 Avellmta:
748 3467 806 3506 se
828 3448 1066 3512 reclusit,
1102 3448 1345 3503 serviens
1368 3446 1477 3500 Deo
1515 3444 1601 3499 die
1630 3458 1695 3497 ac
1730 3451 1907 3497 nocte.
1952 3439 2033 3493 Ad

450 3544 602 3612 cujus
628 3541 932 3610 exemplum
955 3538 1170 3610 plurimi
1192 3536 1401 3593 incitati
1423 3535 1607 3590 mundi
1628 3534 1852 3604 gloriam
1881 3546 2034 3602 spre-

449 3645 643 3689 verunt
670 3641 726 3687 et
771 3632 837 3685 ad
869 3629 1211 3686 serviendum
1258 3629 1371 3682 Deo
1416 3641 1475 3681 se
1505 3626 1743 3679 totaliter
1795 3624 2032 3679 tradide-

449 3731 594 3776 runt.
622 3722 718 3776 Vir
744 3730 926 3775 autem
976 3720 1069 3775 Dei
1095 3717 1359 3782 Joannes,
1397 3715 1530 3769 tanti
1568 3715 1668 3768 viri
1716 3713 1858 3768 fama
1887 3727 2037 3767 com-

449 3821 625 3883 perta,
660 3811 905 3880 exemplo
948 3809 1062 3879 ejus
1101 3808 1393 3870 animatus,
1444 3803 1684 3872 confugit
1733 3803 1800 3856 ad
1836 3803 2033 3871 ipsum,

453 3909 510 3954 et
538 3900 807 3969 elongavit
834 3915 891 3954 se
911 3913 942 3952 a
972 3897 1171 3951 mundo
1193 3895 1435 3965 fugiens;
1465 3902 1521 3947 et
1553 3893 1619 3946 de
1655 3902 1796 3945 terra
1820 3890 2035 3958 propria

451 4001 507 4047 et
531 3992 852 4062 cognatione
896 3988 1169 4050 recedens,
1227 3984 1377 4039 venit
1411 3983 1465 4037 in
1518 3991 1740 4044 terram,
1787 3995 1948 4049 quam
1982 3980 2036 4032 ei

454 4080 715 4137 Dominus
762 4078 1037 4142 revelavit,
1078 4084 1133 4131 et
1174 4071 1469 4129 venerabili
1519 4070 1667 4125 Patri
1721 4068 1880 4124 Petro
1928 4068 2033 4121 Da-

456 4169 620 4223 miani
651 4167 819 4237 priori
847 4166 1015 4222 eremi
1058 4174 1127 4237 etx
1151 4164 1465 4218 devotorum
1505 4159 1733 4214 fratrum
1777 4157 2035 4226 magistro

454 4275 516 4315 se
545 4260 742 4314 obtulit
770 4258 1069 4321 humiliter,
1098 4255 1325 4326 genibus
1348 4252 1501 4307 ﬂexis
1526 4265 1723 4321 rogans
1749 4249 2032 4312 instanter,

455 4360 515 4405 ut
538 4350 712 4420 ipsum
737 4349 837 4404 sub
862 4346 1143 4417 disciplina
1175 4358 1345 4400 sacra:
1371 4342 1570 4412 regulae
1607 4338 1905 4395 beatissimi
1932 4339 2035 4393 Pa-

454 4440 559 4494 tris
580 4438 858 4494 Benedicti
892 4436 1188 4508 susciperet
1238 4435 1291 4490 itt
1331 4433 1651 4505 discipulum
1700 4439 1757 4488 et
1809 4430 2031 4485 fratrem

2048 1775 2095 1835 Β

2108 481 2258 543 ptum
2288 470 2341 524 in
2360 470 2494 539 ipso,
2518 471 2691 538 ipsum
2718 468 2948 538 benigne
2971 467 3196 537 recepit.
3226 464 3318 537 (Et
3340 466 3498 535 paulo
3526 468 3684 538 post).

2111 564 2237 617 Duas
2287 574 2415 615 vero
2461 559 2723 615 columna:
2770 558 2959 613 lucidas
3009 558 3234 611 fratrum
3285 556 3454 609 eremi
3504 555 3690 609 Fontis

2107 649 2416 715 Avellanam
2474 648 2799 703 reverendus
2865 646 3013 713 prior
3057 646 3289 708 Petrus,
3346 654 3401 700 et
3457 644 3687 698 clericus

2110 741 2206 797 Dei
2234 740 2489 807 Ioannes,
2537 741 2677 795 sicut
2722 739 2831 793 duo
2876 737 3160 808 Seraphim
3213 736 3396 791 divina
3425 736 3694 791 charitate

2110 832 2450 895 inflammati,
2494 830 2657 886 corde
2701 838 2757 883 et
2799 843 2895 884 ore
2918 828 3120 899 jugiter
3146 827 3313 881 Deum
3370 826 3693 881 altissimum

2110 922 2513 985 collaudabant,
2542 928 2598 974 et
2623 919 2852 973 fratrum
2894 928 3101 973 mentes
3131 926 3187 972 et
3210 916 3373 972 corda
3400 925 3454 971 et
3494 931 3590 971 ora
3624 916 3692 970 ad

2115 1015 2209 1068 Dei
2239 1014 2486 1068 timorem
2518 1021 2572 1066 et
2618 1011 2913 1065 fraternam
2953 1010 3271 1063 charitatem
3299 1009 3688 1063 accendebant.

2113 1106 2158 1163 Ο
2182 1122 2344 1177 quam
2377 1106 2575 1159 bonum
2618 1111 2673 1157 et
2716 1118 2875 1171 quam
2919 1099 3220 1171 jucundum
3266 1108 3386 1153 erat
3424 1098 3556 1153 tales
3586 1097 3696 1151 fra-

2116 1207 2229 1252 tres
2252 1196 2498 1251 habitare
2536 1194 2588 1247 in
2623 1194 2823 1247 unum!
2876 1193 2928 1246 in
2976 1190 3155 1245 medio
3187 1206 3416 1261 quorum
3446 1189 3695 1245 Christus

2115 1287 2272 1343 Jesus
2322 1294 2442 1340 erat
2493 1283 2750 1339 Dominus
2806 1290 2863 1337 et
2919 1282 3195 1351 magister.
3254 1281 3388 1335 Cum
3428 1296 3557 1335 vero
3582 1279 3694 1347 jam

2117 1379 2456 1448 omnipotens
2480 1375 2641 1430 'Deus
2670 1372 3032 1429 venerabilem
3073 1372 3293 1427 Petrum
3349 1384 3699 1426 remunerare

2119 1473 2185 1527 de
2212 1472 2325 1526 suis
2352 1469 2623 1525 laboribus
2660 1468 3009 1534 decrevisset,
3038 1482 3161 1521 cum
3213 1468 3412 1520 absens
3454 1475 3602 1519 esset
3631 1463 3701 1517 ab

2119 1576 2321 1626 eremo,
2361 1569 2416 1614 et
2464 1574 2584 1614 cum
2630 1556 2890 1612 fratribus
2930 1564 3235 1610 moraretur
3286 1556 3353 1608 ad
3399 1563 3610 1624 tempus
3646 1554 3698 1608 in

2121 1651 2448 1709 monasterio
2492 1648 2809 1711 Faventino,
2847 1646 3014 1700 vitam
3061 1643 3180 1713 ejus
3222 1646 3361 1700 Deus
3400 1645 3542 1699 bono
3597 1644 3701 1699 line

2120 1743 2423 1799 conclusit:
2454 1748 2510 1795 et
2542 1740 2654 1808 ipse
2696 1739 2780 1791 vir
2817 1736 2912 1791 Dei
2944 1736 3174 1791 feliciter
3215 1735 3453 1805 migrans
3493 1735 3558 1788 de
3602 1750 3704 1788 sae-

2123 1833 2262 1897 culo,
2292 1833 2359 1886 ad
2405 1827 2931 1893 ctelestiaevolavit,
2979 1834 3035 1880 et
3074 1825 3209 1879 vivit
3252 1840 3373 1879 eum
3401 1824 3617 1878 Christo
3648 1824 3701 1877 in

2122 1933 2403 1981 aeternum.
2425 1922 2501 1975 De
2528 1917 2680 1987 cujus
2707 1932 2922 1973 recessu
2963 1918 3161 1972 fratres
3189 1931 3399 1980 omnes,
3428 1915 3553 1970 licet
3581 1915 3700 1969 feli-

2123 2014 2270 2070 citati
2320 2013 2437 2083 ejus
2463 2010 2753 2081 plurimum
2781 2008 3205 2078 congaudcrent,
3242 2014 3434 2061 tamen
3482 2006 3549 2060 de
3603 2019 3701 2059 sua

2124 2104 2369 2160 absentia
2400 2103 2595 2156 damna
2642 2100 2742 2154 sibi
2766 2099 3003 2169 plurima
3050 2098 3272 2153 evenire
3333 2096 3698 2166 deplorabant.

2125 2198 2231 2254 Sed
2268 2211 2375 2251 non
2404 2193 2579 2249 defuit
2604 2192 2684 2246 eis
2713 2190 2894 2245 divina
2920 2190 3276 2260 providentia.
3299 2187 3433 2242 Nam
3459 2186 3701 2256 inSpit-ati

2126 2305 2156 2342 a
2187 2287 2434 2349 Domino,
2461 2283 2802 2338 concorditer
2829 2280 3225 2335 etunanimiter
3254 2286 3502 2332 sanctum
3529 2276 3702 2329 virum

2125 2380 2377 2433 domuum
2404 2373 2666 2428 Joannem
2695 2373 2761 2424 de
2791 2370 2979 2424 Laudo
3007 2369 3058 2421 in
3090 2370 3323 2436 priorem
3374 2365 3701 2436 prmcipuum

2124 2466 2434 2535 elegerunt,
2482 2470 2540 2515 ut
2589 2461 2729 2514 sicut
2780 2468 2969 2513 saneto
3009 2456 3155 2510 Patri
3187 2456 3348 2510 Petro
3377 2453 3617 2509 Damiani
3650 2454 3704 2507 in

2125 2556 2411 2610 sanctitate
2462 2560 2519 2606 et
2563 2549 2823 2619 sapientia
2869 2546 3164 2602 consimilis
3211 2554 3351 2610 erat,
3406 2544 3480 2599 ita
3540 2543 3589 2598 ei
3648 2542 3703 2597 in

2123 2647 2363 2717 prioratu
2391 2643 2729 2697 succederet.

2870 2730 2956 2785 IV.

2161 2832 2418 2902 Antiqua:
2465 2836 2651 2883 auctor
2694 2820 3315 2961 Chzgnigagufldcmis.
3360 2834 3459 2873 ms.
3509 2816 3669 2889 (circa

2200 2989 2536 3048 Venerabilis
2560 2986 2857 3043 cardinalis
2879 2984 2940 3039 8.
2965 2983 3032 3037 Il.
3066 2983 3109 3037 E
3137 3024 3152 3047 ,
3184 2982 3274 3036 Dei
3306 2995 3494 3035 servus
3516 2979 3709 3034 Petrus

2132 3085 2376 3142 Damiani
2437 3085 2489 3137 in
2542 3080 2756 3136 fervore
2807 3076 2867 3132 8.
2919 3074 3157 3145 Spiritus
3198 3073 3302 3127 sibi
3340 3072 3450 3125 dati
3499 3086 3530 3125 a
3566 3070 3703 3134 Deo,

2134 3180 2358 3250 gloriam
2404 3184 2458 3232 et
2486 3173 2802 3244 dignitatem
2829 3170 3090 3224 Romanzc
3119 3165 3283 3220 curia:
3310 3162 3615 3232 dereliquit,
3655 3169 3712 3215 et

2134 3272 2272 3327 infra
2294 3266 2604 3336 Apenninos
2639 3270 2847 3315 montes
2890 3257 3126 3313 Calhriae
3166 3252 3472 3308 venerabile
3515 3250 3713 3305 eremi-

2135 3363 2329 3417 torium
2352 3360 2409 3414 S.
2433 3355 2623 3412 Crttcis
2650 3352 2803 3421 juxta
2839 3350 3041 3404 fontem
3070 3345 3343 3399 Avellanze
3380 3338 3708 3401 construxit,

2133 3461 2189 3509 et
2211 3457 2534 3507 conventum
2564 3444 2758 3499 ibidem
2792 3440 3036 3511 pluribus
3076 3436 3279 3491 sanctis
3308 3431 3566 3487 fratribus
3595 3442 3712 3482 mo-

2134 3543 2326 3600 nachis
2374 3537 2606 3595 instituit
2652 3535 2705 3589 in
2759 3541 2944 3587 sancta
2991 3528 3344 3599 perfectione,
3387 3535 3443 3578 et
3485 3521 3709 3575 multum
3806 3546 3813 3549 —

2135 3644 2285 3689 arcta
2341 3632 2448 3686 vita
2481 3638 2538 3683 et
2571 3626 2842 3687 ordinata,
2874 3622 2964 3676 ubi
3001 3629 3055 3674 et
3104 3619 3218 3687 ipse
3260 3630 3358 3685 per
3396 3614 3548 3682 plura
3578 3619 3713 3663 tem-

2135 3739 2265 3796 pora
2296 3724 2348 3776 in
2382 3733 2573 3787 magna
2600 3715 2738 3770 vixit
2770 3711 3086 3774 sanctitate,
3140 3717 3195 3762 et
3223 3705 3466 3774 pluribus
3516 3698 3713 3755 claruit

2136 3813 2428 3870 miraculis.

2887 3891 2933 3947 γ

2170 3992 2335 4049 Card.
2361 3990 2622 4073 Baronius
2649 3981 3036 4109 Annallgcecl.
3073 3992 3211 4035 tomo
3243 3954 3327 4030 XI
3348 4015 3363 4040 ,
3409 3975 3477 4029 ad
3508 3974 3572 4027 Α.
3612 3970 3677 4025 C.

2207 4153 2297 4213 Sic
2311 4151 2454 4208 Deus
2482 4151 2585 4205 hoc
2613 4144 3045 4217 deploratissimo
3064 4138 3406 4201 sacculo,cum
3436 4131 3711 4188 excrevis-

2137 4255 2221 4302 set
2249 4245 2315 4299 ad
2357 4241 2656 4298 Ecclesiam
2695 4235 3026 4292 obruendam
3056 4231 3311 4285 diluvium
3344 4226 3544 4288 carnis,
3571 4222 3718 4276 dedit

2135 4336 2336 4392 mundo
2366 4342 2575 4388 tantum
2615 4330 2809 4389 virum.
2840 4325 2933 4395 qui
2961 4320 3342 4378 austerissimae
3385 4316 3510 4370 vitae
3535 4326 3716 4368 exem-

2134 4427 2242 4497 plo,
2273 4422 2533 4492 verbique
2580 4415 2982 4490 praedicatione,
3039 4420 3095 4465 et
3143 4409 3361 4479 scriptis
3413 4404 3715 4460 exsiccaret

456 4529 527 4583 ad
552 4529 663 4599 regi
691 4528 906 4584 Christo
935 4495 1194 4597 perpetuo
1222 4495 1588 4580 serviendum.
1624 4521 1695 4576 At
1722 4535 1848 4575 vero
1884 4534 2035 4574 reve-
2063 4504 2113 4563 D
2137 4495 2342 4571 tantam
2387 4509 2728 4581 putredinem
2782 4505 3096 4577 pariterque
3142 4506 3406 4569 pugnaret
3454 4495 3716 4549 adversus

458 4621 661 4678 rendus
682 4621 777 4675 Dei
802 4618 1055 4675 sacerdos
1075 4617 1266 4672 Petrus
1301 4615 1548 4670 Damiani
1586 4613 1776 4669 videns
1805 4610 2033 4667 Joannis

457 4710 755 4782 simplicem
794 4709 961 4766 animi
1002 4708 1312 4780 puritatem,
1342 4705 1607 4763 fervorem
1635 4702 1877 4774 spiritus,
1906 4699 2035 4755 obe-

2139 4602 2489 4661 simoniacam
2531 4596 2802 4663 hazresim,
2845 4606 2966 4664 qua:
3005 4591 3205 4661 ubique
3237 4589 3473 4643 locorum
3500 4597 3721 4656 grassa-

2138 4694 2298 4750 batur
2318 4692 2557 4763 impune.
