4088 6198
313 366 420 420 ἳῡὸ

669 365 822 420 OPP.
865 364 1044 421 PARS
1083 365 1217 421 SEU
1273 366 1433 421 TOM.
1477 367 1517 421 Ι.
1551 399 1614 409 -
1643 368 1859 424 EPIST.

2005 380 2028 428 ι.
2076 375 2206 430 Vill.
2250 399 2318 416 -ε-
2357 372 2551 426 ωηιξη
2596 370 2875 426 PRIMUS.
2915 369 3130 426 EPIST.
3173 369 3212 422 l.

3463 371 3534 426 ευ
3543 372 3574 425 ϐ

891 514 3529 543 MM

837 565 1067 848 s.
1159 689 1900 851 PETRI

2033 587 3088 864 ΒΑΜΙΑΝῙ

1555 973 1614 1031 S.
1654 975 1720 1031 R.
1757 975 1823 1032 Ε.
1854 975 2272 1036 CARDINALIS

631 1195 1980 1358 EPISTOLARUM
2090 1207 2605 1361 LIBRI
2713 1209 3278 1368 OCTO.

1745 1505 2153 1530 ψ

1475 1687 1836 1780 LIBER
1921 1690 2411 1782 PRIMUS.

539 1910 632 1968 AD
661 1905 945 2008 summos
983 1903 1424 1968 CHRISTIANAS
1479 1905 1912 1962 REIPUBLICIE
1951 1905 2333 1974 PASTORES,
2376 1907 2465 1963 ET
2499 1908 2878 1970 cananouu
2916 1907 3334 1974 ANTIPAPAM.

1703 2076 2168 2105 σιω-υ-μ--Α-ῤ

716 2256 849 2330 1-2
888 2258 1214 2315 EPISTULA
1256 2255 1488 2311 PRIMA.

522 2366 591 2406 AD
622 2366 925 2407 GREGORIUI
952 2366 1003 2403 Vl
1041 2363 1295 2403 ROIANUI
1336 2357 1677 2401 PONTIFICEI.

303 2444 708 2500 Ancuuzu'ruu.
740 2474 805 2482 —
827 2440 1090 2509 Gregorio
1113 2441 1175 2494 VI
1206 2453 1482 2493 sacrorum
1511 2446 1567 2491 et
1592 2435 1896 2509 reipublicze

386 2516 709 2569 Christiana:
738 2527 868 2567 cura
903 2507 1213 2571 eottttttissa,
1249 2523 1572 2578 magnopere
1601 2522 1660 2561 se
1687 2507 1898 2578 exhila-

386 2596 562 2638 ratunt
612 2584 869 2646 ostendit,
909 2590 966 2635 et
1011 2594 1231 2649 sperare
1281 2577 1355 2649 in:
1386 2589 1661 2649 posterum
1688 2577 1896 2649 omnia

387 2654 578 2708 melius
605 2646 1052 2706 admiuiStratum
1072 2650 1156 2710 iri,
1173 2658 1227 2702 et
1251 2647 1495 2702 scelestis
1523 2646 1899 2715 negotiationi-

383 2725 508 2784 bus.
551 2731 607 2777 et
655 2722 1025 2789 largitionibus
1077 2718 1364 2780 submotis,
1416 2718 1602 2789 virtuti
1655 2725 1897 2789 iallllllll-

385 2795 544 2863 modo
581 2785 935 2863 loeutn'fore.
989 2789 1246 2863 ﬂ_ortatur
1280 2787 1660 2863 p_r:ec_ipu_e,‘ut
1691 2785 1900 2840 Castel-

385 2862 537 2924 lanae,
575 2857 864 2924 Fanensis,
910 2869 967 2915 et
1016 2859 1352 2912 Pisaurensis
1394 2857 1650 2912 Ecclesiae
1697 2865 1898 2909 statum

385 2942 717 3013 componat:
747 2931 816 2984 ab
839 2932 923 2984 his
950 2929 1103 2984 initio
1130 2927 1296 2993 facto,
1329 2925 1477 2982 facili
1501 2927 1720 2996 negotio
1741 2935 1900 2980 crete-

384 3019 474 3057 ras
499 3019 694 3072 corrth
726 3015 902 3070 posse.

385 3117 594 3172 Domno
621 3116 902 3172 GIEGOBIO
930 3115 1274 3172 sanctissimo
1309 3129 1482 3184 papas,
1514 3113 1732 3169 Patrius
1772 3128 1900 3183 pec-

309 3215 468 3262 cator
487 3207 786 3261 monachus
811 3205 1004 3260 debita:
1030 3204 1310 3260 servitutis
1341 3203 1687 3274 obsequium.

384 3295 858 3350 Reverendissime
882 3295 1121 3360 domine,
1150 3293 1264 3366 regi
1302 3309 1491 3365 regum
1523 3293 1742 3350 Christo
1772 3307 1902 3364 gra-

311 3384 420 3439 tias
444 3383 648 3451 refero,
671 3384 795 3454 quia
817 3383 882 3439 de
910 3383 1207 3455 apostolica
1237 3384 1366 3438 sede
1391 3385 1532 3438 bona
1561 3395 1906 3452 semper_au-

310 3475 433 3529 dire
482 3473 653 3528 aridis
704 3474 957 3530 desiderii
1014 3475 1120 3529 mei
1167 3473 1413 3530 faucibus
1469 3473 1628 3539 sitio;
1689 3473 1900 3543 largum

1919 2245 1968 2302 Δ

1998 2255 2212 2326 (Matth.
2249 2273 2362 2324 ut,
2389 2257 2558 2312 Marc.
2590 2274 2665 2320 xu.
2692 2257 2854 2311 Joan.
2881 2258 2966 2328 tt).
2992 2256 3374 2312 Verumtamen
3399 2268 3582 2315 utrum

1998 2347 2122 2411 ista.
2173 2363 2293 2416 qua:
2343 2349 2652 2412 scribimus,
2689 2348 2890 2403 mundo
2941 2362 3160 2417 sperare
3211 2349 3283 2404 sit
3332 2348 3578 2405 licitum.

1995 2438 2173 2508 primo
2203 2437 2542 2493 Pisaurensis
2569 2437 2808 2493 Ecclesia
2837 2439 2992 2492 bona:
3039 2438 3153 2507 spei
3201 2437 3405 2493 clarum
3434 2439 3583 2494 dabit

1999 2525 2277 2580 indicium.
2306 2526 2416 2580 Nisi
2439 2528 2584 2581 enim
2615 2527 2867 2597 praedicta
2897 2527 3137 2583 Ecclesia
3157 2527 3228 2581 de
3255 2543 3416 2581 manu
3443 2527 3586 2583 illius

1999 2609 2252 2681 adulteri,
2283 2617 2598 2704 incestuosi,
2631 2616 2856 2688 perjuri,
2896 2629 3057 2688 atque
3099 2619 3334 2688 raptaris
3371 2618 3585 2673 aufera-

1999 2718 2106 2772 tur,
2153 2710 2332 2764 omnis
2379 2709 2698 2780 populorum
2748 2725 2895 2781 spes,
2950 2725 3070 2780 qua:
3122 2711 3189 2764 de
3241 2711 3584 2780 reparatioae

1998 2800 2182 2852 mundi
2237 2809 2418 2854 erecta
2475 2798 2673 2864 fuerat,
2719 2799 2962 2855 funditus
3013 2809 3327 2854 enervatur.
3383 2792 3587 2856 Omnes

1999 2889 2266 2958 siquidem
2299 2889 2364 2943 ad
2405 2889 2546 2944 hunc
2574 2889 2736 2944 linem
2779 2890 2966 2946 oculos
3007 2891 3256 2955 tendunt,
3300 2905 3491 2945 omnes
3517 2891 3584 2944 ad

2001 2977 2140 3031 hanc
2162 2992 2324 3030 unam
2360 2986 2548 3032 Vocem
2587 2993 2749 3034 aures
2775 2978 3012 3047 erigunt.
3053 2980 3121 3034 Et
3163 2980 3207 3035 si
3251 2978 3341 3034 ille
3380 2988 3459 3034 tot
3486 2979 3587 3034 cri-

2000 3067 2236 3124 minibus
2262 3067 2549 3125 obvolutus
2581 3069 2649 3126 ad
2669 3070 3014 3140 episcopatus
3037 3084 3221 3126 arcem
3259 3071 3585 3138 restituitur.

2001 3157 2070 3212 ab
2096 3157 2390 3226 apostolica
2416 3159 2548 3214 sede
2582 3158 2710 3216 boni
2739 3158 2944 3230 aliquid
2985 3159 3215 3216 ulterius
3248 3176 3406 3230 posse
3443 3157 3606 3228 fieri,

2001 3247 2217 3316 penitus
2262 3248 2578 3320 denegatur.
2627 3249 2764 3305 Tres
2799 3251 3050 3322 equidem
3099 3261 3248 3318 sunt,
3282 3266 3403 3322 quae
3434 3253 3590 3308 testi-

2001 3337 2243 3392 Ionium
2291 3338 2520 3406 dabunt,
2579 3337 2884 3396 Castellana
2942 3341 3119 3406 sedes,
3176 3339 3466 3406 Fanensis,
3531 3350 3588 3396 et

2003 3425 2378 3494 Pisaurensis;
2420 3437 2482 3482 ut
2509 3427 2563 3482 in
2602 3443 2698 3482 ore
2727 3429 2980 3496 duorum,
3021 3427 3106 3481 vel
3150 3429 3310 3482 trium
3363 3429 3586 3484 testium

2005 3530 2110 3577 stet
2135 3537 2298 3577 omne
2322 3523 2546 3577 verbum
2569 3521 2748 3590 (Deut.
2778 3537 2891 3586 xix,
2924 3521 3114 3575 Matth.
3155 3521 3334 3592 xvtn).
3384 3521 3443 3576 ln
3499 3521 3584 3576 bis

1302 3565 1896 3680 8:
1929 3590 1976 3649 Β
2005 3612 2176 3666 tribus
2203 3619 2450 3680 patenter
2470 3565 2775 3666 ostenditur
2804 3609 2933 3680 quid
2957 3610 3073 3680 spei
3095 3611 3164 3666 de
3191 3565 3394 3666 caetero
3419 3609 3583 3665 relin—

308 3657 461 3712 bibo.
476 3656 579 3724 Qui
595 3657 844 3712 videlicet
867 3659 1093 3712 haustus
1122 3666 1268 3711 tanta
1300 3657 1584 3712 suavitatis
1613 3656 1898 3712 dulcedine

311 3747 512 3804 mentis
538 3763 671 3803 meae
691 3747 1031 3802 stomachum
1057 3756 1292 3814 recreat,
1325 3751 1383 3800 ut
1417 3748 1543 3802 dum
1573 3757 1727 3803 mens
1761 3748 1900 3802 inte-

312 3837 428 3890 rius
452 3836 672 3905 jubilat,
725 3837 904 3907 lingua
954 3838 1203 3908 protinus
1235 3839 1288 3892 iu
1331 3838 1472 3893 hanc
1501 3853 1687 3893 vocem
1726 3837 1901 3894 laudis

312 3937 566 3999 erumpat
595 3949 609 3984 :
655 3949 674 3982 ι
705 3930 891 3985 Gloria
919 3931 974 3985 in
1000 3930 1230 3986 excelsis
1259 3931 1390 3997 Deo,
1431 3940 1487 3985 et
1529 3931 1582 3986 in
1618 3940 1765 3986 terra
1792 3943 1900 4002 pax

313 4019 623 4075 hominibus
664 4021 818 4075 bona:
858 4021 1153 4076 voluntatis
1183 4021 1333 4092 (Luc.
1368 4021 1448 4092 ιι).
1497 4039 1517 4074 ι
1563 4017 1704 4077 Vere
1752 4022 1900 4076 enim

318 4105 455 4174 ipse,
491 4107 634 4161 sicut
675 4106 939 4178 scriptum
969 4117 1075 4172 est.
1109 4120 1281 4166 mutat
1326 4122 1589 4176 tempora,
1623 4120 1677 4167 et
1706 4119 1894 4168 trans~

319 4197 424 4252 fert
455 4215 623 4262 regna
642 4199 806 4258 (Dan.
824 4201 1073 4272 u).Vere,
1099 4204 1238 4272 quod
1278 4215 1370 4272 per
1395 4207 1709 4274 prophetam
1735 4217 1892 4260 suum

323 4292 499 4346 multo
532 4302 662 4347 ante
695 4293 969 4362 pradixit,
1007 4311 1147 4350 nunc
1178 4305 1314 4350 teste
1341 4298 1542 4350 ntuudo
1573 4298 1894 4354 mirabiliter

322 4383 678 4454 adimplevit:
705 4401 725 4436 ι
749 4385 884 4450 Quia
907 4385 1220 4441 dominatur
1243 4384 1503 4444 Excelsus
1521 4388 1574 4442 in
1600 4405 1768 4460 regno
1789 4390 1890 4446 ho~

317 4473 550 4543 minum,
571 4486 627 4530 et
651 4476 734 4530 cui
763 4477 991 4532 voluerit
1017 4478 1134 4547 ipse
1153 4482 1242 4533 dat
1265 4480 1394 4534 illud
1417 4479 1582 4551 (Dan.
1604 4485 1697 4550 tv).
1725 4499 1743 4533 ο
1772 4481 1891 4536 La:-

313 4571 495 4618 tentur
529 4579 660 4634 ergo
690 4564 841 4629 caeli,
871 4575 929 4620 et
948 4564 1186 4620 exsultet
1210 4574 1380 4628 terra,
1422 4573 1478 4618 et
1513 4564 1794 4633 antiquum
1822 4563 1904 4618 sui

306 4653 448 4725 juris
471 4655 812 4726 privilegium
845 4670 905 4710 se
937 4655 1209 4725 recepisse
1239 4663 1426 4709 sancta
1453 4654 1758 4725 gratuletur
1799 4654 1897 4708 Ec-

312 4747 502 4802 clesia.
549 4747 875 4802 Conteratur
898 4747 1012 4818 jam
1065 4746 1386 4802 milleforme
1440 4755 1606 4817 caput
1653 4746 1906 4801 venenati

313 4837 616 4908 serpentis;
648 4846 827 4892 cesset
875 4838 1260 4892 commercium
1289 4851 1559 4907 perversae
1588 4831 1907 4907 negatiatio-

313 4931 430 4995 nis;
453 4929 658 4984 nullam
690 4930 803 5000 jam
834 4937 1106 4984 monetam
1147 4928 1397 4984 falsarius
1425 4927 1615 4982 Simon
1644 4927 1697 4982 in
1722 4925 1908 4982 Eccle—
1932 4945 1981 5011 ο

314 5019 391 5072 sia
419 5017 651 5075 fabricet
678 5020 816 5088 (Act.
845 5017 996 5089 vin);
1042 5017 1094 5088 3
1137 5017 1280 5072 nulla
1308 5016 1459 5072 Giezi
1490 5015 1542 5088 (Ι
1559 5013 1598 5068 γ
1644 5014 1776 5086 Reg.
1820 5014 1898 5085 v),

315 5119 584 5178 przesente
633 5109 838 5174 providi
887 5109 1126 5164 doctoris
1179 5109 1444 5172 absentia,
1505 5107 1704 5162 furtiva
1760 5108 1901 5162 dona

317 5210 576 5271 reportet.
619 5198 737 5254 lam
763 5199 1015 5254 columba
1044 5208 1350 5254 revertatur
1377 5199 1444 5253 ad
1486 5209 1689 5260 arcam.
1738 5207 1789 5251 et
1822 5197 1900 5251 vi-

317 5293 562 5347 rentibus
595 5294 750 5346 olivze
784 5291 943 5355 foliis,
978 5307 1162 5362 pacem
1194 5292 1404 5348 nuntiet
1441 5291 1709 5346 redditam
1741 5291 1901 5344 terris

317 5382 468 5453 (Gen.
517 5385 662 5453 vui).
705 5384 1014 5453 Reparetur
1061 5399 1206 5438 nunc
1253 5398 1474 5437 aureum
1532 5381 1899 5451 apostolorum

316 5475 593 5538 Safculum,
641 5484 694 5527 et
743 5475 1064 5543 praesidente
1093 5482 1272 5527 vestra
1302 5473 1608 5541 prudentia,
1642 5471 1901 5526 ecclesia-~

318 5566 452 5618 stica
503 5563 755 5619 relloreat
800 5547 1100 5634 disciplina.
1147 5563 1496 5632 Reprimatur
1555 5562 1782 5615 avaritia
1837 5563 1902 5614 ad

316 5655 651 5724 episcopales
722 5656 917 5710 infulas
978 5655 1386 5719 anhelantium;
1453 5662 1771 5707 evertamur
1814 5667 1900 5706 ca-

321 5742 526 5797 thedra:
609 5745 886 5800 columbas
970 5744 1315 5798 vendentium
1417 5740 1900 5796 nummulariorum

1998 3709 2216 3771 quatur.

2069 3790 2421 3861 Omnipotens
2445 3793 2585 3848 Deus
2602 3800 2674 3858 te,
2696 3805 2906 3848 summe
2926 3791 3104 3859 Pater,
3125 3792 3190 3848 ad
3210 3793 3585 3848 conservanda

2000 3881 2257 3938 Ecclesiae
2307 3899 2420 3938 suae
2467 3883 2591 3953 jura
2641 3884 2948 3948 custodiat,
3001 3893 3058 3939 et
3112 3883 3366 3954 populum
3425 3899 3584 3938 suum

2002 3989 2070 4030 ne
2099 3974 2371 4029 immerito
2399 3976 2502 4030 sub
2537 3975 2969 4044 tantopoutifice
2995 3975 3230 4046 gaudere
3257 3975 3554 4045 permittat.

2567 4087 2904 4144 EPISTOLA
2950 4087 3013 4142 ll.

2628 4196 2696 4235 AD
2723 4192 2964 4236 EUIDEI.

2003 4270 2397 4326 Ancuueuruu.
2419 4295 2490 4311 -—-
2515 4267 2718 4325 Scribit
2746 4270 3033 4340 quemdam
3053 4311 3068 4335 ,
3111 4270 3205 4340 qui
3245 4271 3530 4340 episcopus
3558 4285 3590 4324 a

2073 4343 2185 4395 suis
2213 4342 2439 4406 electus,
2483 4340 2732 4405 Romam,
2761 4339 2820 4394 ut
2860 4356 2891 4394 a
2933 4339 3189 4410 pontifice
3239 4339 3590 4396 confirmare-

2077 4422 2184 4474 tur,
2214 4413 2528 4480 accedebat,
2553 4411 2654 4465 sibi
2696 4425 2805 4480 non
2835 4409 3224 4480 usquequaque
3253 4411 3468 4480 probari
3495 4427 3511 4475 ;
3543 4410 3592 4480 si
3695 4409 3698 4412 ’
3781 4414 3792 4420 '

2073 4491 2251 4536 tamen
2280 4491 2404 4536 cum
2432 4475 2554 4550 aliis
2581 4475 3051 4543 conferaturfnon
3099 4475 3377 4550 indignum
3418 4475 3591 4534 videri
3687 4500 3692 4505 τ

2073 4567 2136 4604 ea
2177 4553 2456 4620 dignitate.
2489 4549 2651 4614 Petit,
2683 4559 2741 4603 ut
2765 4551 2810 4604 si
2843 4550 2989 4620 illum
3019 4549 3290 4619 reiecerit,
3323 4565 3495 4619 usque
3519 4550 3588 4602 ad

2074 4618 2545 4676 suum'adventum
2575 4620 2714 4675 hanc
2743 4634 2859 4675 rem
2886 4618 3121 4676 differat.

2075 4732 2282 4788 Damno
2317 4731 2596 4788 Gnscomo
2631 4731 2979 4787 sanctissimo
3017 4743 3191 4802 papte,
3222 4731 3438 4785 Penus
3463 4741 3590 4799 pec.

2006 4831 2160 4876 cator
2188 4822 2484 4876 monachus
2510 4820 2873 4876 devotissima:
2903 4821 3182 4876 servitutis
3205 4820 3548 4888 obsequium.

2079 4910 2304 4966 Noverit
2325 4911 2606 4967 beatitudo
2643 4923 2847 4978 vestra,
2900 4912 3144 4982 piissime
3175 4913 3413 4975 domine,
3461 4910 3590 4978 quia

2009 5019 2112 5076 pro
2133 5004 2372 5074 peccatis
2411 5004 2614 5060 nostris
2633 5003 2818 5060 clerici
2854 5003 3002 5074 digni
3043 5003 3388 5072 episeOpatus
3409 4999 3588 5055 oﬂicio

2008 5097 2062 5152 in
2093 5097 2294 5152 nostris
2337 5097 2584 5167 partibus
2631 5112 2739 5153 non
2786 5095 3155 5150 inveniuntur.
3189 5092 3390 5148 Omnes
3443 5092 3589 5146 enim

2007 5196 2258 5257 quaerunt
2300 5202 2422 5257 quae
2467 5201 2563 5241 sua
2599 5193 2746 5251 sunt,
2795 5194 2850 5241 et
2892 5199 2999 5240 non
3046 5198 3166 5253 quae
3209 5181 3336 5238 Jesu
3383 5181 3590 5237 Christi

2010 5276 2263 5348 (Philipp.
2295 5283 2377 5346 ιι).
2414 5277 2671 5331 Avaritia:
2694 5277 2892 5345 quippe
2916 5285 2971 5330 et
3022 5275 3270 5329 elationis
3301 5275 3425 5345 igne
3470 5288 3592 5327 suc.

2009 5371 2180 5434 censi,
2207 5371 2452 5424 ambiunt
2481 5369 2699 5438 quidem
2735 5369 2803 5423 ad
2847 5369 3215 5424 sacerdotium
3256 5367 3586 5438 promoveri,

2007 5462 2102 5516 sed
2137 5476 2243 5516 non
2278 5463 2497 5515 student
2525 5461 2668 5530 digni
2699 5462 3003 5517 sacerdotio
3043 5461 3182 5516 fieri.
3226 5460 3463 5514 Prznesse
3505 5460 3590 5512 ius

2008 5555 2178 5616 hiant.
2212 5552 2466 5623 prodesse
2509 5568 2617 5607 non
2666 5560 2878 5607 curant.
2922 5552 3306 5607 Verumtamen
3338 5565 3435 5619 pro
3463 5563 3593 5617 quas

2007 5647 2157 5700 litate
2185 5646 2463 5714 temporis,
2478 5656 2532 5700 et
2557 5646 2781 5715 penuria
2809 5659 3188 5716 personarum,
3217 5644 3430 5697 videtur
3456 5639 3588 5694 mihi

2009 5739 2097 5793 hic
2121 5737 2558 5807 archipresbyter
2579 5753 2738 5807 posse
2761 5738 2828 5794 ad
2851 5739 3196 5808 episcopatus
3221 5736 3426 5806 apicem
3468 5745 3588 5800 pro-
