4088 6198
366 478 375 487 ,
419 406 527 462 sm

1000 403 1061 460 s.
1100 398 1306 459 rem
1344 394 1628 455 DAMlANl
1665 396 1814 456 ore.
1855 394 2035 454 rans
2075 393 2207 452 seu
2250 392 2488 452 Tenus
2525 393 2565 451 l.
2606 425 2674 436 —
2710 394 2927 451 EPIST.
2969 346 3099 450 LlB.
3133 392 3267 450 vm.

2842 276 2863 303 ιδ

3590 395 3698 453 208

362 498 370 506 ’
423 523 567 585 vehi,
605 520 650 577 si
702 527 893 576 vestra:
943 517 1249 573 sanctitatis
1286 515 1340 570 id
1387 514 1646 569 decernat
1680 512 1998 569 auctoritas.
2031 517 2077 576 Α
2105 505 2344 563 tenebris
2366 507 2749 563 remanemus?
2773 483 2911 574 Quid
2935 504 3110 575 juvat,
3135 505 3180 560 si
3202 507 3303 561 sub
3325 519 3448 560 sera
3470 506 3700 576 quilibet

419 614 684 683 Excepto,
720 610 861 681 quod
888 609 1119 663 avaritia
1141 606 1364 663 honoris
1385 608 1610 671 aestuat;
1641 602 2008 660 conscendere

362 758 370 775 ,
424 704 492 759 ad
515 701 799 773 pastoralis
812 699 970 755 cilicii
984 697 1199 754 culmen
1231 695 1467 752 anhelat.
1489 694 1603 753 Hoc
1619 705 1801 750 autem
1825 702 2009 767 vestro

423 793 763 862 relinquatur
789 790 1019 862 judicio.
1039 786 1148 847 Sed
1179 787 1223 845 Si
1252 788 1358 851 hoc
1376 802 1482 845 non
1504 787 1673 853 obsit,
1694 800 1822 843 cum
1855 778 2010 841 Sem-

421 884 728 955 prouiensis
763 881 1020 938 Ecclesiae
1050 880 1319 936 clericalis
1345 878 1403 953 4
1424 879 1559 935 ordo
1587 879 1641 933 in
1668 891 1787 933 mea
1830 884 2010 932 mente

425 960 743 1037 revolvitur,
775 973 867 1027 hic
909 971 1188 1041 aliquanto
1216 969 1433 1026 czeteris
1458 968 1612 1039 quasi
1660 965 2011 1025 meliusculus

423 1064 715 1119 invenitur.
746 1061 1086 1133 Quapropter
1122 1061 1168 1116 si
1206 1059 1639 1131 prudentissimae
1665 1066 1860 1114 vestrae
1887 1072 2013 1113 san-

424 1153 601 1209 ctitati
656 1152 871 1223 placere
897 1158 1096 1223 potest,
1132 1160 1419 1222 postquam
1467 1165 1497 1203 a
1539 1149 1689 1205 clero
1728 1156 1784 1204 et
1813 1145 2013 1219 populo

430 1254 516 1301 est
571 1244 801 1309 electus,
850 1252 1133 1314 postquam
1176 1242 1247 1298 ad
1291 1243 1394 1298 hoc
1438 1239 1671 1296 oﬂicium
1704 1255 1736 1295 a
1771 1236 2014 1310 pluribus

426 1348 699 1407 utcunque
747 1334 1024 1404 iudicatur
1074 1335 1303 1390 idoneus
1341 1374 1358 1400 ,
1431 1324 1499 1388 de
1558 1331 1869 1401 ambitione
1904 1342 2014 1385 sua

426 1426 803 1498 paenitentiam
881 1436 1046 1496 agat,
1104 1433 1161 1479 et
1223 1424 1659 1480 benedictionem
1723 1434 2015 1477 consecra-

428 1521 590 1576 tionis
612 1521 862 1590 accipiat.
896 1506 1285 1574 Verumtamen
1311 1515 1654 1586 omnipotens
1694 1512 1856 1576 Deus,
1882 1509 2014 1581 quid

426 1611 579 1666 vobis
615 1627 778 1682 super
801 1610 905 1665 hac
933 1624 992 1664 re
1028 1609 1338 1664 faciendum
1384 1608 1487 1672 sit,
1522 1621 1621 1677 per
1646 1606 1729 1661 sui
1780 1604 2016 1681 Spiritus

432 1701 665 1771 gratiam
705 1699 917 1763 doceat,
949 1706 1006 1752 et
1030 1697 1083 1752 in
1127 1695 1327 1766 templo
1356 1696 1594 1766 pectoris
1631 1694 1800 1751 vestri
1847 1692 2016 1747 mani-

429 1795 565 1848 festa
592 1791 884 1847 voluntatis
912 1806 1021 1856 suae
1039 1789 1162 1860 jura
1186 1788 1466 1853 decernat.
1491 1786 1669 1844 Unum
1696 1795 1878 1841 autem
1905 1792 2012 1850 est,

2111 599 2291 656 vitalis
2338 599 2578 654 alimenti
2629 599 2843 670 copiam
2893 598 3126 664 claudat,
3169 597 3285 667 ipse
3326 604 3507 652 tamen
3554 597 3700 652 {ante

2109 694 2408 765 dapereat?
2438 692 2579 763 Quid
2623 693 2800 766 juvat,
2849 708 2974 749 cum
3018 692 3140 763 quis
3197 692 3370 748 limati
3422 692 3702 747 mucronis

2109 781 2254 842 ferro
2278 782 2633 853 succingitur,
2660 783 2709 839 si
2726 780 3072 838 circumfusi
3102 780 3340 837 hostium
3371 780 3564 836 cuneis
3584 794 3695 835 non

2109 872 2394 926 vibratur?
2430 872 2507 927 Te
2542 872 2713 937 enim,
2755 871 3101 940 omnipotens
3128 869 3293 935 Deus,
3341 871 3464 926 vice
3503 869 3589 925 sui
3646 869 3699 924 in

2110 960 2309 1032 populo
2340 960 2743 1032 quodammodo
2787 962 2967 1017 cibum
3010 961 3228 1030 posuit;
3275 975 3347 1016 ex
3396 970 3449 1015 te
3500 970 3698 1036 contra

2110 1067 2301 1109 omnes
2343 1053 2777 1109 adversariorum
2817 1052 3050 1122 impetus
3091 1051 3350 1108 Ecclesia:
3395 1067 3508 1107 sua:
3557 1052 3704 1107 latus

2111 1144 2384 1209 armavit;
2413 1152 2683 1216 quatenus
2713 1152 2770 1200 et
2794 1143 2905 1199 Deo
2936 1142 3306 1201 resistentium
3346 1153 3540 1213 pectus
3583 1152 3704 1198 stu-

2112 1235 2243 1291 deas
2269 1230 2482 1289 cmlesti'
2504 1232 2704 1290 virtute
2723 1232 3038 1299 confodere,
3074 1243 3132 1308 et
3171 1233 3475 1291 fainelicum
3504 1242 3707 1290 nostra:

2114 1324 2437 1382 humilitatis
2463 1323 2804 1380 stomachum
2843 1323 2984 1379 sacri
3014 1324 3165 1381 verbi
3204 1325 3432 1395 dapibus
3472 1326 3702 1380 satiare.

2115 1414 2219 1470 Sed
2241 1429 2362 1470 cum
2392 1414 2675 1470 videamus
2697 1414 3001 1470 Fanensem
3022 1414 3289 1471 latronem
3316 1418 3382 1472 ab
3409 1417 3495 1472 his
3514 1416 3705 1480 ctiam,

2113 1504 2205 1575 qui
2236 1518 2342 1558 non
2385 1513 2563 1570 erant,
2618 1502 2715 1560 sed
2762 1501 3081 1559 dicebantur
3126 1505 3434 1574 apostolici.
3475 1504 3704 1567 maledi-

2113 1603 2263 1649 ctum
2292 1603 2349 1649 et
2388 1593 2951 1661 excommunicatum;
2983 1593 3349 1648 Auximanum
3376 1608 3595 1665 quoque
3623 1603 3706 1646 tot

2115 1693 2172 1740 et
2209 1684 2374 1740 tantis
2421 1683 2684 1739 inauditis
2729 1682 3053 1739 criminibus
3106 1682 3433 1749 involutum,
3464 1683 3708 1752 aliosque

2116 1776 2280 1833 simili
2308 1777 2576 1832 sententia
2599 1776 3061 1840 condemnandos,
3106 1790 3137 1829 a
3180 1775 3333 1831 vobis
3382 1791 3506 1831 cum
3554 1785 3704 1829 tanta

427 1884 570 1939 unde
598 1882 817 1954 pietatis
844 1870 1041 1938 veStra:
1067 1880 1301 1949 deposco
1323 1878 1685 1941 clementiam,
1717 1886 1779 1932 ut
1796 1876 1842 1932 si
1867 1876 2013 1931 hunc
2040 1863 2088 1925 B
2113 1866 2422 1938 arrogantia
2442 1875 2498 1922 et
2522 1865 2884 1922 exsultatione
2933 1865 3154 1930 reverti,
3176 1866 3392 1936 cogitur
3421 1865 3475 1921 in
3498 1864 3705 1919 luctunt

426 1991 535 2031 non
561 1972 1033 2037 consecraveritis,
1050 1971 1223 2028 donec
1240 1984 1325 2025 me
1348 1983 1569 2026 servum
1597 1974 1835 2022 vestrum
1863 1964 2015 2020 vide-

427 2065 567 2126 ritis.
592 2064 724 2120 nulli
747 2061 992 2134 prtedicti
1020 2061 1363 2131 episcopatus
1394 2056 1710 2113 cathedram
1738 2055 2012 2112 tribuatis.

993 2172 1328 2228 EPISTOLA
1359 2171 1445 2227 lli.

636 2282 705 2322 AD
734 2277 1052 2321 CLEMENTBI
1090 2279 1128 2317 ll
1165 2275 1420 2318 ROMANI!!!
1448 2274 1792 2317 ιιοκτιηαιςιι.

427 2384 826 2437 Ancunsnruu.
875 2406 947 2418 —
978 2373 1169 2431 Iussus
1213 2376 1281 2430 ab
1327 2373 1656 2443 imperatore
1697 2371 2012 2442 pontiﬁcem

499 2452 673 2516 adire,
704 2456 764 2501 ut
815 2446 963 2501 illum
994 2446 1061 2500 de
1086 2442 1443 2516 quarumdam
1495 2442 1857 2516 Ecclesiarum
1892 2454 2017 2516 pes-

499 2511 823 2576 simo'statn
872 2511 1160 2570 certiorem
1198 2512 1421 2577 faceret,
1447 2527 1571 2568 cum
1602 2511 1716 2579 jam
1765 2521 1910 2567 esset
1960 2511 2014 2566 in

500 2590 716 2651 itinere,
742 2585 954 2640 litteras
981 2582 1225 2652 ejusdem
1242 2583 1605 2652 imperatoris,
1622 2596 1759 2652 quas
1774 2581 2014 2651 pontiﬁci

494 2650 754 2715 traderet.
799 2650 1028 2724 accepit.
1082 2652 1189 2725 llas
1216 2652 1270 2706 in
1319 2650 1608 2725 praesentia
1641 2650 1737 2725 'ad_
1766 2650 2014 2725 eumdem

503 2727 696 2792 mittit,
715 2719 996 2794 rogatque,
1024 2730 1084 2777 ut
1105 2722 1171 2777 ad
1195 2736 1255 2778 se
1274 2719 1495 2794 scribat,
1514 2720 1696 2777 utrum
1724 2721 1828 2776 iter
1850 2719 2018 2775 semel

507 2791 816 2865 susceptum
859 2791 964 2847 sibi
1021 2791 1453 2865 prosequendum
1488 2798 1751 2865 censeat,
1807 2803 2014 2865 neque;

504 2858 682 2925 simul
703 2865 866 2920 etiam
896 2858 1113 2929 mon—us,
1152 2858 1436 2932 quod_sib_i
1470 2859 1873 2932 demandatum
1894 2858 2012 2932 fue-

498 2945 606 3002 rat,
632 2935 920 3005 diligenter
939 2929 1276 3005 essequiiur,
1300 2929 1772 3005 Ecclesiarumque
1794 2929 2017 2984 calami-

500 3000 666 3072 tates,
695 3000 756 3061 ei
794 3000 1252 3074 perturbationes,
1298 3009 1518 3074 propter
1555 3000 1862 3074 antistitum
1895 3013 2016 3074 sce-

500 3068 733 3137 lera,'et
756 3068 978 3144 ﬂagitia,
1006 3072 1093 3127 vir
1115 3072 1259 3143 pius,
1289 3068 1414 3126 non'
1436 3071 1558 3144 sine
1597 3084 1791 3144 magno
1831 3068 2018 3144 dolore

498 3145 769 3216 deplorat.
797 3139 1135 3199 O'btestatur'
1148 3154 1282 3212 ergo
1301 3140 1634 3216 pontiﬁcem,
1664 3139 1725 3195 ut
1750 3141 1883 3211 ipse,
1927 3139 2019 3216 cui

502 3210 759 3272 universa
810 3226 1093 3269 sacrorum
1141 3210 1272 3267 cura
1332 3210 1621 3265 commissa
1669 3210 1793 3274 est,
1845 3210 2019 3265 sacris

499 3284 762 3364 Ecclesiis
783 3284 850 3338 ab
872 3282 1135 3364 improbis
1155 3279 1468 3364 hominibus
1493 3277 1836 3364 labefactans
1858 3292 2018 3364 opem

500 3354 665 3417 ferat,
694 3354 922 3422 illasque
951 3349 1005 3407 in
1035 3351 1318 3424 pristinam
1362 3349 1811 3420 tranquillitatem
1859 3349 2021 3405 resti-

502 3434 657 3482 tuere
681 3432 930 3480 conetur.

500 3532 715 3588 Domno
751 3530 1033 3586 Creusam
1066 3540 1294 3584 summa:
1324 3526 1470 3582 sedis
1516 3525 1769 3591 antistiti,
1804 3525 2023 3582 Ps'rncs

431 3629 690 3694 peccator
710 3619 1009 3675 monachus
1021 3616 1337 3674 humillima:
1355 3615 1656 3672 devotionis
1677 3615 2019 3686 obsequium.

505 3710 731 3767 Noverit
793 3708 1072 3765 beatitudo
1126 3716 1306 3763 vestra
1334 3747 1350 3772 ,
1408 3705 1863 3762 excellentissime
1922 3706 2021 3762 do-

435 3802 607 3867 tn'ttte,
651 3802 780 3871 quia
819 3800 1070 3857 dominus
1119 3798 1513 3855 invictissimus
1564 3798 1862 3867 imperator
1911 3812 2019 3852 non

435 3891 631 3957 semel,
654 3892 750 3948 sed
774 3906 918 3960 saepe
937 3889 1069 3944 mihi
1095 3889 1351 3960 praecepit
1377 3907 1392 3943 :
1425 3898 1500 3955 et,
1522 3888 1577 3944 si
1605 3889 1788 3943 dicere
1828 3888 2019 3953 audeo,

436 3996 629 4053 rogare
660 3981 915 4053 dignatus
941 3986 1052 4045 est,
1080 3986 1141 4033 ut
1169 3977 1237 4032 ad
1278 3992 1373 4033 vos
1405 3976 1667 4042 venirem,
1704 3986 1759 4031 et
1799 3989 1920 4046 qum
1965 3974 2022 4030 in

441 4072 700 4129 Ecclesiis
758 4080 1073 4127 nostrarum
1134 4069 1370 4140 partium
1422 4079 1750 4140 agerentur,
1796 4081 2024 4140 quaeque

441 4162 578 4217 mihi
599 4162 909 4217 necessaria
943 4176 972 4214 a
999 4160 1152 4216 vobis
1194 4159 1308 4215 ﬁeri
1338 4159 1671 4224 viderentur,
1699 4158 1895 4214 vestris
1927 4174 2024 4213 au-

434 4252 589 4306 ribus
613 4250 942 4305 intimarem.
957 4248 1203 4317 Cumque
1217 4262 1322 4319 ego
1338 4255 1395 4303 et
1412 4245 1780 4302 dilIicultatem
1811 4246 2024 4303 itineris

433 4342 930 4413 perhorrescerem,
983 4348 1040 4394 et
1086 4339 1157 4394 ad
1193 4353 1291 4393 vos
1318 4339 1505 4394 venire
1543 4339 1759 4408 penitus
1804 4354 2022 4395 recusa-

434 4448 575 4497 rem,
605 4430 695 4487 ille
725 4447 753 4485 a
798 4444 901 4486 sua
924 4430 1226 4486 intentione
1254 4444 1362 4486 non
1394 4430 1632 4496 destitit;
1666 4429 1781 4491 sed,
1815 4440 1876 4485 ut
1917 4430 2023 4486 iter

437 4525 764 4595 arriperem,
804 4522 1053 4577 absoluta
1077 4521 1392 4578 deﬁnitione
1421 4522 1701 4593 praecepit.
1731 4521 2021 4592 Postquam

442 4627 624 4672 autem
658 4615 855 4670 itinere
891 4614 1101 4670 dierum
1146 4613 1311 4668 trium
1351 4612 1421 4668 ad
1448 4627 1690 4670 eternium
1743 4608 2024 4685 regressus

439 4725 584 4776 sum,
613 4722 742 4777 ecce
783 4708 900 4763 ista:
942 4706 1066 4777 ejus
1106 4705 1307 4762 littera:
1353 4705 1526 4763 sacris
1549 4706 1744 4762 vestris
1773 4706 2022 4762 manibus

432 4799 744 4863 oﬂ'erendze,
790 4797 952 4867 nobis
987 4796 1168 4852 allatae
1209 4804 1358 4861 sunt,
1400 4810 1539 4867 quas
1594 4811 1694 4852 nos
1737 4810 1911 4867 usque
1952 4796 2021 4851 ad

433 4874 713 4962 aspectum
738 4898 980 4945 vestrum
1005 4901 1113 4943 non
1140 4887 1524 4958 praesumimus
1549 4897 1840 4954 temerare,
1860 4902 2018 4958 quas,

433 4983 478 5039 si
504 4983 706 5054 placet,
726 4995 825 5036 vos
853 4979 1006 5051 prius
1041 4979 1307 5050 inspicite.
1332 4988 1390 5035 et
1430 4995 1557 5036 cum
1588 4980 1672 5035 his
1718 4979 1878 5035 simul
1923 4994 2023 5051 per

433 5084 647 5130 vestras
676 5088 899 5144 quoque,
938 5072 1175 5137 litteras,
1226 5081 1409 5126 utrum
1445 5071 1517 5125 ad
1546 5086 1643 5141 vos
1688 5072 1877 5127 venire
1924 5071 2023 5127 de-

436 5165 616 5229 beam,
648 5178 841 5231 necne,
872 5164 1001 5219 mihi
1025 5162 1216 5234 jubere
1231 5161 1547 5234 dignemini.
1577 5161 1688 5233 Ego
1711 5161 1859 5218 enim
1884 5162 2027 5218 inter

437 5262 733 5323 utrumque
758 5253 987 5323 positus,
1023 5262 1080 5309 et
1099 5253 1214 5313 dies
1238 5267 1389 5308 meos
1415 5252 1521 5307 huc
1544 5251 1782 5321 illucque
1814 5253 2027 5308 discur—

442 5343 632 5408 rendo,
683 5342 913 5412 perdere
970 5344 1156 5407 timeo,
1209 5353 1265 5397 et
1296 5352 1476 5399 tamen
1520 5341 1777 5399 Ecclesia:
1815 5340 1866 5413 5
1905 5342 2025 5408 Dei,

437 5448 565 5503 qum
583 5433 641 5487 in
659 5433 863 5487 nostris
897 5434 1144 5502 partibus
1187 5447 1283 5502 per
1312 5433 1483 5490 malos
1530 5434 1813 5505 episcopos
1843 5442 1899 5489 et
1933 5434 2027 5488 ab-

438 5526 597 5582 bates
628 5525 853 5579 omnino
899 5523 1139 5583 confusa:
1187 5536 1339 5592 sunt,
1374 5528 1761 5597 compatiendo
1790 5541 2027 5583 mterore

438 5614 610 5682 nimio
645 5624 702 5671 et
734 5615 953 5671 tristitia
986 5616 1335 5673 contabesco.
1391 5617 1458 5673 Et
1485 5618 1614 5689 quid
1648 5619 1892 5689 prodest,
1923 5619 2026 5674 do-

440 5706 584 5762 mine
613 5706 708 5770 mi,
759 5705 904 5775 quod
930 5706 1281 5776 apostolicam
1334 5708 1519 5763 sedem
1553 5708 1621 5765 de
1674 5709 1912 5765 tenebris
1959 5710 2027 5767 ad

441 5798 617 5853 lucem
657 5810 929 5853 remeasse
967 5796 1225 5861 dicimus,
1271 5796 1320 5851 si
1365 5812 1464 5852 nos
1513 5798 1690 5855 adhuc
1718 5798 1773 5854 in
1815 5799 2025 5855 eisdem

2051 4577 2102 4638 D

2116 1958 2229 2027 spei
2260 1968 2461 2014 nostra:
2489 1957 2742 2029 gaudium
2770 1957 3122 2013 commutari.
3144 1954 3274 2012 oNos
3314 1956 3458 2012 enim
3508 1971 3701 2027 spera-

2114 2048 2333 2113 bamus,
2350 2047 2495 2117 quod
2522 2056 2578 2102 tu
2600 2061 2751 2103 esses
2772 2047 3152 2117 redempturus
3181 2046 3347 2103 Israel
3376 2045 3698 2118 (Luaxmv).

2117 2137 2482 2208 Quapropter,
2521 2137 2833 2193 beatissime
2863 2136 3112 2203 Domine,
3142 2137 3222 2192 sic
3250 2136 3620 2202 conculcatam
3649 2144 3709 2191 ct

2116 2229 2381 2299 abjectam
2411 2227 2569 2284 stude
2607 2228 2849 2285 relevare
2879 2226 3153 2297 justitiam
3191 2243 3205 2282 :
3237 2230 3318 2284 sic
3353 2226 3705 2284 ecclesiastici

2117 2320 2322 2391 vigoris
2349 2320 2548 2376 exhibe
2568 2319 2932 2391 disciplinam,
2965 2328 3103 2376 utet
3132 2335 3260 2392 pars
3288 2319 3472 2389 iniqua
3499 2335 3532 2375 a
3556 2329 3704 2375 statu

2117 2411 2386 2482 superbia:
2408 2420 2652 2480 corruat,
2688 2420 2745 2467 et
2789 2426 2944 2468 mens
2987 2411 3271 2481 humilium
3321 2412 3390 2467 ad
3436 2414 3705 2483 speranda

2118 2502 2260 2557 bona
2289 2500 2592 2559 ﬁducialius
2619 2503 2984 2560 convalescat.

2680 2595 3015 2654 EPISTOLA
3045 2595 3144 2672 ,Iv.

2367 2702 2436 2742 AD
2473 2701 2684 2743 LEONEH
2720 2704 2775 2744 IX
2817 2703 3070 2744 ᾺΟΜΛΝϋὶΙ
3111 2701 3456 2743 ῐιοΝτιιἸςειι.

2098 2777 2159 2849 ⁸Α
2168 2791 2513 2849 accusarunt,
2534 2807 2610 2849 τ-
2637 2777 2748 2833 llac
2768 2778 3002 2849 epistola!
3023 2786 3168 2835 totus
3185 2778 3244 2849 in
3267 2793 3337 2835 eo
3355 2787 3624 2843 versatur,
3647 2789 3709 2831 ut

2190 2847 2441 2903 ostendat
2478 2846 2614 2903 falso
2659 2862 2719 2918 se
2764 2846 2930 2904 fuisse
2972 2847 3041 2904 de
3084 2848 3706 2918 quibusdamﬂcritninio

2190 2919 2291 2973 bus
2315 2929 2646 2988 accusatum.
2669 2916 2908 2988 Leonem
2929 2932 3057 2973 vero
3078 2916 3387 2988 pontiﬁcem
3413 2917 3705 2972 ilaxitmuu

2192 2989 2261 3041 ad
2295 3001 2356 3041 ea
2384 2987 2653 3043 credenda
2700 2987 2862 3043 nimis
2908 2987 3203 3045 proclivem
3238 2988 3431 3043 leviter
3453 2998 3703 3045 excusat.

2188 3056 2371 3112 Facile
2395 3058 2540 3112 enim
2570 3057 2757 3121 fuisse,
2782 3058 2878 3123 ait,
2904 3056 3108 3122 lioiiiini
3138 3059 3303 3113 tantis
3331 3057 3706 3124 occupationi—

2194 3126 2294 3182 bus
2321 3127 2580 3197 impcdito
2610 3142 2639 3182 a
2671 3127 3155 3198 calumuiatoribus
3182 3126 3457 3198 paulisper
3486 3126 3711 3198 imponi,

2193 3197 2529 3279 quodetiam
2572 3197 2823 3279 exemplo
2856 3197 3073 3279 Davidis
3120 3198 3458 3279 comprobat.
3510 3197 3715 3279 Deinde

2152 3267 2495 3323 ,rationibus
2538 3281 2604 3322 ex
2651 3268 2829 3338 sacris
2874 3267 3071 3338 litteris
3115 3267 3301 3338 petitis
3349 3268 3710 3323 deuumstrat.

2193 3351 2355 3405 quam
2386 3345 2541 3392 caute
2572 3337 2645 3391 sit
2671 3336 2861 3392 alienis
2882 3336 3350 3393 criminationibus
3382 3337 3515 3393 fides
3547 3337 3709 3391 utibi-

2192 3405 2386 3461 beuda.
2435 3406 2718 3462 Postremo
2784 3408 2949 3461 Deum
3004 3422 3116 3462 sua:
3165 3405 3485 3463 innocctitirc
3522 3414 3716 3461 testem

2193 3477 2441 3548 advocat,
2464 3475 2728 3548 additque
2760 3490 2823 3533 se
2850 3477 3135 3548 (sicidern
3164 3491 3383 3548 autumo
3411 3476 3607 3548 rectori
3639 3477 3711 3528 ita

2192 3546 2477 3628 placuerit)
2520 3547 2751 3628 quodvis
2791 3546 3139 3617 supplicium,
3169 3546 3420 3619 quamvis
3459 3546 3714 3603 innocen-

2196 3626 2324 3679 tem,
2357 3626 2562 3686 perpeti
2595 3626 2841 3686 paratum
2865 3631 3008 3672 esse.

2194 3706 2404 3764 Donum
2424 3705 2591 3762 Laoxt
2637 3707 2953 3763 beatissimo
2999 3723 3174 3780 papae,
3216 3709 3433 3766 PETRUS
3462 3718 3716 3780 peccator

2125 3800 2423 3856 monachus
2452 3800 2816 3856 devotissinue
2850 3799 3130 3857 servitutis
3157 3802 3500 3873 obsequium.

2198 3891 2308 3947 Hoc
2332 3890 2522 3947 saltem
2550 3892 2728 3947 dicant
2755 3876 3165 3949 accusatoribus
3192 3892 3331 3949 meis
3349 3932 3366 3960 ,
3395 3894 3539 3963 quod
3566 3892 3718 3962 plebs

2125 3979 2423 4036 lsraeiitica
2471 3979 2609 4035 dixit
2640 3979 3084 4050 praedicatoribus
3127 3981 3238 4038 suis
3269 4000 3285 4037 :
3323 4002 3342 4035 ‹
3374 3982 3568 4039 Videat
3610 3982 3717 4038 Do-

2126 4071 2328 4135 minus,
2362 4068 2662 4141 ctjudicet,
2714 4070 2967 4139 quoniam
3017 4068 3209 4127 {retere
3254 4069 3463 4128 fecistis
3490 4075 3719 4126 odorem

2125 4173 2371 4221 nostrum
2428 4178 2609 4218 coram
2665 4161 2946 4218 Pharaone
2972 4202 2989 4227 ,
3034 4172 3090 4217 et
3134 4162 3308 4218 servis
3354 4163 3472 4232 ejus
3516 4161 3716 4233 (Exod.

2128 4256 2238 4323 xv).
2288 4273 2313 4306 ι
2350 4253 2624 4324 Auliquus
2680 4268 2914 4322 namque
2973 4253 3147 4310 hostis
3204 4254 3401 4310 timens
3431 4294 3447 4320 ,
3499 4269 3568 4309 ne
3616 4268 3719 4322 ego

2126 4358 2338 4416 possem
2370 4343 2526 4405 vobis
2577 4345 2914 4414 suggerendo
2961 4343 3242 4399 destruere
3270 4384 3288 4409 ,
3333 4344 3475 4414 quod
3522 4343 3612 4398 ille
3663 4345 3715 4398 in

2127 4436 2247 4492 istis
2290 4436 2538 4507 partibus
2562 4452 2670 4494 non
2703 4435 2898 4492 desinit
2923 4420 3167 4506 quotidie
3199 4437 3353 4492 novis
3383 4435 3715 4491 adinventio—

2128 4526 2288 4583 uibus
2319 4525 2613 4594 fabricare,
2640 4526 3049 4598 malignantium
3076 4527 3362 4583 adversum
3393 4540 3481 4582 me
3507 4526 3717 4596 linguas

2125 4617 2369 4684 exacuit,
2396 4617 2688 4688 complices
2727 4618 2785 4690 6
2806 4632 2939 4674 suos
2966 4618 3036 4674 ad
3077 4619 3453 4688 componenda
3489 4617 3717 4672 menda-

2127 4711 2243 4777 eia,
2265 4710 2537 4782 quoddam
2576 4710 2681 4767 sibi
2710 4710 2859 4767 velut
2879 4723 3143 4786 organum
3170 4710 3302 4767 fecit
3324 4749 3340 4777 ,
3367 4723 3468 4781 per
3497 4709 3716 4764 vascula

2124 4818 2222 4867 sua
2248 4803 2493 4873 crepuit,
2519 4811 2574 4858 et
2608 4801 2831 4859 malitiae
2864 4816 2979 4858 sua:
3006 4802 3160 4859 virus
3184 4803 3357 4858 sacris
3385 4801 3610 4857 auribus
3636 4800 3719 4855 in-

2124 4892 2369 4952 stillavit.
2398 4893 2466 4948 Et
2498 4892 2627 4964 quid
2657 4892 2876 4957 mirum,
2909 4893 2955 4947 si
2986 4893 3217 4949 Domino
3248 4908 3370 4949 meo
3418 4891 3579 4947 tantis
3622 4906 3719 4960 op-

2126 4997 2314 5054 presso
2334 4983 2567 5053 negotiis
2594 4992 2814 5037 versuta
2838 4981 3103 5039 calliditas
3123 4983 3401 5041 hominum
3425 4981 3723 5051 subrepere

2126 5075 2326 5145 potuit,
2375 5089 2498 5129 cum
2545 5086 2601 5129 et
2650 5074 2842 5141 David,
2888 5073 2982 5145 qui
3032 5077 3348 5146 prephetico
3377 5074 3566 5147 plenus
3599 5084 3723 5130 erat

2126 5164 2343 5234 spiritu,
2366 5164 2492 5219 dum
2526 5163 2670 5220 Silia:
2699 5164 3061 5221 inconsultius
3089 5164 3337 5228 credidit.
3370 5166 3722 5221 innocentem

2125 5256 2374 5325 pretinus
2438 5254 2799 5326 Miphiboseth
2846 5254 3127 5312 sententiae
3168 5255 3582 5327 proscriptionis
3625 5255 3717 5309 ad-

2129 5344 2305 5399 dixit?
2340 5343 2425 5412 (ll
2463 5343 2590 5415 Reg.
2640 5345 2778 5416 xvi.)
2815 5330 3159 5417 Tantumque
3213 5345 3352 5416 apud
3399 5360 3524 5401 eum
3574 5344 3722 5399 falce

2131 5434 2493 5490 accusationis
2522 5446 2702 5490 sermo
2730 5430 3033 5506 praevaluit,
3063 5446 3122 5490 ut
3150 5433 3476 5506 plcetibilem
3500 5450 3723 5491 serrum

2130 5527 2182 5580 in
2217 5525 2408 5595 herilis
2450 5520 2782 5581 consortium
2810 5523 3148 5581 hrereditatis
3183 5527 3494 5589 ascisceret,
3544 5534 3600 5580 et
3631 5524 3719 5578 in-

2128 5616 2405 5671 fidelitatis
2439 5631 2588 5673 reum
2620 5616 2890 5673 libertatis
2924 5616 3145 5687 dignum
3174 5617 3397 5687 praemio
3425 5615 3717 5687 iudicaret.

2127 5705 2512 5761 Verumtamen
2555 5706 2600 5760 si
2646 5707 2906 5761 creatoris
2944 5706 3123 5761 nostri
3154 5707 3295 5762 facta
3324 5705 3612 5777 vigilanter
3639 5713 3723 5759 at-

2133 5799 2431 5867 tendimus,
2454 5801 2521 5855 ad
2559 5799 2826 5856 credenda
2871 5797 3162 5870 cujuslibet
3187 5800 3328 5857 mala
3362 5798 3531 5856 tidem
3566 5795 3721 5854 adbio
