4078 6202
400 425 505 481 209

1559 423 1760 478 LIBER
1796 423 2075 491 ramus,
2110 425 2327 483 EPIST.
2359 399 2478 481 vn.

3563 427 3670 486 2l0

394 539 526 594 bere
551 535 711 592 facile
755 551 860 591 non
892 536 1167 592 debemus.
1216 537 1334 607 Ipse
1375 536 1520 592 enim
1546 577 1563 602 ,
1605 536 1760 604 cujus
1804 535 1975 590 oculis
2007 542 2050 598 Α
2079 537 2166 609 gia
2215 536 2523 609 properavit
2556 535 2772 606 (Matth.
2805 538 2938 607 xu),
2968 537 3213 606 protinus
3263 553 3387 594 eum
3440 541 3675 596 crudelis

397 627 536 680 nuda
559 637 616 680 et
639 635 823 696 aperta
846 635 972 681 sunt
1009 628 1191 681 omnia
1219 627 1406 698 (Hebr.
1438 628 1539 697 Iv),
1591 642 1696 682 non
1727 627 1983 696 dedigna-

395 725 483 769 tus
511 723 594 771 est
638 716 819 771 dicere
853 733 868 770 :
915 734 934 769 ι
980 716 1200 772 Clamor
1243 717 1603 772 Sodomorum
1651 726 1707 772 et
1749 716 1982 772 Gomor-

393 820 662 861 rnaaorum
700 806 1088 876 multiplicatus
1114 817 1221 874 est,
1263 818 1317 864 et
1363 818 1646 879 peccatum
1679 823 1867 864 eorum
1893 824 1986 880 ag-

391 906 676 965 gravatum
720 908 806 952 est
849 898 1042 963 nimis;
1076 899 1427 964 descendam,
1457 908 1512 954 et
1537 899 1755 962 videbo,
1805 906 1986 953 utrum

392 987 716 1052 clamorem,
740 987 832 1056 qui
860 987 1011 1042 venit
1035 990 1104 1042 ad
1134 1003 1223 1045 me
1246 1029 1262 1055 ,
1288 1005 1454 1058 opere
1481 990 1889 1059 compleverint,
1917 1003 1986 1043 an

393 1095 504 1134 non
535 1089 617 1134 est
644 1080 717 1133 ita
741 1119 757 1145 ,
800 1089 861 1134 ut
888 1082 1054 1135 sciam
1086 1080 1242 1147 (Gen.
1267 1082 1448 1151 vaII).
1497 1100 1518 1134 ι
1563 1083 1718 1148 Quod
1747 1080 1987 1150 profecto

396 1169 468 1224 ad
493 1169 568 1222 nil
598 1169 744 1224 aliud
771 1169 979 1233 dictum
1011 1171 1244 1234 videtur,
1290 1171 1398 1226 nisi
1444 1180 1504 1226 ut
1529 1172 1763 1225 humana
1792 1172 1985 1226 docea-

395 1271 486 1314 tur
512 1259 817 1331 ignorantia
845 1261 961 1314 sine
987 1261 1378 1330 experimentis
1401 1262 1581 1316 audita
1609 1277 1714 1317 non
1738 1263 1984 1325 credere,

393 1351 668 1421 incognita
701 1366 807 1406 non
857 1350 1051 1406 leviter
1099 1353 1429 1421 adjudicare,
1472 1369 1574 1408 nec
1614 1363 1739 1408 ante
1769 1364 1986 1409 senten-

394 1444 528 1497 tiam
557 1458 844 1512 promere,
893 1443 1056 1513 quam
1103 1459 1219 1499 rem
1263 1445 1479 1500 dubiam
1525 1447 1850 1502 testimoniis
1888 1463 1987 1517 ap—

393 1529 661 1600 probarit.
699 1529 872 1598 Quam
895 1531 1143 1600 profecto
1175 1535 1443 1590 cautelam
1466 1535 1592 1590 dum
1627 1552 1726 1591 vos
1755 1537 1988 1605 pruden-

393 1629 506 1675 tem
529 1621 731 1676 habere
753 1621 809 1675 in
831 1621 952 1678 aliis
976 1621 1178 1691 liquido
1199 1625 1464 1690 novimus,
1481 1626 1605 1695 quia
1628 1627 1787 1681 nobis
1807 1625 1989 1682 obser-

394 1719 523 1763 vata
558 1724 663 1763 non
695 1720 800 1777 es',
828 1727 931 1763 non
957 1711 1109 1766 vobis
1149 1712 1490 1779 ascribimus,
1513 1715 1607 1770 sed
1638 1716 1837 1770 nostris
1866 1729 1988 1784 pro-

391 1800 483 1854 cui
506 1800 673 1855 dubio
701 1801 913 1856 mer-tis
943 1801 1290 1871 imputamus.
1324 1802 1704 1860 Verumtamen
1734 1807 1788 1860 in
1817 1806 1901 1862 his
1921 1807 1986 1861 ad

391 1893 783 1948 conscientiam
813 1893 996 1958 redeo,
1024 1895 1091 1949 ad
1120 1896 1316 1952 mentis
1348 1911 1481 1952 meae
1504 1907 1711 1951 secreta
1745 1913 1988 1963 recurro,

394 1991 579 2036 certus
605 1982 732 2052 quia
759 1981 862 2037 nisi
895 1998 994 2051 pro
1020 1999 1206 2038 amore
1236 1983 1462 2051 Christi,
1494 1987 1646 2056 cujus
1686 2003 1784 2055 ego
1813 1987 1988 2041 malus

391 2088 584 2129 servus
604 2089 746 2139 sum,
769 2074 972 2130 nullius
997 2075 1242 2130 mortalis
1272 2077 1506 2133 hominis
1533 2080 1762 2147 gratiam
1784 2095 1984 2149 quaero,

395 2166 599 2220 nullius
643 2167 977 2221 iracundiam
1019 2169 1363 2237 pertimesco.
1411 2169 1749 2240 Quapropter
1813 2170 1988 2239 ipsum

393 2254 744 2310 conscientia
785 2269 919 2311 mea:
946 2265 1138 2312 testem
1171 2258 1386 2324 invoco,
1433 2267 1488 2313 et
1517 2259 1795 2314 humiliter
1817 2268 1944 2330 peto
1969 2300 1984 2325 ,

395 2362 560 2418 quem
591 2347 643 2400 in
673 2349 914 2403 sacrario
935 2349 1102 2405 vestri
1124 2350 1362 2420 pectoris
1381 2350 1633 2406 habitare
1655 2389 1672 2416 ,
1715 2350 1863 2420 pium
1905 2359 1989 2406 est

394 2439 638 2501 credere.
668 2447 725 2491 ut
745 2439 789 2492 si
819 2438 973 2493 saluti
1000 2455 1134 2496 meae
1152 2439 1701 2510 congruerejudicat,
1721 2455 1816 2496 vos
1857 2441 1988 2495 mihi

391 2533 678 2587 mitescere
697 2547 793 2586 sua
811 2533 1056 2602 protinus
1069 2533 1390 2588 auctoritate
1407 2533 1707 2604 praecipiat,
1722 2542 1775 2588 et
1788 2533 1990 2588 sereni-

393 2623 522 2679 tatis
535 2633 730 2680 vestrae
753 2623 958 2678 vultum
982 2624 1112 2679 mihi
1133 2624 1448 2694 placabilem
1472 2625 1679 2690 reddat,
1717 2633 1986 2696 quatenus

395 2715 512 2784 ipse
536 2729 625 2768 me
645 2715 702 2768 in
731 2724 908 2770 vestra
935 2715 1378 2770 reconciliatione
1399 2715 1752 2784 confmderet,
1783 2717 1874 2786 qui
1901 2732 1990 2771 me

391 2807 462 2860 ad
495 2806 842 2875 quaerendam
887 2806 1189 2862 clementiae
1218 2816 1413 2862 vestra:
1446 2808 1703 2878 gratiam,
1755 2824 1824 2866 ne
1850 2817 1988 2866 stem

391 2895 625 2965 rigidus,
649 2904 838 2950 terret.
869 2896 1119 2967 Alioquin
1145 2898 1190 2952 si
1217 2898 1394 2952 adhuc
1422 2897 1712 2954 durissimo
1742 2900 1988 2958 aversio-

393 2989 482 3042 nis
509 2997 706 3042 vestrae
733 2987 944 3057 ﬂagello
976 3003 1062 3044 me
1092 2989 1488 3045 verberandum
1538 3005 1660 3045 csse
1698 2991 1945 3046 decernit
1971 3031 1987 3056 ,

385 3078 622 3134 liventes
651 3077 896 3146 scapulas
940 3079 1214 3133 humiliter
1244 3079 1415 3134 subdo
1441 3120 1455 3142 .
1498 3079 1581 3134 ori
1612 3095 1732 3135 meo
1761 3081 1987 3150 digitum

391 3184 727 3239 superpoizo,
759 3169 833 3222 nil
859 3183 1186 3237 conqueror,
1230 3170 1320 3223 sed
1369 3170 1435 3223 ad
1481 3170 1658 3239 ipsum
1707 3171 1820 3240 spei
1853 3187 1989 3226 meae

391 3263 580 3316 oculos
617 3261 753 3322 levo.
807 3261 960 3330 cujus
1003 3264 1118 3320 bam
1149 3279 1278 3333 erga
1323 3279 1409 3319 me
1451 3264 1565 3319 fieri
1605 3264 1748 3334 justa
1795 3268 1991 3326 occulti

389 3355 657 3408 examinis
687 3356 1041 3424 dispositione
1089 3357 1378 3426 perpendo.
1431 3357 1545 3412 Non
1580 3374 1708 3427 ergo
1735 3375 1852 3421 vos,
1899 3360 1993 3414 sed

392 3443 575 3511 ipsum
603 3459 752 3514 rogo,
779 3445 897 3498 sine
921 3445 1072 3515 cujus
1097 3456 1232 3498 nutu
1261 3459 1360 3500 nec
1389 3445 1572 3500 folium
1593 3448 1804 3503 arboris
1827 3449 1992 3502 credo

385 3534 665 3600 deﬂuere,
714 3546 770 3588 ut
805 3552 898 3590 cor
933 3537 1196 3600 vestrum,
1243 3537 1386 3606 quod
1418 3538 1469 3590 in
1515 3553 1678 3592 manu
1711 3549 1898 3604 tenet,
1947 3541 1992 3596 si

386 3626 529 3680 mihi
571 3628 724 3704 salus
746 3637 848 3693 est,
877 3629 929 3683 in
964 3644 1138 3684 meam
1162 3630 1416 3700 dignetur
1444 3631 1875 3688 benevolentiam
1906 3634 1991 3688 in-

393 3716 539 3772 clina
547 3733 628 3772 re.

975 3829 1306 3887 EPISTULA
1347 3832 1415 3889 ν.

614 3953 684 3992 Δί)
722 3955 992 3996 νιετοιιειί
1038 3959 1076 3997 11
1131 3959 1387 4002 ROMANI]!
1428 3961 1769 4002 PONTIFICEM.

388 4029 901 4108 Αισυιξῖηωίη-
937 4033 1256 4108 Expostulat
1286 4052 1406 4108 cum
1439 4035 1694 4108 pontiﬁce
1731 4036 1986 4098 maximo.

463 4102 610 4168 quoi
656 4101 946 4157 llenricum
1006 4101 1294 4170 quemdam
1342 4101 1606 4159 illustrem
1637 4108 1812 4160 virum
1838 4148 1852 4170 ,
1895 4108 1988 4170 qui

463 4171 666 4238 spretis
709 4171 870 4225 rebus
909 4173 1161 4227 humanis
1193 4175 1256 4229 ad
1287 4175 1491 4229 Christi
1523 4175 1765 4230 militiam
1800 4171 1990 4230 confu—

465 4249 642 4310 gerat,
682 4257 709 4292 a
743 4242 1290 4315 quihusdaminjuste
1317 4245 1523 4307 vexari,
1549 4254 1604 4299 et
1631 4246 1862 4315 opprimi
1906 4247 1984 4300 si-

465 4261 642 4310 διέπτη,
682 4261 709 4292 a
743 4261 1063 4310 thIIItIsuam
1094 4261 1290 4366 "sume
1317 4261 1523 4307 vexart,
1549 4261 1604 4299 el.
1631 4261 1862 4315 opprttm
1906 4263 1984 4300 SI-

383 4316 391 4321 '
467 4320 644 4386 heret.
676 4325 774 4377 pro
802 4327 909 4378 quo
937 4312 1097 4386 etiam
1149 4314 1398 4386 _hristIIIn
1425 4315 1759 4384 gravissimis
1783 4316 1834 4386 7
1871 4332 1988 4370 vcr-

465 4379 553 4432 bis
594 4380 922 4454 loquentem
981 4381 1217 4454 inducit;
1285 4379 1574 4452 monc'tqne
1629 4379 1984 4454 pontificem,

467 4457 526 4501 ut
559 4449 736 4523 videat
764 4450 928 4523 etiam
962 4460 1124 4523 atque
1149 4453 1314 4507 etiam
1365 4468 1433 4507 ne
1462 4449 1535 4509 illi
1567 4449 1644 4508 de'
1663 4470 1721 4508 se
1751 4469 1988 4523 conque-

470 4520 636 4579 rt'nli,
686 4519 814 4586 quid
863 4521 1031 4588 possit
1070 4523 1432 4591 respondere,
1487 4539 1591 4577 non
1643 4519 2010 4579 lIaheathd‘

464 4578 776 4661 extremum
804 4578 1130 4661 arrogantiae
1155 4578 1207 4661 fa
1254 4608 1313 4645 se
1359 4578 1720 4661 suspicionem
1761 4578 1986 4657 avertit,
2020 4578 2067 4635 θ

465 4657 815 4732 ostenditque
859 4657 1104 4732 ejusdem
1139 4659 1339 4732 Christi
1369 4657 1615 4732 exemplo
1661 4679 1766 4718 non
1795 4664 1992 4718 debere

466 4726 629 4781 irasci
651 4727 1154 4802 eos,q_ui_in_aliqua
1179 4731 1392 4802 sublimi
1417 4726 1685 4802 potestate
1705 4733 1990 4788 constituti

465 4807 612 4856 sunt.
639 4796 684 4850 si
714 4799 782 4851 ab
812 4796 1164 4856 inferioribus
1187 4796 1468 4872 dignitate,
1493 4805 1574 4856 sui
1605 4801 1766 4859 ollicii
1800 4803 1990 4859 admo—

467 4877 720 4919 Itcantur.

471 4979 684 5034 Domno
719 4979 940 5036 Vtcront
987 4996 1212 5039 summa:
1259 4984 1402 5040 sedis
1459 4985 1728 5049 antistiti,
1771 4985 1990 5044 PETRUS

385 5077 656 5137 peccator
679 5071 977 5125 monachus
1009 5071 1244 5125 debitam
1288 5075 1602 5128 servitutem
1655 5075 1707 5127 in
1753 5074 1988 5132 Christo.

470 5159 702 5213 Miratur
720 5162 972 5224 mundus.
999 5163 1240 5230 piissime
1261 5163 1499 5233 domine,
1523 5180 1620 5219 cur
1641 5165 1767 5220 huic
1794 5165 1994 5220 misero

390 5247 690 5304 clementia
737 5261 917 5303 vestra
952 5258 1102 5306 tanto
1141 5261 1383 5322 tempore
1426 5270 1532 5308 non
1564 5254 1912 5322 compatitur,
1941 5261 1997 5308 et

394 5340 468 5394 ad
517 5339 887 5396 ulciscendum
943 5349 1051 5395 tam
1100 5352 1340 5396 cruentae
1385 5345 1588 5414 rapina:
1634 5344 1996 5399 facinus‘zclo

387 5431 622 5501 iustitiae
649 5447 757 5485 non
788 5442 1052 5487 movetur.
1086 5433 1332 5500 Quaadiu
1363 5436 1508 5489 enim
1546 5445 1763 5490 terreno
1798 5437 1994 5492 seculo

393 5520 700 5585 militavit,
761 5537 858 5576 sua
907 5523 1090 5578 omnia
1139 5525 1278 5579 bona
1325 5527 1538 5579 naviter
1587 5524 1892 5597 [suaviter]
1942 5535 1998 5580 et

393 5612 584 5682 quiete
640 5614 916 5682 possedit;
974 5625 1257 5684 postquam
1307 5632 1434 5670 vero
1483 5618 1580 5671 sub
1628 5617 1740 5672 alas
1790 5618 1994 5672 Christi

395 5703 715 5771 confugium
745 5706 918 5774 petiit,
943 5715 1228 5776 postquam
1249 5707 1395 5762 Petri
1420 5717 1639 5762 secutus
1669 5707 1994 5778 exemplum,

396 5795 643 5852 dimissis
670 5795 920 5852 omnibus
943 5839 958 5863 ,
1007 5798 1075 5853 ad
1121 5797 1375 5854 sectanda
1426 5797 1804 5868 Redemptoris
1836 5798 1994 5852 vesti~

2085 630 2265 698 przedo
2293 629 2408 684 suis
2455 627 2888 698 possessionibus
2914 626 3140 696 expulit,
3181 638 3236 683 et
3280 631 3435 698 quasi
3461 632 3562 686 sub
3594 633 3676 686 in-

2085 717 2247 771 validi
2288 715 2592 773 defensoris
2634 715 2995 786 patrocinium
3043 713 3336 786 fugientem
3369 718 3525 774 bonis
3553 736 3671 774 om—

2086 807 2245 862 nibus
2266 809 2535 877 spoliavit.
2565 806 2679 862 lloc
2704 808 2889 875 itaque
2930 808 3089 861 modo
3116 823 3222 862 non
3265 807 3379 878 jam
3407 809 3672 866 Henricus

2086 896 2344 967 injuriam
2380 897 2596 952 videtur
2633 897 2923 961 sustinere,
2969 897 3063 950 sed
3091 895 3374 962 Christus;
3405 899 3669 966 Christus,

2087 985 2326 1057 inquam,
2355 987 2520 1042 vestri
2557 985 2878 1057 praesulatus
2910 995 3148 1054 tempore
3175 986 3543 1056 prtejudicium
3574 1006 3672 1059 pa-

2086 1080 2220 1133 titur
2248 1095 2262 1132 :
2293 1079 2384 1148 qui
2418 1078 2550 1133 facit
2570 1078 2834 1149 judicium
2858 1077 3110 1133 omnibus
3136 1076 3390 1147 injuriam
3419 1081 3675 1150 patienti-

2086 1169 2186 1226 bus
2212 1171 2387 1242 (Psal.
2415 1170 2597 1243 chv),
2625 1171 2739 1242 ipse
2768 1170 2986 1225 sibimet
3017 1169 3068 1223 in
3095 1178 3292 1226 vestrae
3315 1171 3674 1227 districtionis

2084 1261 2337 1315 examine
2359 1259 2626 1329 justitiam
2654 1274 2759 1314 non
2791 1268 3048 1316 meretur.
3072 1258 3210 1326 Quid
3237 1261 3382 1314 enim
3404 1260 3449 1315 si
3480 1261 3595 1330 ipse
3622 1269 3676 1316 te

2086 1349 2336 1404 Salvator
2361 1349 2474 1404 suis
2499 1348 2790 1404 conveniat
2813 1348 2992 1402 verbis
3018 1387 3034 1414 ,
3075 1357 3130 1402 et
3161 1348 3259 1402 has
3287 1347 3528 1404 eﬂ'undat
3574 1349 3680 1402 im-

2085 1439 2427 1509 properando
2473 1437 2763 1508 querelas?
2795 1455 2814 1490 I
2860 1436 2976 1508 Ego
3008 1446 3088 1504 te,
3133 1437 3348 1506 inquit,
3395 1447 3455 1492 ut
3497 1453 3600 1492 non
3650 1456 3679 1492 a

2085 1528 2351 1597 principio
2376 1536 2639 1598 repetam,
2670 1528 2737 1583 de
2766 1527 3041 1582 communi
3080 1526 3402 1582 clericorum
3429 1543 3594 1597 grege
3615 1530 3681 1581 ad

2087 1618 2422 1672 sacerdotale
2447 1619 2726 1689 fastigium
2756 1616 2945 1679 extuli.
2967 1628 3022 1672 et
3048 1617 3123 1672 de
3137 1617 3384 1672 clientela
3417 1618 3682 1686 episcopii

2086 1709 2156 1762 ad
2193 1708 2487 1763 obtinenda
2527 1709 2848 1778 episcopalis
2877 1708 3043 1764 cilicii
3083 1707 3208 1777 jura
3253 1709 3500 1779 promovi
3536 1727 3549 1763 :
3581 1723 3682 1779 ego

2091 1813 2142 1854 te
2170 1800 2324 1868 quasi
2373 1809 2582 1870 patrem
2627 1800 2972 1870 imperatoris
3016 1815 3137 1856 esse
3177 1800 3457 1865 constitui,
3504 1809 3559 1856 et
3584 1816 3682 1856 cor

2021 1884 2064 1942 B
2094 1889 2235 1944 illius
2263 1891 2330 1946 ad
2373 1891 2602 1961 gratiam
2647 1891 2723 1944 tui
2767 1906 2880 1960 pra:
2923 1891 3135 1947 cunctis
3178 1907 3316 1962 pene
3362 1891 3683 1947 mortalibus

2087 1981 2340 2037 inclinavi
2370 2001 2384 2038 :
2409 1999 2509 2054 ego
2528 1985 2707 2038 claves
2731 1985 2894 2043 totius
2919 1983 3236 2039 universalis
3261 1983 3518 2039 Ecclesiae
3544 1997 3679 2038 meae

2089 2075 2197 2129 tuis
2220 2077 2469 2131 manibus
2495 2077 2713 2141 tradidi,
2743 2086 2799 2131 et
2826 2091 2990 2145 super
3018 2090 3138 2131 eam
3173 2085 3223 2130 te
3249 2075 3679 2130 mihi-vicarium

2088 2166 2262 2234 posui,
2293 2181 2453 2234 quam
2492 2166 2697 2236 proprii
2743 2166 3022 2236 sanguinis
3051 2165 3313 2222 effusione
3358 2167 3579 2221 redemi.
3613 2166 3682 2221 Et

2087 2254 2136 2310 si
2167 2270 2340 2324 pauca
2371 2265 2497 2311 sunt
2529 2257 2630 2310 ista
2656 2295 2672 2321 ,
2721 2256 2886 2310 etiam
2939 2255 3284 2311 monarehias
3315 2255 3494 2310 addidi
3525 2271 3552 2311 :_
3573 2257 3683 2310 imo

2087 2342 2301 2398 sublato
2351 2357 2479 2414 rege
2522 2344 2589 2398 de
2633 2344 2811 2400 medio
2837 2383 2851 2408 ,
2890 2345 3052 2398 totius
3081 2343 3310 2398 Romani
3344 2344 3553 2413 imperii
3583 2358 3680 2398 va-

2088 2433 2262 2490 cantis
2294 2434 2386 2489 tibi
2417 2432 2538 2502 jura
2565 2434 2806 2503 permisi.
2893 2433 3005 2504 Ego
3031 2433 3232 2502 itaque,
3261 2433 3356 2502 qui
3385 2433 3479 2488 tibi
3509 2443 3678 2498 tanta,

2088 2533 2142 2578 et
2173 2523 2298 2577 talia
2331 2523 2578 2591 praestiti,
2615 2523 2808 2592 legem,
2841 2523 2956 2578 sive
2996 2521 3259 2594 justitiam
3310 2522 3368 2576 in
3413 2531 3503 2577 tuo
3550 2537 3680 2576 exa-

2089 2612 2236 2668 mine
2265 2629 2369 2669 non
2398 2612 2612 2667 invenio
2641 2627 2657 2666 :
2684 2622 2848 2682 atque
2880 2628 2910 2666 a
2941 2613 3049 2668 tuis
3096 2611 3456 2667 tribunalibus
3483 2613 3683 2681 despe«

2089 2711 2300 2767 ctus,et
2329 2701 2560 2756 incultus
2587 2702 2838 2758 abscedo.
2860 2700 3418 2771 iSiergOte,piissime
3439 2701 3678 2764 domine,

2091 2793 2158 2860 is,
2181 2794 2269 2863 qui
2285 2791 2625 2861 iudicaturus
2644 2801 2729 2848 est
2745 2793 2896 2848 vivos
2919 2800 2973 2846 et
2992 2800 3256 2855 mortuos,
3280 2793 3364 2846 his
3385 2792 3564 2846 verbis
3589 2791 3681 2844 im-

2069 2894 2322 2956 peteret,
2355 2886 2482 2955 quid
2531 2885 2597 2940 ad
2627 2886 2740 2940 haec
2785 2894 2873 2938 tua
2904 2884 3170 2940 sanctitas
3197 2884 3567 2938 excusationis
3588 2898 3684 2952 op-

2091 2976 2354 3046 poneret?
2408 2975 2548 3042 Quid
2605 2974 2984 3044 allegationis,
3043 2973 3172 3042 quid
3229 2972 3558 3030 defensionis
3613 2973 3684 3027 ad

2089 3067 2426 3137 purgandum
2460 3081 2520 3121 se
2553 3081 2737 3121 coram
2773 3080 2860 3129 eo,
2912 3066 3004 3135 qui
3048 3065 3520 3136 argumentatione
3571 3079 3682 3119 non

2094 3159 2318 3223 fallitur,
2353 3158 2651 3214 inveniret?
2677 3156 2794 3211 Jam
2832 3157 3012 3226 itaque
3059 3156 3208 3212 zelus
3233 3154 3494 3210 facienda:
3518 3153 3683 3223 justi-

2019 3229 2064 3290 Ο
2099 3249 2184 3303 tia:
2229 3249 2656 3304 sacratissimum
2687 3258 2882 3303 vestra:
2923 3249 3224 3303 clementiae
3251 3257 3440 3317 pectus
3484 3261 3682 3302 accen-

2096 3341 2209 3402 dat,
2237 3340 2348 3409 jam
2377 3340 2530 3410 vigor
2573 3339 2966 3394 Ecclesiasticze
2995 3338 3291 3407 disciplina:
3333 3337 3386 3392 in
3424 3338 3684 3392 ultionem

2093 3447 2154 3485 se
2186 3431 2448 3500 plectendi
2490 3430 2732 3486 criminis
2773 3436 2996 3493 exerat;
3046 3437 3101 3482 et
3150 3428 3202 3482 in
3246 3427 3546 3496 exspoliato
3590 3428 3684 3482 ho-

2095 3511 2238 3576 Initie
2263 3521 2539 3576 Christum
2585 3530 2682 3573 suo
2722 3519 2854 3588 juri,
2897 3526 3204 3588 contempta
3255 3517 3542 3586 impiorum
3588 3517 3682 3571 ho-

2091 3611 2295 3666 Initium
2335 3609 2780 3682 tergiversatione
2806 3651 2820 3674 .
2864 3610 3132 3665 restituat.
3188 3609 3523 3664 Exhibeatur
3573 3608 3676 3664 Ini-

2087 3716 2214 3756 sero
2243 3717 2366 3756 cum
2394 3699 2714 3755 sacerdotali
2744 3700 2948 3770 pietate
2969 3698 3206 3769 justitia,
3228 3696 3526 3766 prodeatin
3552 3710 3682 3766 per-

2090 3806 2306 3848 versum
2377 3806 2501 3848 cum
2571 3790 2732 3860 regia:
2819 3789 3306 3846 animadversionis
3385 3787 3678 3842 severitate

2093 3898 2362 3949 censura;
2413 3890 2681 3951 quatenus
2727 3882 2819 3951 qui
2857 3881 2951 3937 tibi
3002 3881 3224 3937 tradidit
3270 3881 3324 3935 in
3370 3877 3680 3935 hominibus

2090 3980 2435 4041 potestatem,
2469 3971 2528 4028 in
2555 3971 2848 4040 semetipso
2888 3970 3199 4039 experiatur
3241 3967 3426 4036 legalis
3451 3966 3676 4036 justitiaz

2090 4061 2452 4118 defensorem.

2163 4175 2326 4228 Parce
2351 4173 2433 4228 ori
2461 4188 2605 4238 meo,
2623 4171 2943 4227 venerabilis
2969 4171 3148 4234 l’atcr,
3181 4185 3278 4226 nec
3306 4172 3468 4226 homo
3497 4169 3669 4224 homi-

2090 4267 2178 4322 nis
2226 4266 2502 4322 hmniliter
2533 4265 2874 4336 suggerentis
2919 4264 3084 4319 verba
3134 4263 3344 4329 fastidi;
3392 4277 3512 4316 cum
3542 4261 3683 4332 set

2086 4359 2433 4427 omnipotens
2465 4357 2606 4412 Deus
2651 4355 2958 4411 hominibus
2986 4357 3131 4410 dicat.
3168 4370 3183 4408 :
3215 4373 3234 4406 ‹
3268 4354 3458 4410 Venite
3499 4360 3553 4408 et
3585 4369 3672 4408 ar-

2085 4449 2238 4519 guite
2265 4464 2351 4504 me
2384 4447 2522 4518 (ha.
2554 4449 2617 4518 ι).
2661 4465 2680 4498 ν

2653 4577 2987 4635 EPISTOLA
3029 4576 3114 4632 Vl.

2323 4711 2392 4750 AD
2429 4708 2694 4749 NICOLAUI
2737 4709 2774 4747 ll
2813 4706 3066 4747 ROIANUI
3106 4705 3446 4746 l‘ONTIFlCI-ZI.

2269 4802 2538 4872 (ﬁnietur
2561 4812 2688 4855 tom.
2721 4800 2816 4855 111
2847 4811 3020 4870 estque
3044 4801 3353 4871 opusculum
3388 4799 3499 4868 l7).

2642 4937 2976 4994 EPISTULA
3020 4938 3128 4992 V’ll.

2197 5069 2265 5109 ΔΙ)
2303 5067 2522 5108 Ευιιυειί
2558 5066 2826 5106 Μςοιιλωι
2868 5067 2906 5104 ιι
2946 5066 3202 5105 ROMANIS“
3240 5065 3580 5107 PONTIFICEH.

2094 5169 2493 5222 Ancuueu'ruu.
2527 5196 2598 5205 —
2627 5163 2943 5218 Gratulatur
2979 5163 3154 5231 primo
3194 5161 3414 5218 Nicolao
3441 5165 3682 5233 pontifici

2171 5237 2427 5297 maximo,
2459 5235 2601 5303 quod
2642 5235 2732 5289 illo
2763 5234 2927 5288 totius
2953 5233 3101 5287 orbis
3128 5235 3368 5288 habenas
3396 5236 3681 5303 moderata-

2172 5318 2245 5369 tc,
2278 5302 2515 5360 Ecclesia
2562 5303 2656 5358 Dei
2692 5318 2880 5372 magna
2912 5303 3298 5370 tranquillitate
3325 5313 3381 5358 et
3419 5302 3681 5360 felicitate

2173 5377 2462 5428 frueretur.
2495 5373 2696 5444 Deinde
2738 5373 3106 5444 misericordia
3139 5383 3460 5444 commotus,
3488 5376 3680 5444 depre-

2171 5455 2326 5500 catur
2351 5459 2446 5511 pro
2487 5441 2871 5506 Anconitanis,
2917 5442 3012 5511 qui
3054 5457 3083 5494 a
3131 5441 3395 5498 catholica
3433 5441 3679 5500 comma-

2169 5509 2589 5594 ltiOllqﬁllblllgll
2626 5511 2856 5594 fuerant.
2899 5509 3034 5594 om
3063 5511 3584 5594 igiturpontificem,
3615 5523 3675 5568 ut

2168 5601 2289 5638 cum
2323 5583 2425 5636 illis
2456 5583 2639 5636 mitius
2663 5591 2787 5651 agat
2819 5600 2832 5636 :
2866 5592 2922 5636 ct
2950 5581 3286 5652 gravissimis
3309 5584 3438 5638 viris
3466 5581 3518 5636 in
3547 5598 3674 5637 con-

2168 5655 2346 5707 silium
2399 5652 2694 5716 adhibitis,
2744 5653 2960 5706 tandem
3009 5653 3321 5717 constituat,
3366 5669 3468 5722 quo
3517 5661 3682 5722 pacto

2169 5722 2410 5797 infelices
2455 5722 2700 5797 homines
2745 5737 2773 5775 a
2821 5723 3160 5797 sempiterna:
3205 5719 3399 5797 mortis
3434 5719 3674 5797 periculo

2170 5792 2472 5848 subtrahat.
2521 5793 2746 5848 Demqu
2796 5807 2907 5848 sua:
2952 5793 3191 5848 audaciae
3235 5792 3444 5846 veniam
3493 5792 3668 5857 petit,
