4078 6202
500 408 596 465 2H

995 400 1052 457 S.
1091 401 1295 457 PETRI
1335 400 1617 455 DAMlANl
1658 399 1812 458 OPP.
1854 401 2036 457 PARS
2068 402 2200 457 SEU
2244 398 2480 456 TOMUS
2511 400 2549 454 l.
2592 430 2658 439 —
2702 376 2924 455 EPI’ST.
2960 398 3085 453 LIB.
3131 398 3259 454 Vlll.

3652 405 3759 460 9V2

577 532 706 572 usus
756 514 1000 584 exemplo
1037 515 1263 588 Christi,
1314 514 1404 583 qui
1450 530 1575 588 cum
1607 515 1750 569 Deus
1799 524 1965 581 esset,
2013 515 2080 570 ab
2110 522 2157 576 Α
2187 514 2492 568 Moderetur
2520 514 2701 583 itaque
2729 514 2889 569 solito
2929 528 3081 570 more
3108 515 3253 569 sedis
3292 516 3599 584 apostolica:
3638 536 3760 588 pro.

578 587 887 642 ltomiuibus
916 585 1068 655 argui
1093 600 1198 638 non
1226 585 1513 638 recusavit.

572 700 780 753 Damno
810 695 1045 757 ΝιοοιΑο
1083 696 1395 749 beatissimo
1422 711 1645 750 summa:
1665 696 1809 752 sedis
1829 697 2079 763 antistiti,

502 792 719 845 Peritos
755 798 1009 858 peccator
1063 788 1362 845 monachus
1395 788 1758 847 devotissimeo
1805 789 2081 843 servitutis

498 880 840 950 obsequium.

569 972 720 1038 Quod
763 971 814 1025 in
849 970 1091 1039 partibus
1126 969 1325 1024 nostris
1354 969 1725 1039 prosperitatis
1766 976 1959 1026 vestrae
1985 983 2079 1024 ce-

499 1064 663 1120 lebris
694 1061 836 1116 fama
868 1060 1193 1130 percrebuit,
1227 1074 1421 1129 magna
1467 1074 1563 1115 eor
1606 1067 1847 1114 nostrum
1884 1058 2082 1113 laetitia:

488 1152 828 1223 jucunditate
874 1151 1248 1221 perfunditur;
1304 1152 1536 1220 totisque
1592 1151 1645 1206 in
1685 1150 1932 1215 Domino,
1987 1150 2081 1219 qui

496 1246 727 1301 istorum
776 1251 967 1297 auctor
1016 1250 1097 1296 est
1146 1242 1800 1321 munerutnuvisceribus
1845 1241 2081 1311 gratula-

496 1333 767 1402 tnur,ita,
816 1340 875 1386 ut
922 1332 1048 1386 dum
1098 1346 1252 1386 mens
1283 1331 1610 1386 intrinsecus
1647 1331 1864 1402 jubilat,
1898 1331 2080 1401 lingua

493 1401 663 1476 etiam~
688 1423 739 1476 iu
768 1422 908 1479 hanc
932 1436 1120 1478 vocem
1163 1421 1359 1475 divinae
1389 1420 1560 1476 laudis
1585 1401 1833 1492 erumpat
1858 1440 1871 1475 :
1902 1441 1920 1474 ι
1954 1421 2082 1477 ϐΙοο

494 1512 574 1569 ria
602 1513 654 1567 in
682 1512 915 1569 excelsis
947 1512 1078 1577 Deo,
1106 1520 1161 1567 et
1185 1512 1240 1565 in
1278 1520 1421 1568 terra
1460 1527 1564 1582 pax
1590 1511 1897 1572 hominibus
1925 1514 2082 1571 bona:

492 1602 788 1659 voluntatis
819 1602 971 1671 (Luc.
1002 1602 1085 1674 lt).
1133 1622 1153 1655 ι

566 1692 641 1745 De
676 1692 1033 1748 Auconitanis
1059 1701 1261 1759 autem,
1300 1694 1631 1750 venerabilis
1663 1694 1878 1750 domine
1900 1736 1917 1761 ,
1947 1710 2081 1765 quo-

492 1784 624 1839 tidie
654 1784 1003 1854 pereuntibus
1043 1786 1204 1842 nimis
1246 1786 1419 1853 doleo,
1462 1797 1517 1843 et
1564 1788 1630 1843 de
1658 1787 1880 1843 confuso
1918 1799 2081 1858 atque

492 1877 787 1933 commixto
862 1886 1207 1946 peccatorum
1283 1880 1759 1950 innocentiumque
1836 1882 2077 1949 pericqu

491 1969 800 2025 medullitus
828 1969 1211 2025 oontremiseo.
1243 1970 1385 2026 Ecce
1423 1972 1567 2026 enim
1595 1988 1694 2042 per
1715 1973 2078 2027 conditionem

491 2059 675 2114 carnis
716 2073 904 2113 eorum
961 2060 1202 2128 quotidie
1232 2075 1461 2130 corpora
1504 2063 1827 2127 moriuntur,
1880 2073 1935 2117 et
1982 2078 2079 2133 per

489 2155 811 2213 sententiam
846 2164 1082 2211 vestram
1112 2157 1257 2213 Petri
1300 2159 1510 2228 gladius
1555 2160 1609 2215 in
1644 2160 1951 2215 animarum
1980 2176 2076 2215 eo-

492 2260 613 2299 rum
643 2256 818 2302 morte
839 2258 1135 2318 grassatur.
1168 2249 1235 2304 Et
1264 2266 1363 2306 nos
1389 2250 1606 2321 quidem
1639 2251 1959 2316 dormimus,
1982 2252 2079 2305 sed

488 2336 809 2405 evaginatus
836 2338 982 2392 sedis
1011 2337 1320 2407 apostolica:
1357 2354 1546 2394 mucro
1576 2355 1683 2393 non
1713 2339 1915 2394 dormit
1939 2379 1954 2405 ,
1983 2340 2077 2410 qui

489 2435 571 2480 tot
596 2428 876 2483 hominum
923 2430 1088 2483 millia
1115 2446 1219 2485 una
1246 2441 1482 2486 cruenta:
1506 2432 1700 2486 mortis
1741 2442 1919 2501 strage
1945 2448 2073 2502 pro-

489 2521 706 2583 sternit,
752 2537 861 2576 non
890 2522 1107 2591 quidem
1151 2524 1203 2577 in
1232 2524 1553 2593 corporibus
1594 2524 1883 2593 aliquando
1914 2524 2077 2579 mori-

489 2608 656 2673 turis;
687 2609 802 2675 sed,
847 2610 987 2665 heu!
1034 2610 1169 2690 prob
1209 2612 1380 2676 dolor,
1425 2613 1567 2682 quod
1612 2612 1948 2669 intolerabile
1970 2621 2072 2679 est,

490 2701 547 2756 in
580 2701 866 2757 animabus
910 2702 1026 2758 sine
1068 2703 1175 2758 fine
1203 2702 1446 2759 victuris.
1482 2704 1773 2759 Enimvero
1813 2706 2076 2759 audenter

486 2792 689 2860 dicam,
720 2795 847 2864 quia
872 2803 1155 2865 postquam
1186 2796 1437 2851 dominus
1463 2812 1615 2851 meus
1642 2796 1707 2850 ad
1738 2796 2075 2867 apostolatus

490 2883 703 2942 culmen
742 2886 1009 2951 ascendit,
1038 2902 1315 2956 nunquam
1343 2886 1544 2956 aliquid
1572 2884 1718 2953 fecit,
1747 2886 1890 2957 quod
1918 2898 1948 2939 a
1977 2902 2075 2941 no-

488 2973 597 3041 bis,
624 2972 719 3045 qui
748 2974 800 3030 in
825 2975 945 3045 ejus
968 2976 1227 3031 debemus
1247 2976 1475 3047 vigilare
1499 2974 1763 3043 custodia,
1792 2985 2074 3046 tantopere

490 3064 683 3119 debeat
720 3064 1024 3120 formidari.
1061 3065 1223 3123 Vobis
1252 3068 1398 3122 enim
1427 3067 1662 3138 subjici,
1703 3067 1856 3123 vobis
1881 3067 2070 3123 urbem

490 3155 731 3222 tradere,
760 3156 912 3211 vobis
943 3171 1021 3220 se,
1054 3167 1109 3212 et
1147 3171 1243 3211 sua
1273 3156 1559 3213 voluerunt
1589 3157 1867 3213 humiliter
1890 3155 2073 3225 subju-

2188 607 2291 660 lata
2324 608 2615 669 sententia,
2635 622 2861 675 seseque
2890 606 3243 662 ecclesiastici
3274 609 3474 679 vigoris
3499 622 3764 680 temperet

2184 696 2499 764 disciplina;
2534 706 2590 749 ut
2612 712 2748 765 quos
2779 696 2990 750 hostilis
3017 697 3325 766 dispergere
3360 698 3652 752 crudelitas
3675 701 3756 753 ni-

2185 787 2336 851 titur,
2364 787 2417 840 in
2443 786 2797 846 sacerdotalis
2832 786 3215 841 misericordiae
3244 789 3450 857 gremio
3496 789 3761 859 colligan-

2184 886 2292 931 tur.
2342 877 2511 933 Parce
2560 879 2640 933 ori
2692 894 2835 942 meo,
2881 878 3298 934 clementissmte
3345 880 3527 946 Pater,
3570 892 3625 936 et
3654 900 3761 937 non

2182 965 2428 1035 procacis
2453 966 2645 1035 lingua;
2672 967 2978 1037 strepitum,
3002 966 3096 1021 sed
3119 966 3297 1021 devoti
3333 969 3613 1023 considera
3635 986 3762 1025 cor-

2181 1057 2266 1111 dis
2312 1071 2611 1111 arcanum:
2640 1071 2795 1110 neea
2840 1070 2997 1110 servo
3028 1064 3120 1110 tuo
3168 1064 3223 1110 te
3263 1058 3445 1127 pigeat
3488 1059 3763 1115 humiliter

2182 1145 2355 1214 argui,
2379 1160 2500 1199 cum
2535 1144 2650 1213 ipse
2677 1144 3018 1213 omnipotens
3060 1145 3203 1202 Deus
3231 1147 3538 1205 hominibus
3566 1149 3712 1205 dicat
3744 1166 3762 1207 :

2187 1254 2205 1286 ι
2241 1234 2428 1291 Venite
2457 1243 2511 1289 et
2535 1240 2746 1307 arguite
2770 1251 2874 1289 me.
2906 1256 2924 1288 ι

2710 1368 3043 1427 EPISTOLA
3090 1371 3226 1433 .Vlll.

2180 1477 2248 1517 AD
2292 1475 2512 1517 εωωειι
2556 1475 2822 1517 Νιοοωυιι
2880 1479 2917 1516 ll
2975 1477 3230 1519 DOIANUI
3282 1476 3635 1530 PONTIFICEI,
3687 1480 3759 1523 ΕΤ

2212 1548 2625 1589 ιιιιυεωιληυυι
2667 1548 2715 1587 8.
2743 1548 2796 1586 ιι.
2827 1548 2880 1588 Β.
2908 1547 3247 1588 ὒΑΒυΙΝΔιΕΙ
3274 1549 3761 1602 Αηειιιυιλςοιιωιη,

2179 1644 2574 1699 Ancuucsruu.
2609 1673 2679 1684 —-
2716 1643 3071 1714 Episcopatus
3109 1659 3214 1698 non
3261 1646 3421 1702 modo
3472 1646 3757 1713 fructibus,

2251 1716 2623 1784 proventibus,
2645 1715 2738 1769 sed
2769 1715 2933 1768 etiam
2949 1715 3093 1768 omni
3114 1715 3461 1783 supellectile.
3494 1727 3549 1771 et
3575 1733 3757 1771 sacer-

2252 1785 2384 1839 dotii
2415 1796 2606 1841 ornatu
2630 1784 2911 1854 spoliatus,
2942 1794 3147 1839 tantam
3171 1786 3511 1840 occasionem
3544 1797 3758 1853 nactus,

2250 1855 2436 1910 scribit
2458 1854 2524 1908 ad
2555 1853 2829 1909 Nicolaum
2883 1854 3080 1923 Papam
3113 1864 3167 1908 et
3197 1855 3616 1911 Hildebrandum
3667 1874 3759 1912 ar—

2251 1925 2650 1996 cltidiaeonunt,
2699 1924 3133 1996 quiiprincipem‘
3179 1925 3291 1996 fere
3341 1934 3467 1983 tuttc
3501 1929 3761 1996 temporis

2250 1996 2391 2064 apud
2442 1994 2755 2048 Pontificem
2802 1995 2978 2048 locum
3026 1994 3304 2049 obtinebat
3352 1997 3539 2064 gratia:
3582 1994 3636 2050 et
3672 1999 3756 2050 tli-

2251 2064 2488 2135 guitatis,
2523 2072 2581 2121 ut
2628 2079 2685 2135 se
2715 2064 3055 2132 episc0patus
3078 2079 3242 2119 onere
3269 2079 3460 2120 vacare
3488 2076 3541 2121 et
3566 2067 3762 2122 immu-

2252 2134 2374 2189 nem
2407 2148 2527 2189 esse
2547 2134 2843 2205 patiantur.

2250 2248 2572 2305 Beatissimo
2594 2263 2744 2318 papa:
2765 2246 3023 2314 Nicouo,
3049 2257 3104 2303 et
3133 2248 3513 2304 HILDEBRANDO
3537 2265 3760 2304 venera-

2178 2339 2270 2394 bili
2300 2338 2702 2404 archidiacono,
2738 2337 2954 2393 PETBUS
3006 2348 3261 2409 peccator
3313 2341 3610 2394 monachus
3642 2354 3758 2395 ser-

2177 2428 2428 2483 vitutem.

2247 2517 2572 2573 Benedictus
2600 2518 2943 2589 onmipotens
2982 2518 3147 2585 Deus,
3182 2519 3308 2589 quia
3340 2520 3466 2575 dum
3496 2519 3759 2589 quidquid

2176 2609 2308 2665 mihi
2335 2624 2430 2680 pro
2452 2610 2717 2665 beneficio
2740 2611 2923 2664 datum
2961 2609 3161 2675 fuerat,
3212 2611 3455 2677 tollitur;
3487 2612 3611 2665 dum
3645 2611 3758 2678 ipse

2175 2716 2391 2772 quoque
2434 2702 2787 2757 sacerdotalis
2844 2712 3067 2758 ornatus
3110 2702 3379 2770 aufertur,
3419 2713 3569 2758 certa
3622 2702 3757 2757 mihi

2173 2794 2326 2864 signa
2351 2793 2676 2856 clarescunt,
2724 2793 2869 2863 quod
2920 2793 3240 2863 episcopalis
3283 2792 3340 2850 in
3384 2793 3630 2864 proximo
3674 2793 3761 2847 di-

2173 2885 2354 2956 gnitas
2401 2884 2532 2939 mihi
2580 2883 2823 2940 funditus
2865 2885 3156 2940 adimatur.
3196 2883 3335 2939 Nam
3379 2894 3436 2939 et
3465 2883 3560 2938 lilii
3586 2882 3758 2939 Jacob

2173 2988 2297 3029 cum
2340 2972 2563 3028 fratrem
2610 2987 2767 3029 suum
2817 2971 3015 3044 .loseph
3071 2972 3303 3042 perdere
3364 2972 3756 3037 decrevissent,

2172 3064 2322 3135 prius
2366 3079 2489 3119 eum
2522 3063 2677 3119 talari
2719 3072 2882 3135 atque
2906 3062 3160 3138 polymita
3199 3064 3380 3121 tunica
3413 3063 3759 3120 nudaverant

2173 3154 2331 3227 (Gen.
2362 3156 2594 3226 xxxv").
2630 3155 2886 3211 Dominus
2927 3156 3031 3226 ιο
3058 3156 3223 3211 etiam
3272 3170 3393 3211 cum
3437 3155 3621 3211 Aaron
3665 3171 3758 3209 sa.

418 3322 425 3327 ἢ
490 3258 650 3313 gare;
701 3246 795 3300 sed
859 3260 1047 3302 eorum
1114 3246 1287 3317 culpis
1328 3248 1666 3303 obstantibus
1693 3288 1706 3308 ,
1758 3263 1865 3302 non
1913 3248 2072 3303 modo
2098 3232 2144 3293 C
2175 3248 2449 3302 cerdotem
2478 3247 2631 3303 obire
2673 3246 3012 3317 praeciperet,
3041 3247 3119 3301 ait
3158 3246 3325 3318 Moysi
3378 3245 3577 3316 (Nam.
3614 3250 3751 3315 xx):

492 3336 611 3390 istis
653 3336 819 3406 janua
879 3338 1263 3394 misericordia:
1303 3348 1497 3394 vestrae
1544 3354 1651 3395 non
1688 3340 1889 3410 patuit;
1938 3340 2069 3409 quin

488 3426 694 3490 etiam,
761 3426 968 3496 prolata
1028 3429 1335 3496 sententia,
1404 3447 1432 3484 a
1503 3443 1669 3500 regno
1741 3431 1883 3495 Dei,
1942 3439 1997 3486 et
2038 3446 2067 3484 a

488 3516 784 3571 luminibus
830 3517 1086 3574 Ecclesia:
1137 3528 1392 3589 tanquam
1446 3536 1499 3591 se
1564 3521 1777 3575 diverso
1844 3520 2070 3577 rebelles

486 3605 544 3675 θ
559 3614 615 3661 et
636 3615 985 3663 contumaces
998 3607 1246 3664 exclusit.
1269 3610 1424 3664 Absit
1444 3619 1624 3664 autem
1640 3625 1669 3663 a
1692 3610 1912 3665 domino
1927 3624 2066 3675 meo,

489 3708 549 3753 ut
582 3716 705 3754 cum
741 3699 948 3755 vibrata
978 3702 1192 3773 tyranni
1220 3700 1522 3772 cuiuspiam
1552 3702 1770 3757 dextera
1801 3711 1923 3771 post
1966 3717 2070 3755 cae—

491 3790 613 3843 dem
642 3791 868 3843 duorum
914 3790 996 3845 vel
1020 3791 1182 3845 trium
1224 3792 1501 3846 hominum
1546 3807 1669 3845 mox
1698 3792 1891 3847 timore
1920 3806 2068 3846 com-

486 3877 761 3945 pescitur;
797 3877 962 3942 illius,
1000 3880 1092 3947 qui
1146 3880 1311 3933 totius
1354 3878 1676 3934 Christianae
1704 3881 1960 3949 magister
1986 3890 2073 3935 est

486 3967 723 4037 pietatis,
751 3968 961 4039 gladius
1014 3969 1213 4037 passim
1257 3968 1311 4022 in
1354 3977 1431 4023 tot
1476 3969 1778 4023 animarum
1828 3970 2066 4025 interne-

485 4058 640 4113 cione
660 4068 954 4128 grassetur.
988 4057 1121 4119 Nam
1148 4068 1205 4114 et
1225 4058 1407 4113 Abner
1431 4075 1552 4115 cum
1584 4060 1637 4114 in
1663 4059 1780 4129 ipso
1801 4059 1924 4114 belli
1947 4075 2065 4115 cer-

488 4150 689 4210 tamine
707 4149 913 4209 diceret
927 4152 993 4205 ad
1011 4149 1197 4207 Joabat
1210 4150 1345 4205 Num
1372 4164 1542 4220 usque
1554 4152 1620 4205 ad
1638 4151 2064 4207 internecionem

489 4250 611 4301 tuus
626 4255 813 4301 mucro
829 4241 1079 4303 desazviet
1089 4238 1194 4309 ?(ll
1206 4239 1332 4310 Reg.
1349 4242 1433 4311 tt):
1450 4240 1728 4303 tProtinus
1745 4242 1834 4297 ille
1848 4256 2064 4311 respon-

484 4332 563 4391 dit
592 4345 609 4394 ς
645 4350 664 4383 ι
702 4332 845 4390 Vivit
866 4331 1142 4397 Dominus,
1171 4331 1217 4387 si
1248 4331 1456 4388 locutus
1474 4322 1691 4399 fuisses,
1710 4349 1869 4388 mane
1888 4348 2064 4389 rues-

484 4420 646 4481 sisset
668 4422 896 4492 p0pulus
916 4422 1164 4492 persequi
1192 4421 1413 4477 fratrem
1438 4438 1591 4479 suum
1615 4423 1665 4494 (1
1673 4424 1861 4495 bid.).s
1883 4424 2061 4490 Absit,

484 4512 725 4582 inquam,
761 4520 820 4566 ut
847 4512 970 4566 dum
1000 4512 1157 4575 unius
1206 4513 1441 4580 hominis
1466 4513 1680 4583 placere
1718 4513 1833 4568 vult
1881 4514 2058 4580 oculo,

484 4577 633 4660 tanta
660 4619 870 4667 eorum,
898 4619 996 4673 pro
1022 4577 1240 4672 quibus
1261 4577 1483 4661 Christi
1503 4604 1655 4660 fusus
1694 4614 1780 4661 est
1820 4577 2057 4677 sanguis,
2088 4577 2141 4637 Β

482 4705 671 4766 pereat
723 4697 1026 4751 multitudo.
1063 4695 1245 4751 Vicem
1297 4698 1493 4768 quippe
1548 4698 1692 4755 illius
1749 4709 1918 4765 tenes,
1964 4700 2058 4768 qui

481 4787 658 4842 adhuc
714 4801 953 4855 pauper,
1014 4796 1070 4841 et
1143 4788 1349 4852 tenuis,
1420 4789 1646 4845 summis
1727 4789 2060 4859 principibus

480 4887 537 4939 et
580 4877 983 4947 magistratibus
1048 4877 1216 4941 libera
1266 4893 1399 4933 voce
1448 4895 1554 4941 non
1605 4880 1783 4934 timuit
1845 4881 2056 4935 dicere:

486 4988 505 5020 ι
553 4969 784 5026 Obedire
860 4969 1031 5047 magis
1073 4978 1290 5036 oportet
1351 4970 1493 5036 Deo,
1550 4986 1710 5041 quam
1752 4972 2059 5029 hominibus

480 5058 711 5131 (Act.v).
747 5080 765 5111 ι
799 5061 866 5115 Et
912 5074 1102 5114 rursus
1132 5077 1145 5113 :
1184 5077 1202 5111 ι
1232 5059 1287 5114 Si
1333 5060 1538 5130 justum
1573 5071 1657 5116 est
1680 5062 1735 5118 in
1768 5073 2057 5133 conspectu

481 5147 578 5201 Dei
606 5164 699 5203 vos
728 5150 906 5219 potius
935 5150 1295 5219 audirequam
1311 5149 1745 5219 Deum,judicate
1768 5153 1903 5223 (Act.
1924 5156 2054 5224 tv).s

480 5237 819 5311 Quapropter
848 5242 892 5294 si
939 5240 1115 5311 placet
1167 5241 1384 5296 domino
1435 5256 1574 5307 meo,
1629 5242 1815 5297 aseitis
1862 5245 2060 5299 domno

481 5329 865 5393 llildebraudo,
900 5332 1229 5395 sanctissimi
1264 5348 1327 5386 ac
1356 5333 1627 5402 purissimi
1670 5334 1879 5389 consilii
1919 5335 2056 5399 viro,

480 5421 947 5476 reverentlissitnis
974 5423 1134 5475 etiam
1162 5423 1457 5478 llumberto
1479 5434 1533 5479 et
1556 5424 1832 5480 Bonifacio
1852 5429 2060 5496 cpisco-

480 5512 589 5579 pis,
619 5510 708 5579 qui
760 5510 925 5564 vestri
974 5512 1221 5566 videlicet
1278 5513 1576 5568 acutissimi
1625 5525 1678 5569 et
1722 5517 2059 5586 perspicaces

480 5608 610 5655 sunt
660 5599 827 5664 oculi,
876 5614 998 5653 eum
1048 5600 1131 5655 his
1178 5601 1388 5666 consilii
1448 5603 1610 5665 vestri
1662 5606 2059 5683 communicat;

482 5692 823 5762 mysterium,
840 5691 1105 5762 simulque
1133 5702 1361 5748 tractato
1379 5710 1483 5765 quo
1513 5697 1868 5757 medicamine
1889 5715 2056 5764 mors,

481 5792 643 5852 atque
688 5784 916 5854 perditio
947 5792 1023 5838 tot
1070 5785 1410 5854 pereuntium
1468 5786 1678 5842 desinat
1732 5790 2054 5845 animarum.

2175 3357 2193 3390 ι
2227 3336 2419 3408 Pergat
2460 3336 2639 3391 Aaron
2668 3336 2735 3392 ad
2763 3335 3016 3408 populum
3045 3351 3238 3401 suum;
3277 3355 3296 3389 ι
3325 3346 3380 3391 et
3401 3336 3559 3407 paulo
3582 3346 3705 3406 post
3734 3351 3751 3390 :

2174 3447 2192 3480 ε
2233 3428 2367 3483 Ctttn
2416 3428 2726 3489 nudaveris,
2754 3428 2950 3497 inquit,
2982 3436 3189 3497 patrem
3223 3437 3372 3483 veste
3409 3444 3525 3495 sua,
3558 3430 3754 3485 indues

2168 3534 2287 3573 eam
2314 3518 2571 3577 Eleazaro
2597 3518 2703 3573 lilio
2724 3518 2861 3587 ejus,
2888 3527 2945 3573 et
2977 3518 3157 3572 Aaron
3208 3518 3509 3588 colligetur,
3552 3530 3607 3573 et
3630 3536 3750 3573 mo.

2169 3616 2340 3673 rietur
2366 3616 2436 3673 ibi
2460 3615 2672 3687 (Ibid.).
2697 3636 2715 3669 ι
2752 3615 3016 3671 Nimirum
3035 3632 3195 3687 quem
3227 3632 3258 3670 a
3289 3615 3608 3672 sacerdotali
3634 3614 3751 3682 jam

2169 3708 2347 3763 olilcio
2375 3709 2655 3777 quiescere
2692 3708 2881 3773 voluit,
2927 3724 3082 3763 sacra
3114 3709 3264 3779 prius
3310 3717 3460 3762 veste
3500 3707 3747 3770 nudavit,

2168 3813 2341 3869 eaque
2374 3799 2540 3852 lilium
2566 3798 2815 3861 induens,
2830 3814 2928 3869 pro
2949 3807 3103 3869 patre
3126 3799 3433 3852 ministrare
3448 3797 3748 3852 constituit.

2168 3888 2223 3942 ln
2254 3882 2521 3947 ablatione
2574 3889 2736 3961 igitur
2786 3890 2951 3943 vestis
2979 3889 3148 3951 claret
3194 3889 3414 3943 amissio
3444 3888 3748 3959 dignitatis.

2166 3980 2223 4033 in
2246 3978 2536 4048 Tripartita
2553 3996 2767 4050 quoque
2783 3981 3049 4051 reperitur
3063 3981 3284 4037 historia
3301 3980 3413 4051 (lib.
3431 3997 3482 4041 v,
3497 3996 3612 4048 cap.
3629 3979 3745 4047 57),

2166 4068 2438 4139 quiacum
2472 4067 2641 4124 fames
2676 4068 3175 4141 Hierosolymorum
3226 4071 3555 4140 provinciam
3585 4084 3749 4124 occu-

2165 4172 2366 4231 passet,
2393 4163 2445 4215 in
2471 4163 2754 4233 Cyrillum,
2784 4166 2876 4234 qui
2909 4174 3035 4221 tunc
3082 4166 3471 4237 Hierosolymis
3492 4174 3745 4236 praeerat,

2168 4270 2356 4310 revera
2388 4266 2641 4324 tanquam
2674 4258 2725 4311 in
2766 4261 3098 4329 episcopum.
3151 4262 3471 4316 necessitate
3500 4262 3747 4318 ciborum

2167 4344 2323 4398 turba
2376 4346 2705 4415 respiciebat
2752 4347 3061 4416 egentium;
3119 4364 3353 4419 cumque
3408 4351 3649 4420 pecunia:
3678 4351 3748 4404 ad

2165 4437 2551 4495 consulendum
2596 4438 2871 4504 deessent,
2900 4454 3025 4494 vasa
3068 4440 3156 4494 illa
3207 4456 3362 4496 saera
3399 4457 3464 4496 ac
3488 4442 3604 4496 vela
3636 4442 3749 4496 dis-

2168 4531 2353 4583 traxit.
2389 4530 2586 4599 Sicque
2623 4531 2851 4599 p0pulo,
2882 4533 2973 4602 qui
3015 4532 3299 4588 laborabat
3341 4533 3538 4604 inapia,
3569 4534 3749 4588 subsi-

2167 4619 2253 4673 dia
2276 4620 2624 4680 ministravit.
2652 4620 2768 4687 Qua
2796 4621 2862 4677 de
2886 4637 2944 4677 re
2972 4622 3320 4678 Constantius
3366 4624 3657 4693 imperator
3679 4624 3747 4677 ad

2167 4710 2502 4765 iracundiam
2550 4720 2873 4781 provocatus
2917 4722 3002 4767 est
3072 4715 3145 4769 ob
3190 4714 3241 4768 id
3288 4715 3542 4778 maxime,
3602 4715 3747 4782 quod

2165 4800 2394 4855 Aeacius
2414 4800 2673 4856 Caesareae
2712 4800 3012 4858 Palaestina:
3040 4804 3326 4876 episcopus
3357 4816 3545 4861 contra
3571 4804 3750 4875 Cyril-

2164 4891 2273 4945 lum
2304 4892 2544 4946 noscitur
2588 4890 2948 4947 machinatus.
2999 4893 3221 4950 Sacram
3252 4910 3483 4965 namque
3514 4904 3744 4960 vestem,

2164 4997 2326 5051 quam
2370 4982 2765 5036 famosissimus
2793 4982 3091 5052 imperator
3130 4984 3514 5040 Constantinus
3544 4985 3611 5039 ad
3642 4985 3745 5040 ho-

2165 5087 2358 5127 norem
2413 5070 2906 5141 llierosolymorum
2936 5072 3192 5130 Ecclesiae
3236 5075 3463 5131 dederat
3505 5075 3749 5131 Macario

2165 5161 2308 5216 illius
2337 5160 2577 5235 pontifici
2603 5160 2863 5226 civitatis,
2891 5177 3026 5217 auro
3053 5163 3563 5232 scilicet;sericoque
3610 5179 3747 5218 con-

2165 5262 2388 5314 textam,
2416 5262 2562 5306 utea
2591 5252 3036 5308 oircumamictus
3079 5254 3438 5308 ministerium
3462 5256 3601 5309 sacri
3650 5256 3749 5309 ba-

2164 5343 2434 5413 ptismatis
2459 5342 2799 5413 adimpleret,
2837 5343 3092 5416 Cyrillum
3138 5346 3372 5401 asseruit
3414 5348 3743 5415 vendidisse,

2162 5450 2392 5505 eantque
2440 5446 2565 5489 tunc
2604 5435 2803 5490 emisse
2850 5436 3135 5505 quemdam
3167 5438 3537 5508 ‘l‘ltymelieum
3572 5439 3746 5499 salta-

2164 5533 2357 5578 torem.
2392 5524 2636 5593 Dumque
2659 5526 2878 5579 iudutus
2925 5542 2989 5581 ea
3031 5527 3191 5582 solito
3222 5545 3373 5584 inore
3409 5531 3651 5596 saltaret,
3686 5542 3748 5587 ttt

2166 5615 2255 5668 ille
2279 5618 2596 5679 testabatur,
2629 5616 2873 5685 protinus
2921 5617 3136 5680 cecidit,
3160 5629 3213 5673 et
3244 5623 3529 5687 contritus,
3562 5639 3626 5677 ac
3660 5624 3746 5676 di-

2166 5704 2286 5757 vina
2310 5704 2508 5759 ultione
2531 5720 2836 5773 percussus,
2882 5706 3129 5775 spiritum
3169 5710 3460 5765 exhalavit.
3495 5711 3607 5766 lloc
3644 5713 3746 5782 ἱεὶ-

2169 5805 2256 5849 tur
2284 5795 2515 5849 Aeacius
2539 5794 2612 5862 Cy
2624 5795 2739 5851 rillo
2764 5796 2968 5851 crimen
2996 5798 3211 5869 objecit,
3236 5800 3423 5870 sicque
3450 5800 3598 5855 illum
3627 5803 3743 5869 epi-
