4088 6198
1691 257 1716 276 ρ

393 339 496 396 Ilii
1517 336 1716 392 LIBER
1748 336 2027 403 PRIMUS,
2061 337 2278 395 EPIS'I.
2320 339 2434 393 XII.
3521 350 3626 402 2M

391 451 587 520 scopali
613 450 874 522 dignitate
895 449 1161 519 deposuit.
1203 448 1260 503 Si
1304 463 1432 519 ergo
1455 451 1648 504 summi
1679 450 1752 504 illi
1775 451 1954 520 ponti-
1984 461 2031 520 Α
2061 451 2146 505 isti
2173 451 2264 520 qui
2289 467 2465 505 meum
2515 451 2756 522 deposcit
2784 453 3062 520 auxilium,
3097 469 3194 524 pro
3232 466 3417 512 nostro
3445 473 3627 515 amore

389 544 538 606 lices,
570 543 751 595 Aaron
777 541 1026 595 videlicet
1073 550 1129 594 et
1155 539 1420 612 Cyrillus,
1451 550 1572 609 post
1615 542 1961 596 amissionem
2060 543 2353 613 dignemini
2377 545 2686 611 subvenire,
2707 545 3046 616 rigoremque
3060 547 3288 618 justitia:
3308 549 3454 604 circa
3479 551 3626 605 illum
3689 558 3704 567 ‘

387 633 617 686 vestium
650 631 1004 700 perdiderunt
1029 632 1192 685 etiam
1227 639 1626 701 consequenter
1657 632 1962 686 sacerdota-

387 723 514 776 lium
542 722 742 777 infulas
791 723 1134 792 dignitatum,
1162 722 1290 791 quid
1320 720 1448 775 mihi
1491 721 1714 791 parvulo
1729 729 1798 774 ~et
1823 720 1962 775 iudi-

385 828 490 883 guo
513 813 656 867 aliud
679 814 838 867 datur
862 813 1106 882 intelligi,
1144 813 1244 867 nisi
1276 813 1402 882 quia
1447 812 1574 866 dum
1621 813 1960 867 ornamentis

386 903 816 958 sacerdotalibus
836 917 1032 970 exuor,
1056 900 1377 958 sacerdotali
1413 900 1764 972 proculdubio
1787 901 1958 972 digni-

388 1003 498 1049 tate
536 994 808 1064 deponor?

456 1085 721 1140 Praeterea
749 1084 1138 1140 monasterium
1162 1084 1484 1152 hOSpitando
1505 1094 1554 1139 et
1587 1083 1954 1146 confiscando,

385 1176 698 1230 muneribus
711 1174 1036 1239 abstulistis;
1056 1174 1124 1229 de
1136 1175 1444 1243 episcopatu
1465 1187 1678 1242 quoque
1697 1171 1954 1240 quidquid

385 1273 675 1333 proventus
734 1263 963 1318 inveniri
1013 1271 1256 1332 poterat,
1333 1261 1764 1331 consumpsistis.
1812 1259 1953 1327 Quid

384 1371 516 1424 ergo
547 1364 738 1419 restat,
785 1355 890 1410 nisi
940 1363 999 1410 ut
1025 1355 1200 1410 ‘miles
1244 1353 1504 1410 emeritus
1565 1353 1784 1423 abjiciat
1824 1368 1951 1408 cum

386 1446 665 1518 chlamyde
693 1445 984 1516 cingulum,
1033 1447 1125 1516 qui
1171 1445 1422 1500 militaris
1443 1444 1696 1514 stipendii
1719 1444 1953 1514 perdidit

384 1537 732 1592 donativum?
758 1537 966 1592 Cedant
1015 1537 1178 1606 igitur
1197 1535 1309 1606 jam
1350 1538 1402 1591 in
1433 1550 1562 1592 usus
1595 1546 1809 1591 vestros
1839 1537 1952 1605 epi-

383 1639 660 1696 scopatus,
690 1628 850 1681 simul
891 1637 948 1682 et
993 1628 1342 1692 monasteria,
1374 1642 1477 1682 nec
1517 1627 1648 1681 mihi
1680 1627 1948 1697 quispiam

295 1763 301 1774 .
379 1719 450 1771 de
479 1727 675 1771 caetero
727 1718 889 1772 inane
917 1716 1161 1772 beneficii
1212 1731 1407 1772 nomen
1453 1715 1695 1784 objiciat,
1735 1719 1828 1772 sed
1857 1732 1950 1772 ve-

2060 635 2340 700 studeatis,
2387 636 2441 690 in
2469 647 2730 706 quantum
2785 647 2966 694 tamen
3011 641 3120 696 Deo
3163 656 3276 696 non
3325 641 3625 714 displiceat,

2059 730 2382 792 temperare.

2129 813 2200 868 Ut
2226 823 2407 869 autem
2453 815 2597 871 seire
2635 817 2931 887 dignemini
2984 835 3106 888 qua}
3151 822 3294 878 circa
3344 840 3432 879 me
3477 837 3625 892 sunt,

2055 903 2394 972 septuaginta
2425 903 2592 961 ferme
2636 906 2751 962 dies
2801 916 2950 973 sunt,
2975 923 3043 963 ex
3085 911 3278 979 quibus
3304 913 3392 967 vix
3417 912 3621 982 jacere,

2053 995 2139 1048 vel
2166 997 2376 1059 sedere,
2406 1006 2609 1065 quanto
2634 998 2810 1052 minus
2838 1008 3004 1064 stare,
3033 1001 3132 1055 nisi
3156 1016 3277 1056 cum
3305 1003 3620 1060 difﬁcultate

2053 1099 2293 1154 possum.
2316 1085 2455 1153 Quid
2495 1098 2672 1142 autem
2717 1089 2913 1154 dicam,
2943 1091 3066 1159 quia
3111 1091 3316 1156 vinum,
3341 1095 3620 1148 stomacho

2054 1186 2368 1244 nauseante,
2399 1177 2612 1233 fastidio
2637 1197 2650 1232 :
2676 1180 2768 1248 qui
2803 1180 3016 1235 diversa
3043 1196 3258 1250 quoque
3287 1183 3502 1239 mellita:
3552 1199 3617 1240 ac

2052 1265 2396 1336 pigmentatze
2423 1269 2657 1337 potionis
2704 1285 2899 1339 genera
2954 1272 3340 1341 perhorresco?
3367 1276 3475 1330 Sed
3507 1277 3622 1332 haec

2051 1355 2272 1410 uberius
2297 1370 2403 1411 non
2430 1371 2721 1429 exaggero,
2752 1361 2875 1428 quia
2904 1361 3028 1415 dum
3076 1363 3331 1431 gemitum
3385 1373 3440 1419 et
3471 1379 3618 1419 com-

2050 1444 2358 1513 passionem
2382 1461 2448 1500 ex
2479 1446 2717 1502 fraterna
2747 1459 3066 1504 cancrorum
3097 1451 3360 1506 sodalium
3381 1468 3622 1509 meorum

2050 1535 2318 1590 cliaritate
2347 1539 2587 1610 requjro,
2614 1555 2644 1594 a
2669 1555 2881 1593 summo
2920 1541 3217 1596 amicorum
3261 1558 3504 1597 meorum
3528 1545 3623 1600 do-

2050 1625 2196 1680 mino
2239 1626 2486 1681 videlicet
2533 1629 2934 1696 archidiacono,
2984 1631 3152 1684 risum
3191 1633 3620 1701 extorquendum

2050 1726 2170 1768 esse
2199 1729 2304 1768 non
2329 1717 2566 1784 ambigo.

377 1808 510 1860 stris
529 1807 640 1874 (76)
672 1806 789 1861 luce
817 1807 1014 1861 clarius
1042 1807 1364 1862 innotescat.
1393 1806 1614 1861 Noverit
1645 1808 1827 1876 itaque
1851 1821 1946 1860 ve-
1977 1791 2024 1850 Β
2121 1803 2198 1859 De
2224 1803 2448 1873 praefato
2469 1817 2650 1861 autem
2675 1808 2926 1877 episcopo
2963 1809 3076 1875 sic,
3127 1825 3277 1880 rogo,
3309 1811 3617 1878 decernite;

297 1887 308 1896 ’
376 1909 492 1952 stra
519 1899 798 1969 utriusque
845 1899 1163 1968 benignitas,
1193 1900 1318 1969 quia
1372 1899 1486 1955 haec
1531 1900 1684 1955 vobis
1712 1901 1786 1954 ita
1815 1900 1949 1955 irre-

377 1989 695 2045 vocabiliter
730 1991 913 2056 reddo,
961 1991 1104 2059 quod
1157 1990 1330 2046 donec
1375 1991 1488 2045 vita
1527 2005 1711 2046 comes
1760 1990 1946 2056 fuerit,

378 2079 608 2134 ulterius
630 2095 732 2134 non
763 2081 975 2134 tenebo.

927 2177 1255 2233 EPISTOLA
1307 2177 1396 2232 IX.

479 2281 548 2320 ΔΙ)
583 2281 799 2320 εωιυειι
835 2282 1096 2322 Μοοιιιιωι
1139 2283 1176 2321 ll
1213 2282 1466 2321 ROIANUI
1507 2280 1849 2322 PONTIFICEI.

545 2355 948 2426 (Habeturtom.
973 2355 1096 2420 III,
1121 2370 1292 2428 estque
1328 2358 1636 2428 opusculum
1669 2357 1782 2427 19.)

939 2469 1272 2526 EPISTOLA
1306 2470 1375 2525 X.

374 2577 448 2614 Αι)
486 2575 840 2622 Αιεχηωιωι
881 2576 917 2615 Il
965 2576 1221 2616 ROIANUI
1263 2576 1576 2616 PONTIFICEI
1604 2603 1618 2626 ,
1652 2578 1722 2617 ΕΤ
1761 2575 1946 2618 ιιιιυε-

473 2646 720 2685 ιιωιυυιι
759 2647 804 2685 S.
846 2647 899 2684 Β.
937 2645 986 2683 Β.
1028 2647 1364 2686 εΑιωιΜιοειι
1402 2646 1849 2687 ΛΒΟΙΙΙΒΙΔΟΟΝΗΙ.

544 2718 804 2789 (ﬂabetur
829 2730 955 2772 tom.
984 2718 1103 2786 III,
1135 2729 1309 2789 estque
1338 2720 1643 2789 opusculum
1677 2721 1794 2793 20.)

857 2811 956 2880 ιι
1001 2809 1336 2865 EPISTOLA
1384 2810 1474 2865 x1.

432 2914 500 2953 ΔΙ)
538 2914 755 2956 ευιωει
790 2915 1144 2956 Διειιιωιιωι
1181 2916 1219 2956 ll
1258 2916 1513 2957 BOﬂANlJI
1550 2907 1889 2958 PONTIPICEI.
1931 2908 1938 2913 ’

367 3013 769 3088 Asculanus.
813 3040 885 3088 τ-
910 3010 1354 3088 Aureliaqensem
1399 3013 1767 3088 episcopum,
1792 3011 1948 3083 cujus

448 3083 684 3135 Ecclesia
710 3081 780 3135 ab
820 3081 1076 3150 improbis
1115 3081 1304 3137 vexata
1352 3081 1536 3136 multis
1576 3081 1943 3138 calamitatum

446 3151 730 3224 procellis,
794 3161 850 3207 et
894 3143 1224 3207 'turbinibus
1295 3154 1625 3224 agitabatur,
1699 3143 2017 3224 pontiliciC

449 3223 990 3294 niaxjmo_accurate
1033 3221 1376 3294 commendat
1407 3224 1514 3276 :‘ut
1544 3221 1714 3294 ejus’
1742 3221 1942 3294 auxilio

445 3306 510 3343 ex
555 3290 806 3344 ﬂuctibus
845 3304 1053 3346 emersa
1094 3301 1152 3346 et
1202 3293 1498 3358 sublevata,
1538 3290 1609 3346 iu'
1647 3292 1944 3361 tranquilli-

447 3361 572 3414 tatis
601 3364 814 3414 tandem
843 3368 998 3430 portu
1027 3371 1082 3415 et
1109 3363 1416 3417 securitatis
1440 3362 1873 3432 conquiesceret.

365 3477 374 3488 '
445 3471 651 3523 Domno
695 3484 792 3524 suo
844 3471 1168 3525 Αιεχιιιωιιο
1216 3486 1439 3526 summa:
1493 3470 1640 3527 sedis
1688 3470 1940 3539 antistiti,

367 3557 588 3613 PBTBUS
614 3567 868 3629 peccator
891 3560 1186 3615 monachus
1213 3559 1550 3614 servitutem.

441 3653 665 3708 Noverit
688 3655 964 3707 beatitudo
1008 3661 1204 3718 vestra,
1234 3653 1557 3708 venerabilis
1593 3652 1778 3720 Pater,
1808 3667 1944 3724 quo-

368 3744 518 3797 niam
544 3745 828 3813 episcopus
870 3745 959 3798 hic
995 3743 1403 3799 Aurelianensis
1439 3744 1692 3799 Ecclesiae
1729 3758 1827 3814 per
1857 3759 1943 3798 me

369 3835 540 3898 venit,
572 3849 765 3902 meque
814 3834 1223 3888 decuuibeutem
1279 3835 1331 3888 in
1374 3834 1599 3903 grabato
1644 3834 1940 3902 reperiens,

368 3931 494 3999 quia
527 3929 781 3996 sperabat
823 3943 907 3980 me
936 3927 1076 3996 apud
1115 3941 1211 3981 vos
1248 3927 1446 3995 aliquid
1475 3942 1653 3996 posse,
1690 3941 1824 3981 mete
1854 3926 1939 3981 in-

370 4018 719 4074 tercessionis
745 4018 1003 4070 auxilium
1061 4017 1366 4086 postulavit.
1417 4017 1490 4070 Ex
1533 4016 1717 4070 multis
1744 4017 1942 4089 quippe

367 4110 768 4164 calamitatibus
817 4120 978 4178 atque
1004 4108 1295 4176 presseris,
1336 4123 1455 4176 qua:
1484 4122 1588 4160 non
1625 4107 1784 4161 modo
1815 4106 1940 4172 sibi,

367 4202 460 4254 sed
486 4209 539 4254 et
571 4199 822 4253 Ecclesiae
847 4213 959 4251 sum
986 4213 1016 4250 a
1047 4197 1228 4267 pravis
1281 4207 1443 4266 atque
1475 4197 1744 4266 perversis
1769 4195 1946 4250 homi-

368 4290 531 4343 nibus
559 4290 886 4352 inferuntur,
915 4302 971 4342 se
997 4288 1209 4340 tandem
1255 4304 1360 4341 non
1402 4288 1519 4340 sine
1547 4301 1740 4356 magna
1774 4286 1942 4340 tribu-

369 4378 574 4431 latione
606 4378 940 4447 prazripieus,
966 4376 1227 4444 optimum
1255 4377 1436 4440 duxit,
1461 4385 1520 4429 ut
1547 4386 1731 4444 spreto
1756 4375 1940 4430 mundi

368 4469 577 4522 fallacis
630 4469 850 4532 auxilio,
885 4467 1056 4522 solum
1106 4467 1252 4522 sedis
1291 4467 1598 4536 apostolica:
1641 4467 1938 4522 remedium

367 4569 602 4628 peteret,
659 4560 726 4612 ad
782 4569 967 4613 sancta
1013 4560 1237 4631 vestigia
1285 4567 1464 4612 vestra
1522 4567 1837 4624 corrueret;
1887 4567 1942 4612 ct

367 4662 628 4719 tanquam
677 4651 744 4703 ad
791 4651 1043 4704 tutissimi
1081 4659 1269 4720 portus
1295 4651 1472 4703 sinum
1509 4651 1576 4704 de
1607 4650 1788 4703 multis
1815 4663 1942 4720 pro-

366 4748 519 4800 cellis
559 4745 830 4812 ﬂictivagi
880 4745 1066 4808 maris,
1117 4743 1350 4813 scopulis
1395 4752 1556 4812 atque
1607 4742 1935 4808 turbinibus,

367 4840 468 4890 Sub
490 4846 692 4890 sancta:
732 4835 984 4889 Romana:
1027 4835 1282 4892 Ecclesia:
1331 4835 1702 4889 uinbraculum
1743 4849 1940 4888 convo-

365 4927 523 4978 laret.
575 4925 793 4978 Scilicet
817 4934 873 4977 ut
900 4940 1018 4993 quae
1041 4940 1134 4993 per
1151 4923 1314 4978 divini
1340 4924 1577 4976 muneris
1600 4922 1936 4991 privilegium

364 5016 622 5068 omnibus
653 5015 704 5067 iu
760 5013 1102 5067 tribulatione
1146 5015 1430 5076 succurrit,
1480 5028 1538 5066 se
1582 5026 1795 5082 quoque
1825 5022 1932 5065 ma’

368 5116 524 5158 terna
549 5106 750 5174 pietate
775 5105 1052 5174 suscipiat,
1081 5114 1135 5158 et
1157 5106 1274 5172 ejus
1297 5104 1592 5158 Ecclesiatn
1621 5119 1650 5156 a
1673 5103 1932 5156 violento-

367 5213 489 5251 rum
519 5198 934 5266 iniquoruinque
978 5196 1255 5250 hominum
1300 5195 1619 5264 pervasioue
1663 5192 1932 5249 defendat.

365 5291 709 5357 Quapropter
736 5296 974 5340 sanctam
999 5286 1342 5341 clementiam
1373 5294 1634 5348 vestram,
1667 5283 1938 5337 humiliter

365 5377 618 5444 elisecro,
667 5376 876 5430 hostilis
919 5376 1080 5429 etiam
1108 5374 1267 5428 amici
1297 5373 1402 5430 mei
1442 5373 1642 5426 domini
1673 5371 1939 5426 archidia-

366 5469 491 5522 coni
535 5467 682 5540 (Π),
711 5477 1136 5534 οωιιειυιιιιιιῳιε
1183 5475 1492 5520 sanctorum
1553 5463 1938 5517 collateralium

365 5568 675 5612 vestrorum
720 5556 1113 5609 fraternitatem
1161 5555 1438 5610 humiliter
1487 5563 1642 5622 peto;
1674 5563 1733 5606 ut
1783 5551 1936 5606 fratri

445 5699 556 5771 (76)
597 5698 820 5755 Videtur
851 5697 951 5752 hoc
988 5697 1105 5752 loco
1137 5695 1339 5765 aliquid
1366 5693 1685 5750 desiderari.

2053 1902 2112 1948 ut
2139 1902 2195 1948 et
2226 1895 2565 1963 omnipotens
2593 1895 2735 1950 Deus
2782 1895 2986 1965 judicio
3032 1909 3227 1955 vestra:
3275 1901 3618 1956 discretionis

2048 1985 2368 2052 adgaudeat,
2397 1999 2452 2042 et
2478 1989 2567 2044 ille
2608 1989 2742 2045 fusis
2795 2007 2959 2060 super
3005 2009 3063 2047 se
3111 1996 3253 2049 sedis
3300 1995 3607 2065 apostolicae

2051 2087 2304 2146 tanquam
2337 2089 2591 2136 materna:
2650 2083 2866 2150 pietatis
2923 2085 3248 2150 visceribus,
3303 2086 3611 2142 bilarescat.

2048 2165 2182 2232 Quia
2203 2169 2434 2239 sigillum
2488 2179 2735 2225 nostrum
2779 2173 2846 2226 ad
2871 2188 3108 2241 praesens
3137 2190 3242 2227 nou
3293 2175 3484 2240 habeo,
3521 2191 3614 2230 ne-

2045 2255 2159 2323 poti
2189 2271 2313 2312 meo
2354 2255 2639 2325 Damiano,
2669 2269 2731 2314 ut
2775 2261 2934 2330 sigilli
2988 2262 3308 2320 certitudiue
3355 2263 3611 2332 potiatur,

2048 2343 2293 2416 injungo.

2535 2439 2639 2509 ιε
2684 2438 3018 2495 EPISTOLA
3047 2439 3161 2496 xu.

2655 2545 2724 2583 Αι)
2761 2543 3001 2585 ευιιυειι.

2044 2615 2536 2689 Αιιςυιιεατυιέ
2560 2617 2723 2681 Duas,
2754 2633 2876 2688 qua:
2916 2628 3044 2674 tunc
3087 2619 3343 2689 temporis
3385 2619 3620 2676 inoleve-

2116 2697 2240 2742 rant
2268 2689 2320 2742 in
2349 2687 2610 2753 Ecclesia,
2650 2687 2847 2757 pravas
2891 2687 3305 2746 c0iisuetudities
3350 2701 3568 2745 accusat
3600 2709 3616 2746 :

2119 2765 2281 2832 atque
2301 2764 2359 2832 ut
2387 2757 2724 2818 abolcantur.
2753 2760 3005 2832 postulat.
3042 2758 3110 2832 Et
3141 2760 3374 2832 primum
3397 2759 3615 2832 quidem

2114 2826 2478 2910 periculosum
2500 2840 2622 2882 esse
2644 2828 2898 2910 ostendit,
2930 2837 2988 2884 et
3015 2826 3398 2910 alem‘plenum
3414 2826 3509 2896 ‘(ut
3539 2831 3614 2910 ita

2118 2895 2322 2966 dicam)
2357 2910 2512 2968 opus,
2567 2897 2976 2968 quibuscunque
2997 2895 3228 2954 decretis
3255 2895 3616 2954 anathemati:

2114 2979 2332 3035 pmnam
2361 2966 2418 3049 iu
2442 2969 2547 3021 line
2572 2967 2788 3049 appoui.
2815 2966 3071 3049 hanc
3094 2968 3242 3027 enim
3258 2982 3474 3049 partam
3501 2977 3615 3049 tan-

2119 3034 2279 3107 quam
2310 3036 2375 3107 ad
2404 3034 2702 3107 scopulum
2733 3034 3021 3107 levissimis
3039 3037 3108 3092 de
3135 3034 3314 3107 causis
3338 3035 3615 3107 oﬂenden-

2118 3112 2201 3159 tes
2229 3105 2483 3186 homines
2497 3103 2796 3186 saepissime
2819 3103 3156 3186 naufragium
3182 3105 3440 3186 facturos.
3463 3106 3614 3161 Alte-

2116 3187 2233 3256 ram
2264 3175 2709 3256 consuetudinem
2737 3175 2903 3254 (quod
2935 3175 3141 3256 scilicet
3170 3175 3408 3256 episcopi
3435 3191 3465 3229 a
3495 3191 3615 3245 pre-

2114 3244 2351 3316 sbyteris
2376 3244 2516 3314 apud
2543 3245 3034 3316 archiepiscopum,
3063 3244 3435 3316 et-primatem
3456 3244 3610 3302 aecu-

2113 3313 2222 3386 βειιὶ
2253 3315 2623 3386 nonpossent)
2663 3313 2952 3386 eliicaciter
2978 3313 3278 3386 redarguit.
3314 3315 3612 3386 parietum

2114 3382 2216 3437 hoc
2247 3382 2406 3452 modo
2449 3382 2732 3438 criminum
2788 3382 3176 3452 impunitatem,
3215 3393 3272 3438 et
3313 3385 3533 3440 liberius
3561 3385 3613 3439 iu

2113 3453 2305 3521 quovis
2332 3451 2517 3522 ﬂagitii
2547 3467 2742 3523 genere
2773 3451 3141 3508 debacchandi
3170 3453 3466 3507 licentiam.

2112 3561 2320 3618 Domno
2365 3579 2463 3618 suo
2508 3563 2833 3618 ALEXANDBO
2873 3577 3041 3633 papae,
3094 3560 3310 3619 PETRUS
3362 3573 3616 3632 peccator

2044 3653 2340 3707 monachus
2369 3651 2705 3708 servitutem.

2116 3742 2447 3813 Scripsistis,
2487 3755 2547 3798 ut
2596 3744 2914 3811 scriberem,
2965 3745 3319 3818 prmcepistis,
3363 3757 3422 3802 ut
3473 3762 3615 3819 sepe

2042 3837 2217 3904 vobis,
2267 3837 2392 3893 licet
2418 3836 2673 3902 incultas,
2705 3837 2916 3908 ineptiae
2947 3852 3080 3892 mete
3122 3835 3408 3894 schedulas
3451 3837 3612 3893 desti-

2044 3944 2231 3985 narem
2263 3946 2278 3983 :
2311 3943 2499 3983 verum
2528 3943 2614 3983 me
2637 3928 2807 3998 magis
2835 3927 2963 3983 libet
2987 3926 3135 3994 ﬂere,
3159 3943 3320 3998 quam
3340 3927 3611 3995 scribere;

2043 4019 2153 4074 imo
2184 4018 2311 4074 hinc
2339 4018 2555 4088 gravius
2599 4017 2721 4082 ﬂeo,
2754 4021 2880 4087 quia
2931 4017 3058 4072 ﬂere
3085 4032 3188 4070 non
3217 4017 3387 4074 valeo.
3416 4017 3496 4074 Ita
3533 4017 3614 4076 ni-

2043 4109 2546 4180 mirumasynodo,
2584 4109 2669 4163 cui
2717 4117 2913 4163 vestrae
2961 4108 3265 4163 sanctitatis
3321 4109 3616 4170 auctoritas

2042 4196 2277 4268 praefuit,
2300 4197 2566 4252 contritus
2600 4211 2794 4268 nuper,
2845 4205 2902 4250 et
2933 4195 3218 4253 arefactus.
3248 4195 3520 4262 abscessi,
3549 4204 3609 4253 ut
3676 4268 3683 4277 .

2044 4304 2197 4343 mens
2224 4303 2344 4342 mea
2372 4297 2450 4341 tot
2475 4302 2730 4360 oppressa
2773 4287 3026 4356 negotiis,
3056 4301 3206 4340 more
3253 4286 3419 4342 silicis
3447 4285 3615 4341 obdu-

2043 4387 2184 4443 rata,
2212 4394 2314 4433 nec
2353 4393 2449 4450 per
2483 4379 2710 4432 imbrem
2757 4392 2817 4431 se
2860 4377 3291 4455 compunctionis
3340 4375 3612 4443 emolliat,

2043 4487 2144 4526 nec
2171 4487 2231 4526 se
2251 4470 2645 4539 quantumlibet
2690 4484 2851 4542 super
2881 4484 2939 4524 se
2979 4469 3207 4539 gratiam
3239 4468 3442 4522 intima:
3487 4484 3616 4524 cou-

2046 4556 2406 4628 templationis
2434 4558 2664 4612 attollat.
2692 4558 2804 4611 lloc
2837 4559 3020 4626 itaque
3069 4553 3198 4610 mihi
3229 4559 3386 4610 datur
3411 4557 3477 4610 ad
3501 4571 3614 4626 pos-

2043 4665 2191 4714 nam,
2226 4649 2367 4718 quod
2399 4650 2722 4717 promissum
2750 4659 2833 4702 est
2869 4648 3074 4702 sanctis
3104 4647 3335 4700 dandum
3371 4662 3491 4700 esse
3515 4662 3604 4715 per

2041 4737 2296 4808 gratiam.
2342 4755 2360 4786 ι
2389 4736 2695 4806 Absterget,
2746 4737 2943 4804 inquit,
2993 4737 3133 4790 Deus
3188 4750 3400 4789 omnem
3442 4734 3613 4813 lacry-

2040 4844 2186 4883 mam
2215 4828 2282 4884 ab
2301 4827 2471 4884 oculis
2486 4837 2793 4882 sanctorum
2819 4827 3000 4896 (Apoc.
3023 4826 3159 4896 xxi).
3181 4845 3200 4878 ι
3235 4826 3297 4879 Et
3318 4826 3370 4880 in
3393 4824 3608 4878 Psalmo

2041 4918 2326 4977 dicitur“
2374 4917 2475 4984 Qui
2526 4916 2729 4985 eripuit
2777 4916 3012 4969 animam
3075 4930 3247 4969 nteant
3309 4915 3375 4966 de
3419 4920 3607 4975 morte,

2042 5008 2232 5070 oculos
2255 5022 2402 5062 meos
2446 5021 2477 5060 a
2511 5006 2764 5077 lacrymis
2812 5003 2986 5076 (Psal.
3034 5003 3204 5074 cxtv).
3239 5022 3260 5055 ι
3304 5003 3455 5075 Quod
3482 5017 3612 5078 ergo

2043 5099 2247 5160 sanctis
2270 5099 2400 5152 viris
2425 5105 2761 5166 praarogatur
2788 5097 2854 5149 ad
2878 5095 3176 5165 priemiunt,
3212 5093 3311 5146 hoc
3345 5091 3478 5146 meis
3507 5108 3612 5153 ιιιθ·

2043 5192 2165 5247 ritis
2195 5191 2454 5259 inﬂigitur
2478 5189 2545 5243 ad
2585 5197 2930 5242 tormentum.
2960 5187 3297 5261 Quapropter
3327 5185 3441 5240 haec
3463 5187 3602 5262 apud

2043 5293 2130 5333 me
2171 5279 2394 5335 definita
2441 5277 2705 5331 sententia
2736 5286 2838 5340 est,
2867 5276 2990 5344 quia
3021 5277 3087 5329 de
3123 5285 3352 5338 caetero,
3385 5276 3487 5328 nisi
3524 5292 3609 5330 uie

2043 5368 2340 5425 necessitas
2388 5365 2693 5420 inevitanda
2755 5362 3068 5434 compellat,
3130 5364 3300 5418 donec
3350 5364 3610 5426 advixero

2043 5459 2302 5514 Romanis
2324 5473 2408 5512 me
2440 5456 2678 5512 consiliis
2707 5455 2947 5510 funditus
2978 5455 3291 5510 abscntabo.

2112 5551 2377 5607 Praeterea
2401 5553 2505 5605 duo
2530 5550 2774 5620 quaedam
2823 5549 2965 5618 apud
3008 5550 3360 5619 apostolicam
3427 5551 3620 5612 sedent

2113 5687 2224 5758 (Π)
2265 5685 2682 5746 llildebnandutn
2709 5683 2975 5754 intelligit.
