4078 6202
438 296 545 357 Ξ15

967 295 1024 352 S.
1063 294 1268 352 PETRI
1310 294 1589 355 DAMIANI
1616 294 1768 352 OPP.
1807 293 1989 353 PARS
2024 294 2157 353 SEU
2198 296 2438 367 TOMUS
2465 299 2505 356 Ι.
2534 328 2606 339 -—-
2644 300 2861 358 EPIST.
2892 301 3021 360 LIB.
3067 303 3198 359 VIII.

2806 100 2838 135 θ’

3583 300 3689 360 216

439 411 697 481 frequens
738 424 871 467 usus
920 411 1172 479 obtinuit,
1223 426 1346 482 qum
1392 413 1440 469 si
1492 422 1679 469 sancta
1725 410 2015 483 prudentia
2042 413 2092 472 Α
2122 418 2209 466 tur
2231 413 2540 470 adversum.
2573 414 2708 470 Nam
2733 416 2820 472 cui
2849 415 3042 471 melius
3082 415 3308 483 dicitur,
3346 417 3487 489 quod
3526 418 3695 474 delin.

444 511 625 571 vestra
646 502 876 577 judicat,
906 512 965 559 ut
988 504 1142 559 nobis
1170 504 1404 569 videtur,
1427 506 1650 562 omnino
1689 506 1848 576 digna
1888 512 2018 561 sunt

445 593 665 663 corrigi.
688 593 895 659 linum,
931 594 1058 663 quia
1103 594 1314 653 cunctis
1362 593 1476 651 fere
1522 593 1890 650 Decretalibus
1922 608 2018 663 pa-

444 683 584 754 ginis
608 681 894 737 anathema
923 680 1291 753 subjungitur;
1334 682 1583 749 alterum,
1627 682 1754 753 quia
1799 679 2019 751 cujusli-

443 772 535 827 bet
564 770 820 827 Ecclesize
871 769 1035 836 ﬁlius,
1084 770 1201 826 sive
1252 771 1482 832 clericus
1524 772 1615 837 sit,
1665 771 1781 829 sive
1821 772 2017 838 laicus,

382 882 396 906 ι
445 877 717 932 exponere
760 861 961 932 proprii
1025 876 1282 917 excessus
1350 863 1613 919 antistitis
1660 862 2015 933 prohibetur;

446 968 678 1024 quorum
709 952 941 1023 primum
963 966 1127 1022 quam
1163 953 1235 1008 sit
1278 954 1528 1009 humana:
1560 953 1752 1010 salutis
1781 955 2020 1015 immane

445 1046 767 1119 periculum,
801 1054 857 1106 et
883 1044 1091 1104 inﬁnite
1120 1052 1309 1116 patens
1346 1060 1545 1118 vorago
1596 1045 1914 1113 labentium,
1954 1061 2022 1103 ac

443 1140 713 1214 pernicies
742 1140 1069 1205 animarum,
1123 1137 1422 1193 clementiae
1452 1147 1646 1194 vestrm
1692 1138 1868 1210 pietas
1915 1153 2022 1194 non

444 1232 680 1302 ignorat.
708 1232 916 1288 Dicitur
938 1230 1082 1286 enim
1113 1229 1371 1301 quisquis
1383 1230 1520 1296 haec,
1550 1228 1632 1284 vel
1662 1229 1753 1285 illa
1800 1245 1908 1285 non
1944 1227 2024 1284 fe-

445 1322 583 1377 cerit
598 1337 614 1387 ;
627 1321 744 1377 sive
758 1329 905 1375 certe
919 1318 1165 1389 quisquis
1187 1319 1312 1383 hoc,
1325 1319 1470 1388 quod
1492 1318 1740 1388 superius
1760 1325 2022 1374 statutum

446 1421 549 1477 est,
570 1412 783 1468 irritum
798 1410 1034 1474 duxerit,
1050 1408 1136 1465 vel
1152 1410 1206 1464 in
1222 1409 1402 1479 aliquo
1413 1408 1718 1473 violaverit,
1734 1410 2022 1467 anathema

444 1509 537 1561 sit.
554 1503 655 1560 Ubi
670 1501 964 1559 notandum
979 1514 1140 1573 quam
1159 1498 1387 1564 lubrica,
1405 1512 1568 1568 qvam
1589 1484 1830 1569 praeceps
1845 1498 2024 1555 subito

444 1595 636 1653 ruendi
650 1594 756 1653 illic
768 1601 1090 1663 procuretur
1101 1591 1340 1656 occasio,
1354 1599 1415 1646 ut
1434 1600 1562 1646 ante
1584 1590 1708 1661 quis
1727 1591 1782 1645 in
1804 1600 2023 1647 aeterna:

444 1686 640 1742 mortis
656 1684 975 1740 barathrum
997 1691 1236 1747 corruat,
1254 1696 1415 1751 quam
1449 1696 1510 1737 se
1538 1682 1621 1736 vel
1651 1681 2022 1752 leviterimpe—

2119 504 2236 574 quit
2262 504 2570 576 episcopus,
2596 522 2758 577 quam
2787 507 2884 574 illi,
2920 509 3011 578 qui
3043 510 3285 579 magistri
3321 508 3496 565 cilicio
3521 509 3697 581 fungi-

2122 594 2246 649 tur?
2283 595 2352 653 Et
2396 596 2518 653 ideo
2548 597 2693 653 inter
2734 598 2933 654 fratres
2972 598 3210 669 reliquos
3252 600 3595 670 praeminet,
3636 608 3696 656 ut

2118 685 2262 755 quod
2301 685 2424 742 aliis
2469 703 2575 743 non
2622 688 2768 755 licet,
2808 688 2923 757 ipse
2959 689 3106 745 solus
3148 704 3246 759 per
3279 690 3509 759 propria:
3549 690 3695 746 sedis

2119 775 2457 847 privilegium
2505 790 2685 833 errata
2732 782 2971 852 corrigat
3016 783 3379 837 sacerdotum.
3429 782 3561 849 Quis
3615 793 3700 838 est

2120 867 2263 921 enim
2307 869 2396 924 hic
2430 871 2751 940 arrogantiae
2794 874 3002 928 tumor?
3039 875 3160 943 quis
3200 873 3700 929 eiationisfastus?

2121 974 2241 1028 qum
2262 960 2494 1029 denique
2517 971 2663 1016 tanta
2696 964 2968 1032 superbia,
2997 975 3056 1017 nt
3087 963 3245 1019 liceat
3269 965 3577 1034 episcopum
3603 979 3701 1033 per

2123 1050 2205 1106 fas
2244 1059 2300 1106 et
2327 1051 2478 1106 nefas
2504 1052 2571 1109 ad
2608 1054 2837 1123 propriae
2860 1054 3154 1109 voluntatis
3178 1054 3462 1110 arbitrium
3487 1056 3696 1120 vivere;

2122 1149 2178 1195 et
2205 1141 2349 1209 quod
2376 1140 2672 1197 insolenter
2707 1157 2990 1199 excessum
3015 1152 3101 1198 est
3128 1158 3157 1197 a
3186 1142 3442 1212 subjectis
3466 1144 3580 1198 suis
3607 1143 3702 1197 de-

2124 1229 2372 1302 dignatur
2411 1230 2633 1287 audire?
2676 1232 2986 1288 Praesertim
3029 1246 3151 1289 cum
3200 1234 3274 1289 illi
3325 1249 3432 1289 non
3469 1232 3702 1288 adierint

2123 1319 2408 1378 tribunalia
2439 1321 2748 1389 praesidum.
2773 1338 2879 1377 non
2907 1322 3206 1381 forensium
3229 1323 3557 1394 pulsaverint
3577 1338 3705 1378 exa-

2125 1411 2268 1466 mina
2301 1411 2676 1481 cognitorum:
2719 1414 2815 1479 sed
2850 1415 3136 1470 ecclesiam
3181 1415 3362 1486 potius
3399 1415 3614 1480 adeant,
3646 1424 3703 1470 et

2125 1500 2497 1557 sacerdotibus
2511 1502 2825 1573 judicabilia
2856 1505 2939 1559 sui
2967 1505 3265 1559 sacerdotis
3294 1515 3602 1574 exponant:
3641 1514 3705 1561 ut

2124 1590 2266 1659 quod
2299 1590 2647 1647 secularibus
2673 1593 2861 1647 venire
2884 1602 3098 1663 poterat
3137 1595 3191 1649 in
3223 1594 3484 1658 derisum,
3525 1595 3706 1665 gravi-

2132 1690 2214 1735 ινι-
2255 1690 2311 1736 et
2347 1681 2571 1737 honeste
2595 1697 2692 1752 per
2727 1683 3066 1755 sacerdotale
3105 1684 3410 1755 corrigatur
3445 1686 3701 1739 cilicium.

444 1776 591 1851 gisse
617 1774 718 1855 13
748 1783 1077 1844 cognoscat:
1103 1781 1159 1827 et
1179 1748 1466 1828 substrata:
1492 1771 1888 1843 quodammodo
1912 1748 2026 1828 ten-
2056 1748 2100 1809 Β
2130 1770 2230 1827 Ubi
2259 1771 2497 1843 profecto
2521 1748 2738 1842 dignum
2763 1754 2949 1839 est,ut
2987 1774 3032 1829 is
3069 1775 3159 1845 qui
3202 1748 3497 1844 impetitur,
3520 1774 3603 1829 vel
3630 1789 3700 1830 ex

442 1863 637 1922 diculaz
655 1865 770 1934 jam
804 1877 900 1932 pes
927 1860 1044 1933 ejus
1072 1862 1388 1927 innectitur,
1410 1862 1537 1917 dum
1563 1876 1622 1916 se
1641 1861 1829 1917 liberis
1848 1862 2026 1918 adhuc

444 1954 697 2019 incedere
720 1954 996 2026 gressibus
1028 1953 1344 2010 arbitratur.
1376 1953 1647 2023 Deiinquit
1670 1953 1855 2024 itaque
1877 1953 2024 2023 quis-

445 2048 570 2119 quis
609 2046 696 2104 ille
719 2056 821 2114 est,
854 2048 909 2102 in
941 2046 1073 2123 illud
1116 2046 1427 2116 apostolica:
1465 2046 1869 2102 constitutionis
1904 2045 2025 2102 edi-

444 2146 614 2204 ctum,
642 2147 698 2194 et
719 2138 1008 2210 aliquando
1033 2137 1137 2193 levi
1188 2137 1421 2208 quadam
1451 2152 1515 2192 ac
1542 2137 1832 2207 perexigua
1854 2135 2026 2193 oli‘en-

444 2229 597 2291 sione
624 2228 1056 2299 transgreditur:
1097 2234 1152 2283 et
1186 2227 1445 2283 continuo
1463 2227 1612 2282 velut
1637 2227 1941 2293 haereticus,
1971 2236 2028 2283 et

444 2328 702 2390 tanquam
731 2318 940 2375 cunctis
968 2316 1285 2374 criminibus
1307 2325 1552 2372 teneatur
1574 2317 1862 2383 obnoxius,
1887 2331 2024 2373 ana-

444 2410 700 2485 thematis
727 2409 995 2470 sententia
1045 2407 1456 2465 condemnatur.
1493 2407 1565 2467 Et
1611 2423 1754 2474 cum,
1784 2408 2023 2465 dictante

439 2498 676 2575 iustitia,
702 2498 807 2558 alia
836 2499 908 2553 sit
932 2496 1137 2552 ultione
1175 2495 1525 2567 plectendas,
1556 2495 1648 2565 qui
1691 2496 1809 2567 plus
1847 2497 2023 2553 delin-

444 2577 584 2657 quit,
610 2587 715 2643 alia
741 2587 834 2656 qui
860 2586 1039 2645 minus
1067 2585 1310 2642 excedit:
1336 2587 1425 2642 hic
1448 2587 1705 2659 graviter,
1728 2587 2026 2661 leviterque

445 2676 793 2755 peccantibus
819 2689 972 2746 aequa
1000 2676 1226 2739 cunctis,
1258 2684 1312 2731 et
1338 2675 1650 2743 indiii‘erens
1672 2672 2027 2754 ptena,solius

445 2767 652 2827 scilicet
708 2766 1110 2832 anathematis,
1144 2766 1454 2838 “irrogatur.
1506 2765 1624 2822 Non
1673 2767 2024 2826 tribunalium

449 2872 636 2922 more,
681 2856 768 2911 vel
811 2856 1044 2912 forensis
1071 2856 1360 2922 examinis,
1398 2866 1490 2911 aut
1515 2855 1740 2913 libertas
1769 2857 2023 2925 caeditur,

447 2956 542 3011 aut
586 2948 855 3019 possessio
898 2947 1244 3014 contiscatur,
1293 2960 1395 3005 nec
1436 2946 1762 3019 pecuniariae
1812 2948 2026 3005 mul‘ctae

447 3041 575 3105 iens
601 3030 912 3104 adducitur,
953 3039 1046 3097 sed
1074 3038 1184 3096 Deo
1215 3038 1395 3111 potius
1423 3040 1664 3097 omnium
1694 3040 1900 3099 scilicet
1928 3044 2024 3099 bo-

447 3145 643 3194 norum
690 3141 913 3193 auctore
963 3131 1226 3201 privatur.
1253 3130 1404 3188 Hanc
1434 3132 1617 3202 itaque
1647 3133 1808 3189 homo
1831 3134 1898 3189 de
1922 3134 2023 3189 ho-

448 3224 599 3289 mine
638 3237 853 3293 prenam
902 3224 1098 3289 sumit,
1145 3234 1305 3293 quam
1356 3224 1423 3280 de
1463 3224 1548 3279 sui
1599 3225 2026 3296 transgressione

449 3311 685 3377 mandati
712 3312 825 3387 ipse
844 3324 1058 3382 quoque
1077 3312 1220 3369 Deus
1242 3313 1579 3384 omnipotens
1601 3329 1706 3370 non
1727 3315 2024 3385 praesumit,

453 3422 474 3466 ι
504 3402 604 3481 Qui
648 3412 826 3470 amat,
854 3405 1061 3478 inquit,
1105 3408 1334 3476 patrem,
1364 3414 1459 3462 aut
1488 3414 1715 3462 matrem
1744 3405 2024 3479 plusquam

450 3510 557 3563 tne,
588 3514 608 3550 ι
640 3512 744 3557 non
773 3497 1027 3553 continuo
1051 3497 1278 3564 addidit,
1305 3498 1378 3553 sit
1403 3498 1913 3563 anathematizatus,
1944 3498 2027 3555 vel

449 3585 798 3654 maledictus,
843 3578 955 3642 sed
982 3589 1190 3646 tantum
1230 3580 1345 3644 ait:
1378 3605 1397 3641 ι
1444 3604 1550 3644 non
1590 3598 1676 3645 est
1704 3604 1791 3644 me
1833 3589 2027 3660 dignus

450 3676 666 3750 (Matth.
689 3677 767 3749 κ).
800 3697 822 3737 i
857 3677 923 3733 Et
952 3678 1006 3742 in
1035 3679 1151 3750 lege
1192 3677 1389 3751 (Exod.
1426 3679 1580 3750 xxx):
1632 3699 1651 3733 ε
1695 3679 1893 3737 Oculus
1931 3697 2029 3754 pro

450 3767 626 3833 oculo,
651 3767 785 3829 dens
812 3777 912 3841 pro’
954 3769 1134 3836 dente,
1171 3785 1491 3838 percussura
1533 3785 1632 3840 pro
1671 3787 2025 3842 percussum,

453 3858 664 3922 adustio
692 3874 788 3929 pro
813 3858 1115 3923 adustione,
1144 3879 1164 3912 ι
1202 3860 1464 3923 duntaxat
1489 3861 1744 3931 exigitur,
1775 3877 1874 3917 nec
1902 3876 2030 3917 con»

453 3947 603 4011 titulo
625 3947 715 4023 qui
748 3961 871 4007 reus
895 3955 1001 4015 est,
1026 3947 1091 4003 de
1117 3962 1389 4021 synagoga
1415 3946 1717 4020 projicitur,
1750 3949 1833 4004 vel
1864 3949 2031 4005 malev

452 4033 686 4097 dictione
729 4035 1032 4097 damnatur.
1080 4035 1196 4099 Non
1242 4038 1426 4105 enim,
1473 4040 1766 4097 secundum
1807 4040 2028 4108 stoicos,

454 4126 634 4187 omnia
664 4136 880 4197 peccata
909 4136 1038 4182 sunt
1069 4128 1245 4199 paria,
1275 4137 1437 4199 atque
1470 4129 1672 4187 ideirco
1702 4122 2030 4194 indiderenti

454 4224 580 4274 sunt
606 4215 805 4279 ultione
833 4216 1133 4288 plceteuda,
1163 4221 1256 4275 sed
1275 4218 1435 4288 juxta
1466 4220 1682 4279 modum
1705 4222 1875 4292 culpat
1896 4233 2031 4284 tem-

454 4305 694 4380 peranda
718 4321 933 4377 semper
945 4317 1027 4363 est
1045 4322 1293 4364 mensura
1306 4310 1557 4369 vindicta:
1572 4310 1706 4381 (Cic.
1730 4309 1932 4369 Parad.
1948 4314 2027 4385 3).

2048 3088 2097 3152 α

2116 1865 2337 1933 “ratione
2373 1879 2432 1920 se
2465 1865 2720 1920 exhibeat
2758 1866 3123 1930 innocentem,
3145 1866 3228 1921 vel
3258 1867 3705 1922 conﬁteaturhu-

2126 1956 2329 2011 militer
2368 1965 2730 2026 peccatorem.
2769 1956 2882 2011 Nec
2914 1957 3002 2012 bis
3041 1956 3452 2027 allegationibus
3494 1955 3598 2028 14
3632 1957 3703 2011 vi-

2124 2045 2357 2101 vendum
2396 2043 2461 2117 [Ῑ.
2509 2044 2789 2118 utendum]
2825 2055 2944 2112 est,
2982 2054 3043 2101 ut
3079 2046 3226 2102 dicat
3261 2061 3321 2102 se
3357 2060 3465 2102 non
3502 2047 3704 2100 debere

2128 2135 2197 2190 ab
2226 2134 2330 2199 bis,
2355 2134 2446 2203 qni
2475 2134 2576 2189 sibi
2607 2133 2831 2202 subjecti
2874 2135 3032 2198 sunt'.
3064 2136 3331 2199 accusari,
3364 2150 3430 2190 ne
3458 2134 3705 2191 videatur

2126 2227 2439 2283 excessibus
2462 2227 2574 2281 suis
2601 2226 2841 2281 velamen
2867 2225 3178 2291 obtendere,
3212 2236 3269 2281 et
3290 2224 3552 2295 judicium
3579 2225 3705 2280 sub-

2126 2316 2417 2387 terfugere,
2454 2316 2580 2371 dum
2622 2324 2854 2377 conatur
2893 2316 2947 2370 in
2992 2316 3157 2371 alium
3202 2324 3363 2371 mota:
3395 2316 3706 2385 quaestionis

2127 2407 2381 2476 iujuriam
2426 2414 2760 2476 retorquere.
2794 2406 2926 2474 Quis
2953 2407 3097 2464 enim
3143 2407 3347 2464 nesciat
3381 2408 3523 2478 quod
3556 2408 3690 2476 prin-

2126 2510 2253 2566 ceps
2280 2496 2646 2565 apostolorum
2692 2496 2887 2553 Petrus
2916 2507 3239 2568 potestatem
3273 2498 3423 2570 regni
3470 2497 3705 2554 caelestis

2125 2583 2372 2653 accepit?
2410 2581 2677 2641 Virtutem
2713 2585 2936 2655 ligandi,
2970 2585 3087 2641 sive
3113 2586 3353 2641 solvendi
3380 2587 3524 2655 quod
3548 2585 3710 2643 vellet

2126 2673 2179 2731 in
2202 2672 2355 2728 caelis
2381 2688 2447 2728 ac
2496 2674 2655 2728 terris
2680 2674 2949 2735 obtinuit?
2972 2673 3144 2745 Supra
3172 2690 3323 2731 mare
3342 2675 3568 2745 pedibus
3592 2691 3707 2731 amo

2124 2762 2365 2820 bulavit?
2399 2763 2643 2819 Sola'sui
2672 2765 2916 2835 corporis
2935 2766 3126 2820 umbra
3148 2773 3477 2835 mgrotantes
3495 2765 3707 2823 erexit?

2125 2852 2446 2913 Mentientes
2480 2853 2664 2923 jacqu
2707 2855 2837 2910 nudi
2874 2857 3145 2913 sermonis
3175 2856 3411 2913 occidit?
3449 2856 3705 2914 Oratione

2125 2958 2367 3003 mortuos
2392 2946 2703 3003 suscitavit?
2731 2946 2948 3020 (Matth.
2978 2957 3091 3023 xvi,
3114 2957 3237 3012 nv;
3262 2946 3379 3003 Act.
3408 2946 3570 3019 v,tx.)
3596 2946 3706 3007 llic

2128 3037 2309 3106 itaque
2337 3044 2444 3091 tam
2471 3036 2721 3093 sublimis
2756 3037 2935 3092 meriti
2973 3037 3060 3092 vir
3093 3052 3217 3092 cum
3244 3052 3312 3091 ex
3338 3037 3707 3091 admonitione

2130 3125 2301 3182 sancti
2329 3126 2566 3196 Spiritus
2597 3126 2665 3181 ad
2691 3125 3019 3192 Cornelium,
3046 3126 3298 3197 gentilem
3332 3125 3576 3181 videlicet
3602 3126 3705 3181 ho-

2128 3218 2351 3283 minem,
2384 3216 2574 3273 fuisset
2604 3218 2900 3289 ingressus,
2930 3217 3189 3274 adverSus
3217 3231 3343 3273 eum
3371 3217 3597 3287 quaestio
3625 3217 3705 3272 fa.

2127 3319 2211 3366 cta
2243 3320 2328 3369 est
2350 3311 2417 3366 ab
2440 3310 2547 3376 his,
2575 3312 2666 3381 qui
2694 3321 2850 3366 erant
2875 3327 2940 3367 ex
2972 3311 3406 3375 circumcisione,
3437 3311 3703 3375 ﬁdelibus,

2126 3403 2270 3477 quod
2297 3403 2364 3457 ad
2395 3402 2724 3476 alienigenas
2752 3404 3052 3471 introisset,
3084 3412 3247 3477 atque
3275 3420 3397 3460 cum
3423 3404 3505 3461 eis
3524 3420 3706 3462 come-

2127 3491 2257 3546 dere
2294 3491 2758 3562 przesumpsissct,
2789 3493 3013 3563 insuper
3039 3502 3095 3549 et
3125 3493 3177 3548 in
3205 3492 3526 3563 baptismate
3551 3508 3704 3549 rece-

2127 3583 2295 3653 pisset
2319 3582 2458 3655 (Act.
2488 3599 2543 3650 x,
2580 3584 2685 3653 χι).
2714 3583 2833 3650 IIic,
2864 3585 3103 3655 inquam,
3147 3594 3227 3640 tot
3250 3585 3517 3641 donorum
3546 3585 3705 3641 cmic-

2126 3674 2291 3732 stiu‘m
2335 3674 2738 3744 incomparabili
2764 3668 2964 3731 virtute
2999 3674 3277 3742 sudultus,
3314 3685 3394 3732 tot
3419 3676 3707 3733 miraculo-

2130 3780 2247 3819 rum
2300 3766 2607 3821 ostensione
2659 3766 3016 3834 conspicuus,
3065 3767 3299 3839 querelae
3342 3766 3704 3837 subjectorum

2130 3871 2237 3909 non
2285 3869 2348 3909 ex
2398 3866 2665 3924 potestate
2711 3856 2947 3924 restitit,
2991 3859 3085 3913 sed
3133 3858 3393 3913 rationem
3436 3859 3707 3915 reddendo

2131 3946 2406 4006 humiliter
2444 3949 2726 4014 satisfecit,
2753 3964 3081 4019 causamque
3117 3964 3212 4021 per
3235 3951 3480 4007 ordinem
3508 3951 3706 4007 veridi-

2129 4051 2224 4091 cus
2269 4036 2468 4092 relator
2510 4039 2791 4107 exposuit;
2829 4039 3102 4109 quomodo
3141 4038 3388 4095 videlicet
3417 4054 3513 4098 vas
3536 4040 3705 4110 quod-

2130 4123 2253 4179 dam
2285 4124 2430 4179 velut
2459 4125 2680 4184 linteum
2707 4127 2760 4181 in
2786 4142 2893 4196 quo
2922 4127 3286 4197 quadrupedia
3324 4138 3511 4193 terrae,
3542 4128 3706 4199 repti-

2133 4214 2201 4269 lia
2230 4224 2394 4285 atque
2422 4216 2658 4271 volatilia
2711 4217 2947 4282 inerant,
2974 4218 3039 4274 de
3066 4217 3204 4277 etelo
3225 4218 3466 4280 submitti
3490 4216 3704 4283 viderit,

2131 4320 2318 4360 vocem
2342 4305 2603 4362 audierit:
2632 4324 2652 4360 ι
2676 4305 2867 4378 Surge,
2884 4308 3062 4373 Petro,
3081 4317 3279 4375 macta,
3300 4316 3353 4363 et
3375 4307 3660 4370 manduca.
3676 4326 3699 4360 ο

457 4390 627 4459 Porro
653 4410 753 4452 nec
778 4396 968 4454 beatus
994 4413 1130 4473 papa
1159 4398 1471 4471 Gregorius,
1512 4400 1597 4464 vel
1635 4403 1812 4460 caeteri
1844 4402 2031 4461 Patres
2059 4426 2107 4485 ο
2133 4397 2374 4466 Qualiter
2395 4397 2557 4455 etiam
2587 4407 2700 4455 tres
2725 4400 2824 4455 viri
2854 4401 3131 4460 venientes
3151 4416 3275 4456 eum
3301 4400 3368 4456 ad
3395 4400 3704 4463 Cornelium

454 4484 547 4563 qui
575 4486 805 4543 diversis
829 4488 1159 4557 temporibus
1184 4488 1237 4543 in
1262 4488 1571 4559 apostolica:
1605 4491 1748 4546 sedis
1771 4492 2028 4563 regimine

455 4573 776 4645 ﬂoruerunt,
799 4576 942 4637 hunc
980 4591 1186 4633 morem
1226 4578 1282 4639 in
1320 4578 1435 4634 suis
1472 4580 1811 4652 reperiuntur
1837 4580 2029 4641 obser.

456 4660 615 4723 vasse
639 4666 891 4733 decretis,
913 4676 969 4723 et
994 4671 1079 4732 vix
1118 4684 1306 4726 eorum
1325 4670 1626 4741 jaiiquando
1650 4672 1868 4732 statutis
1892 4688 2025 4729 aua-

459 4757 638 4823 tltema
670 4758 1020 4825 subnectitur,
1058 4761 1158 4815 nisi
1186 4776 1307 4823 cum
1331 4762 1608 4823 catholica:
1640 4763 1762 4827 fidei
1789 4764 2027 4819 clausula

458 4848 793 4914 terminatur.
822 4847 1179 4916 Quamobrem
1211 4853 1256 4906 si
1283 4862 1483 4907 sach
1514 4855 1810 4923 prudentiae
1835 4865 2028 4911 vestrae

457 4940 652 5013 placet,
680 4941 820 4995 hunc
840 4955 1045 5001 morem
1069 4943 1135 4997 de
1161 4952 1358 4998 caetero
1378 4958 1410 5002 a
1433 4942 1798 5005 Decretalibus
1819 4947 2029 5014 paginis

460 5029 694 5093 amoveri
714 5031 1011 5101 praecipiat,
1037 5042 1090 5087 et
1111 5033 1195 5090 vel
1218 5032 1399 5087 damni
1422 5034 1679 5104 pecuniae,
1703 5035 1785 5091 vel
1808 5026 2030 5094 alterius

459 5117 743 5197 cujuslibet
775 5120 990 5177 ultionis
1015 5121 1277 5178 calculum
1305 5122 1359 5176 in
1387 5137 1573 5179 earum
1605 5125 2030 5194 transgressione

462 5208 739 5279 prmﬁgat;
781 5227 850 5264 ne
877 5214 1019 5280 quod
1055 5212 1174 5271 aliis
1197 5220 1280 5267 est
1318 5213 1385 5267 ad
1423 5214 1660 5272 tuitiouis
1698 5214 2028 5270 munimenta

458 5301 752 5371 provisum,
785 5302 903 5362 aliis
923 5305 990 5358 ad
1014 5306 1305 5374 perniciem
1326 5308 1606 5376 proveniat
1633 5308 1953 5364 animarum.

532 5389 666 5445 Illud
696 5391 858 5450 etiam
877 5432 891 5449 .
916 5395 1058 5461 quod
1088 5386 1321 5450 dicitur:
1365 5415 1384 5447 α
1421 5397 1539 5453 Non
1563 5397 1723 5453 licere
1743 5397 2031 5466 cujuslibet

460 5477 717 5535 Ecclesia:
737 5480 903 5535 lilium
935 5482 1004 5537 ad
1028 5482 1283 5552 majorem
1306 5486 1598 5541 Ecclesiam
1623 5489 1819 5557 proprii
1846 5499 2028 5542 reatus

458 5571 715 5644 episcopi,
739 5580 794 5628 et
814 5588 1037 5643 quaeque
1056 5584 1182 5630 sunt
1202 5577 1537 5646 corrigenda,
1562 5577 1792 5642 deferre,
1816 5599 1834 5630 ι
1863 5572 2053 5632 nimis

464 5663 725 5720 absonum
777 5672 827 5719 et
858 5681 1075 5735 prorsus
1099 5668 1474 5726 ecclesiasticm
1509 5668 1803 5738 disciplinam
1830 5669 2027 5738 proba-

2134 4497 2460 4543 vocaverunt
2484 4506 2497 4542 :
2529 4490 2764 4558 qualiter
2786 4497 3059 4571 postremo
3084 4489 3318 4561 Spiritus
3338 4501 3560 4554 sanctus
3578 4507 3704 4550 eum

2133 4591 2255 4632 cum
2283 4576 2389 4632 illis
2409 4578 2488 4633 ire
2508 4579 2844 4653 praeceperit,
2866 4586 2921 4633 et
2940 4579 3392 4648 quemadmodum
3419 4580 3560 4635 idem
3584 4579 3706 4651 Spio-

2116 4667 2271 4721 ‘ritu‘s
2295 4676 2539 4733 sanctus,
2565 4668 2655 4738 qui
2683 4668 3030 4738 supervenire
3050 4665 3161 4736 jam
3195 4660 3481 4737 baptizatis
3518 4668 3573 4721 i‘u
3611 4667 3706 4727 .lu-

2131 4758 2245 4814 data
2273 4767 2643 4826 consueverat,
2675 4759 2726 4813 in
2753 4759 2982 4829 gentiles
3018 4769 3071 4814 et
3111 4768 3236 4813 ante
3265 4759 3587 4828 baptismum
3617 4773 3706 4815 re.

2132 4852 2232 4906 nit.
2262 4849 2322 4907 Si
2352 4851 2514 4923 igitur
2541 4852 2641 4907 iste
2667 4866 2788 4910 cum
2813 4867 2844 4905 a
2870 4852 3147 4921 discipulis
3172 4852 3498 4920 culparetur,
3520 4861 3708 4909 aucto-

2133 4941 2346 4997 ritatem
2371 4980 2386 5007 ,
2436 4954 2596 5009 quam
2644 4941 2697 4997 in
2728 4951 2915 4997 sancta
2959 4941 3136 4997 fuerat
3178 4943 3401 5001 sortitus
3432 4940 3704 5006 Ecclesia,

2131 5030 2388 5085 voluisset
2426 5029 2735 5095 obtendere,
2766 5033 3092 5101 respondere
3117 5040 3398 5102 potuerat,
3429 5042 3487 5086 ut
3524 5041 3706 5100 pastov

2133 5135 2246 5175 rem
2279 5136 2433 5177 suum
2463 5135 2593 5177 oves
2619 5136 2738 5190 qum
2764 5121 2867 5177 sibi
2893 5123 3192 5178 commissa:
3236 5123 3445 5177 fuerant
3467 5161 3482 5184 ,
3523 5136 3704 5191 reprc-

2133 5210 2368 5266 bendere
2411 5226 2518 5269 non
2559 5211 2840 5267 auderent.
2888 5204 2994 5268 Sed
3035 5215 3078 5268 si
3121 5214 3174 5269 in
3204 5212 3421 5283 querela
3465 5212 3703 5267 ﬁdelium

2134 5300 2416 5359 mtestatis
2462 5317 2574 5357 sua:
2616 5301 2829 5356 titulum
2869 5303 3184 5374 objecisset,
3232 5304 3422 5356 doctor
3465 5302 3705 5372 profecto

2135 5394 2558 5451 mansuetudinis
2602 5410 2707 5449 non
2738 5392 2945 5461 fuisset.
2988 5393 3105 5449 Non
3142 5408 3269 5460 ergo
3298 5407 3392 5447 eos
3437 5392 3702 5462 privilegii

2133 5482 2213 5537 sui
2257 5484 2579 5543 auctoritate
2608 5483 2882 5553 repressit,
2922 5482 3017 5537 sed
3062 5482 3246 5536 humili
3284 5484 3461 5551 potius
3491 5482 3708 5537 satisfa—

2134 5575 2311 5630 ctione
2341 5574 2603 5645 placavit;
2634 5584 2686 5629 et
2716 5583 2971 5642 tanquam
3001 5572 3148 5627 solus
3176 5575 3285 5640 ipse
3307 5574 3373 5627 ad
3403 5574 3701 5627 faciendam

2135 5668 2292 5722 iidem
2322 5683 2425 5723 neu
2454 5665 2742 5731 subiceret,
2769 5663 2931 5720 etiam
2962 5670 3126 5719 testes
3157 5665 3399 5719 adhibuit
3424 5681 3438 5716 :
3473 5682 3491 5715 ι
3532 5658 3706 5716 Vene-
