4078 6202
309 313 412 368 ΞΠ

1392 315 1595 374 LIBER
1634 316 1919 387 PRIMUS,
1951 317 2150 377 EPIST
2199 316 2334 376 XIII.

3434 363 3443 372 .
3473 322 3581 379 2l8

305 424 893 496 runt,inquit,mecum
919 435 977 482 et
999 442 1096 484 sex
1123 426 1322 486 fratres
1348 429 1459 486 isti.
1490 451 1510 484 ι
1534 430 1722 488 Discat
1740 448 1896 504 ergo,
1928 436 1971 495 Α
1998 447 2123 490 cum
2164 448 2323 488 Servo
2348 447 2469 489 meo
2498 432 2620 505 (Job
2647 434 2831 508 xxxr);
2862 451 2883 486 ι
2908 442 2964 490 et
2989 442 3043 491 tu
3074 434 3246 491 dicis:
3289 434 3478 500 Absit,
3521 442 3583 490 ut

304 530 428 573 cum
458 518 526 573 de
550 519 664 574 suis
689 519 901 576 actibus
927 520 1252 590 convenitur
1282 522 1602 595 episcopus,
1629 524 1896 581 rationem

305 608 588 666 humiliter
624 611 875 677 reddere,
909 626 1014 666 non
1061 612 1128 668 de
1172 612 1256 668 sui
1296 614 1561 683 primatus
1602 615 1897 670 eminentia

303 701 623 770 Superbire;
654 717 755 757 nec
784 702 900 757 fieri
935 703 1035 759 sibi
1065 704 1252 760 credat
1283 704 1556 773 iniuriam,
1586 722 1709 762 cum
1732 723 1763 762 a
1791 707 1895 761 mi-

266 818 279 831 ι
302 790 424 844 nori
449 782 769 863 corripitur:
808 792 902 848 sed
930 794 1301 850 consulentem
1342 796 1552 865 potius,
1598 795 1680 851 vel
1719 795 1895 852 medi.

301 896 430 937 eum
474 883 557 937 sui
590 883 830 940 vulneris
852 885 1167 942 arbitretur.
1207 885 1462 957 Nunquid
1499 888 1644 944 enim
1686 887 1897 944 Nathan

302 973 604 1044 propheta,
656 990 780 1031 cum
822 975 991 1033 David
1031 985 1140 1032 tam
1177 987 1408 1033 austera:
1456 978 1763 1034 severitatis
1812 980 1898 1034 in-

304 1067 558 1123 vectione
600 1068 894 1138 corripuit,
940 1070 1365 1142 indignationem
1410 1071 1541 1142 regii
1589 1079 1768 1127 motus
1813 1070 1896 1125 in-

303 1157 521 1211 currit?
568 1155 820 1227 Nunquid
854 1158 942 1213 ille
978 1142 1174 1230 regalis
1199 1160 1530 1216 excellentiae
1560 1159 1772 1216 culmen
1800 1175 1896 1231 op-

300 1245 506 1314 posuit.
557 1262 623 1303 ac
668 1247 816 1302 velut
860 1247 1062 1305 illatam
1108 1265 1140 1305 a
1184 1249 1427 1320 subjecto
1471 1265 1569 1306 suo
1617 1258 1900 1306 contume—

302 1334 433 1389 liam
465 1336 845 1406 propnlsavit?
880 1337 987 1394 Sed
1019 1355 1144 1395 mox
1169 1349 1230 1395 ut
1253 1355 1313 1396 se
1338 1343 1587 1412 cognovit
1609 1350 1894 1413 aegrotum,

288 1428 548 1494 suscepit
588 1426 821 1482 libenter
863 1428 1203 1485 antidotum:
1244 1429 1452 1486 detexit.
1478 1430 1691 1497 vulnus,
1724 1443 1779 1486 et
1809 1446 1899 1487 se-

301 1517 506 1573 ctionis
534 1532 649 1573 sua:
678 1534 786 1573 non
810 1521 1091 1576 exhorruit
1118 1519 1532 1592 ferramentum.
1560 1523 1696 1580 Vide
1723 1523 1899 1579 humi-

302 1604 410 1660 lem
442 1605 799 1676 languidum:
845 1626 864 1660 ‹
906 1608 1152 1673 Peccavi,
1187 1610 1381 1681 inquit,
1411 1611 1658 1666 Domino.
1694 1632 1714 1667 ι
1756 1613 1896 1668 Audi

301 1698 472 1751 etiam
501 1696 659 1751 velox
700 1696 983 1755 medicina:
1024 1699 1360 1755 remedium:
1406 1720 1424 1752 ι
1454 1699 1753 1757 Transtulit
1785 1703 1894 1759 Do-

1998 522 2189 593 digner
2231 522 2299 577 ad
2346 538 2574 579 examen
2609 524 2796 579 venire
2842 539 2964 582 cum
3010 525 3210 582 clerico
3251 540 3393 579 meo.
3440 524 3584 579 Deus

1997 616 2339 684 omnipotens
2374 630 2470 686 per
2496 616 2690 671 Isaiam
2720 616 2959 671 clamat:
3003 635 3022 669 ι
3053 615 3300 671 iudicate
3342 614 3580 686 pupillo,

1996 702 2270 761 defendite
2296 706 2516 761 viduam
2536 747 2552 771 ,
2581 715 2636 763 et
2661 706 2871 772 venite,
2908 708 3117 777 argnite
3172 721 3259 761 me
3301 704 3437 777 (lsa.
3468 702 3526 775 l).
3560 722 3577 755 ι

1998 795 2056 852 Si
2086 797 2132 853 is
2162 799 2254 868 qui
2276 796 2486 866 iudicat
2516 800 2719 864 omnia,
2758 815 2864 855 non
2892 800 3213 871 dedignatur
3240 816 3270 854 a
3302 798 3476 853 servis
3497 813 3585 849 ar-

1996 888 2116 959 gui;
2152 897 2208 942 tu
2237 903 2429 943 servus
2464 890 2649 959 utique
2674 904 2799 946 cum
2824 904 3086 945 conservo
3117 890 3170 943 in
3200 889 3462 958 judicium
3487 903 3584 942 vc-

1997 974 2117 1031 nire
2145 974 2397 1031 fastidis?
2437 977 2503 1032 Et
2542 992 2664 1032 cum
2706 978 2783 1033 sis
2827 988 2970 1033 terra
3005 986 3060 1033 et
3092 978 3263 1044 cinis,
3288 977 3488 1033 vermis
3520 992 3586 1031 ac

1995 1070 2190 1141 pulvis,
2208 1070 2496 1126 Itnmiliare
2518 1080 2570 1126 te
2596 1071 2831 1142 despicis
2851 1072 2919 1125 ad
2940 1071 3228 1141 imaginem
3254 1070 3585 1126 conditoris?

1994 1158 2305 1217 Prtesertitn
2335 1175 2457 1215 cum
2499 1160 2780 1233 Scriptura
2813 1161 2994 1216 dicat:
3029 1179 3047 1212 ι
3080 1161 3281 1216 Ducem
3316 1168 3366 1215 te
3389 1160 3584 1233 consti-

1998 1259 2254 1306 tuerunt:
2296 1251 2407 1305 noli
2433 1251 2640 1316 extolli,
2666 1251 2761 1308 sed
2791 1262 2908 1307 esto
2932 1250 2985 1305 in
3019 1251 3123 1306 illis
3151 1251 3307 1321 quasi
3343 1265 3482 1306 unus
3519 1265 3583 1304 ex

1997 1337 2102 1395 illis
2129 1339 2318 1412 (Ecct'i.
2351 1343 2548 1410 χχχιι).
2580 1358 2599 1393 ι
2632 1340 2733 1407 Qui
2759 1340 2917 1410 plane
2947 1339 3176 1404 neseiat,
3200 1338 3324 1408 quia
3346 1337 3585 1393 Samueli

1996 1427 2290 1487 Israelitica
2342 1431 2492 1500 plebs
2542 1431 2907 1502 praeiudicium
2958 1430 3182 1497 intulit,
3234 1443 3469 1498 eumque
3520 1427 3587 1481 de

1996 1520 2301 1595 principatu
2345 1520 2543 1590 injuste
2586 1521 2814 1590 deiecit?
2848 1520 2915 1577 Et
2945 1535 3066 1576 cum
3100 1535 3194 1576 eos
3220 1534 3447 1590 arguere
3472 1533 3587 1573 me-

1998 1615 2103 1670 rito
2130 1615 2413 1686 potuisset,
2447 1613 2589 1668 ultro
2624 1628 2684 1669 se
2710 1612 3046 1685 urguendum
3084 1609 3246 1666 nullis
3280 1608 3585 1665 accusanti—

1996 1706 2099 1761 bus
2122 1704 2352 1770 obtulit;
2384 1720 2439 1760 et
2463 1716 2643 1759 utrum
2674 1719 2768 1760 eos
2798 1704 2850 1759 in
2879 1702 3060 1775 aliquo
3081 1702 3348 1758 violenter
3368 1715 3589 1772 uppreso

300 1789 494 1872 minus
521 1799 805 1858 peccatum
840 1800 1012 1854 tuum,
1035 1806 1144 1847 non
1175 1790 1425 1847 morieris
1459 1790 1542 1862 (11
1579 1790 1707 1862 Reg.
1736 1791 1889 1863 XII).)
1927 1787 1974 1848 Β
1999 1797 2155 1862 serit,
2187 1796 2465 1869 inquisivit
2490 1814 2503 1851 :
2545 1816 2564 1849 ι
2607 1796 2745 1852 Ecce
2770 1807 2967 1867 pr:csto
2996 1810 3148 1861 sum,
3176 1793 3382 1863 inquit,
3410 1791 3586 1861 loqui-
3666 1848 3673 1857 κ

302 1870 349 1935 Ε
369 1870 565 1935 contra
596 1896 692 1936 rex
718 1882 924 1946 Achab,
961 1883 1053 1953 qui
1078 1883 1465 1953 corripientem
1493 1899 1553 1940 se
1579 1886 1896 1955 prophetam

304 1973 502 2028 audire
528 1973 795 2044 despexit,
825 1973 1045 2029 ultionis
1066 1974 1299 2046 gladium
1316 2015 1333 2040 ,
1372 1989 1534 2044 quem
1556 1974 1645 2029 ille
1665 1975 1901 2032 minatus

307 2071 414 2129 est,
443 2079 555 2121 non
595 2063 788 2119 evasit.
819 2081 840 2116 ι
869 2062 1009 2130 Quia
1048 2064 1339 2130 dimisisti,
1380 2065 1578 2134 inquit,
1604 2066 1782 2120 virum
1814 2064 1897 2120 di-

310 2174 481 2229 gnum
510 2167 687 2215 morte
710 2158 779 2215 de
805 2174 969 2214 manu
1001 2166 1116 2225 tua,
1147 2158 1252 2214 erit
1272 2159 1453 2214 anima
1486 2167 1575 2213 tua
1601 2174 1700 2229 pro
1719 2158 1901 2214 anima

313 2247 456 2321 eius,
486 2260 544 2305 et
566 2250 798 2322 populus
825 2259 948 2313 tuus
971 2266 1070 2320 pro
1099 2251 1296 2323 popqu
1320 2251 1436 2323 eius
1451 2249 1569 2323 (III
1591 2250 1721 2320 Reg.
1739 2249 1854 2320 xx).
1876 2267 1897 2302 ι

312 2340 486 2395 David
513 2356 644 2412 ergo
673 2341 886 2412 culpam
915 2356 1068 2397 suam
1096 2340 1473 2411 mquanimiter
1496 2342 1741 2406 audiens,
1773 2355 1901 2395 sen-

311 2431 540 2486 tentiam
576 2430 680 2502 15
709 2433 916 2497 mortis,
944 2448 1109 2502 quam
1138 2432 1469 2498 merebatur,
1492 2431 1693 2488 evasit:
1715 2429 1904 2487 Achab

310 2531 497 2575 autem
528 2522 887 2593 correptionis
910 2523 1222 2593 impatiens,
1263 2523 1441 2593 impia:
1465 2522 1714 2593 pietatis,
1741 2537 1903 2591 quam

310 2614 539 2682 indigno
582 2614 693 2684 regi
737 2615 1069 2677 contulerat,
1101 2614 1312 2670 veniam
1342 2629 1452 2669 non
1491 2614 1717 2669 invenit.
1757 2612 1907 2668 Nunc

309 2705 445 2779 quid
473 2715 532 2760 et
559 2705 815 2761 mulieres
850 2706 987 2771 illae,
1023 2706 1252 2775 hospita:
1278 2706 1528 2760 videlicet
1573 2703 1905 2769 Salvatoris,

310 2796 552 2854 invicem
580 2797 727 2851 inter
753 2812 813 2853 se
836 2797 1203 2868 litigaverunt,
1240 2797 1366 2853 dum
1392 2796 1558 2852 altera
1589 2805 1909 2866 quereretur

310 2888 580 2943 adversus
608 2887 861 2955 alteram,
891 2888 1019 2959 quia
1045 2889 1214 2944 solam
1246 2903 1305 2944 se
1334 2888 1644 2944 ministrare
1672 2887 1909 2958 compel-

310 2977 492 3035 leret?
517 2978 672 3051 (Luc.
702 2981 783 3050 x.)
813 2980 1034 3035 Poterat
1073 2981 1219 3037 enim
1253 2980 1422 3036 Maria
1461 2981 1666 3045 dicere,
1696 2989 1910 3036 nostro-

313 3089 437 3135 rum
462 3089 618 3129 more
649 3074 965 3145 pontificum
993 3091 1007 3127 :
1047 3073 1329 3129 Accusasti
1367 3089 1474 3140 me,
1501 3083 1556 3128 et
1584 3072 1817 3142 torporis
1843 3086 1908 3127 ac

2003 1886 2134 1943 mini
2169 1886 2235 1942 de
2263 1902 2348 1942 tne
2373 1902 2556 1942 coram
2600 1886 2829 1941 Domino
2871 1896 2925 1942 et
2968 1885 3187 1942 Christo
3228 1884 3367 1954 eius,
3410 1892 3593 1937 utrum

2002 1974 2195 2031 bovem
2228 1974 2546 2047 cuiusquam
2581 1975 2823 2039 tulerim,
2865 1986 2959 2031 aut
2998 1975 3257 2031 asinum:
3309 1974 3354 2029 si
3401 1988 3592 2044 quetn-
3662 1964 3669 1969 ’

2003 2078 2166 2137 quam
2204 2067 2575 2130 calumniatus
2597 2083 2736 2133 sum,
2765 2067 2813 2122 si
2852 2067 3094 2137 oppressi
3140 2066 3403 2136 aliquem,
3442 2068 3487 2122 si
3528 2066 3596 2121 de

2005 2172 2167 2214 manu
2195 2158 2495 2230 cuiuspiam
2530 2175 2726 2214 munus
2754 2160 2938 2229 accepi
2966 2178 2981 2214 :
3013 2168 3062 2214 et
3090 2168 3430 2214 contemnam
3464 2156 3595 2214 ‘llud

2004 2252 2186 2317 hodie,
2228 2254 2621 2323 restitttamque
2650 2253 2802 2308 vobis
2850 2252 2911 2325 (1
2962 2251 3095 2323 Reg.
3144 2252 3332 2323 xvsu).
3388 2270 3406 2302 ν
3460 2249 3595 2305 Cum

2005 2358 2136 2412 ergo
2186 2353 2295 2398 tam
2349 2342 2831 2413 incomparabiles,
2887 2351 2996 2398 tam
3050 2344 3385 2405 eminentes,
3437 2350 3597 2411 atque

2006 2433 2265 2490 sublimes
2308 2433 2409 2488 viri
2459 2434 2719 2504 subjectis
2772 2434 2887 2490 suis
2943 2433 3207 2489 rationem
3261 2432 3486 2488 reddere
3531 2432 3601 2487 de

2005 2526 2242 2598 propriis
2290 2527 2502 2583 actibus
2551 2542 2659 2582 nou
2710 2526 3050 2595 despiciant,
3103 2525 3227 2595 quis
3275 2522 3599 2594 arrogantia:

2008 2623 2185 2688 typus,
2214 2616 2336 2686 quis
2368 2616 2470 2671 iste
2515 2624 2677 2679 tantae
2714 2614 2981 2684 superbia:
3019 2611 3214 2680 fastus,
3244 2613 3387 2683 quod
3426 2624 3601 2665 sacer-

2007 2705 2104 2760 dos
2135 2705 2293 2776 huius
2323 2705 2580 2776 temporis
2607 2704 2976 2758 intumescens
2996 2744 3012 2767 ,
3040 2701 3251 2781 titulum
3291 2701 3371 2756 Sui
3402 2714 3603 2781 praesu-

2007 2794 2148 2852 latus
2177 2806 2442 2866 opponat;
2475 2806 2529 2851 et
2553 2795 2807 2850 Ecclesiae
2831 2810 2943 2849 sua:
2975 2776 3252 2865 lstliliis,
3283 2792 3372 2864 qui
3399 2805 3459 2847 se
3485 2776 3601 2862 gra-

2006 2898 2166 2942 vatos
2188 2896 2458 2945 asserunt.
2486 2902 2549 2941 ex
2580 2901 2735 2956 atque
2764 2886 2820 2941 in
2843 2883 3050 2953 indicio
3076 2900 3182 2939 non
3212 2870 3580 2955 respondeat?

2079 2975 2411 3035 Exclndatur
2435 2991 2565 3048 ergo
2594 2976 2664 3030 ab
2688 2975 3055 3047 ecclesiastica
3093 2972 3376 3044 disciplina
3420 2973 3604 3043 perni-

2010 3068 2173 3123 ciosa:
2198 3066 2606 3124 consuetudinis
2647 3065 2849 3139 regula,
2890 3066 3111 3122 tollatur
3139 3066 3252 3120 haec
3279 3062 3596 3135 subterfugii

316 3143 665 3233 negligentiae
701 3163 1097 3218 eondemnasti.
1147 3162 1264 3218 Non
1304 3177 1437 3217 sane
1468 3162 1646 3217 omnis
1687 3161 1906 3233 querela
1934 3143 1980 3205 Ο
2010 3168 2226 3215 versuta
2255 3158 2562 3213 calliditas:
2601 3166 2662 3214 ut
2702 3158 2749 3215 is
2780 3158 2872 3228 qui
2918 3166 3027 3214 tam
3073 3156 3342 3228 perversis
3362 3155 3600 3211 “audacis

316 3255 566 3326 protinus
597 3255 873 3309 accusatio
914 3254 1144 3310 dicenda
1187 3264 1290 3311 est.
1335 3253 1469 3308 Nam
1509 3253 1650 3309 aliud
1688 3253 1908 3323 querela

318 3344 737 3415 compassiouis,
767 3343 910 3398 aliud
950 3345 1223 3401 accusatio
1248 3343 1536 3400 simultatis
1560 3354 1615 3400 et
1644 3344 1772 3400 odii.
1802 3344 1909 3400 Ista

321 3435 586 3493 nimirum
635 3434 727 3499 fit,
759 3444 820 3489 ut
859 3434 1086 3493 offensio
1115 3434 1452 3504 corrigatur;
1495 3433 1584 3490 illa
1622 3449 1750 3489 vero
1778 3444 1838 3488 ut
1865 3432 1913 3490 is

320 3524 410 3593 qui
435 3522 759 3589 offenderat,
781 3525 1192 3580 condemnetur.
1221 3524 1438 3578 Petrum
1459 3523 1616 3595 plane
1637 3523 1690 3578 in
1714 3521 1909 3580 faciem

317 3617 587 3678 resistens
618 3616 817 3672 Paulus
842 3614 1110 3687 obiurgat,
1146 3625 1204 3671 et
1236 3629 1420 3671 coram
1447 3616 1700 3672 omnibus
1732 3630 1911 3684 repre-

319 3706 644 3762 hensibilem
670 3705 882 3775 iudicat
927 3703 1128 3780 (Calai.
1232 3704 1317 3779 tt).
1360 3705 1514 3774 Quod
1562 3706 1651 3761 ille
1698 3722 1805 3763 non
1855 3707 1910 3763 in

318 3798 693 3855 accusationis
720 3798 842 3856 tulit
867 3798 1144 3869 iniuriam,
1173 3798 1267 3855 sed
1302 3798 1613 3870 benigneet
1640 3799 1913 3869 patienter

320 3891 555 3962 accepit,
587 3891 731 3961 quod
762 3880 867 3947 non
898 3907 967 3949 ex
992 3890 1181 3957 livore,
1213 3890 1309 3947 sed
1333 3907 1403 3947 ex
1435 3891 1700 3948 charitate
1724 3905 1914 3961 proce-

322 3980 452 4037 dere
488 3983 777 4053 persi-icue
818 3982 1150 4053 recognovit.
1197 3980 1306 4039 Sed
1352 3997 1481 4041 ecce
1523 3982 1758 4039 dicitur:
1799 3983 1914 4054 Ego

322 4084 441 4125 sum
464 4070 774 4141 episc.«pus,
805 4084 904 4142 ego
926 4087 1046 4128 sum
1075 4081 1263 4143 pastor
1298 4071 1577 4140 Ecclesiae,
1608 4088 1714 4132 non
1742 4073 1913 4129 debeo

323 4179 354 4221 a
384 4165 700 4225 commissis
738 4166 930 4223 ovibus
966 4167 1374 4225 accusationum
1401 4176 1589 4238 patere
1616 4165 1911 4233 molestiis;

324 4256 529 4313 etenim
576 4256 630 4311 in
671 4270 834 4312 causa
870 4256 991 4313 fidei
1022 4256 1217 4329 dignus
1253 4271 1374 4312 sum
1417 4256 1584 4313 etiam
1633 4255 1687 4310 in
1732 4254 1913 4325 pravis

325 4346 572 4403 moribus
596 4346 977 4417 mquauimiter
1023 4347 1177 4405 ferri.
1227 4347 1334 4404 Sed
1376 4348 1464 4404 dic
1507 4347 1641 4403 mihi
1667 4347 1916 4418 quisquis

324 4451 408 4501 et,
440 4437 685 4508 nunquid
731 4453 837 4494 non
876 4438 1051 4511 legisti
1077 4440 1220 4509 quod
1248 4439 1300 4493 iu
1334 4437 1622 4509 Evangelio
1651 4436 1911 4506 scriptum

323 4536 449 4585 est:
485 4546 506 4580 ο
538 4526 598 4584 Si
628 4529 938 4598 peccaverit
979 4529 1034 4586 in
1074 4550 1126 4586 ω
1165 4528 1337 4586 frater
1366 4540 1521 4594 tuus,
1553 4528 1765 4600 corripe
1788 4543 1911 4583 eum

326 4618 472 4675 inter
500 4628 559 4676 te
582 4633 637 4677 et
660 4620 835 4692 ipsum
859 4637 1072 4678 sctum:
1112 4624 1159 4681 si
1199 4632 1253 4679 te
1281 4622 1548 4688 audierit,
1575 4622 1816 4678 lucratus
1852 4636 1914 4678 es

325 4710 554 4771 fratrem
579 4725 763 4776 tuum;
787 4720 833 4767 st
859 4723 910 4769 te
932 4731 1039 4769 non
1060 4714 1316 4779 audierit,
1338 4713 1537 4769 adhibe
1554 4722 1733 4770 tecum
1753 4715 1910 4780 duos,

326 4802 408 4857 vel
441 4812 557 4858 tres
586 4812 787 4870 testes;
818 4813 877 4859 ut
903 4804 957 4862 in
985 4819 1083 4860 ore
1115 4806 1364 4871 duorum,
1387 4803 1471 4859 vel
1502 4804 1664 4859 trium
1693 4804 1911 4860 testium

323 4903 433 4948 stet
461 4910 628 4951 omne
655 4895 917 4961 verbum;
962 4897 1007 4953 si
1036 4904 1216 4953 autem
1260 4911 1356 4953 eos
1393 4912 1501 4953 non
1530 4895 1793 4962 audierit,
1825 4895 1911 4952 dic

327 4985 665 5043 Ecclesiae?»
686 4986 901 5057 (Matth.
918 4989 1097 5060 xvtn.)
1120 4987 1177 5043 St
1204 4987 1460 5043 Ecclesia:
1483 5000 1612 5056 ergo
1634 4985 1918 5042 referenda

326 5086 409 5132 est
434 5092 599 5132 causa
626 5078 990 5148 quorumlibet
1031 5079 1293 5142 fratrum,
1322 5077 1593 5149 quomodo
1619 5093 1726 5133 non
1756 5077 1919 5133 etiam

326 5170 718 5225 sacerdotum?
752 5169 924 5229 Porro
959 5170 1006 5226 si
1048 5171 1304 5227 sacerdos
1329 5169 1423 5240 qui
1456 5169 1508 5224 in
1533 5168 1773 5227 Ecclesia
1796 5184 1925 5239 pee-

328 5272 439 5330 cat,
469 5264 797 5333 dedignatur
826 5264 879 5319 in
923 5263 1167 5320 Ecclesia
1206 5263 1438 5328 discuti,
1468 5264 1589 5332 quis
1623 5260 1735 5330 iam
1784 5262 1924 5317 ferat

332 5353 676 5411 Ecclesiai'se
704 5355 913 5425 legibus
944 5356 1225 5412 coerceri?
1252 5355 1420 5411 Porro
1445 5355 1487 5409 si
1529 5355 1783 5410 Ecclesia:
1820 5363 1923 5408 tua:

329 5443 487 5509 filiis,
537 5454 598 5498 ut
641 5446 871 5510 asseris,
912 5446 1197 5502 adversum
1246 5454 1298 5500 te
1345 5444 1540 5499 mutire
1588 5460 1693 5499 nou
1732 5443 1922 5508 liceat,

328 5534 575 5603 nunquid
601 5534 821 5591 aliunde
850 5536 1178 5605 producendi
1216 5544 1346 5590 sunt
1389 5542 1584 5597 testes,
1616 5534 1709 5602 qui
1750 5542 1831 5597 te,
1866 5541 1921 5587 et

330 5630 424 5679 tua
469 5641 572 5696 per
613 5627 913 5682 absentiam
956 5629 1264 5684 domesttcaz
1306 5624 1724 5681 collabitatiOnis
1771 5640 1918 5695 Igno-

340 5721 487 5781 Ian?
521 5722 583 5783 Β.
619 5722 719 5781 Job
761 5722 933 5781 dicit:
973 5740 991 5773 ι
1024 5720 1078 5776 Si
1108 5720 1406 5789 cuntcntpsi
1446 5717 1628 5773 subire
1652 5715 1915 5787 judicium

2010 3251 2283 3322 superbia:
2324 3251 2739 3323 allegationibus
2782 3252 2987 3316 utitur,
3029 3251 3423 3306 immunitatem
3451 3264 3603 3306 com-

2013 3342 2162 3397 missi
2191 3341 2388 3414 piaculi
2418 3359 2524 3398 tton
2555 3343 2814 3399 lucretur.
2842 3342 3011 3398 Jnstis
3045 3357 3176 3412 ergo
3205 3339 3439 3411 querelis
3467 3338 3605 3394 liber

2012 3443 2195 3503 pateat
2221 3434 2424 3500 aditus,
2462 3433 2621 3489 liceat
2654 3435 2795 3504 apud
2837 3434 3122 3503 primatem
3151 3432 3445 3487 Ecclesium
3471 3445 3604 3485 con-

2013 3522 2193 3591 queri,
2220 3536 2340 3593 quze
2366 3538 2425 3577 se
2456 3539 2487 3577 a
2515 3537 2614 3578 suo
2645 3522 2899 3594 pontifice
2932 3521 3130 3577 viderit
3154 3518 3501 3592 praegravari,
3530 3532 3603 3576 ne

2012 3613 2080 3669 de
2104 3610 2354 3668 sublimis
2382 3613 2754 3684 praarogativae
2782 3611 3159 3683 singularitate
3180 3610 3479 3681 superbiat,
3506 3607 3599 3678 qui

2012 3716 2072 3758 se
2097 3715 2194 3772 per
2221 3699 2548 3772 arrogantia:
2584 3696 2782 3756 fastum
2808 3697 3072 3778 fratribus
3102 3713 3209 3754 non
3233 3704 3497 3767 coaequat.
3534 3695 3603 3750 Et

2013 3791 2108 3864 qui
2153 3791 2458 3848 censoriam
2508 3806 2672 3863 super
2721 3789 2857 3847 alios
2908 3788 3151 3846 concutit
3193 3789 3436 3859 virgam,
3486 3785 3603 3856 ipse

2013 3902 2232 3963 quoque
2264 3902 2430 3958 super
2472 3901 2531 3945 se
2570 3886 2772 3958 vigoris
2811 3884 3166 3942 ecclesiastici
3207 3883 3408 3940 sentiat
3438 3881 3602 3939 disci-

2012 3979 2236 4051 plinam:
2288 3977 2502 4048 Quique
2548 3994 2656 4034 non
2705 3976 2999 4035 humanum
3053 3982 3248 4047 sonat,
3294 3970 3390 4027 sed
3439 3985 3604 4042 super

2013 4068 2151 4126 alios
2175 4069 2332 4141 quasi
2380 4068 2559 4140 fulgur
2590 4066 2905 4123 terribiliter
2938 4065 3177 4130 intonat,
3215 4062 3507 4132 aliquando
3543 4074 3605 4121 se

2015 4161 2292 4221 hominem
2334 4172 2758 4231 recognoscens,
2788 4158 3028 4213 humana
3054 4156 3219 4212 verba
3246 4154 3484 4210 formare
3506 4167 3606 4222 per

2017 4250 2383 4309 humilitatem
2411 4251 2612 4315 discat,
2645 4258 2915 4320 quatenus
2948 4248 3075 4303 dum
3102 4245 3357 4317 praelatus
3379 4243 3607 4314 quilibet

2017 4359 2283 4413 arrogans
2323 4358 2355 4398 a
2397 4352 2608 4398 tumore
2650 4342 2902 4398 elationis
2943 4339 3300 4410 deprimitur,
3342 4337 3605 4411 subiectis

2016 4446 2201 4493 autem
2232 4450 2331 4506 per
2367 4434 2748 4490 auctoritatem
2794 4434 3090 4504 superioris
3128 4431 3388 4487 Ecclesiae
3411 4422 3629 4485 subvo—C

2021 4528 2191 4593 nitur,
2222 4524 2414 4596 sopitis
2442 4524 2679 4595 undique
2707 4523 2921 4595 iurgiis,
2953 4534 3009 4577 et
3036 4520 3313 4594 synodalis
3339 4518 3609 4576 examinis

2020 4628 2281 4689 concepta
2331 4616 2640 4682 formidine,
2667 4616 2851 4672 omnia
2878 4613 3041 4670 simul
3075 4611 3332 4669 Ecclesia:
3360 4609 3607 4671 membra

2018 4710 2456 4769 coufmdereutur
2480 4705 2535 4762 in
2562 4721 2713 4778 pace.

2550 4817 2884 4875 EPISTOLA
2927 4815 3067 4873 XIII.

2633 4928 2701 4968 ΔΙ)
2729 4924 2968 4968 ευδιυειι.

2021 5024 2408 5068 ascensurus.
2435 5038 2506 5048 —
2529 5002 2789 5067 Joannes,
2820 5012 2873 5058 et.
2900 4998 3269 5061 'I'udethinns;
3309 4993 3398 5075 ille
3422 4992 3602 5075 Vene-

2099 5062 2619 5146 t'us,—lri-c‘barharus
2654 5062 2903 5146 natione,
2935 5080 3162 5146 uterque
3186 5062 3607 5146 apudiiotbfre:

2097 5134 2470 5207 dumdneem
2525 5145 2812 5201 sacerdotii
2860 5134 3089 5197 munere
3132 5134 3437 5205 fungentes,
3484 5134 3604 5189 ausi

2098 5221 2388 5289 aliquando
2421 5219 2631 5289 fuerant
2664 5213 3015 5289 pertinaciter
3036 5219 3299 5289 asserere,
3338 5213 3605 5289 praesente

2096 5291 2156 5345 B.
2184 5280 2346 5346 Petro
2377 5280 2778 5353 Damiano,'eos
2819 5282 2909 5351 qui
2940 5296 2971 5334 a
3017 5280 3230 5359 regibus
3266 5285 3360 5359 aut
3406 5280 3607 5359 princio

2100 5361 2258 5430 pilius
2286 5347 3044 5430 episc0patus‘ntercai'entur,
3077 5349 3131 5430 in
3167 5348 3474 5430 simoniaca}
3501 5347 3606 5399 Inc.

2099 5418 2235 5486 resis
2274 5418 2484 5484 eritneti
2512 5441 2616 5478 non
2657 5424 2925 5487 incidere;
2966 5420 3220 5491 quoniam
3267 5418 3470 5491 scilicet
3508 5431 3605 5484 per

2095 5502 2242 5556 illam
2294 5496 2686 5565 coemptionem
2731 5486 2997 5566 Ecclcsize'
3027 5488 3395 5566 tantummodo
3436 5486 3605 5566 bono-

2096 5587 2236 5634 rum,
2260 5580 2317 5623 et
2346 5564 2669 5637 praediorum
2691 5564 3090 5637 possessionem
3123 5564 3599 5637 nanciscerentur:

2091 5656 2187 5709 per
2216 5624 2627 5709 manuutn‘vero
2651 5624 3080 5709 itiipositionem,
3125 5644 3246 5699 qua:
3284 5643 3313 5680 a
3352 5624 3602 5709 sacerdo-

2093 5696 2235 5771 iibus
2260 5708 2446 5774 fiebat,
2474 5696 2742 5776 integrum
2759 5706 2847 5774 ius
2867 5696 3210 5780 episcopatus
3237 5696 3603 5767 nequiret-ent.
