4078 6202
456 313 560 372 219

1029 317 1085 371 S.
1113 315 1316 372 PETRI
1357 313 1636 369 DAMIANI
1670 311 1820 368 OI’I'.
1856 309 2035 365 PARS
2061 307 2189 364 SEU
2217 308 2453 366 TOMUS
2492 309 2530 364 Ι.
2569 339 2638 350 -
2675 273 2897 364 EPIST.
2941 305 3068 362 LIB.
3111 302 3243 360 VIII.

2320 166 2396 181 ,ν-

3601 303 3710 359 ηο

525 431 672 484 lianc
703 429 928 484 istorum
963 447 1066 484 non
1101 434 1277 487 minus
1307 431 1548 500 impiam,
1578 445 1738 498 quam
1797 431 2030 497 ineptam
2064 431 2113 490 Α
2139 424 2509 496 conceptionis
2560 425 2803 489 initium,
2858 423 3013 493 plena
3065 421 3330 474 formetur
3366 417 3711 473 distinctione

523 511 576 553 et
611 501 889 554 ridiculam
917 502 1219 568 opinionem
1250 512 1532 571 postquam
1565 501 1820 570 praeclare
1849 501 2035 553 redar-

523 572 675 638 guit,
723 582 842 623 (mit
891 573 1255 625 Alexandrum
1305 571 1611 640 pontificem
1655 571 1948 622 maximum
1980 576 2040 621 ιιι.

525 641 832 708 priusquam
883 641 933 693 in
983 643 1257 694 hominum
1298 641 1493 694 animis
1521 641 1682 695 latius
1711 649 1912 710 serpat,
1952 655 2038 692 sa-

524 721 820 765 crosmctm
851 710 1129 778 potestatis
1164 711 1387 779 imperio
1416 711 1719 778 opprimere
1751 718 1804 763 et
1853 718 2036 763 exter-

528 780 734 832 minare
777 781 1087 833 contendat.
1135 780 1244 834 lloc
1287 782 1448 834 etiam
1488 781 1661 834 eidem
1691 780 2039 833 vehementer

526 851 891 910 commendat,
925 866 990 902 ne
1012 865 1170 918 quem
1203 851 1453 918 pecunia,
1485 858 1578 903 aut
1601 848 1759 904 aulici
1791 847 2036 916 obsequii

526 919 827 972 ministerio
848 921 913 971 ad
941 923 1306 988 episcopatum
1332 921 1575 989 perduci,
1600 927 1693 973 aut
1721 919 2038 988 perductum

528 989 581 1040 in
610 1005 673 1042 eo
703 1001 1022 1057 permanere
1053 992 1304 1057 patiatur.

533 1091 738 1145 Donmo
769 1091 1095 1146 ALEXANDRO
1125 1107 1348 1146 summa:
1370 1091 1512 1146 sedis
1541 1089 1790 1155 antistiti,
1821 1088 2042 1145 Penus

457 1190 712 1250 peccator
739 1181 1033 1236 monachus
1073 1181 1407 1235 servitutem.

529 1272 679 1328 Sicut
709 1275 774 1327 ad
804 1273 1246 1342 patremfamilias
1274 1272 1526 1342 quaslibet
1550 1270 1860 1326 domestica:
1881 1268 2045 1325 facul-

460 1364 586 1418 tatis
607 1364 819 1434 jactura
855 1364 1108 1427 rcfertur,
1140 1365 1220 1419 sic
1250 1365 1412 1418 etiam
1443 1364 1660 1435 dignum
1688 1373 1791 1425 est,
1815 1372 1875 1417 ut
1901 1376 2044 1417 sum-

459 1468 550 1507 mo
579 1451 818 1522 pontifici
853 1452 1132 1529 patientis.
1155 1451 1406 1508 Ecclesiae
1453 1451 1604 1507 laesio
1633 1453 1928 1506 nuntietur.
1971 1448 2044 1505 Ut

459 1547 600 1601 sicut
644 1547 712 1600 ab
762 1546 871 1612 illo,
915 1557 1074 1616 prout
1124 1547 1265 1601 vires
1311 1555 1636 1616 suppetunt,
1677 1543 2048 1614 ingruentibus

459 1637 639 1692 domui
671 1651 781 1691 sua:
809 1636 963 1690 malis
989 1637 1325 1700 occurritur;
1375 1635 1449 1689 ita
1494 1635 1842 1690 nihilominus
1879 1641 1935 1688 et
1978 1631 2048 1686 ab

460 1729 566 1782 isto
598 1728 832 1781 nutantis
863 1727 984 1780 fidei
1013 1725 1444 1789 fundamentum,
1466 1725 1548 1780 vel
1577 1726 1735 1778 etiam
1764 1724 1896 1778 ordo
1924 1721 2047 1776 reli-

460 1821 671 1890 gionis,
723 1820 812 1888 qui
861 1819 1115 1873 confundi
1162 1829 1424 1889 coeperat,
1476 1818 1824 1873 instaurctur.
1866 1813 2045 1879 Nova,

461 1910 600 1977 proh
626 1908 807 1962 dolor!
843 1918 1028 1963 nostro
1059 1917 1299 1977 tempore
1329 1907 1549 1962 haeresis
1567 1916 1683 1961 orta
1713 1916 1814 1969 est,
1840 1905 1924 1960 cui
1946 1905 2050 1959 nisi

467 2002 569 2072 l7
597 2000 917 2070 quantocius
943 1999 1279 2054 auctdritatis
1309 2009 1504 2053 vestrze
1535 2013 1594 2053 se
1621 1999 1775 2069 vigor
1808 1996 2049 2066 objiciat,

464 2090 758 2144 timendum
789 2099 873 2144 est
901 2104 970 2143 ne
990 2088 1056 2142 ad
1085 2088 1360 2157 religionis
1383 2088 1703 2143 Christianae
1735 2088 2051 2157 perniciem,

464 2179 876 2248 animarumque
913 2178 1230 2247 periculum,
1262 2177 1408 2232 velut
1438 2193 1634 2232 cancer
1672 2177 1914 2232 feraliter
1941 2187 2056 2232 ser-

465 2279 576 2342 pat.
615 2266 866 2322 Nonnulli
913 2266 1073 2337 plane
1103 2267 1422 2322 clericorum
1454 2268 1617 2321 vitam
1646 2282 1742 2337 per
1771 2267 2056 2322 exterioris

443 2339 682 2414 'babitus
709 2358 942 2428 speciem
976 2358 1314 2420 mentientes,
1347 2373 1570 2428 prorsus
1601 2358 1735 2412 adeo
1770 2355 1926 2429 [Deo]
1953 2356 2056 2412 fri-

466 2450 608 2522 gidi,
659 2449 970 2502 ambitionis
1017 2449 1395 2504 ecclesiasticae
1441 2448 1649 2504 facibus
1701 2447 2054 2514 inﬂammati,

468 2540 571 2592 hoc
599 2537 950 2607 pertinaciter
989 2538 1395 2608 dogmatizant:
1434 2537 1551 2592 Non
1597 2539 1663 2620 ad
1708 2539 2057 2594 simoniacam

468 2626 714 2682 haeresim
750 2627 1051 2697 pertinere,
1098 2627 1144 2681 si
1186 2627 1308 2695 quis
1337 2627 1676 2697 cpiscOpatus
1710 2643 1740 2682 a
1769 2643 1926 2698 rege,
1977 2627 2059 2682 vel

468 2716 710 2786 quolibet
741 2716 925 2772 mundi
955 2717 1220 2787 principe,
1246 2731 1342 2784 per
1380 2717 1742 2772 interventum
1764 2717 2062 2788 coemptio-

469 2807 556 2861 nis
583 2806 864 2876 acquirat,
911 2805 960 2861 si
1005 2805 1374 2862 tantummodo
1401 2806 1859 2862 consecrationem
1895 2806 2062 2878 gratis

472 2896 726 2966 accipiat.
777 2895 928 2952 Unde
968 2912 1092 2952 cum
1137 2912 1310 2967 nuper
1348 2897 1400 2951 in
1436 2896 1873 2952 excellentissimi
1910 2897 2064 2953 ducis

472 2984 751 3042 Gothfredi
775 3001 1118 3042 versaremur
1142 2986 1396 3058 alloquio,
1423 2986 1530 3042 duo
1549 2987 1766 3057 quidam
1792 3002 1860 3042 ex
1886 2988 2064 3058 capel-

473 3077 613 3132 lanis
638 3075 786 3144 ejus,
821 3093 958 3131 unus
983 3086 1041 3130 ut
1066 3085 1185 3131 erat
1214 3059 1498 3142 barbarus,
1538 3075 1816 3132 barbarico
1844 3077 2063 3134 nomine

474 3166 872 3232 Tndetcbinus;
909 3165 1047 3221 alter
1079 3181 1206 3221 vero
1253 3167 1470 3222 natione
1521 3164 1786 3232 Venetus,
1827 3165 2062 3224 Joannes

474 3255 806 3310 vocabatur:
839 3256 892 3310 1ιί
932 3255 1187 3310 nimirum
1226 3264 1478 3328 tanquam
1510 3255 1831 3327 Hymenteus
1855 3267 1911 3312 et
1937 3255 2062 3313 Phi-

479 3357 614 3402 letus
656 3346 708 3400 in
753 3347 1137 3416 praedicatione
1182 3347 1331 3401 Pauli
1372 3346 1457 3418 (II
1487 3347 1627 3401 Tim.
1659 3350 1754 3420 n);
1795 3349 1881 3404 vel
1915 3360 2063 3405 certe

480 3451 734 3510 tanquam
764 3439 983 3496 Jamnes
1009 3449 1063 3495 et
1088 3440 1356 3495 Mambres
1383 3449 1623 3510 tempore
1649 3439 1816 3513 Moysi
1848 3437 2061 3511 (Exod.

476 3545 585 3594 vn;
617 3527 680 3582 II
713 3527 850 3585 Tim.
879 3529 964 3599 ιιι)
983 3568 1000 3595 ,
1028 3528 1345 3584 resistentes
1373 3529 1608 3594 veritati,
1642 3530 1781 3584 hanc
1810 3544 1916 3586 non
1942 3546 2061 3586 ces-

481 3624 677 3680 sabant
704 3622 1060 3678 dissemiuare
1088 3622 1425 3688 doctrinam,
1466 3622 1607 3678 hanc
1634 3621 1952 3677 catholicam
1980 3631 2064 3676 at-

481 3731 586 3785 que
615 3715 926 3769 canonicam
955 3714 1266 3769 fatebantur
1285 3729 1406 3769 esse
1433 3715 1788 3768 sententiam:
1819 3713 2070 3769 videlicet

484 3815 545 3858 ut
566 3806 689 3875 jure
719 3807 1049 3861 simoniacus
1073 3822 1178 3860 non
1211 3807 1426 3860 dicatur
1450 3807 1695 3877 quisquis
1719 3809 1923 3876 absque
1956 3821 2070 3860 ma-

485 3909 588 3964 nus
622 3893 962 3962 impositione
1003 3894 1372 3963 episcopatum
1407 3909 1752 3962 comparasse
1793 3895 2068 3950 convinci-

485 3993 596 4036 tur.
629 3982 887 4038 Dicebant
907 3982 1071 4044 enim,
1096 3983 1222 4059 quia
1245 3997 1366 4037 cum
1387 3982 1491 4036 hoc
1513 3982 1594 4046 fit,
1620 3999 1728 4038 non
1751 3984 2071 4038 distrahitur

484 4074 746 4140 Ecclesia,
775 4075 870 4129 sed
898 4072 1157 4140 facultas;
1191 4088 1292 4128 nec
1317 4073 1517 4128 emitur
1542 4075 1941 4140 sacerdotium,
1975 4074 2069 4129 sed

487 4164 760 4234 possessio
815 4164 1160 4232 praediorum.
1213 4162 1326 4217 Sub
1383 4164 1486 4217 hac
1534 4164 1677 4218 enim
1729 4164 2072 4232 praestatione

486 4252 756 4323 pecuniae,
805 4267 935 4320 opes
983 4260 1224 4316 tantum,
1273 4267 1377 4305 non
1426 4252 1646 4307 honoris
1690 4252 1776 4306 vel
1819 4252 2072 4308 Ecclesia:

487 4343 773 4397 redimitur
795 4349 1213 4396 sacramentum.
1243 4341 1461 4396 Venalia
1484 4343 1746 4411 siquidem
1770 4352 1912 4408 sunt,
1932 4343 2074 4398 sicut

491 4437 657 4502 aiunt,
691 4435 831 4490 unde
862 4436 970 4490 sint
991 4435 1223 4492 divites:
1259 4436 1430 4507 gratis
1467 4409 1758 4506 accipiunt,
1789 4435 1930 4491 unde
1956 4409 2150 4523 lieriD

489 4529 717 4583 debeant
746 4530 1076 4584 sacerdotes.

559 4622 604 4676 Ο
630 4637 824 4675 novum
853 4622 1319 4677 schismaticorum
1351 4637 1538 4693 genus,
1569 4631 1625 4677 et
1657 4638 1719 4678 os
1745 4623 2066 4693 sacrilegum

490 4713 678 4788 αξιοιςηί
721 4712 918 4767 silentii
949 4727 1178 4766 censura
1226 4713 1620 4766 damnandum!
1653 4711 1708 4766 lu
1753 4729 1859 4767 una
1901 4712 2072 4782 siqui-

483 4805 614 4860 Iletn
645 4803 879 4858 hominis
900 4818 1129 4874 persona
1155 4804 1289 4858 duos
1310 4819 1428 4859 esse
1447 4805 1783 4859 constituunt
1809 4823 1821 4858 :
1850 4815 1907 4860 ut
1933 4821 2070 4861 unus

492 4896 561 4951 sit
604 4895 860 4950 sacerdos
894 4896 994 4950 sub
1033 4906 1258 4964 peccato
1301 4894 1659 4960 venundatus,
1700 4894 1838 4949 alter
1889 4905 2071 4950 autem

493 4987 643 5042 dives
673 4986 773 5040 sub
805 4985 1078 5039 taxatione
1107 4985 1350 5054 pecnuize
1384 4994 1744 5054 comparatus.
1779 4984 1898 5054 Ipse
1926 4985 2074 5039 velut

493 5078 630 5133 alter
659 5077 1065 5148 Sardanapalus
1107 5077 1249 5132 inter
1275 5076 1498 5131 delicias
1545 5084 1754 5131 eructet
1783 5075 2075 5130 convivan-

496 5170 661 5234 tium;
691 5169 782 5223 ille
822 5179 1078 5239 tanquam
1106 5166 1384 5239 apostolus
1410 5165 1464 5220 iu
1501 5166 1760 5235 regimine
1791 5164 2076 5234 praesideat

498 5262 824 5316 animarum.
876 5261 992 5316 Hoc
1022 5276 1152 5330 ergo
1195 5260 1356 5315 modo
1401 5258 1493 5328 qui
1547 5264 1826 5326 comparat
1859 5270 2071 5326 agrum,

498 5353 772 5422 pulverem
827 5359 984 5406 terrae
1019 5360 1372 5417 tantum,non
1420 5357 1662 5420 segetum
1693 5345 1953 5401 dicendus
1991 5352 2076 5399 est

498 5456 843 5510 comparasse
883 5451 1226 5511 proventum.
1275 5438 1574 5509 Plagiarius
1616 5436 1777 5491 etiam
1830 5436 1920 5506 qui
1960 5434 2072 5489 dis-

501 5533 668 5586 trahit
705 5532 1011 5596 ho.ninem,
1066 5549 1170 5588 non
1206 5532 1441 5586 animam
1466 5527 1793 5598 judicandus
1824 5537 1909 5582 est
1941 5542 2074 5581 ven-

503 5623 727 5690 didissc,
756 5623 849 5678 sed
872 5638 1109 5678 carnem.
1143 5622 1255 5676 lino
1283 5637 1408 5677 cum
1430 5620 1691 5688 legamus,
1722 5620 1848 5690 quia
1879 5633 2075 5688 corpus

507 5715 814 5772 hominibus
846 5713 1260 5785 quadragesimo
1314 5720 1466 5768 sexto
1516 5710 1603 5767 die
1650 5721 1772 5781 post
1819 5721 2076 5765 maternae

2141 520 2530 580 membrorum,
2572 526 2733 584 atque
2769 529 2890 568 mox
2941 511 3198 566 divinitus
3244 509 3546 572 animetur;
3578 524 3712 578 quo-

2138 606 2283 659 niam
2337 620 2441 658 non
2481 604 2695 667 anima,
2744 602 2844 656 sed
2891 615 3021 654 caro
3059 600 3323 654 duntaxat
3366 611 3434 650 ex
3490 605 3715 664 paterno

2138 699 2345 753 semine
2387 698 2620 767 prodiit;
2683 711 2814 767 ergo
2863 702 3018 764 pater
3063 705 3284 744 carnem
3340 687 3715 741 tantummodo

2139 789 2396 844 dicendus
2428 796 2513 842 est
2555 787 2826 858 genuisse,
2866 799 2972 837 non
3009 781 3237 852 prolem,
3263 794 3382 849 quae
3427 793 3495 830 ex
3535 776 3715 830 anima

2140 888 2352 935 constat
2377 888 2431 934 et
2452 874 2882 946 corporc?Quod
2912 888 3032 928 cum
3057 871 3271 941 penitus
3304 867 3594 922 absurdum
3619 865 3716 928 sit,

2139 980 2192 1026 et
2228 970 2420 1024 merito
2457 977 2613 1038 pater
2649 967 2739 1022 ille
2777 965 3013 1027 dicatur,
3048 977 3114 1015 ex
3165 959 3316 1026 cujus
3361 957 3567 1011 femore
3603 954 3716 1008 sola

2142 1075 2270 1114 caro
2307 1059 2378 1112 sit
2411 1072 2652 1127 egressa,
2704 1071 2810 1110 non
2842 1054 3020 1108 anima
3048 1069 3062 1105 :
3087 1051 3168 1105 sic
3211 1050 3298 1103 ille
3341 1045 3524 1118 procul
3555 1045 3717 1100 dubio

2144 1151 2403 1207 dicendus
2454 1157 2536 1204 est
2578 1155 2852 1202 mercator
2902 1144 3176 1208 Ecclesiae,
3208 1140 3297 1210 qui
3339 1155 3437 1209 per
3481 1148 3716 1200 terrena,

2144 1258 2264 1311 qua:
2308 1241 2558 1305 redemit,
2590 1239 2656 1293 ad
2704 1237 2930 1292 honoris
2971 1233 3184 1288 culmen
3227 1229 3493 1292 ascendit,
3539 1236 3594 1281 et
3623 1240 3722 1296 per

2145 1330 2443 1403 corporalis
2471 1329 2857 1386 commercium
2883 1324 3042 1390 lucri,
3070 1331 3284 1391 emptor
3317 1318 3546 1374 eﬂlcitur
3584 1316 3725 1370 nihi-

2146 1422 2380 1477 lominus
2409 1416 2756 1475 sacramenti.
2785 1415 2879 1469 Dic
2921 1414 3102 1482 itaque
3128 1409 3376 1480 quisquis
3402 1422 3485 1471 es,
3525 1404 3617 1476 qui
3671 1413 3725 1458 te

2141 1514 2317 1584 jactas
2361 1520 2592 1567 terrenae
2648 1503 3019 1562 tantummodo
3073 1500 3344 1556 facultatis
3399 1506 3724 1566 emptorem,

2150 1621 2246 1675 per
2272 1619 2434 1675 quam
2465 1611 2644 1658 tamen
2693 1599 2907 1670 aspiras
2934 1597 3004 1651 ad
3047 1592 3366 1666 episcopalis
3391 1589 3727 1645 excellentia:

2150 1695 2516 1751 conscendere
2545 1691 2894 1762 dignitatem;
2918 1697 2974 1742 et
3011 1688 3136 1742 dum
3181 1695 3234 1739 te
3263 1683 3396 1738 dicis
3423 1698 3452 1734 a
3485 1680 3729 1751 principe

2075 1778 2122 1838 B
2153 1797 2365 1842 terrena
2428 1787 2690 1840 duntaxat
2744 1780 2998 1836 Ecclesiae
3051 1779 3333 1833 commoda
3381 1771 3726 1844 percepisse,

2149 1877 2354 1932 asseris
2394 1885 2446 1930 te
2471 1871 2868 1944 quodammodo
2894 1869 3153 1931 villicum,
3179 1881 3286 1920 non
3319 1873 3377 1918 ut
3403 1860 3727 1917 sacerdotali
3805 1862 3808 1866 ’

2151 1966 2396 2037 fungaris
2440 1963 2637 2027 oﬁicio,
2689 1959 3066 2016 constitutum.
3117 1955 3234 2019 Dic,
3281 1954 3520 2022 inquam,
3575 1948 3732 2017 cujus

2151 2069 2270 2114 erat
2297 2059 2504 2130 figura}.
2532 2071 2695 2126 quam
2726 2067 2858 2109 sane
2889 2050 3125 2106 habebat
3151 2046 3387 2119 speciem
3415 2043 3730 2099 investitura

2153 2151 2288 2214 lucc,
2320 2163 2481 2218 quam
2530 2146 2584 2200 in
2624 2143 2872 2198 manibus
2903 2141 3008 2195 tuis
3045 2139 3298 2210 princeps
3337 2135 3422 2190 ille
3451 2131 3733 2204 deposuit?

2154 2239 2325 2296 Porro
2356 2238 2400 2292 si
2439 2235 2706 2298 surculus,
2735 2233 2781 2286 si
2832 2232 2939 2302 18
2981 2229 3209 2297 simplex
3251 2225 3494 2285 baculus,
3539 2224 3733 2277 merito

2158 2333 2253 2386 tibi
2286 2331 2439 2384 hctus
2467 2325 2762 2396 applande;
2796 2323 2924 2392 quia
2970 2321 3114 2374 sicut
3151 2317 3372 2379 asseris,
3401 2330 3504 2369 non
3543 2315 3611 2367 ad
3641 2328 3732 2366 sa-

2157 2422 2392 2477 cerdotis
2436 2417 2691 2482 ofiicium,
2720 2417 2815 2471 sed
2863 2413 2931 2468 ad
2969 2408 3340 2481 procuratoris
3383 2408 3626 2461 initiatus
3675 2421 3736 2460 es

2158 2513 2477 2576 villicatum,
2506 2520 2670 2579 atque
2713 2508 2856 2579 ideo_
2877 2517 3102 2558 necesse
3124 2500 3236 2571 jam
3282 2514 3388 2553 non
3427 2505 3591 2552 estut
3622 2496 3736 2565 epi-

2159 2619 2348 2674 scopo,
2381 2602 2472 2672 qui
2499 2600 2594 2655 tibi
2626 2596 2995 2668 prmfereudus
3021 2602 3126 2655 est,
3169 2592 3243 2645 sis
3271 2589 3564 2659 subjectus.
3593 2587 3668 2641 At
3690 2587 3736 2640 si

2160 2695 2437 2751 saecularis
2475 2692 2564 2747 ille
2587 2691 2860 2760 princeps,
2899 2694 3119 2754 accepta
3151 2681 3236 2736 vel
3266 2680 3532 2750 promissa
3572 2693 3737 2748 pecu-

2161 2790 2274 2855 nia,
2307 2785 2636 2859 pastoralem
2691 2782 2785 2838 tibi
2834 2780 3052 2836 tradidit
3093 2776 3364 2842 baculum,
3418 2790 3523 2843 qua
3559 2773 3741 2826 fronte

2161 2881 2366 2954 poteris
2402 2875 2726 2951 episcopalis
2769 2871 2980 2929 ordinis
3019 2882 3283 2926 excusare
3320 2863 3741 2922 commercium?

2162 2953 2454 3029 Enimvero
2499 2969 2602 3024 nisi
2640 2983 2738 3037 per
2765 2965 2905 3020 hanc
2933 2961 3312 3017 investituram
3362 2956 3452 3012 ille
3495 2953 3734 3011 secuturi

2165 3059 2457 3117 sacerdotii
2513 3058 2610 3113 tibi
2661 3055 2814 3126 prius
2870 3051 3205 3123 imprimeret
3241 3046 3478 3110 titulum,
3527 3045 3744 3098 futurus

2162 3152 2442 3210 ordinator
2468 3160 2810 3220 nequaquam
2855 3158 2953 3215 per
2979 3155 3172 3197 manus
3201 3136 3620 3208 impositiouem,
3656 3147 3745 3187 sa-

2163 3243 2388 3301 cerdotii
2436 3239 2532 3297 tibi
2575 3237 2816 3293 traderet
2859 3227 3428 3295 sacrametitttm.\Per
3457 3227 3560 3280 hoc
3599 3224 3744 3280 enim

2137 3335 2309 3408 .quod
2338 3331 2604 3389 venaliter
2637 3324 2918 3395 accepisti,
2965 3326 3363 3388 consequenter
3390 3317 3456 3370 ad
3492 3313 3747 3370 sacerdo-

2165 3406 2300 3485 tium
2330 3421 2697 3498 promoveris;
2729 3427 2892 3488 atque
2916 3414 3036 3470 ideo
3067 3413 3194 3467 licet
3224 3410 3314 3466 illa
3346 3423 3539 3464 manus
3568 3406 3743 3475 impo-

2166 3519 2290 3574 sitio
2316 3530 2424 3571 non
2467 3511 2670 3567 venalis
2700 3509 2793 3575 sit,
2842 3506 2937 3562 sed
2981 3502 3240 3575 gratuita,
3281 3512 3620 3571 nequaquam
3666 3505 3745 3550 ta-

2167 3624 2311 3675 men,
2339 3613 2598 3676 quantum
2625 3601 2693 3656 ad
2733 3609 2787 3654 te
2813 3603 3043 3669 spectat,
3079 3609 3109 3648 ιι
3133 3591 3440 3648 venalitatis
3464 3599 3548 3645 est
3565 3587 3748 3660 sordi-

2167 3699 2268 3754 bus
2290 3697 2488 3750 aliena.
2518 3689 2793 3746 Venalitas
2818 3686 2960 3741 enim
2985 3685 3029 3739 si
3059 3683 3163 3738 sibi
3188 3690 3311 3736 nota
3345 3689 3451 3746 est,
3479 3676 3746 3733 contami-

2169 3796 2263 3842 nat
2309 3789 2756 3842 consecrantem,
2811 3774 3046 3848 gratuita
3097 3770 3434 3827 consecratio
3486 3766 3748 3821 mundare

2172 3895 2276 3934 non
2339 3876 2484 3930 valet
2529 3879 2852 3941 emptorem.
2909 3863 3228 3922 Obscenitas
3289 3857 3551 3915 immundi
3601 3855 3747 3909 fteda

2169 3966 2480 4026 commercii
2511 3963 2756 4019 sordidat
2782 3958 3065 4022 mundum,
3093 3954 3329 4027 gratuita
3355 3966 3546 4007 manus
3577 3951 3748 4019 impo-

2170 4061 2295 4117 sitio
2322 4073 2428 4112 non
2453 4062 2630 4125 potest
2655 4049 2963 4106 emaculare
2992 4046 3277 4116 pollutum.

2241 4151 2507 4209 Mendacii
2558 4148 2788 4203 forsitan
2825 4158 3045 4212 arguor,
3095 4140 3141 4195 si
3183 4137 3329 4209 quod
3372 4135 3564 4206 loquor
3603 4131 3749 4188 sacri

2170 4250 2370 4322 eloquii
2396 4244 2703 4304 testimonio
2734 4257 2839 4296 non
2863 4238 3087 4294 atiirmo.
3113 4235 3217 4290 Per
3241 4235 3494 4304 Aggteum
3519 4241 3752 4297 namque

2172 4344 2488 4418 prophetam
2515 4337 2743 4392 dicitur:
2766 4353 2784 4384 ι
2817 4331 2940 4386 llaec
2969 4329 3100 4384 dicit
3127 4327 3386 4418 Dominus
3422 4323 3564 4418 licus
3593 4333 3753 4418 exet:

2176 4404 2380 4493 ciuium
2410 4449 2424 4484 :
2458 4429 2734 4494 interroga
2791 4419 3102 4477 sacerdotes
3154 4416 3328 4485 legem
3353 4454 3370 4480 ,
3422 4411 3608 4465 dicens
3650 4404 3751 4494 :Si

2173 4523 2355 4586 tulerit
2384 4521 2544 4574 homo
2574 4493 2790 4569 carnem
2822 4506 3214 4564 sanctificatam
3243 4502 3294 4556 in
3317 4515 3413 4555 ora
3440 4493 3752 4586 vestimenti

2170 4620 2277 4684 sui,
2306 4623 2361 4669 et
2391 4607 2630 4680 tetigerit
2655 4606 2722 4660 de
2761 4599 3071 4656 summitate
3097 4593 3214 4663 ejus
3244 4606 3462 4662 panem,
3495 4597 3593 4684 aut
3604 4585 3736 4684 ppul-

2172 4681 2437 4770 mentum,
2468 4708 2562 4756 aut
2591 4699 2796 4759 vinum,
2837 4700 2932 4746 aut
2959 4689 3161 4754 oleum,
3187 4695 3280 4742 aut
3306 4698 3521 4739 omnem
3547 4681 3752 4741 cibum,

2173 4797 2416 4870 nunquid
2437 4783 2900 4851 sanctificabitur?
2925 4779 3334 4850 Respondentes
3363 4783 3540 4870 autem
3572 4786 3758 4870 sacer-

2175 4863 2353 4958 dotes,
2383 4889 2677 4943 dixerunt:
2708 4879 2849 4934 Non.
2879 4876 2947 4931 Et
2975 4872 3113 4929 dixit
3134 4872 3385 4942 Aggaeus.
3416 4865 3475 4958 Si
3504 4863 3758 4958 tetigerit

2176 4955 2412 5056 pollutus
2439 4977 2494 5030 in
2531 4971 2713 5025 anima
2743 4983 2812 5023 ex
2849 4964 3101 5020 omnibus
3136 4961 3242 5023 his,
3274 4955 3517 5056 nunquid
3559 4961 3756 5007 conta-

2177 5045 2518 5129 ininabitur?
2554 5062 2623 5118 Et
2666 5057 3057 5128 respondentes
3103 5050 3416 5107 sacerdotes
3458 5045 3754 5100 dixerunt:

2176 5155 2671 5221 Contaminabitur.
2698 5150 2770 5204 Et
2795 5144 3078 5216 respondit
3102 5143 3352 5212 Aggaaus,
3383 5144 3440 5192 et
3463 5133 3600 5188 dixit
3625 5151 3638 5186 :
3665 5130 3759 5185 Sic

2178 5252 2410 5326 populus
2455 5249 2578 5312 iste,
2623 5251 2680 5299 et
2719 5239 2802 5297 sic
2836 5252 2967 5310 gens
3013 5236 3114 5291 ista
3147 5240 3273 5286 ante
3314 5226 3506 5282 faciem
3553 5237 3756 5285 meam,

2181 5344 2313 5400 dicit
2346 5339 2631 5400 Dominus;
2661 5343 2717 5386 et
2755 5329 2835 5386 sic
2875 5339 3038 5383 omne
3084 5336 3220 5392 opus
3255 5331 3510 5371 manuum
3542 5326 3757 5372 eorum,

2182 5444 2238 5491 et
2283 5430 2465 5487 omnia
2515 5420 3000 5497 quze'obtulerunt
3041 5413 3135 5474 ibi,
3181 5406 3552 5463 contaminata
3579 5405 3761 5503 lerunt

2182 5522 2383 5596 (Aggzei
2420 5519 2504 5588 ιι).
2535 5493 2557 5568 ἱ
2590 5515 2647 5570 lu
2690 5511 2776 5566 his
2823 5522 2950 5576 ergo
2998 5498 3354 5596 propheticis,
3405 5493 3758 5596 imo-divinis

2181 5589 2364 5670 verbis
2410 5609 2689 5664 evidenter
2730 5595 3055 5658 ostenditur,
3095 5592 3348 5662 quoniam
3405 5592 3614 5653 emptor
3656 5589 3763 5636 iste

2181 5704 2452 5768 videlicet,
2494 5698 2584 5768 qui
2610 5703 2692 5752 cst
2718 5690 2954 5762 pollutus
2988 5686 3046 5742 in
3075 5684 3277 5749 anima,
3311 5677 3543 5747 suscepti
3568 5674 3763 5746 polluit
