4078 6202
342 343 438 399 221

1493 335 1698 392 LIBER
1732 333 2010 399 PRIMUS.
2053 333 2268 390 EPIST.
2301 333 2437 390 XIII.

3489 329 3600 384 φάε

341 449 548 508 ordinis
577 447 918 521 dignitatem.
963 444 1210 516 Dignitas
1241 444 1542 514 vero,licet
1586 461 1681 515 per
1728 459 1918 499 manus
1946 447 1997 506 Α
2023 448 2150 514 quia
2197 445 2576 502 inexcusabilis
2657 445 2764 502 erit
2837 445 3016 501 omnis
3061 443 3152 516 qui
3194 461 3226 500 a
3270 444 3499 501 Domino
3543 455 3599 500 et

342 542 743 614 impositionem
770 539 1008 611 gratuito
1037 538 1109 592 sit
1152 546 1398 607 accepta,
1437 551 1780 607 nequaquam
1834 544 1920 590 ta-

341 651 465 695 men
498 634 725 690 mundat
753 641 1075 702 emptorem.

409 727 606 782 Adhuc
641 732 821 779 autem
863 722 933 776 ad
958 721 1332 776 investituram
1370 718 1551 783 redeo,
1579 725 1636 771 et
1664 731 1695 770 a
1727 723 1798 780 te,
1830 715 1923 785 qui

339 832 448 879 non
480 814 798 878 Ecclesiam,
841 813 938 867 sed
977 810 1235 866 Ecclesia
1262 809 1466 880 pradia
1495 816 1546 862 te
1572 819 1922 875 comparasse

341 907 619 978 gloriaris,
656 904 894 975 inquiro.
929 903 1074 958 Sane
1101 917 1226 957 cum
1265 901 1516 956 baculum
1562 899 1652 953 ille
1676 898 1783 952 tuis
1811 913 1926 951 ma-

341 1001 506 1056 nibus
552 998 792 1060 tradidit,
844 997 1093 1052 dixitne:
1135 1013 1154 1046 ι
1181 993 1382 1063 Accipe
1422 1004 1619 1056 terras,
1659 999 1823 1060 atque
1847 989 1926 1044 di-

345 1095 510 1148 vitias
540 1092 685 1146 illius
704 1089 959 1146 Ecclesia
986 1104 1000 1142 :
1035 1106 1054 1140 »
1086 1102 1156 1141 an
1179 1087 1380 1158 potius,
1406 1084 1549 1156 quod
1576 1091 1784 1138 certum
1810 1090 1922 1135 est:

349 1203 371 1236 ι
400 1183 602 1252 Accipe
645 1179 982 1236 Ecclesiam?
1013 1197 1034 1230 ι
1069 1176 1222 1245 Quod
1265 1178 1310 1231 si
1345 1177 1483 1231 bona
1525 1173 1782 1230 Ecclesia
1809 1172 1927 1227 sine

346 1274 605 1342 Ecclesia.
636 1271 946 1342 suscepisti,
975 1269 1358 1325 scbismaticus
1384 1283 1444 1324 es
1493 1263 1926 1337 atque‘sacrile-

346 1382 483 1437 επις,
515 1364 608 1435 qui
639 1365 778 1420 bona
810 1361 1068 1419 Ecclesia
1094 1361 1163 1416 ab
1189 1358 1432 1414 Ecclesia
1463 1356 1681 1424 dividis,
1708 1352 1930 1425 etquod

345 1458 583 1512 alienum
627 1465 732 1519 est,
771 1454 1040 1510 violenter
1084 1452 1140 1508 in
1186 1451 1264 1506 tui
1309 1464 1440 1508 usus
1460 1446 1586 1517 jura
1633 1446 1928 1503 convertis.

349 1549 504 1614 Quod
543 1547 588 1603 si
631 1546 928 1604 Ecclesiam
977 1542 1286 1612 suscepisti,
1313 1541 1456 1612 quod
1480 1539 1702 1596 omnino
1730 1550 1934 1609 negare

348 1656 456 1693 non
499 1647 674 1708 potes,
716 1635 902 1706 procul
933 1634 1097 1690 dubio
1130 1631 1307 1688 factus
1346 1645 1407 1686 es
1462 1629 1792 1685 simoniacus
1829 1644 1844 1681 :
1878 1633 1935 1681 et

345 1730 501 1799 prius
559 1737 611 1783 te
657 1727 922 1781 venalitas
966 1724 1096 1779 fecit
1137 1722 1477 1787 hareticum,
1531 1734 1695 1790 quam
1741 1731 1933 1773 manus

2023 538 2266 594 Ecclesia
2302 540 2387 593 cui
2417 548 2750 608 competunt,
2789 539 2984 604 aufert,
3025 547 3225 606 vastat,
3268 539 3476 593 invadit
3514 539 3599 594 vel

2023 629 2204 698 eripit,
2237 644 2409 699 usque
2435 630 2500 684 ad
2522 629 2978 695 emendationem,
3005 629 3365 698 Ecclesiaque
3389 627 3604 683 satisfa<

2025 721 2283 786 ctionem,
2323 731 2382 774 ut
2412 720 2713 790 sacrilegus
2747 719 3102 790 dijudicetur;
3134 729 3190 773 et
3224 719 3269 773 si
3305 717 3597 772 emendare

2025 809 2278 874 noluerit,
2326 807 2845 864 excommunicetur.
2894 807 3186 861 Anacletus
3231 814 3411 859 autem
3455 803 3600 873 Papa

2027 899 2186 969 longe
2223 905 2350 953 ante
2381 898 2523 952 inter
2550 897 2654 951 alia
2696 896 2865 950 multa
2917 895 3192 950 subinferf
3210 912 3224 948 ε
3256 912 3275 945 ι
3311 893 3415 961 Qui
3458 894 3601 946 enim

2028 1006 2117 1046 res
2145 990 2398 1046 Ecclesia
2428 989 2734 1054 abstulerit,
2779 989 3125 1060 sacrilegium
3152 987 3305 1053 facit,
3354 995 3408 1040 et
3437 987 3604 1041 sacrir

2029 1081 2180 1151 legus
2203 1082 2541 1151 deputandus
2567 1088 2670 1135 est.
2701 1098 2720 1132 ι

2098 1172 2242 1242 Papa
2276 1185 2489 1243 quoque
2511 1170 2709 1224 Lucius
2737 1169 2793 1224 in
2819 1168 3038 1224 decreto
3064 1183 3162 1223 suo
3185 1167 3266 1222 sic
3293 1167 3368 1221 ait
3393 1181 3408 1219 :
3438 1183 3456 1216 ι
3488 1165 3600 1220 Re-

2031 1279 2152 1318 rum
2191 1261 2708 1325 ecclesiasticarum,
2738 1269 2792 1314 et
2840 1257 3160 1314 facultatum
3194 1264 3440 1326 raptores
3469 1270 3500 1308 a
3543 1255 3607 1308 li-

2032 1353 2268 1408 minibus
2298 1359 2500 1407 sancta
2521 1350 2778 1406 Ecclesia
2810 1346 3357 1410 anathematiz'antes,
3391 1349 3609 1414 aposto-

2035 1444 2138 1499 lica
2168 1443 2494 1498 auctoritate
2521 1441 2772 1511 pelliutus
2800 1448 2854 1494 et
2883 1438 3224 1502 damnamus,
3253 1445 3417 1505 atque
3441 1432 3609 1489 sacri.

2032 1535 2181 1607 leges
2203 1549 2323 1589 esse
2345 1531 2669 1601 judicamus.
2699 1549 2720 1583 ι
2763 1530 3050 1585 Possemus
3077 1538 3132 1582 et
3161 1526 3265 1582 alia
3304 1539 3465 1595 quam
3489 1522 3609 1594 plu-

2035 1630 2175 1682 rima
2197 1624 2589 1680 catholicorum
2618 1622 2840 1676 Patrum
2867 1619 3112 1688 exempla
3147 1630 3464 1688 congerere,
3502 1613 3609 1668 nisi

2033 1719 2318 1788 perspicue
2355 1728 2810 1786 cognosceremus
2834 1725 3174 1781 nequaquam
3199 1709 3305 1764 hoc
3331 1702 3610 1777 epistolari

347 1798 626 1887 impositio
656 1817 906 1871 redderet
942 1821 1339 1869 consecratum.
1370 1809 1521 1864 Tunc
1550 1809 1696 1866 enim
1739 1821 1928 1862 consc-
1958 1798 2004 1857 B
2032 1809 2355 1878 compendio
2377 1806 2690 1864 convenire.

347 1910 648 1965 crationem
677 1906 1082 1962 evidentissime
1109 1902 1382 1967 coemisti,
1427 1915 1550 1955 cum
1592 1899 1670 1963 id,
1709 1906 1930 1968 propter

347 2002 493 2072 quod
528 2003 595 2057 ad
622 2000 1083 2056 consecrationem
1120 1997 1518 2068 promoveudus
1551 2008 1695 2055 eras.
1726 1992 1929 2048 venali-

347 2101 432 2146 ter
462 2091 739 2162 accepisti.
793 2089 884 2144 Sic
916 2089 1060 2144 enim
1104 2102 1272 2142 unum
1318 2086 1494 2157 pende
1538 2098 1607 2142 ex
1645 2084 1837 2148 altero,
1871 2091 1932 2138 ut

350 2185 439 2252 qui
471 2194 684 2239 terrena
714 2181 966 2236 Ecclesia
998 2181 1139 2234 bona
1171 2179 1418 2249 suscipit,
1451 2178 1517 2232 ad
1548 2177 1775 2248 gratiam
1800 2191 1934 2231 con-
1981 2229 1995 2236 ,

353 2275 680 2336 secrationis
714 2273 948 2341 aspiret;
979 2281 1034 2328 et
1064 2270 1155 2340 qui
1194 2269 1606 2324 consecratione
1630 2267 1927 2336 perﬁcitur,

353 2368 495 2422 bona
525 2364 782 2418 Ecclesia
812 2363 865 2416 in
910 2376 1040 2418 usus
1064 2359 1356 2430 egentium,
1387 2368 1442 2414 et
1470 2366 1664 2416 caetera
1708 2355 1930 2425 pietatis

352 2471 518 2528 opera
541 2449 898 2524 dispensanda
929 2459 1236 2506 conservet.
1269 2449 1382 2504 Hoc
1413 2449 1594 2516 itaque
1619 2447 1779 2501 modo
1805 2445 1931 2501 licet

352 2549 742 2605 ecclesiastica
776 2545 880 2616 19
904 2543 1176 2599 facultatis
1231 2542 1434 2596 mentio
1476 2541 1532 2595 in
1578 2540 1691 2611 ipsa
1738 2551 1932 2593 manus

353 2638 700 2709 impositione
754 2650 858 2690 non
910 2636 1039 2699 fiat,
1097 2634 1145 2688 is
1193 2641 1371 2688 tamen
1427 2631 1515 2698 qui
1562 2639 1931 2696 consecratur,

353 2728 621 2784 bonorum
685 2723 940 2779 Ecclesia
999 2722 1340 2792 dispensator
1390 2718 1652 2784 eliicitur;
1715 2725 1931 2773 etcum

353 2815 654 2875 Ecclesiam
705 2813 952 2884 suscipit,
982 2812 1232 2882 quamvis
1277 2810 1352 2866 nil
1380 2818 1507 2865 tunc
1547 2808 1615 2863 de
1644 2822 1936 2865 consecrav

353 2908 505 2963 tione
528 2907 762 2968 dicatur,
791 2907 857 2960 ad
884 2907 987 2962 hoc
1009 2913 1190 2960 tamen
1222 2910 1283 2960 ut
1310 2909 1661 2960 consecretur
1691 2899 1931 2972 eligitur.

424 2997 511 3052 Ab
537 2997 658 3065 ipso
694 2995 852 3067 plane
881 2994 1152 3067 principio
1183 2993 1458 3048 nascentis
1500 2991 1760 3050 Ecclesia
1785 2990 1932 3046 salu-

352 3089 469 3147 bris
500 3090 616 3143 bac
636 3087 804 3158 coepit
827 3086 1160 3143 consuetudo
1188 3084 1447 3149 fidelium,
1469 3093 1528 3139 ut
1570 3098 1668 3138 sua
1707 3096 1934 3153 quaque

2103 1901 2201 1955 llis
2225 1900 2408 1968 itaque
2436 1904 2749 1952 sanctorum
2778 1891 3118 1963 pontificum,
3149 1888 3374 1957 aliisque
3393 1893 3612 1939 senten-

2035 1991 2125 2047 tiis
2166 1988 2455 2045 manifeste
2495 1985 2862 2048 convinceris,
2905 1981 3159 2052 quoniam
3201 1987 3294 2031 aut
3349 1974 3609 2031 Ecclesia

2033 2083 2180 2138 bona
2217 2081 2336 2136 sine
2381 2077 2627 2133 Ecclesia
2677 2073 2985 2145 suscepisti,
3030 2081 3084 2127 et
3121 2071 3323 2126 idcirco
3354 2078 3610 2136 tanquam

2033 2180 2221 2243 raptor
2243 2180 2403 2238 atque
2429 2167 2726 2236 sacrilegus
2747 2162 3219 2227 anathematizari,
3243 2169 3299 2215 et
3328 2161 3397 2213 ab
3425 2158 3613 2222 Eccle-

2033 2265 2129 2320 sia
2171 2262 2450 2318 liminibus
2491 2260 2656 2318 debes
2684 2257 2880 2329 expelli
2914 2275 2928 2310 :
2963 2266 3058 2310 aut
3091 2265 3259 2319 certe,
3307 2253 3448 2323 quod
3497 2266 3614 2322 per-

2032 2359 2282 2427 spicuum
2319 2365 2426 2420 est,
2453 2361 2508 2409 et
2545 2367 2744 2422 negare
2773 2364 2882 2404 non
2916 2358 3090 2418 potes,
3128 2345 3426 2401 Ecclesiam
3450 2341 3613 2397 simul

2033 2464 2160 2504 cum
2193 2447 2352 2501 bonis
2399 2443 2654 2500 Ecclesia
2697 2440 2873 2511 pretio
2917 2436 3219 2500 redemisti,
3264 2435 3491 2502 ideoque
3531 2433 3614 2486 di-

2032 2553 2198 2611 gnum
2227 2547 2313 2593 est
2357 2546 2429 2601 te,
2459 2545 2519 2590 ut
2562 2548 2752 2590 revera
2806 2529 3164 2585 simoniacum
3208 2537 3263 2581 et
3299 2525 3642 2602 bareticunr

2033 2629 2288 2688 canonici
2355 2626 2558 2696 vigoris
2611 2623 2861 2679 examine
2923 2617 3291 2674 condemnari.
3344 2613 3617 2669 Canonica

2033 2724 2291 2781 nimirum
2337 2717 2607 2774 sententia
2644 2723 2732 2770 est
2758 2713 2871 2777 illa,
2904 2726 3011 2781 qua
3060 2709 3300 2764 dicitur:
3337 2724 3354 2758 ι
3393 2703 3451 2760 Si
3494 2703 3617 2774 quis

2033 2817 2339 2887 episcopus,
2377 2810 2487 2881 20
2510 2814 2606 2862 aut
2648 2804 2951 2878 presbyter,
2998 2809 3094 2856 aut
3130 2799 3298 2857 abbas
3327 2811 3426 2867 per
3453 2808 3620 2864 pecu-

2035 2909 2181 2964 niam
2213 2906 2358 2961 hanc
2381 2898 2678 2958 obtinuerit
2702 2896 3051 2968 dignitatem,
3085 2889 3372 2959 dejiciatur
3414 2887 3532 2958 ipse
3560 2891 3620 2939 ct

2000 3011 2007 3018 '
2033 2998 2314 3055 ordinator
2335 2993 2474 3065 ejus,
2495 2999 2550 3046 et
2577 3004 2609 3043 a
2629 2985 3012 3045 communione
3035 2989 3222 3037 sancta
3244 2974 3620 3034 modis’omni-

2036 3091 2140 3146 bus
2199 3084 2590 3150 abscindatur,
2639 3088 2693 3136 et
2741 3079 2815 3134 sit
2856 3076 3174 3138 anathema,
3233 3072 3375 3127 sicut
3424 3067 3617 3122 Simon

359 3179 678 3244 vendentes,
713 3176 779 3231 ad
808 3177 973 3248 pedes
1000 3174 1387 3245 apostolorum,
1416 3171 1937 3244 apostolicorumque
1961 3157 2010 3223 α
2044 3179 2231 3251 uagus
2259 3193 2290 3231 a
2328 3175 2490 3231 Petro
2513 3173 2653 3245 (Act.
2682 3169 2826 3243 vni).
2854 3187 2874 3221 ι

355 3268 600 3324 virorum
639 3266 896 3337 pecunias
928 3273 1209 3336 ponerent,
1244 3263 1441 3334 quibus
1473 3262 1549 3317 illi
1597 3262 1938 3318 necessitati-

356 3358 458 3415 bus
494 3372 794 3428 pauperum
835 3355 1078 3410 subsidia
1121 3354 1496 3412 ministrarent
1516 3353 1652 3423 (Act.
1682 3353 1780 3417 tv).
1814 3351 1942 3408 Post

351 3459 543 3528 autem
580 3448 756 3502 visum
800 3456 884 3505 est
926 3446 1131 3524 sanctis
1161 3445 1435 3510 Patribus,
1469 3444 1559 3513 qui
1588 3443 1796 3499 scilicet
1834 3441 1941 3498 illis

360 3540 414 3594 in
453 3539 597 3596 sacri
647 3537 927 3610 regiminis
962 3537 1153 3596 ordine
1192 3543 1593 3600 successerunt,
1647 3543 1706 3590 ut
1759 3535 1796 3590 ii
1845 3534 1939 3605 qui

360 3638 808 3685 converterentur
844 3628 911 3683 ad
940 3626 1264 3692 .Dominum,
1294 3640 1635 3696 nequaquam
1675 3624 1942 3680 distrahe-

361 3728 481 3775 rent
510 3719 732 3792 praedia,
766 3719 860 3774 sed
887 3733 950 3773 ea
981 3717 1187 3772 sanctis
1214 3715 1473 3772 Ecclesiis
1505 3715 1800 3779 traderent,
1831 3727 1939 3768 non

358 3811 474 3881 jam
531 3809 864 3876 transitorie,
923 3810 1016 3865 sed
1049 3809 1173 3880 jure
1225 3817 1486 3880 perpetuo
1532 3805 1943 3862 necessitatibus

362 3901 720 3972 indigentium
755 3901 1056 3972 profutura.
1083 3901 1151 3955 Et
1178 3910 1329 3956 certe
1366 3915 1464 3970 per
1492 3899 1708 3970 Moysen
1741 3898 1796 3952 in
1827 3897 1945 3966 lege

361 3993 678 4063 pracipitur
719 4009 732 4046 :
771 4010 789 4043 ι
819 3990 1015 4058 Omne,
1057 3991 1251 4062 inquit,
1301 3991 1445 4060 quod
1494 3989 1720 4045 Domino
1757 4002 1947 4044 conse-

363 4097 570 4149 cratur,
616 4089 730 4143 sive
769 4088 953 4152 homo,
998 4086 1113 4141 sive
1166 4100 1319 4157 ager,
1367 4101 1475 4141 non
1516 4085 1800 4150 vendetur,
1845 4098 1947 4140 nec

364 4181 558 4234 redimi
587 4179 807 4249 poterit.
839 4177 1109 4248 Quidquid
1142 4178 1313 4234 semel
1355 4175 1518 4231 fuerit
1547 4184 1944 4240 consecratum,

355 4281 617 4336 sanctum
663 4279 978 4325 sanctorum
1027 4270 1133 4326 erit
1179 4269 1407 4330 Domino
1453 4267 1643 4340 (Leuit.
1691 4269 1884 4336 xxv").
1922 4285 1942 4318 ι

366 4364 509 4424 Ecce
555 4363 645 4426 hic
691 4361 1134 4423 manifestissime
1200 4361 1519 4432 prohibetur
1560 4375 1644 4426 ea,
1685 4374 1805 4432 qua
1849 4357 1949 4412 Do-

269 4517 276 4531 ‘
368 4455 518 4509 mino
560 4463 972 4519 consecrantur,
1001 4453 1086 4507 vel
1126 4453 1285 4507 vendi
1330 4453 1550 4516 debere.
1581 4450 1663 4504 vel
1716 4447 1944 4513 redimi;

369 4543 691 4612 setljussum
722 4552 806 4600 est
843 4559 906 4598 ea
953 4516 1139 4599 sancta
1169 4551 1478 4598 sanctorum
1500 4540 1703 4611 jugiter
1732 4553 1946 4608 perma-
1977 4516 2027 4576 Ῐ)

368 4648 521 4688 nere.
553 4632 663 4687 Cur
686 4648 817 4703 ergo
847 4633 1094 4702 gloriaris
1125 4643 1312 4688 sancta
1361 4640 1670 4687 sanctorum
1703 4639 1753 4684 te
1779 4628 1954 4698 pretio

372 4724 692 4796 redemisse,
719 4733 778 4795 et
805 4739 916 4778 rem
944 4725 1038 4779 Dei
1067 4735 1254 4780 contra
1285 4724 1455 4794 legem
1487 4722 1601 4787 Dei,
1639 4736 1760 4792 qua
1785 4719 1954 4790 gratis

374 4825 713 4894 accipienda,
742 4827 914 4897 gratis
943 4825 1117 4881 danda
1166 4834 1273 4890 est,
1316 4823 1580 4879 venaliter
1608 4818 1957 4892 percepisse?

373 4914 653 4986 Tanquam
677 4933 782 4972 non
814 4917 887 4970 sit
911 4925 1214 4986 peccatum,
1246 4915 1371 4983 quia
1399 4916 1516 4968 sine
1543 4911 1956 4966 consecratione

375 5005 437 5061 ﬁt
497 5005 604 5060 tale
660 5005 1085 5064 commercium?
1152 5005 1256 5059 Sed
1306 5004 1509 5061 idcirco
1561 5000 1797 5057 fortasse
1847 5015 1954 5054 non

376 5099 558 5163 times,
589 5096 714 5166 quia
753 5096 840 5150 lex
877 5096 965 5150 illa
997 5086 1151 5150 vetus
1186 5095 1435 5164 prohibet
1463 5092 1682 5168 quidem
1718 5091 1956 5161 culpam,

378 5190 472 5250 sed
508 5206 616 5243 non
646 5189 848 5260 irrogat
886 5203 1124 5259 pmnam.
1169 5187 1368 5255 Accipe
1414 5186 1595 5257 igitur,
1621 5183 1752 5253 quid
1798 5197 1960 5252 super

380 5279 482 5334 boc
518 5277 778 5333 Romana:
809 5277 1003 5348 prasul
1051 5276 1308 5334 Ecclesia
1353 5274 1663 5331 Bonifacius
1691 5273 1743 5326 in
1762 5272 1963 5326 Decrc-v

379 5370 471 5424 tali
499 5371 704 5424 scribat
733 5369 958 5439 epistola
987 5387 1000 5424 :
1030 5389 1048 5421 ‹
1076 5367 1242 5434 Nulli,
1269 5366 1467 5436 inquit,
1491 5365 1648 5420 liceat
1683 5363 1958 5434 ignorare,

381 5463 508 5530 quia
554 5476 718 5515 omne
761 5462 903 5531 quod
951 5459 1176 5515 Domino
1219 5466 1588 5520 consecratur,
1644 5456 1760 5510 sive
1796 5453 1961 5508 fuerit

382 5551 565 5615 homo,
598 5553 711 5607 sive
756 5550 977 5618 animal,
1010 5550 1124 5606 sive
1169 5563 1318 5621 ager,
1359 5546 1444 5602 vel
1494 5545 1754 5615 quidquid
1791 5542 1959 5604 semel

384 5646 549 5700 fuerit
592 5652 1003 5706 consecratum,
1052 5652 1298 5696 sanctum
1343 5648 1654 5693 sanctorum
1697 5634 1956 5689 crittDo-

385 5740 552 5804 mino,
581 5746 638 5794 et
663 5737 728 5791 ad
748 5734 838 5805 ius
856 5733 1088 5806 pertinet
1107 5728 1470 5794 sacerdotum.
1498 5747 1515 5780 ι
1547 5725 1771 5798 Propter
1793 5722 1954 5798 quod,

2117 3243 2218 3328 libi
2245 3243 2564 3328 notandum,
2595 3261 2740 3332 quod
2777 3273 2885 3314 non
2915 3258 2992 3312 ait
3020 3275 3034 3311 :
3067 3254 3124 3310 Si
3147 3251 3270 3323 quis
3304 3249 3448 3304 banc
3485 3243 3623 3302 obti.

2043 3359 2224 3415 nuerit
2249 3353 2725 3412 consecrationem
2745 3389 2761 3415 ,
2788 3349 2905 3404 sive
2941 3359 3133 3400 manus
3181 3338 3620 3410 impositionem;

2041 3451 2138 3505 sed
2160 3449 2338 3519 potius
2369 3463 2382 3498 :
2410 3444 2468 3499 Si
2490 3444 2634 3512 quis,
2667 3439 2869 3514 inquit,
2900 3452 2995 3506 per
3030 3433 3316 3505 pecuniam
3356 3429 3500 3519 hanc
3519 3423 3620 3479 ob-

2045 3518 2267 3597 tinuerit
2302 3537 2643 3607 dignitatem.
2672 3530 3006 3588 Canonicum
3054 3534 3111 3580 et
3157 3523 3291 3579 illud
3334 3518 3623 3581 asseritur,

2043 3632 2187 3704 quod
2230 3627 2629 3701 promulgatum
2684 3639 2717 3678 a
2755 3621 2958 3679 sanctis
2997 3616 3253 3673 Pati-ibus
3295 3615 3349 3667 in
3393 3608 3619 3666 concilie

2045 3725 2314 3797 reperitur
2338 3741 2352 3776 :
2377 3719 2713 3783 Cavendum,
2743 3724 2800 3772 et
2821 3725 3164 3781 summopere
3186 3701 3624 3778 praecavendum,

2045 3791 2124 3870 π’
2158 3828 2254 3884 per
2301 3811 2560 3865 virtutem
2602 3805 2808 3864 Christi
2857 3799 3138 3872 sanguinis
3190 3791 3625 3852 interdicendum

2044 3907 2346 3980 episcopis,
2405 3914 2463 3960 et
2518 3903 2772 3973 regibus,
2823 3906 2879 3954 et
2923 3896 3177 3951 omnibus
3222 3884 3628 3980 sublimioribus

2046 3978 2428 4076 potestatibus,
2457 4007 2622 4066 atque
2642 3993 2854 4051 cunctis
2881 3988 3184 4046 fautoribus
3207 3993 3263 4038 et
3297 3978 3628 4037 electoribus

2047 4071 2519 4165 quorumcunque,
2554 4097 2716 4157 atque
2737 4081 3179 4143 consensoribus,
3221 4090 3317 4131 seu
3352 4071 3629 4126 ordinato-

2016 4229 2022 4236 .
2049 4158 2204 4244 ribus
2232 4186 2288 4240 in
2316 4158 2484 4256 gradu
2514 4177 2919 4240 ecclesiastico;
2949 4182 3010 4227 ut
3041 4183 3204 4225 nemo
3239 4180 3336 4236 per
3369 4158 3630 4218 simonia-

2049 4292 2168 4332 cam
2209 4273 2457 4329 baresim
2489 4267 2769 4338 regiminis
2803 4265 2978 4318 locum
3015 4258 3278 4318 obtineat,
3308 4259 3632 4321 quacunque

2050 4368 2304 4430 factione,
2333 4362 2648 4423 calliditate,
2678 4354 3057 4430 promissione,
3086 4364 3178 4403 seu
3219 4338 3627 4400 commoditate,

2051 4468 2144 4514 aut
2170 4457 2460 4512 donatione
2485 4467 2582 4522 per
2613 4465 2692 4515 se,
2721 4455 2807 4502 aut
2835 4459 2933 4514 per
2957 4441 3210 4496 emissam
3244 4445 3552 4522 personam.

2125 4544 2226 4604 llic
2271 4518 2502 4611 quoque
2535 4535 2857 4596 notandum,
2896 4527 3039 4598 quod
3097 4539 3218 4578 cum
3249 4518 3625 4611 praemisisset,

2054 4608 2338 4704 episcopis,
2383 4608 2528 4683 illico
2567 4622 2822 4686 subdidit,
2859 4619 3097 4686 regibus,
3148 4608 3492 4704 etomnibus
3536 4621 3624 4704 su.-

2054 4695 2395 4780 b'limio-ribus
2423 4713 2814 4788 potestatibus;
2859 4717 2920 4763 ut
2949 4722 3054 4761 non
3105 4703 3264 4757 modo
3290 4696 3526 4755 cavenda
3564 4695 3636 4748 sit

2058 4815 2284 4872 baresis
2313 4812 2404 4868 illa
2430 4809 2559 4866 solis
2581 4808 2846 4862 duntaxat
2871 4798 3160 4870 episcopis,
3191 4793 3281 4864 qui
3314 4803 3636 4846 consecran-

2058 4909 2142 4962 dis
2189 4919 2383 4960 manus
2428 4902 2741 4969 imponunt;
2792 4893 2885 4947 sed
2932 4900 2986 4945 et
3033 4883 3380 4944 saecularibus
3417 4891 3633 4949 quoque

2059 4996 2414 5069 principibus,
2452 4990 2542 5061 qui
2596 4989 2722 5042 licet
2766 4984 2986 5055 injuste,
3035 4979 3215 5046 aliquo
3257 4972 3414 5026 modo
3455 4979 3635 5069 tamen

2064 5057 2336 5148 Ecclesias
2366 5057 2563 5138 futuris
2591 5077 2898 5134 rectoribus
2941 5071 3182 5128 tradunt.
3214 5065 3349 5119 Nam
3383 5076 3503 5115 cum
3542 5057 3639 5111 ali-

2060 5181 2190 5251 quid
2220 5179 2320 5233 sub
2357 5173 2647 5230 venalitatc
2685 5165 2998 5236 suscipitur,
3021 5169 3075 5215 et
3100 5158 3230 5251 illud
3259 5151 3443 5251 procul
3474 5149 3638 5251 dubio

2062 5239 2430 5334 comparatur,
2487 5260 2630 5329 quod
2670 5274 2737 5312 ex
2779 5252 3101 5308 necessitate
3148 5242 3518 5313 subsequitur.
3558 5239 3641 5293 Ad

2064 5331 2357 5415 hoc—enim
2399 5348 2688 5423 pastoralis
2737 5343 2976 5400 Ecclesia
3017 5341 3213 5408 cuique
3261 5331 3662 5392 committitur,

2068 5461 2126 5508 ut
2163 5449 2231 5503 ad
2271 5421 2674 5515 ejus—regimen
2720 5435 3072 5493 obtinendum
3116 5426 3522 5486 consecratione
3554 5421 3645 5474 (ir.

2066 5552 2272 5606 metur;
2311 5547 2366 5593 et
2403 5537 2469 5591 ad
2517 5536 2620 5589 hoc
2649 5532 2767 5587 sine
2797 5529 2956 5585 dubio
2989 5525 3197 5582 collata
3227 5519 3468 5592 pecunia
3497 5529 3645 5606 com-

2067 5631 2328 5687 mercium
2356 5632 2584 5697 spectat,
2614 5622 2682 5676 ad
2721 5619 2864 5692 quod
2907 5618 2950 5673 is
2991 5616 3081 5687 qui
3111 5622 3196 5669 est
3221 5603 3644 5697 promovendus,

2068 5720 2287 5794 aSpirat.
2320 5690 2458 5773 Hinc
2500 5723 2583 5769 cst
2618 5690 2800 5784 plane,
2829 5706 2971 5779 quod
3001 5720 3109 5761 non
3134 5701 3308 5758 solum
3338 5694 3429 5765 qui
3471 5690 3642 5764 majo-
