4088 6198
405 362 511 418 223

937 359 994 416 S.
1021 359 1225 416 PETRI
1263 357 1549 414 DAMIANI
1573 357 1723 415 OPP.
1755 357 1935 412 PARS
1972 357 2101 415 SEU
2145 361 2380 418 TOMUS
2410 362 2450 417 l.
2483 391 2552 402 --
2592 359 2806 414 EPIST.
2840 359 2967 412 LIB.
3012 357 3143 411 VIII.

3563 358 3670 412 2'23

407 475 558 528 rihus
584 469 942 541 prmfernntur
971 470 1246 535 Ecclesiis,
1293 470 1387 524 sed
1417 478 1472 523 et
1510 469 1615 522 illis
1652 483 1868 538 quoque
1893 469 1984 537 qui
2017 478 2061 534 Α
2160 473 2311 539 Quod
2336 473 2610 541 Eugubina
2636 471 2894 536 Ecclesia,
2913 487 3036 541 qua:
3063 469 3192 524 mihi
3212 469 3410 522 dudum
3429 484 3456 521 a
3474 472 3673 524 vestris

405 564 490 618 vel
525 562 709 632 plebes
735 577 1012 632 agrorum,
1045 561 1129 614 vel
1154 559 1498 615 canonicales
1534 559 1854 630 praebendas
1893 575 1990 630 per

408 655 770 710 interventum
800 653 1039 723 pecuniae
1063 652 1378 722 pestilentcr
1408 651 1702 720 accipiunt,
1733 651 1992 706 simonia-

411 760 489 800 cae
518 745 788 798 haereseos
817 743 1117 798 tendiculas
1167 758 1271 796 non
1305 743 1560 797 evadunt.
1591 741 1693 796 Per
1744 741 1799 799 id
1845 742 1990 795 enim

412 836 555 906 quod
598 835 858 889 venaliter
891 842 1274 903 assequuntur,
1309 833 1376 887 ad
1425 847 1705 888 sacrorum
1732 831 1992 902 graduum

410 929 631 984 ordines
662 928 920 1006 tendunt;
966 935 1022 981 et
1061 925 1327 994 tuncjam
1357 925 1702 980 destinantur
1741 923 1809 977 ad
1849 923 1997 977 ordi-

413 1035 528 1082 nes,
571 1035 693 1073 cum
737 1018 813 1070 illi
853 1018 1177 1086 suscipiunt.
1218 1032 1316 1086 per
1353 1031 1473 1085 qu:e
1498 1015 1710 1070 scilicet
1753 1013 1821 1068 ad
1858 1012 1998 1068 obti-

415 1111 592 1164 nenda
639 1123 918 1164 sacrorum
967 1107 1228 1176 graduum
1279 1107 1612 1160 incrementa
1661 1105 1995 1174 pertingant.

421 1199 674 1254 lnitiatur
715 1199 860 1252 enim
893 1197 960 1250 ad
1002 1195 1282 1266 dignitatis
1318 1195 1588 1258 ordinem,
1627 1194 1720 1264 qui
1753 1193 1820 1247 ad
1860 1191 1998 1248 obti-

417 1291 651 1344 netidam
683 1289 892 1342 ordinis
928 1287 1274 1341 constituitur
1300 1285 1635 1355 dignitatem.

489 1379 616 1434 Haec
658 1396 742 1432 me
783 1379 1020 1433 breviter
1065 1378 1326 1431 adversus
1355 1391 1450 1432 eos
1479 1378 1716 1432 dictasse
1743 1371 1997 1440 sufiiciat,

417 1471 512 1542 qui
569 1471 690 1526 sine
751 1485 944 1523 mattus
998 1469 1341 1538 impositione
1384 1467 1650 1522 venaliter
1700 1466 2000 1524 Ecclesiam

419 1561 761 1630 acquisiisse,
788 1575 893 1614 non
924 1575 1044 1614 esse
1089 1559 1448 1613 simoniacum
1477 1558 1866 1626 dogmatizant.
1899 1555 2001 1623 Qui

421 1654 677 1709 nimirum
707 1653 751 1706 si
777 1653 880 1706 hoc
909 1651 1248 1721 simpliciter,
1279 1661 1438 1719 prout
1459 1650 1560 1704 sibi
1585 1650 1880 1714 videretur,
1909 1665 2006 1702 ex-

421 1744 742 1814 primerent,
770 1739 924 1797 stulti
950 1741 1030 1796 vel
1063 1742 1284 1796 hebetes
1307 1741 1504 1795 merito
1527 1739 1840 1794 dicerentur
1870 1753 1885 1792 :
1909 1738 2002 1793 sed

2093 566 2470 621 decessorilms
2499 573 2583 619 est
2624 564 2938 627 commissa,
2972 578 3147 622 nunc,
3186 561 3322 630 proh
3353 560 3536 614 dulor!
3592 570 3677 616 cst

2093 658 2314 712 omnino
2340 657 2586 720 confusa,
2620 665 2674 709 et
2712 655 2847 708 velut
2873 669 3000 708 area
3048 668 3169 721 quae
3197 651 3424 722 pedibus
3453 651 3677 705 concul-

2095 760 2268 812 catur,
2303 751 2534 820 abiecta,
2566 749 2804 819 peccatis
2830 747 2967 801 meis
3006 745 3058 799 id
3085 743 3426 813 exigentibus
3455 745 3676 814 deputo,

2098 857 2203 895 non
2233 840 2382 904 vitio,
2414 841 2556 907 quod
2586 839 2749 902 absit,
2780 845 2974 892 vestra:
3018 833 3305 905 parvitatis
3335 832 3400 905 [ι’.
3434 833 3678 902 paterni-

2096 929 2250 1001 tatis]
2287 929 2520 984 ascribo.
2553 927 2839 982 Multitudo
2883 925 3082 998 quippe
3117 939 3361 978 meorum
3411 923 3680 977 scelermn

2097 1020 2284 1090 exigit,
2317 1027 2376 1073 ut
2421 1019 2466 1077 is
2518 1019 2681 1073 etiam
2729 1017 2962 1086 pr0priis
3017 1015 3270 1070 manibus
3316 1025 3439 1067 meo
3472 1010 3682 1081 pectori

2099 1111 2292 1164 vulnus
2319 1109 2542 1179 inﬂigat,
2574 1125 2672 1179 pro
2696 1123 2805 1178 quo
2834 1123 2939 1162 non
2975 1107 3249 1161 enerviter
3295 1113 3446 1158 stans
3474 1105 3673 1157 adver-

2099 1215 2193 1256 sus
2242 1207 2408 1255 totum
2473 1199 2730 1253 mundum
2783 1205 3054 1252 certamen
3123 1195 3426 1263 assumpsi;
3490 1205 3687 1261 meque

2101 1291 2312 1362 gladiis,
2341 1305 2405 1345 ac
2423 1289 2635 1361 sagittis
2658 1288 2824 1344 totius
2853 1287 2967 1342 fere
3017 1286 3238 1340 humani
3271 1287 3488 1354 generis
3517 1291 3688 1337 durus

2099 1395 2156 1438 et
2205 1381 2585 1452 insuperabilis
2631 1380 2954 1434 colluctator
2999 1377 3194 1444 objeci.
3247 1375 3481 1430 lloccine
3529 1373 3686 1434 mihi,

2105 1473 2429 1529 venerabilis
2467 1471 2652 1538 Pater,
2685 1471 2940 1526 meritum
2977 1467 3286 1532 reddidisti,
3328 1467 3472 1536 quod
3509 1479 3690 1520 causa

2103 1573 2210 1619 tua:
2267 1574 2554 1632 perorator
2607 1562 2660 1616 in
2709 1569 3022 1616 sanctorum
3079 1557 3394 1628 pontificum
3444 1553 3693 1608 conciliis

2107 1656 2266 1709 toties
2311 1652 2496 1708 exstiti
2529 1671 2543 1707 ε
2575 1652 2719 1723 quod
2771 1652 2824 1706 in
2875 1649 3162 1720 legationis
3212 1656 3316 1702 tute
3344 1644 3492 1700 euris
3524 1653 3695 1712 atque

2108 1747 2360 1818 negotiis,
2412 1745 2726 1816 frequenter
2776 1746 2831 1799 in
2881 1743 3221 1798 swcularium
3250 1783 3266 1808 ,
3320 1740 3690 1807 laicorumque

419 1831 678 1903 quoniam
711 1830 955 1886 nonnulli
995 1831 1178 1884 talium
1209 1828 1260 1882 id
1302 1829 1606 1898 procaciter
1635 1835 1908 1902 astruunt,
1949 1838 2004 1883 et
2035 1825 2080 1884 Β
2111 1849 2398 1900 conventu,
2427 1825 2583 1906 quasi
2607 1835 2828 1905 quidam
2852 1834 3160 1890 causidicus
3187 1831 3695 1888 decumanum-

423 1923 747 1992 quibusdam
772 1921 1198 1985 cavillationum,
1233 1929 1784 1991 argumentorumque
1815 1935 2004 1974 versu-

425 2015 514 2069 tiis
553 2015 914 2085 pervicaciter
964 2014 1198 2083 allegare
1245 2014 1601 2077 contendunt,
1659 2027 1769 2067 non
1817 2013 2008 2067 imme-

425 2106 555 2170 rito,
591 2107 734 2176 quod
785 2107 935 2160 inviti
969 2106 1222 2170 dicimus,
1265 2106 1644 2160 hmreticorum
1687 2118 1880 2158 nomen
1923 2094 2007 2157 in-

426 2203 674 2249 currunt.
722 2194 836 2249 Non
866 2196 1009 2248 enim
1046 2210 1200 2249 error
1248 2193 1590 2258 haereticum,
1619 2193 1714 2248 sed
1751 2193 2005 2262 pervicax

426 2289 723 2345 obstinatio
760 2289 910 2344 facit.
957 2288 1070 2344 Nec
1099 2303 1288 2344 omnes
1329 2287 1569 2343 haeretici
1619 2286 1832 2340 dicendi
1881 2293 2010 2340 sunt

426 2372 528 2448 qui
547 2380 840 2448 opinantur
864 2392 1131 2442 errorem,
1168 2378 1264 2433 sed
1290 2379 1380 2447 qui
1418 2376 1770 2448 pertinaciter
1827 2385 1883 2431 et
1911 2390 2012 2429 au-

428 2471 617 2528 dacter
631 2471 944 2546 praedicant
969 2470 1278 2524 falsitatem.

504 2561 600 2616 llis
643 2561 830 2631 itaque
870 2560 1320 2631 praedicatoribus
1365 2567 1590 2621 satana}.
1641 2567 1696 2613 et
1751 2557 2012 2628 apostolis

431 2653 780 2718 antichristi,
817 2662 874 2706 ιιι
920 2651 1246 2706 venerabilis
1284 2650 1478 2715 Pater,
1527 2649 1764 2705 caelestis
1809 2649 2011 2720 eloquii

432 2746 612 2816 gladio
639 2747 968 2816 praecinctus
992 2760 1240 2808 occurre,
1295 2752 1346 2799 et
1379 2753 1634 2814 tanquam
1666 2743 1804 2799 alter
1824 2742 2009 2806 Josue,

432 2837 762 2894 Amalccitas
801 2848 1173 2907 Oppugnantes
1205 2835 1368 2890 Israel
1395 2835 1598 2909 (Exod.
1627 2835 1787 2906 xvu),
1832 2834 2016 2905 evagi-

434 2938 564 2982 nato
604 2928 851 2983 canonici
891 2928 1094 2996 vigoris
1123 2942 1400 2987 mucrone,
1432 2935 1735 2997 prosterne.
1768 2925 2016 2982 Tollatur

436 3034 468 3074 e
516 3019 696 3074 medio
742 3020 1070 3089 quantocius
1119 3027 1371 3072 tartareae
1411 3017 1790 3073 amaritudinis
1831 3018 2019 3074 aconi-

434 3118 571 3174 tum,
615 3110 864 3179 ne,quod
911 3110 1070 3173 absit,
1119 3109 1287 3164 ferale
1317 3110 1420 3179 21
1457 3124 1722 3162 venenum
1767 3108 2016 3164 faucibus

2107 1931 2262 1995 cine,
2294 1929 2548 1999 inquam,
2596 1929 2729 1982 mihi
2768 1942 2992 1983 munera
3036 1925 3413 1986 redhibentur,
3449 1922 3592 1992 quod
3621 1921 3694 1980 in

2108 2021 2314 2075 hostes“
2344 2030 2463 2076 tuos
2517 2018 2782 2074 violenter
2837 2018 3102 2082 invectus,
3143 2031 3237 2071 eos
3284 2013 3698 2069 mordacissime

2110 2110 2378 2179 loquendo
2424 2118 2481 2165 et
2537 2109 2828 2165 scribendo
2863 2109 3131 2173 destruxi,
3172 2116 3331 2176 teque
3361 2119 3460 2175 per
3508 2101 3694 2158 multi-

2110 2202 2285 2256 moda:
2333 2199 2647 2269 scriptionis
2683 2199 2944 2253 articulos
2989 2197 3178 2261 extuli,
3213 2208 3466 2264 tuamque
3495 2206 3698 2246 memo-

2112 2291 2247 2347 riam
2278 2301 2335 2347 et
2358 2291 2586 2362 egregiae
2609 2290 2785 2344 laudis
2816 2289 2966 2361 [add.
3009 2289 3050 2357 Ῑ.
3080 2286 3402 2357 przecouial,
3435 2295 3700 2354 quantum

2112 2383 2166 2438 in
2214 2398 2300 2438 me
2329 2381 2453 2447 fuit,
2501 2385 2667 2437 etiam
2704 2385 2844 2450 apud
2893 2391 3138 2450 posteros
3183 2376 3508 2450 propagavi?
3559 2371 3703 2439 Quid

2112 2479 2293 2547 itaque
2327 2477 2432 2546 22
2465 2475 2721 2542 fecerim,
2781 2474 2982 2543 quidve
3030 2471 3386 2543 pertulerim,
3425 2470 3698 2525 examinis

2113 2571 2284 2628 chIri
2317 2586 2550 2626 censura
2591 2569 2867 2634 discutiat,
2902 2583 2969 2624 ne
3001 2578 3222 2623 coactus
3272 2567 3428 2638 digna
3478 2566 3698 2636 querela

2113 2661 2410 2733 compellar
2434 2660 2673 2724 effluere,
2702 2659 2847 2730 quod
2876 2657 3052 2713 adhuc
3081 2655 3300 2712 silentio
3327 2657 3696 2724 supprimens,

2114 2757 2205 2810 vix
2234 2769 2454 2824 possum
2510 2751 2740 2806 ulterius
2784 2749 3081 2806 occultare.
3131 2747 3245 2802 Hoc
3290 2747 3436 2802 enim
3471 2746 3703 2801 necdum

2116 2851 2286 2906 Roma
2342 2863 2429 2902 me
2485 2845 2852 2908 referentem,
2897 2843 2980 2898 vel
3028 2843 3356 2898 scribentem
3413 2845 3705 2910 cognovit,

2118 2938 2347 2993 necdum
2379 2937 2498 2994 aliis
2529 2953 2628 3009 per
2649 2951 2734 2992 me
2766 2952 2853 2992 res
2882 2935 3007 3001 ista,
3037 2950 3160 3006 qua:
3188 2934 3492 2990 sanctitatis
3513 2942 3710 2988 vestra:

2118 3032 2318 3085 famam
2349 3031 2636 3094 laceraret,
2664 3028 2916 3085 innotuit.
2943 3029 3080 3100 Agat
3107 3042 3238 3098 ergo
3266 3027 3356 3096 qui
3383 3026 3538 3090 latsit,
3568 3026 3712 3080 sicut

2120 3123 2339 3192 dignum
2384 3130 2487 3186 est,
2523 3120 2938 3189 paenitentiam:
2973 3127 3031 3173 ut
3060 3119 3105 3174 is
3147 3122 3238 3188 qui
3281 3117 3438 3172 lmsus
3466 3126 3573 3181 est,
3602 3131 3707 3170 nor.

436 3200 625 3256 influat
681 3202 1048 3270 parvulorum.
1102 3200 1238 3255 Tuis
1283 3210 1544 3269 pmterea
1594 3199 1843 3254 manibus
1896 3199 2011 3254 talis

2121 3213 2478 3283 compellatur
2515 3214 2732 3284 dignam
2784 3227 3115 3282 exaggerare
3162 3210 3459 3279 querelam.
3509 3207 3713 3277 Mitiget

438 3292 722 3346 aromatici
755 3292 1011 3362 pigmenti
1037 3293 1338 3361 quibusque
1360 3291 1739 3361 languentibus
1766 3291 2021 3359 propine-

440 3391 528 3436 tur
576 3383 870 3447 antidotus,
919 3383 1009 3451 qui
1056 3393 1112 3436 et
1154 3381 1404 3436 venenati
1441 3380 1648 3435 erroris
1696 3379 1849 3434 tollat
1897 3379 2022 3433 illu-

435 3481 602 3544 viem,
641 3489 698 3536 et
743 3496 888 3535 same
913 3489 1076 3550 atque
1117 3480 1346 3553 sincerae
1384 3481 1506 3536 fidei
1539 3481 1789 3536 restituat
1816 3479 2025 3550 purita-

440 3582 571 3629 tem.
606 3573 782 3629 Unum
811 3575 863 3628 in
911 3573 1060 3629 calce
1099 3571 1260 3642 hujus
1306 3573 1549 3642 epistolae
1576 3574 1752 3629 sacris
1787 3573 2024 3629 clemen-

439 3665 527 3720 tia:
554 3675 746 3720 vestra:
771 3666 992 3720 auribus
1016 3677 1281 3736 suggero;
1315 3673 1375 3720 ut
1404 3665 1455 3719 in
1486 3674 1752 3736 quantum
1793 3663 2024 3719 facultas

439 3757 695 3824 suppetit,
733 3771 1008 3825 nunquam
1039 3757 1120 3810 vel
1161 3755 1299 3820 fieri,
1330 3756 1415 3810 vel
1457 3769 1577 3811 esse
1603 3756 1884 3826 permittat
1912 3756 2026 3825 epi-

438 3861 685 3917 scopum,
723 3862 886 3918 quem
913 3847 980 3902 ad
1015 3847 1238 3902 honoris
1262 3847 1474 3902 culmen
1499 3848 1806 3903 constiterit
1832 3862 2024 3903 ascen-

439 3937 586 3992 disse
628 3951 725 4006 per
763 3937 1045 4006 pra-mium
1075 3952 1090 3991 :
1115 3937 1201 3990 vel
1248 3937 1433 4002 etiam,
1482 3938 1626 4006 quod
1670 3935 2026 3992 damnabilius

439 4037 547 4090 est,
582 4043 680 4098 per
704 4028 928 4084 curialis
955 4028 1201 4099 obseqtl'i
1227 4026 1564 4082 famulatum.
1601 4028 1757 4082 Absit
1781 4028 1930 4082 enim
1969 4036 2030 4083 ut

441 4121 534 4191 qui
565 4121 897 4192 prtelationis
933 4121 1138 4176 ambitu
1162 4119 1480 4176 s:ecularem
1509 4119 1679 4174 coluit
1705 4119 2025 4190 principem,

440 4212 743 4283 spiritalem
773 4211 1127 4267 ecclesiastici
1153 4210 1405 4266 culminis
1428 4211 1668 4266 obtineat
1691 4211 2028 4282 dignitatem;

973 4324 1305 4382 EPISTOLA
1352 4325 1494 4382 XIV.

1074 4432 1141 4472 AD
1179 4433 1420 4474 ευιιοειι.

441 4513 838 4576 Attonitas-run.
855 4509 1132 4580 ——lnjuria
1176 4505 1675 4580 quadamalfectus
1702 4507 1772 4580 ab
1799 4507 2032 4580 Alexan-

513 4585 614 4638 dro
656 4596 871 4637 summo
905 4578 1181 4650 pontifice,
1229 4587 1284 4633 et
1315 4578 1556 4634 Ecclesia
1609 4579 2032 4650 Eugubina,7cui

513 4654 631 4725 ipse
652 4649 1241 4725 przeerat,tnagnopere
1261 4651 1598 4725 perturbata,
1618 4649 1810 4725 leviter
1831 4649 2030 4725 potius,

513 4719 675 4794 quam
703 4721 898 4776 acerbe
921 4719 1229 4794 expostulat
1251 4721 1588 4794 exprobrans
1607 4720 1658 4794 ci
1689 4734 1786 4773 sua
1812 4719 2028 4794 merita,

515 4789 570 4852 et
606 4794 818 4847 labores
865 4806 964 4860 pro
995 4789 1120 4844 Sede
1153 4789 1446 4860 apostolica
1479 4790 1803 4860 exantlatos,
1832 4789 2032 4858 quibus

519 4866 783 4935 imparem
809 4859 1044 4935 gratiam
1096 4859 1321 4935 relatam
1369 4860 1740 4935 conqueritur.
1785 4859 2031 4935 Postulat

512 4929 667 5006 ergo,
696 4941 754 4986 ut
776 4929 878 4985 sibi
921 4931 1100 5006 aliquo
1139 4931 1297 5006 modo
1315 4929 1578 5006 satisfiat,
1609 4945 1674 4983 ne
1700 4945 1853 5006 suam
1893 4929 2030 4983 indi-

519 4998 848 5078 gnationem,
888 5013 943 5056 et
987 5002 1189 5069 justum
1241 4998 1505 5078 dolorem,
1561 5015 1721 5078 quem
1767 5001 2032 5078 hactenus

520 5069 908 5137 occultaverat,
957 5080 1182 5141 cogatur
1220 5069 1340 5124 aliis
1377 5069 1553 5138 palam
1605 5069 1800 5141 facere.
1835 5070 2030 5141 Depre-

519 5155 676 5202 oatur
719 5159 933 5212 quoque
972 5139 1067 5212 pro
1117 5141 1491 5194 Ravennatum
1537 5140 1813 5210 episc0po,
1862 5150 1920 5192 ut
1952 5139 2033 5212 Aab

523 5209 884 5272 anathematis
924 5209 1150 5266 vinculis
1200 5213 1462 5273 solvatur,
1492 5224 1558 5264 ne
1607 5220 1827 5279 prepter
1875 5209 2032 5264 unius

520 5283 732 5354 culpam
793 5285 1040 5354 universa
1110 5284 1300 5336 civitas
1347 5280 1731 5354 periclitetur._
1760 5280 2033 5354 f'lura‘se

523 5355 591 5414 ad
615 5350 742 5410 eum
791 5353 1040 5406 mandata
1073 5353 1285 5408 dedisse
1314 5350 1503 5408 scribit
1529 5350 1771 5415 homini,
1810 5351 1900 5420 qui
1935 5350 2034 5406 has

523 5424 732 5480 litteras
773 5423 983 5478 laturus
1008 5433 1149 5476 erat.

523 5515 730 5570 Domno
771 5516 1097 5567 ALEXANDBO
1123 5529 1348 5569 summae
1375 5513 1520 5568 sedis
1545 5511 1800 5578 antistiti,
1818 5511 2032 5568 Ρετιιυε

451 5616 708 5684 peccator
740 5606 1036 5661 monachus
1065 5608 1400 5662 servitutem.

525 5749 640 5821 (78)
667 5746 1032 5822 Aposiopcsis.

2123 3307 2226 3362 olei
2258 3308 2498 3362 suavitas
2528 3307 2665 3362 aceti
2696 3307 2994 3362 mordentis
3027 3317 3270 3367 acorem,
3316 3310 3373 3354 et
3403 3297 3712 3356 tumcfactis

2125 3397 2427 3466 asperrima
2458 3397 2841 3451 verberatione
2870 3393 3156 3457 vibicibus,
3195 3389 3342 3446 mitis
3372 3405 3436 3444 ac
3484 3389 3713 3444 blandus

2124 3486 2508 3542 beneficiorum
2536 3487 2714 3558 liquor
2745 3485 2934 3541 influat
2973 3484 3281 3545 lenitatem;
3338 3480 3575 3548 alioquin
3619 3496 3715 3535 ne-

2125 3591 2277 3632 cesse
2297 3578 2408 3648 jam
2433 3577 2538 3633 erit
2581 3587 2660 3633 tot
2689 3577 2890 3632 ictuum
2919 3575 3143 3631 verbera
3170 3571 3482 3645 perferenti,
3515 3578 3572 3624 ut
3603 3569 3716 3640 ipse

2125 3687 2340 3745 quoque
2362 3671 2546 3746 (78)...
2575 3669 2682 3729 Sed
2699 3668 2815 3739 jam
2844 3667 3071 3724 faenum
3101 3666 3361 3733 libertati,
3385 3663 3717 3737 procacitate

2125 3773 2322 3846 lingua:
2349 3783 2618 3840 repressa,
2650 3765 2898 3829 adhibet),
2931 3761 3088 3818 labiis
3127 3761 3351 3832 digitum
3386 3772 3713 3830 superpouo,

2128 3865 2300 3935 etqni
2331 3861 2607 3917 miseriam
2647 3870 2841 3929 passus
2893 3869 3037 3919 sum,
3082 3849 3512 3907 misericordiam
3559 3857 3715 3903 versa

2129 3957 2248 4011 vice
2295 3953 2549 4022 deposco.

2221 4043 2488 4098 Praeterea
2546 4039 2612 4094 de
2665 4034 3042 4092 infelicissimo
3097 4031 3414 4114 Ravennate
3464 4027 3719 4098 episc0po

2129 4133 2474 4192 clementiam
2519 4141 2714 4186 vestra:
2763 4125 3072 4183 sanctitatis
3120 4121 3392 4193 imploro,
3449 4129 3612 4189 atque
3661 4123 3720 4170 ut

2130 4239 2277 4291 enin,
2303 4227 2444 4280 sicut
2467 4223 2596 4277 olim
2625 4219 2964 4283 decrevistis,
3001 4216 3213 4271 solvere
3247 4212 3560 4282 dignemini,
3592 4206 3723 4279 snp-

2131 4318 2345 4391 pliciter
2391 4317 2639 4371 obsecro.
2687 4311 2969 4384 Indignum
3006 4309 3206 4379 quippe
3244 4315 3349 4369 est,
3391 4313 3450 4359 ut
3499 4310 3721 4391 propter

2134 4390 2294 4465 unius
2342 4405 2720 4462 homuncionis
2777 4400 3084 4466 oll‘ensam,
3143 4407 3254 4451 tam
3308 4390 3722 4449 innumerabilis

2134 4497 2422 4553 multitudo
2471 4494 2752 4551 hominum
2808 4491 3101 4560 depereat;
3159 4494 3216 4542 et
3256 4492 3466 4540 tantum
3519 4479 3720 4537 Christi

2135 4589 2396 4651 laborem,
2427 4600 2524 4654 pro
2549 4599 2658 4653 quo
2690 4581 2984 4652 pretiosqu
3012 4576 3334 4647 sanguinem
3359 4573 3524 4637 fudit,
3551 4585 3615 4624 ac
3645 4578 3726 4624 tot

2134 4678 2483 4735 innocentum
2526 4673 2738 4728 animas
2765 4667 3088 4726 miseranda:
3114 4667 3272 4721 unius
3295 4677 3540 4734 persona:
3567 4659 3722 4730 culpa

2133 4773 2438 4830 subvertat.

2206 4861 2467 4916 Nolumus
2507 4866 2690 4920 autem
2741 4864 2964 4912 sanctos
3014 4851 3201 4908 oculos
3237 4858 3449 4907 vestros
3492 4861 3728 4904 onerare

2133 4954 2376 5025 pluribus
2407 4951 2625 5014 litteris,
2669 4947 2763 5003 sed
2791 4947 2973 5002 omnia
2997 4962 3118 5016 qua!
3141 4944 3370 4999 dicenda
3398 4950 3547 5006 sunt,
3571 4955 3728 4994 corn-

2133 5045 2402 5099 mittimus
2425 5040 2779 5112 experientiae
2821 5036 3126 5112 portitoris.
3160 5033 3314 5088 Hunc
3347 5032 3508 5100 igitur
3537 5038 3724 5083 sancta

2132 5134 2419 5196 clementia
2475 5141 2694 5196 vestra,
2740 5129 2896 5199 quasi
2948 5119 3037 5181 ine
3080 5125 3392 5195 loquentem
3439 5121 3730 5191 diligenter

2059 5263 2066 5270 -
2133 5225 2413 5291 intendat,
2451 5223 2642 5294 sicque
2690 5221 2900 5276 duabus
2943 5216 3298 5289 petitionibus
3349 5212 3552 5284 nostris
3588 5226 3729 5280 quas

2134 5316 2224 5372 hic
2301 5312 2656 5369 transcursim
2706 5310 3070 5380 celeriterque
3116 5304 3576 5377 perstrinximus,
3628 5315 3727 5354 au-

2136 5419 2268 5463 nuat
2297 5426 2310 5462 ;
2339 5416 2399 5462 ιιι
2430 5417 2485 5461 et
2514 5421 2613 5460 nos
2639 5404 2860 5459 nuntios
2889 5419 2952 5456 ac
2981 5399 3224 5455 vehicula
3282 5396 3495 5451 misisse
3527 5409 3622 5464 per
3647 5400 3730 5446 tot

2139 5509 2404 5554 terrarum
2429 5496 2602 5566 spatia
2631 5511 2736 5550 non
2767 5494 3049 5562 paeniteat,
3080 5499 3135 5546 ct
3168 5503 3321 5543 meus
3368 5495 3578 5546 nostra,
3607 5499 3730 5553 qua:

2137 5591 2279 5646 circa
2313 5603 2427 5644 vos.
2461 5603 2568 5643 non
2611 5587 2788 5644 dicam
2841 5593 3115 5654 tepescere
3141 5623 3156 5648 ,
3203 5583 3296 5638 sed
3354 5581 3534 5650 potius
3568 5579 3728 5648 frige-
