4078 6202
454 316 559 379 927

993 310 1052 375 S.
1095 313 1300 374 PETRI
1330 311 1616 374 DAMIANI
1655 316 1808 375 OPP.
1851 311 2030 375 PARS
2068 316 2201 378 SEU
2235 312 2534 377 TOMUSL
2568 352 2635 362 —
2674 320 2890 377 EPIST.
2929 321 3057 377 LIB.
3093 320 3227 377 Vill.

3614 326 3720 382 2‘28

453 453 585 509 grua
608 476 623 500 ,
671 434 771 487 nisi
829 434 980 503 prius
1022 433 1091 485 ab
1138 431 1286 486 omni
1330 429 1566 485 carnalis
1603 430 1873 486 illecebrae
1921 432 2037 487 fue-
2064 438 2113 496 Α
2140 432 2349 503 gladius
2375 432 2611 503 Spiritus
2638 442 2721 488 est
2744 433 2969 487 Verbum
2998 434 3091 488 Dei
3124 432 3339 505 (Epiros.
3371 436 3481 506 vt);
3515 456 3532 490 ι
3554 448 3608 494 et
3638 455 3723 496 te-

453 530 526 583 rit
579 529 801 581 humore
846 524 1069 578 siccata.
1126 521 1281 576 Sicca
1326 520 1525 591 quippe
1570 522 1770 577 chorda
1827 522 2035 577 clarum

450 614 752 671 harmoniae
790 613 1050 677 sonitum,
1083 610 1303 665 humida
1349 610 1523 664 reddit
1549 610 1820 665 obtusum.
1872 611 2039 682 T3m~

449 719 648 777 panum
674 719 886 776 quoque
904 702 1135 757 surdum
1176 709 1354 765 sonat,
1379 700 1422 755 si
1449 700 1674 770 quilibet
1698 716 1820 756 eum
1859 701 2034 770 liquor

452 797 748 852 humectat.
778 793 870 848 Sic
915 805 1138 847 necesse
1182 799 1287 854 est,
1318 798 1379 843 ut
1409 804 1561 845 mens
1592 790 1824 845 hominis
1854 806 1884 843 a
1913 804 2034 844 car-

450 887 536 941 nis
564 884 838 954 voluptate
887 881 959 936 sit
1007 880 1179 945 arida,
1225 888 1495 949 quatenus
1544 879 1598 933 in
1646 879 1739 934 Dei
1789 876 2035 949 omnipo-

449 976 615 1029 tentis
663 974 885 1027 auribus
931 972 1048 1042 ejus
1097 971 1273 1024 oratio
1324 971 1396 1024 sit
1444 978 1656 1040 arguta.
1709 970 2029 1035 Enimvero,

448 1066 590 1119 sicut
615 1064 804 1118 oculus
834 1063 960 1117 dum
993 1061 1125 1115 solis
1162 1076 1222 1115 se
1269 1060 1434 1114 radiis
1465 1058 1679 1128 objicit,
1710 1060 1893 1115 videre
1921 1059 2035 1114 fru-

447 1167 560 1213 stra
592 1157 894 1220 contendit,
934 1164 988 1210 et
1026 1169 1191 1209 cavos
1236 1154 1453 1223 quidem
1504 1153 1688 1216 orbes,
1720 1167 1786 1206 ac
1832 1164 2033 1205 vacuas

446 1247 663 1318 pupillis
689 1246 977 1317 palpebras
1016 1246 1255 1314 pandere
1285 1244 1498 1307 nititur,
1527 1242 1621 1297 sed
1667 1242 2029 1327 splendorem,

447 1354 556 1407 quo
586 1336 949 1407 perfunditur,
982 1335 1286 1389 nullatenus
1313 1335 1585 1397 intuetur;
1618 1331 1699 1387 sic
1724 1332 1790 1385 ad
1812 1330 2032 1401 conspi-

448 1428 698 1484 ciendam
736 1426 1209 1496 contemplationis
1233 1424 1408 1479 lucem
1438 1438 1560 1479 sese
1588 1422 1826 1477 inaniter
1847 1421 2028 1492 erigit,

446 1520 539 1588 qui
572 1533 670 1589 per
694 1516 970 1573 saecularis
991 1517 1114 1571 vita:
1144 1515 1396 1569 meritum
1426 1515 1598 1569 aciem
1626 1513 1807 1568 cordis
1830 1512 2028 1567 amisit.

444 1608 582 1665 Nam
630 1609 677 1663 si
715 1608 942 1677 quilibet
971 1608 1186 1675 ignotus
1227 1605 1533 1661 cubiculum
1575 1604 1719 1674 regis
1745 1603 2029 1672 irrumpat,

444 1701 605 1770 eique
630 1714 870 1770 przesens
899 1708 1154 1767 tanquam
1187 1696 1468 1751 familiaris
1497 1695 1717 1749 assistat
1735 1734 1750 1760 ,
1779 1695 1923 1764 regis
1948 1700 2032 1747 ta-

2139 538 2264 577 vera
2297 530 2404 576 tam
2430 522 2678 577 immanis
2706 538 2972 592 pressura:
3000 522 3277 579 calamitas
3318 527 3579 583 incumbit
3616 531 3721 587 Ec-

2132 612 2332 677 clesiis,
2356 621 2417 665 ut
2453 621 2708 681 tanquam
2754 612 3099 683 Babylonica:
3143 614 3369 685 legionis
3422 619 3568 673 acies
3615 622 3722 675 cir-

2133 702 2403 769 cumfusa,
2442 712 2497 758 et
2530 702 2830 759 Jerusalem
2883 720 3005 760 cum
3062 705 3270 761 civibus
3323 708 3435 763 suis
3476 710 3722 768 videatur

2131 800 2373 854 obsessa.
2402 796 2706 853 Saeculares
2732 798 2875 852 enim
2908 796 3135 868 quilibet
3161 799 3538 857 ecclesiastica
3588 801 3718 871 jura

2132 890 2450 954 corradunt,
2488 889 2688 945 salaria
2731 891 3103 955 subtrahunt,
3151 894 3524 962 possessiones
3568 896 3724 951 inva-

2133 981 2287 1046 dunt,
2312 990 2367 1036 et
2385 981 2465 1036 sic
2501 981 2774 1051 stipendia
2823 996 3144 1051 pauperum,
3180 984 3330 1039 velut
3384 985 3619 1041 hostium
3662 1003 3722 1043 se

2131 1081 2410 1142 reportare
2440 1073 2725 1128 manubias
2754 1072 3073 1143 gloriantur.
3117 1073 3221 1144 Ipsi
3251 1090 3465 1145 quoque
3492 1079 3719 1132 saecula-

2131 1177 2222 1218 res
2253 1162 2604 1218 nihilominus
2628 1164 2769 1218 inter
2788 1177 2849 1219 se
2874 1164 3077 1234 proprii
3094 1163 3237 1233 juris
3267 1167 3407 1221 bona
3430 1167 3717 1239 diripiunt,

2133 1251 2272 1308 alter
2301 1253 2455 1308 alteri
2484 1255 2958 1324 supergredientes
2983 1256 3320 1327 impingunt,
3368 1268 3422 1313 et
3468 1262 3523 1314 in
3571 1276 3721 1315 com-

2132 1348 2282 1402 muni
2305 1346 2503 1403 mundo
2532 1347 2791 1413 conclusi,
2816 1349 2944 1418 Quia
2975 1350 3073 1405 soli
3107 1364 3229 1405 esse
3262 1363 3559 1421 nequeunt,
3602 1372 3720 1409 mu-

2135 1449 2223 1494 tua
2253 1454 2311 1494 se
2347 1440 2667 1509 pervasione
2696 1441 2976 1497 collidunt.
3029 1441 3151 1498 Mox
3180 1446 3506 1502 arundineas
3556 1450 3724 1504 rusti-

2133 1545 2318 1585 corum
2350 1538 2553 1601 tegetes
2574 1533 2963 1602 aggrediuntur
2976 1549 3241 1599 exurere,
3274 1545 3331 1591 et
3378 1537 3451 1593 fel
3495 1542 3722 1597 atrocis-

2132 1620 2256 1675 simi
2309 1620 2532 1685 liveris,
2594 1621 2737 1689 quod
2792 1623 2906 1678 suis
2939 1624 3126 1694 utique
3172 1637 3445 1696 neQueunt
3490 1628 3722 1687 inimicis

2136 1712 2432 1778 invomere,
2459 1713 2767 1769 imbellibus
2798 1731 2905 1770 non
2945 1717 3275 1772 erubescunt
3323 1720 3539 1775 rusticis
3596 1738 3724 1792 pro-

447 1804 573 1844 men
616 1787 852 1858 alloquio
876 1804 979 1841 non
1005 1787 1330 1857 perfruitur;
1356 1785 1481 1855 quia
1514 1800 1674 1840 carus
1694 1785 1744 1840 ei
1770 1800 1866 1855 per
1885 1793 2033 1839 ante«

2141 1804 2348 1873 pinare.
2390 1804 2457 1859 Et
2485 1813 2612 1859 tunc
2634 1805 2707 1860 sit
2746 1806 2812 1859 ad
2859 1806 3119 1873 litteram,
3174 1809 3319 1877 quod
3363 1785 3721 1883 canitur-per

444 1883 610 1936 rioris
632 1882 838 1937 notitia:
868 1881 1099 1951 gratiam
1129 1895 1235 1933 non
1267 1879 1496 1934 habetur
1523 1896 1536 1933 :
1570 1880 1643 1934 ita
1668 1892 1766 1934 nos
1787 1878 2028 1934 infelices

443 1985 502 2028 et
548 1974 760 2040 miseri,
807 1973 949 2042 quod
994 1970 1212 2041 quidem
1254 1971 1322 2026 de
1365 1971 1469 2025 mei
1519 1971 1785 2026 similibus
1816 1970 2029 2039 loquor,

444 2078 587 2132 sarpe
611 2063 709 2118 soli
743 2063 796 2117 in
828 2071 1070 2131 angus-tte
1095 2059 1302 2115 cellula:
1329 2060 1626 2115 remotione
1660 2058 2029 2122 consistimus,

443 2155 575 2210 solis
597 2155 791 2209 divina:
818 2151 1121 2221 majestatis
1146 2152 1422 2207 obtutibus
1449 2159 1739 2206 trementes
1753 2159 2027 2215 astamus;

444 2246 685 2316 peccatis
740 2254 921 2298 tamen
980 2242 1344 2305 obstantibus.
1390 2240 1473 2295 vel
1516 2241 1692 2295 intimi
1731 2241 2033 2310 splendoris

443 2335 763 2402 igniculum,
789 2333 875 2387 vel
895 2333 1325 2402 compunctionis
1347 2332 1574 2400 gratiam
1601 2346 1705 2384 non
1734 2346 2026 2386 meremur.

444 2424 574 2493 25.
631 2424 724 2478 Sic
768 2423 950 2492 itaque
992 2421 1139 2477 velut
1188 2432 1312 2475 ante
1370 2421 1512 2490 regis
1556 2421 1802 2474 videmur
1848 2429 2032 2475 astare

443 2511 807 2580 praesentiam,
832 2510 926 2564 sed
952 2509 1077 2577 quia
1108 2524 1203 2577 per
1222 2509 1346 2563 vitae
1374 2509 1749 2563 rectitudiuem
1785 2509 1886 2563 sibi
1915 2509 2032 2563 noti

444 2617 549 2655 non
586 2616 793 2665 sumus,
826 2599 1201 2654 collocutionis
1251 2600 1476 2653 internae
1531 2597 1873 2653 dulcedinem
1922 2613 2031 2653 non

441 2700 744 2762 gustamus.
771 2688 904 2753 Sed,
926 2704 961 2743 o
981 2688 1209 2745 dulcedo
1232 2686 1509 2752 melliﬂua,
1538 2703 1662 2743 cum
1690 2687 1951 2743 Dominus
1976 2688 2033 2743 in

441 2795 623 2845 servo,
655 2789 711 2835 et
737 2794 929 2835 servus
957 2779 1257 2834 delectatur
1280 2779 1335 2832 in
1378 2779 1641 2834 Domino!
1673 2778 1827 2835 Unde
1877 2778 2031 2835 Psal-

443 2874 604 2927 mista
641 2890 654 2926 :
690 2891 708 2923 ι
739 2871 935 2927 Suavis
969 2873 1063 2937 sit,
1116 2870 1308 2942 inquit,
1365 2871 1414 2927 ei
1472 2870 1707 2927 laudatio
1751 2885 1892 2937 mea,
1935 2885 2035 2942 ego

441 2975 574 3017 vero
595 2960 906 3017 delectabor
928 2961 983 3015 in
1010 2960 1238 3016 Domino
1264 2957 1441 3031 (Psal.
1464 2961 1607 3032 ent).
1637 2978 1656 3013 ι
1684 2960 1814 3016 Mihi
1854 2968 2035 3017 autem

443 3052 647 3107 misero
673 3050 808 3106 velle
837 3051 1058 3121 quidem
1102 3049 1334 3120 adjacet,
1375 3050 1639 3122 perficere
1683 3062 1866 3109 autem
1924 3068 2034 3109 non

443 3142 659 3198 invenio
688 3140 860 3213 (Rom.
889 3142 1009 3212 vn).
1040 3141 1153 3197 Non
1175 3142 1321 3198 enim
1351 3142 1568 3198 invenio
1592 3144 1647 3198 in
1694 3158 1861 3199 carne
1907 3159 2030 3199 mea
2057 3127 2105 3192 Ο

442 3231 663 3286 bonum.
694 3231 760 3285 Et
786 3232 902 3285 haec
934 3230 1153 3300 quidem
1177 3231 1450 3298 desidero,
1487 3233 1553 3287 ad
1585 3234 1703 3289 htec
1723 3242 1838 3289 toto
1865 3235 2033 3291 corde

441 3322 676 3391 suspiro,
706 3322 802 3377 sed
831 3323 896 3376 ad
939 3324 1054 3378 haec
1081 3324 1457 3393 consequenda
1488 3326 1697 3381 meritis
1742 3327 2033 3397 prohiben-

445 3413 589 3466 tibus
615 3428 721 3467 non
752 3426 995 3485 assurgo.
1033 3412 1205 3480 Quem
1227 3414 1479 3470 videlicet
1509 3424 1563 3470 et
1586 3416 2035 3485 reprehensibilis

441 3502 569 3556 vita:
601 3515 783 3557 reatus
809 3502 1126 3572 impediunt,
1153 3512 1208 3559 et
1234 3506 1506 3560 exteriora
1531 3507 1744 3577 negotia
1768 3506 2032 3577 fulgorem

444 3593 579 3648 lucis
612 3594 814 3648 intimae
836 3594 1158 3665 conspicere
1184 3610 1290 3649 non
1317 3596 1659 3664 permittunt.
1685 3597 1751 3651 Et
1792 3584 1905 3654 haec
1943 3613 2037 3654 ea-

439 3684 561 3736 dem
588 3692 799 3737 terrena
827 3682 1084 3749 turbatio,
1113 3699 1233 3753 qua:
1259 3684 1512 3740 videlicet
1536 3701 1567 3738 a
1618 3687 2035 3756 contemplatio-

442 3774 528 3825 uis
552 3772 747 3826 intuitu
789 3774 985 3829 mentis
1030 3776 1214 3830 obruit
1265 3776 1461 3839 aciem,
1502 3776 1773 3832 scribendi
1820 3792 2037 3847 quoque

444 3864 574 3918 mihi
598 3865 950 3920 nihilominus
977 3867 1168 3920 adimit
1211 3867 1547 3923 facultatem.
1615 3869 1731 3923 lluc
1779 3871 2032 3935 accedit,

440 3955 697 4024 quoniam
726 3955 852 4010 licet
878 3970 976 4025 ego
997 3955 1203 4010 dictare
1233 3956 1372 4010 forte
1425 3957 1557 4026 quid
1608 3957 1838 4022 valeam,
1886 3959 2037 4014 deest

442 4046 785 4115 autiquarius
827 4047 919 4116 qui
972 4046 1319 4100 transcribat.
1377 4046 1485 4102 Sed
1539 4061 1637 4102 cur
1683 4062 1784 4119 ego
1832 4058 2036 4120 negatae

442 4136 878 4205 transcriptionis
906 4152 1104 4207 queror
1130 4137 1418 4205 incuriam,
1444 4155 1567 4195 cum
1588 4156 1694 4194 non
1714 4142 1873 4196 modo
1891 4142 2036 4211 quis-

441 4223 610 4292 piam,
639 4239 759 4292 qua:
782 4225 980 4289 scribo,
1023 4226 1337 4294 transferre,
1368 4229 1463 4283 sed
1507 4245 1575 4283 ne
1614 4231 1775 4285 celeri
1817 4233 2034 4301 quidem

441 4324 596 4369 vacet
619 4314 845 4370 lectione
874 4319 1228 4384 percurrere?
1269 4318 1634 4376 Ecclesiarum
1685 4322 1845 4392 plane
1902 4338 2036 4392 quo-

440 4417 548 4472 que
576 4412 837 4470 rectores,
861 4405 1059 4474 quibus
1081 4407 1417 4476 potissimum
1452 4409 1609 4479 hujus
1635 4412 1711 4466 rei
1761 4429 1889 4468 cura
1938 4415 2031 4470 dc-

443 4494 652 4551 buisset
680 4496 1015 4562 incumbere,
1057 4505 1206 4553 tanto
1239 4500 1525 4556 mundanae
1574 4504 1857 4572 vertiginis
1896 4520 2033 4573 quo-

442 4585 574 4641 tidie
598 4595 846 4641 rotantur
867 4587 1120 4658 impulsu,
1154 4599 1213 4643 ut
1239 4606 1333 4646 eos
1357 4607 1389 4645 a
1418 4593 1766 4649 saecularibus
1786 4596 2028 4651 barbira-

441 4676 581 4731 sium
605 4677 822 4747 quidem
851 4679 1073 4744 dividat,
1098 4682 1194 4736 sed
1234 4683 1379 4738 actio
1431 4699 1537 4740 non
1594 4684 1885 4751 discernat.
1926 4703 2030 4743 nec

441 4784 719 4825 sacrarum
786 4772 1117 4827 meditantur
1171 4774 1383 4844 eloquia
1447 4775 1870 4846 Scripturarum,
1932 4780 2026 4834 sed

440 4859 577 4912 scita
602 4860 797 4929 legum,
825 4871 880 4914 et
906 4861 1119 4917 forense
1142 4862 1390 4933 litigium.
1424 4864 1749 4921 Multitudini
1776 4869 2027 4924 sacerdo-

442 4955 557 5002 tum
589 4966 694 5002 uon
729 4948 999 5003 sufﬁciunt
1031 4952 1320 5008 tribunalia
1340 4953 1585 5021 judicum
1609 4964 1666 5009 et
1687 4957 1825 5012 aula:
1850 4958 2031 5029 regite,

445 5037 574 5092 dum
600 5038 923 5095 clericorum
946 5056 1011 5097 ac
1056 5044 1442 5099 monachorum
1497 5060 1754 5101 evomunt
1801 5051 1989 5106 turbas
2011 5100 2028 5125 ,

443 5128 722 5183 brevitatis
745 5146 854 5183 suae
878 5144 1283 5200 conqueroutur
1310 5135 1602 5204 angustias.
1638 5135 1887 5191 Claustra
1926 5154 2024 5191 va-
2048 5178 2058 5213 ι

442 5225 591 5277 cant,
618 5215 961 5285 Evangelium
994 5219 1282 5286 clauditur,
1323 5231 1377 5277 et
1408 5239 1503 5291 per
1532 5239 1626 5276 ora
1680 5225 2031 5282 ecclesiastici

441 5306 650 5359 ordinis
683 5306 913 5363 forensia
931 5310 1056 5378 jura
1077 5314 1392 5367 decurrunt.
1445 5316 1552 5369 Sed
1594 5318 1803 5371 utinam
1841 5318 2031 5389 legalis

443 5396 605 5450 edicti
629 5397 893 5453 duntaxat
923 5418 1165 5457 essemus
1196 5406 1287 5459 lite
1310 5408 1548 5460 contenti
1575 5410 1585 5462 ι
1612 5409 1776 5463 Arma
1827 5412 2029 5479 potius,

444 5500 595 5539 arma
626 5489 971 5557 corripimus,
1002 5493 1270 5548 vibrantia
1306 5496 1427 5551 telis
1464 5497 1565 5551 tela
1590 5502 1951 5568 conserimus,
1974 5513 2028 5557 et

360 5582 365 5587 ’
444 5594 551 5632 non
582 5582 765 5645 verbo,
792 5583 1054 5640 sedfcrro
1084 5597 1273 5643 contra
1324 5590 1495 5643 nostri
1538 5592 1741 5648 ordinis
1788 5594 2028 5664 regulam
2070 5618 2071 5621 η

443 5672 785 5731 dimicamus.
824 5672 1307 5744 Quibusnimirum
1335 5682 1467 5739 dicit
1494 5685 1817 5755 Apostolus:
1847 5706 1864 5739 ι
1890 5687 2025 5757 Quia

2131 1892 2454 1965 Prophetam
2485 1912 2498 1948 :
2530 1913 2548 1946 ‹
2576 1894 2712 1950 Dum
2741 1897 2983 1966 superbit
3004 1897 3219 1967 impius,
3250 1899 3558 1956 incenditur
3585 1916 3720 1973 pau-

2131 2000 2229 2054 per
2264 1984 2436 2055 (Psal.
2469 1986 2566 2055 ix).
2610 2005 2628 2037 ι
2662 1985 2719 2040 ln
2745 2001 2851 2056 quo
2896 1982 3150 2045 nimirum
3202 1990 3435 2045 nobilior
3487 2002 3569 2048 est
3604 2009 3724 2049 ser-

2131 2076 2351 2146 pentina
2367 2076 2853 2145 virulentia,quam
2866 2077 3103 2133 humana
3131 2081 3443 2137 crudelitas.
3477 2083 3721 2153 Serpens

2132 2168 2275 2221 enim
2303 2167 2439 2238 fugit
2460 2169 2733 2224 hominem
2756 2172 2977 2235 nudum,
3027 2173 3334 2242 aggreditur
3360 2191 3484 2230 eum
3530 2180 3723 2233 morsi-

2132 2255 2255 2323 bus,
2274 2273 2431 2328 quem
2447 2259 2898 2314 cernitindutum.
2925 2261 2993 2315 Et
3034 2260 3269 2319 fortisac
3286 2265 3547 2336 ingenuus
3576 2270 3724 2338 quis-

2132 2360 2238 2414 que
2261 2347 2492 2402 bellator
2513 2348 2648 2402 vitat
2677 2349 2958 2415 inermem,
2987 2352 3202 2421 impetit
3227 2355 3510 2411 adversum
3538 2374 3596 2412 se
3618 2359 3723 2414 tela

2131 2435 2458 2492 vibrantem.
2500 2438 2775 2509 Accipiter
2822 2440 2989 2494 etiam
3030 2442 3121 2497 ubi
3160 2443 3426 2509 nidificat,
3458 2447 3511 2501 in
3542 2449 3723 2518 amplo

2133 2525 2368 2596 quodam
2392 2527 2623 2582 circuitu
2658 2529 2860 2584 nullam
2884 2530 3138 2601 dignatur
3159 2548 3417 2590 exercere
3444 2537 3721 2607 rapinam;

2133 2626 2327 2688 utqua:
2352 2618 2529 2673 facilia
2545 2629 2673 2675 sunt
2716 2631 2767 2675 et
2798 2621 2851 2674 in
2877 2633 3129 2694 promptu
3156 2624 3411 2681 nobiliter
3440 2636 3720 2684 transeat:

2133 2711 2247 2789 23
2269 2712 2320 2765 in
2350 2711 2547 2780 quibus
2574 2728 2700 2767 vero
2730 2712 2903 2781 major
2928 2714 3172 2770 victoriae
3199 2716 3352 2772 labor
3372 2728 3477 2783 est,
3510 2719 3721 2789 longin-

2134 2782 2247 2871 qua.
2265 2802 2565 2872 perquirat.
2596 2802 2692 2857 Isti
2717 2817 2849 2858 vero
2872 2805 3131 2862 adversus
3161 2806 3396 2864 inermes
3420 2824 3571 2864 arma
3600 2826 3725 2866 cor-

2134 2892 2379 2963 ripiunt;
2409 2903 2469 2967 et
2496 2893 2621 2949 dum
2652 2894 2822 2950 fluant
2852 2896 3060 2963 hostes,
3094 2898 3350 2968 vapulant
3381 2901 3719 2960 innocentes.

2132 2981 2305 3039 Porro
2333 2992 2519 3040 autem
2542 2984 2673 3041 dum
2696 2985 2785 3042 hic
2810 2987 2960 3057 prior
2994 2988 3160 3055 laedit,
3209 2992 3455 3061 protinus
3482 2993 3620 3049 alter
3644 2996 3726 3050 in-

2135 3074 2309 3146 surgit
2336 3091 2352 3142 ;
2389 3084 2446 3132 et
2466 3090 2574 3132 non
2597 3077 2812 3133 oculum
2834 3093 2933 3149 pro
2955 3080 3135 3148 oculo,
3152 3082 3306 3154 juxta
3329 3085 3499 3156 legem
3523 3087 3722 3158 (Exod.

2136 3166 2275 3236 xxi),
2304 3166 2401 3222 sed
2424 3165 2591 3223 refert
2616 3181 2739 3224 cum
2766 3168 2976 3228 faenore
3004 3171 3296 3230 laesionem.
3331 3176 3482 3233 Talio
3503 3181 3722 3250 quippe,

2135 3269 2256 3323 quae
2284 3252 2532 3311 Tulliana
2585 3256 2703 3328 lege
2733 3259 3074 3329 decernitur,
3134 3266 3339 3322 nostris
3387 3272 3721 3338 temporibus

2136 3345 2439 3415 ignoratur,
2488 3355 2543 3401 et
2573 3348 2855 3419 disciplina
2890 3352 3161 3417 vindictae.
3209 3372 3331 3425 quze
3385 3361 3486 3413 sub
3533 3362 3723 3432 gentili

2135 3433 2337 3492 dudum
2372 3436 2694 3491 servabatur
2724 3438 2972 3509 imperio,
3020 3460 3163 3501 nunc
3192 3446 3483 3521 Evangelia
3508 3453 3721 3507 veniam

2137 3523 2449 3579 terribiliter
2484 3525 2788 3593 intonante,
2838 3532 3097 3588 nescitur.
3150 3536 3382 3607 ideoque
3432 3556 3529 3609 pro
3568 3543 3721 3612 virga

2138 3622 2419 3681 tauream,
2465 3632 2562 3686 pro
2602 3619 2807 3675 scutica
2857 3621 3089 3686 clavem.
3142 3643 3241 3696 pro
3292 3632 3458 3685 verbo
3495 3632 3723 3699 ferrum,

2135 3719 2235 3775 pro
2263 3715 2416 3762 vecte
2439 3709 2722 3765 redhibent
2745 3711 3002 3782 gladium.
3053 3716 3391 3774 Erubescunt
3421 3738 3526 3776 non
3558 3739 3722 3777 exce-

2137 3794 2355 3849 dentem
2400 3795 2614 3864 injuriae
2642 3799 2837 3866 vicem,
2891 3803 3254 3874 dedignantur
3297 3808 3429 3862 illati
3458 3811 3726 3865 discrimi-

2138 3886 2223 3940 nis
2247 3886 2577 3955 aaquitatcm.
2631 3889 2809 3945 Videri
2834 3894 3066 3949 victores
3096 3906 3259 3966 atque
3305 3900 3579 3956 terribiles
3608 3919 3727 3956 am-

2136 3974 2310 4041 biunt,
2346 3979 2688 4049 triumphalis
2723 3982 2907 4051 gloriae
2959 3985 3144 4042 titulos
3189 3992 3597 4060 concupiscunt.
3634 3994 3727 4048 Sic

2138 4066 2339 4136 itaque.
2370 4068 2497 4123 dum
2542 4086 2680 4125 unus
2710 4072 2981 4139 irascitur,
3011 4076 3151 4131 alter
3193 4081 3261 4133 ad
3291 4080 3554 4135 insaniam
3593 4100 3724 4152 pro-

2140 4164 2363 4210 vocatur
2388 4175 2402 4212 :
2430 4167 2485 4212 et
2504 4158 2680 4214 rabies
2711 4160 2916 4217 rabiem
2944 4175 3191 4233 generat,
3216 4183 3281 4223 ac
3304 4169 3540 4226 furorem
3572 4172 3727 4227 furor

2138 4246 2455 4304 inflammat.
2489 4249 2579 4305 Sic
2612 4260 2670 4306 et
2697 4253 2798 4308 hoc
2828 4257 3201 4325 experimento
3219 4260 3572 4332 dignoscitur,
3596 4264 3725 4333 quia

2137 4338 2183 4392 si
2223 4340 2443 4394 rabidus
2487 4342 2640 4397 canis
2670 4343 2944 4399 hominem
2993 4345 3133 4403 forte
3162 4352 3537 4417 momorderit,
3572 4364 3723 4410 tanta

2135 4428 2186 4482 vi
2218 4430 2396 4486 rabies
2432 4428 2548 4498 ejus
2579 4432 2632 4486 in
2661 4434 2874 4490 viscera
2900 4437 3149 4506 protinus
3177 4440 3413 4496 humana
3449 4444 3726 4499 transfun-

2133 4518 2304 4585 ditur,
2351 4529 2412 4573 ut
2446 4536 2569 4576 mox
2598 4521 2714 4591 ipso
2745 4524 2917 4580 urina:
2949 4529 3335 4598 conceptaculo
3370 4532 3724 4605 catuli'gene—

2137 4619 2346 4667 rentur.
2405 4609 2561 4677 Quod
2621 4612 2874 4669 nimirum
2912 4616 3017 4672 hoc
3068 4620 3302 4676 evidenti
3340 4624 3726 4694 comprobatur

2135 4699 2357 4766 indicio,
2388 4701 2515 4770 quia
2552 4702 2598 4756 si
2626 4702 2693 4768 is,
2749 4704 2840 4773 qui
2870 4707 3069 4763 canino
3099 4725 3283 4765 morsu
3310 4724 3591 4783 correptus
3615 4725 3719 4781 est,

2135 4790 2465 4853 cantalcnas.
2496 4793 2637 4861 quod
2686 4809 2992 4851 muscarum
3037 4814 3207 4868 genus
3233 4811 3339 4867 est,
3371 4804 3423 4857 iu
3455 4820 3593 4873 aqua
3620 4808 3720 4860 tri-

2136 4888 2218 4937 tas
2242 4883 2492 4947 ebiberit.
2537 4900 2664 4940 mox
2694 4900 2818 4942 cum
2845 4890 3003 4946 urina
3055 4893 3224 4948 simul
3256 4911 3361 4951 non
3397 4898 3512 4953 sine
3540 4900 3721 4969 magni

2138 4975 2340 5031 doloris
2364 4977 2565 5046 gemitu
2593 4978 2800 5036 catulos
2828 4981 3019 5038 fundit.
3072 4985 3142 5040 Et
3173 4997 3323 5043 certe
3351 5006 3456 5044 non
3480 5002 3724 5046 contem-

2139 5067 2315 5120 nenda
2353 5083 2438 5123 res
2466 5068 2626 5139 digna
2679 5074 3013 5139 spectaculo.
3060 5078 3293 5145 qualiter
3321 5098 3387 5134 ex
3417 5082 3562 5136 sicco
3589 5086 3723 5137 den-

2139 5158 2271 5211 tium
2301 5173 2422 5212 osse
2451 5158 2663 5213 soboles
2690 5161 2957 5231 gignitur,
3016 5166 3067 5220 in
3096 5184 3203 5236 quo
3248 5170 3499 5225 videlicet
3528 5173 3723 5228 humor

2138 5247 2360 5301 seminis
2399 5262 2506 5301 non
2539 5249 2807 5316 habetur;
2859 5263 2913 5307 et
2942 5257 3084 5324 quod
3143 5274 3238 5326 per
3271 5261 3503 5329 genitale
3554 5280 3722 5319 mem-

2139 5338 2293 5391 brum
2325 5337 2483 5394 facile
2513 5349 2702 5396 natura
2732 5356 2841 5396 non
2870 5355 3102 5413 poterat,
3154 5364 3253 5416 per
3279 5352 3558 5407 traducem
3591 5355 3719 5407 deuo

2138 5426 2266 5478 tium
2293 5427 2520 5482 similem
2551 5430 2601 5482 in
2632 5431 2844 5486 diverso
2872 5447 3072 5503 genere
3116 5438 3354 5506 speciem
3398 5442 3613 5497 format.
3658 5445 3722 5496 Et

2135 5512 2272 5568 forte
2303 5533 2406 5569 non
2436 5518 2552 5571 sine
2584 5523 2841 5589 mysterio
2871 5523 2949 5591 fit,
2978 5531 3035 5579 ut
3067 5541 3165 5597 per
3199 5531 3301 5586 hoc
3328 5534 3547 5597 animal,
3575 5533 3718 5604 quod

2133 5606 2415 5660 cantalcua
2441 5608 2659 5673 dicitur,
2694 5612 2865 5677 virus,
2916 5620 3062 5682 quod
3091 5634 3157 5674 ex
3186 5624 3378 5677 canina
3419 5626 3567 5679 rabie
3590 5643 3718 5680 eou-

2132 5706 2346 5765 ceptum
2390 5706 2493 5764 est,
2527 5711 2793 5770 egeratur.
2826 5702 3138 5765 lncantator
3190 5713 3357 5778 enim,
3395 5715 3718 5781 prmtncator
