4078 6202
326 313 433 369 3‘29

1493 322 1694 380 LIBER
1733 321 2015 396 PRIMUS,
2055 324 2276 387 EPIST.
2318 325 2430 387 XV.

3491 334 3596 391 250

327 435 380 486 in
403 430 585 484 divino
607 428 924 499 perhibetur
949 430 1183 502 eloquio.
1211 434 1352 488 unde
1377 445 1432 491 et
1463 438 1516 492 in
1546 439 1755 508 psalmo
1777 440 1914 500 dici—
1941 449 1994 506 Α
2019 443 2246 500 lentiora
2293 445 2573 502 domestici
2619 457 2906 517 apparatus
2967 447 3142 504 edulia
3188 449 3464 514 deserunt,
3506 450 3601 519 qui

326 534 416 576 tur
439 535 457 574 :
490 542 506 570 ε
537 521 692 574 Sicut
713 522 918 590 aspidis
941 524 1119 578 surda:
1143 533 1200 579 et
1238 525 1547 584 obturantis
1573 544 1742 591 aures
1767 549 1919 601 suaso

324 631 447 682 qua:
476 631 580 669 nou
631 614 852 668 exaudit
881 629 1040 670 voces
1092 616 1508 685 incantantium,
1553 629 1613 681 et
1643 625 1920 690 veneficia,

325 719 447 772 qua-
489 703 836 758 incantantur
885 719 916 758 a
961 706 1207 775 sapiente
1253 705 1430 778 (Psal,
1496 715 1650 788 un).
1685 735 1704 770 ι
1740 716 1809 771 Et
1855 715 1922 772 de

324 793 687 866 pradicatore
752 793 1079 851 intrinsecus
1150 797 1398 860 sauciato
1472 805 1600 861 alibi
1662 805 1916 877 legitur:

333 905 350 938 ι
381 886 518 952 Quis
547 885 850 940 medebitur
871 886 1199 949 incantatori
1227 910 1258 949 a
1287 905 1534 965 serpente
1561 897 1864 966 percusso?
1895 916 1914 951 ι

327 974 525 1047 (Eccli.
559 976 680 1046 xu.)
709 975 776 1030 Ει
798 976 852 1030 in
873 976 1217 1040 Proverbiis:
1261 1004 1279 1036 ι
1319 985 1472 1040 Sicut
1510 997 1720 1042 acetum
1751 989 1804 1042 in
1833 988 1920 1043 ni-

327 1078 436 1132 tro,
493 1069 566 1122 ita
603 1070 695 1137 qui
753 1082 944 1130 cantat
977 1078 1219 1132 carmina
1265 1079 1414 1132 cordi
1446 1093 1702 1148 perverso
1733 1079 1918 1151 (Prov.

328 1161 488 1238 1").
517 1181 541 1219 ι
581 1159 738 1221 Sicut
763 1181 893 1237 ergo
917 1183 1014 1238 per
1039 1169 1348 1224 cantaleuas
1377 1172 1550 1226 rabidi
1599 1161 1799 1227 furoris
1840 1173 1923 1226 vi-

333 1271 429 1313 rus
460 1259 720 1329 egeritur,
751 1257 822 1311 ita
853 1273 950 1328 per
982 1259 1416 1313 exhortationem
1459 1261 1629 1315 sancti
1657 1262 1919 1331 praedica-

334 1351 472 1405 toris
500 1351 744 1418 concepti
778 1349 962 1404 livoris
1007 1351 1282 1404 iracundia
1317 1352 1612 1421 mitigatur.

404 1441 479 1497 Ut
504 1441 667 1512 igitur
687 1443 752 1496 ad
785 1457 870 1505 ea,
907 1456 1026 1511 quze
1047 1443 1213 1512 cmpit
1241 1459 1439 1508 sermo,
1485 1453 1756 1510 recurrat,
1813 1443 1919 1508 bis,

333 1540 388 1586 et
411 1531 717 1601 hujusmodi
748 1532 978 1586 mundus
1019 1530 1176 1587 furiis
1206 1532 1600 1598 inﬂammatus,
1624 1542 1682 1588 et
1703 1549 1923 1604 compu-

332 1625 628 1697 gnantibus
655 1624 892 1692 undique
919 1623 1178 1678 membris
1205 1623 1466 1679 alterutra
1515 1625 1921 1680 concertatione

331 1718 610 1782 divulsus,
645 1732 744 1772 nos
767 1717 955 1780 etiam,
1007 1725 1062 1771 et
1088 1717 1284 1786 quibus
1307 1715 1485 1772 libello
1516 1717 1724 1809 repudii
1757 1717 1920 1770 dona-

335 1818 422 1864 tus
453 1818 557 1871 est,
580 1808 842 1873 concutit,
870 1814 924 1862 et
952 1823 982 1860 a
1011 1807 1320 1862 dietaminis
1340 1807 1423 1862 vel
1447 1806 1924 1862 inlimze'contem-

333 1898 593 1970 plationis
645 1897 840 1951 intuitu
890 1897 1090 1952 mentis
1157 1912 1384 1952 acumen
1445 1896 1719 1951 obtundit.
1773 1896 1923 1952 Adde

335 1989 480 2058 quod
519 1987 731 2043 etiamsi
777 1988 852 2041 sit
905 1987 1048 2042 forte
1081 1987 1172 2057 qui
1219 1986 1442 2053 scribat,
1475 1986 1614 2040 sicut
1635 1985 1746 2054 jam
1787 1987 1922 2042 dixi-

335 2095 482 2142 mus,
530 2079 683 2134 deest
723 2077 948 2133 omnino
971 2078 1062 2146 qui
1101 2075 1433 2142 transferat;
1478 2077 1630 2132 deest
1647 2085 1923 2146 postremo

335 2170 428 2240 qui
466 2170 628 2226 celeri
658 2169 850 2225 saltem
883 2169 1118 2226 lectione
1154 2176 1459 2240 percurrat.

408 2263 699 2317 Enimvero
751 2278 873 2316 cum
926 2262 1230 2316 furentibus
1267 2261 1446 2316 ventis
1495 2269 1785 2329 tempestas
1829 2261 1924 2314 ob-

337 2353 533 2416 oritur,
563 2361 622 2408 et
655 2353 1016 2422 procellarum
1059 2353 1218 2407 turbo
1249 2351 1570 2422 ﬂuctivagus
1599 2351 1652 2405 in
1681 2350 1927 2406 cumulos

338 2447 612 2511 elevatur,
663 2457 791 2502 tunc
817 2461 967 2501 mare
997 2446 1051 2500 in
1081 2447 1196 2516 ipsa
1236 2445 1318 2500 sui
1358 2445 1532 2516 pelagi
1561 2444 1927 2515 profunditate

337 2537 526 2592 mitius
553 2544 765 2603 aestuat,
787 2536 932 2592 circa
971 2536 1122 2591 littus
1151 2545 1328 2590 autem
1370 2544 1522 2590 tanto
1549 2549 1607 2590 se
1631 2534 1926 2591 ferventius

337 2628 517 2696 erigit.
549 2636 610 2680 ut
636 2641 801 2682 naves
822 2641 1059 2697 quoque,
1090 2626 1135 2681 si
1161 2625 1485 2696 appulerint,
1509 2624 1752 2696 frangat;
1786 2626 1928 2680 unde

339 2715 398 2771 fit
424 2725 484 2770 ut
515 2716 745 2787 remiges
792 2724 920 2770 tunc
947 2715 1220 2770 littoribus
1246 2714 1363 2770 loca
1389 2715 1638 2786 contigua
1669 2725 1926 2786 tanquam

339 2807 586 2881 Syrtium
625 2809 915 2864 discrimen
966 2806 1284 2874 aufugiant,
1351 2815 1412 2868 et.
1464 2807 1750 2876 quietioris
1799 2817 1928 2862 tunc

339 2901 518 2974 pelagi
556 2899 820 2972 profunda
876 2901 1285 2956 conscendant:
1345 2901 1425 2956 sic
1472 2900 1749 2965 nimirum,
1803 2915 1926 2955 cum

336 2992 448 3063 iam
480 2991 640 3062 hujus
660 2989 766 3061 27
797 2989 979 3046 saeculi
1009 2990 1276 3046 terminus
1306 2990 1719 3060 appropinquat,
1773 2991 1926 3060 quasi

338 3085 486 3142 circa
519 3084 670 3139 littus
703 3099 860 3139 suum
905 3082 1214 3139 mundanus
1254 3080 1433 3138 fervor
1455 3080 1660 3146 ebullit,
1699 3095 1928 3152 seseque

346 3176 400 3230 in
449 3175 882 3245 perturbationis
934 3184 1099 3245 atque
1143 3175 1410 3244 superbia:
1443 3171 1686 3230 cumulos
1723 3173 1926 3244 erigit;

342 3275 398 3321 et
419 3267 512 3337 qui
535 3267 590 3323 in
621 3268 910 3335 praeteritis
956 3265 1194 3331 saeculis,
1237 3265 1384 3321 velut
1411 3266 1463 3319 in
1505 3263 1679 3334 pelagi
1709 3261 1930 3334 profun-

348 3356 519 3412 ditate
581 3357 984 3427 quodammodo
1031 3356 1352 3428 tranquillus
1402 3355 1720 3418 exstiterat,
1787 3369 1930 3410 nunc

345 3447 492 3504 circa
525 3448 646 3503 linis
676 3448 759 3503 sui
807 3448 958 3504 littus
998 3448 1313 3518 pestilenter
1341 3453 1628 3510 exazstuat,
1669 3453 1728 3499 ut
1756 3445 1918 3516 applio

345 3548 537 3595 cantes
557 3554 770 3609 quoque
794 3539 1086 3593 discrimen
1142 3535 1408 3606 naufragii
1432 3533 1556 3603 jure
1583 3535 1834 3590 evadant.
1864 3523 1930 3590 Εἰ

347 3631 464 3686 lucc
508 3629 806 3700 quassatio.
833 3645 897 3684 ac
932 3629 1268 3700 perturbatio
1295 3627 1361 3684 de
1394 3626 1604 3680 luxuria
1655 3626 1928 3692 nascitur;

343 3720 570 3790 etquod
602 3731 808 3779 natura:
841 3719 1172 3774 contrarium
1195 3725 1300 3782 est,
1329 3717 1394 3774 de
1423 3716 1696 3786 voluptate
1716 3715 1934 3773 afflictio

349 3821 664 3881 generatur.
698 3811 850 3867 Unde
895 3820 950 3866 et
981 3809 1236 3866 Salomon
1269 3826 1284 3862 :
1332 3828 1350 3861 ι
1388 3808 1558 3875 Hanc,
1610 3807 1806 3877 inquit,
1843 3823 1936 3864 oc-

349 3903 692 3974 cupationem
727 3901 1016 3973 pessimam
1060 3901 1207 3957 dedit
1229 3900 1372 3954 Deus
1401 3899 1523 3954 filiis
1551 3900 1848 3964 hominum,
1877 3910 1936 3954 ttt

347 4001 747 4061 occuparentur
777 3993 830 4046 in
859 4007 943 4046 ea.
976 3991 1096 4046 Vidi
1132 3999 1325 4046 cuncta
1351 4005 1472 4061 qua:
1501 3988 1634 4044 fiunt
1670 3991 1770 4046 sub
1801 3989 1934 4055 sole,

347 4097 403 4142 et
435 4099 567 4140 ecce
602 4085 850 4139 universa
879 4085 1110 4147 vanitas,
1134 4092 1188 4139 et
1213 4081 1430 4138 afﬂictio
1466 4083 1690 4152 spiritus
1729 4081 1928 4152 (Ecclc.

348 4180 412 4245 l).
442 4195 460 4227 ι
503 4175 706 4231 Omnes
734 4175 878 4228 enim
910 4177 1037 4229 dum
1087 4173 1346 4228 anhelant
1371 4187 1456 4237 ea,
1488 4173 1541 4227 in
1569 4172 1765 4241 quibus
1791 4170 1936 4225 dele-

349 4275 590 4331 ctantur,
629 4267 930 4335 acquirere,
961 4273 1016 4318 et
1044 4263 1352 4319 necessario
1377 4261 1772 4335 compelluntur
1807 4257 1938 4316 affli-

351 4360 534 4414 ctione
587 4357 812 4428 spiritus
858 4357 1140 4422 laborare;
1192 4365 1248 4411 et
1285 4355 1410 4411 dum
1448 4355 1501 4409 in
1531 4369 1597 4410 eo
1643 4354 1787 4424 quod
1836 4353 1938 4408 iste

352 4447 572 4518 quaerit,
613 4446 752 4500 alter
770 4445 1044 4516 obiicitur,
1077 4445 1144 4501 ad
1166 4444 1219 4500 id
1242 4445 1385 4516 quod
1409 4442 1664 4509 oblectat,
1690 4458 1794 4498 non
1821 4443 1941 4498 sine

352 4538 562 4592 laboris
603 4538 760 4593 taedio
807 4538 1140 4606 pervenitur.
1185 4535 1322 4591 Hinc
1352 4551 1541 4592 rursus
1569 4536 1683 4591 ait:
1723 4555 1740 4590 ι
1769 4537 1935 4593 Cum-

353 4643 461 4698 que
512 4642 602 4682 me
624 4626 1012 4682 convertissem
1043 4627 1110 4681 ad
1142 4626 1391 4681 universa
1418 4640 1585 4696 opera
1605 4667 1619 4690 ,
1648 4640 1766 4695 qua:
1792 4625 1939 4681 fece-

355 4731 484 4774 runt
517 4735 711 4774 manus
738 4734 911 4784 metr;
953 4729 1008 4774 et
1034 4719 1101 4772 ad
1131 4717 1365 4784 labores,
1410 4718 1464 4773 in
1503 4718 1700 4788 quibus
1742 4717 1944 4774 frustra

361 4816 704 4878 sudaveram,
757 4815 869 4868 vidi
897 4815 951 4868 in
981 4815 1232 4869 omnibus
1282 4814 1579 4869 vanitatem
1618 4821 1674 4869 et
1699 4810 1942 4870 afﬂictio-

358 4919 482 4959 nem
505 4902 674 4956 animi
706 4900 905 4972 (Eccle.
935 4902 997 4972 t).
1033 4920 1052 4955 ι
1084 4900 1214 4968 Qua:
1248 4910 1425 4958 tamen
1451 4899 1670 4958 amictio
1691 4902 1856 4958 duras
1881 4918 1947 4960 ac

360 4993 620 5064 reprobas
662 4999 874 5046 mentes
921 4999 976 5047 et
1008 4993 1122 5061 ipsa
1154 4992 1415 5056 delectat,
1470 4993 1595 5047 dum
1624 5006 1730 5048 non
1785 4995 1946 5050 modo

361 5087 676 5142 deliciarqu
713 5079 1028 5150 'suavitate,
1089 5085 1180 5139 sed
1240 5093 1296 5138 et
1351 5083 1550 5139 laboris
1608 5083 1948 5141 obiectantur

363 5176 638 5232 acredine.
671 5173 810 5228 Hinc
837 5183 920 5228 cst
949 5173 1090 5244 quod
1114 5173 1388 5237 Israelittc,
1417 5172 1633 5227 stimulo
1658 5173 1795 5244 gula:
1821 5189 1948 5244 pru-

364 5266 566 5319 rientes
597 5263 782 5326 illecti,
816 5280 922 5318 non
961 5264 1118 5318 modo
1156 5265 1256 5319 sibi
1313 5265 1500 5318 deesse
1529 5263 1773 5317 carnium
1812 5263 1947 5318 ollas

363 5353 707 5421 pisciumque
733 5351 979 5415 delicias,
1019 5353 1111 5406 sed
1142 5361 1193 5407 et
1224 5366 1414 5420 porros
1436 5367 1498 5406 ac
1525 5367 1684 5422 cepas
1715 5366 1948 5423 conque-

364 5453 559 5497 runtur
588 5451 644 5496 et
674 5441 799 5496 allia
844 5439 1033 5513 (Num.
1082 5441 1182 5511 ιι).
1223 5441 1352 5508 Quae
1399 5442 1654 5497 nimirum
1720 5445 1946 5512 species,

366 5535 492 5590 dum
517 5535 570 5590 vi
603 5533 864 5590 naturalis
885 5533 1152 5590 acredinis
1175 5535 1424 5589 mordent
1451 5535 1685 5588 faucium
1707 5545 1943 5605 gustum,

366 5622 637 5696 lacrymas
666 5634 960 5694 provocant
1010 5623 1308 5680 oculorum.
1356 5626 1438 5680 An
1467 5641 1572 5681 non
1603 5641 1856 5696 ceparum
1895 5637 1950 5681 ct

368 5715 620 5795 ﬁliorum
671 5717 918 5793 esuriunt
959 5715 1332 5784 acrimoniam,
1381 5717 1476 5788 qui
1513 5717 1764 5773 videlicet
1793 5731 1948 5774 escu-

1954 3136 2002 3198 C

2017 532 2158 602 juris
2197 536 2426 605 adiposi,
2469 552 2606 603 quas
2631 539 2885 608 opiparor
2927 540 3204 595 ultroneus
3231 541 3454 605 obtulit,
3509 543 3602 597 ded

2021 623 2175 680 licias
2211 626 2647 696 parvipendunt?
2689 637 2744 682 et
2794 644 2892 698 per
2945 630 3312 686 horrescentia
3360 633 3602 698 dumeta,

2021 715 2396 786 montiumque
2433 726 2725 787 praerupta,
2758 719 2901 773 feras
2931 730 3174 788 agrestes
3211 721 3488 776 venabulis
3519 723 3631 798 in:

2021 815 2331 873 sectantur;
2378 807 2611 863 cellariis
2663 809 2977 879 deprompta
3031 809 3333 876 fastidiunt,
3375 821 3430 866 et
3469 827 3605 883 vaga

2024 911 2125 967 per
2166 911 2347 952 aerem
2412 899 2594 954 missis
2652 899 3000 968 accipitribus
3048 901 3427 970 aucupentur?
3467 902 3604 957 Dum

2021 988 2312 1058 tranquilla
2344 989 2662 1060 plerumque
2689 990 2902 1044 valeant
2933 1005 3065 1060 pace
3094 992 3396 1060 quiescere,
3417 990 3608 1058 jucun-

2021 1081 2146 1136 dum
2176 1083 2433 1151 deputant
2484 1093 2538 1137 et
2588 1098 2861 1138 amomum
2892 1085 3203 1154 equitandi,
3249 1085 3331 1140 vel
3367 1086 3606 1156 litigandi

2028 1172 2308 1227 laboribus
2399 1173 2668 1229 insudare.
2738 1174 3042 1231 Flaccidum
3105 1177 3350 1247 judicant
3409 1180 3608 1248 quietis
3664 1238 3665 1241 η

2019 1263 2207 1328 otium,
2251 1263 2444 1328 hebes,
2478 1264 2709 1334 ignobile
2745 1265 2983 1320 fatentur
3035 1275 3090 1322 et
3118 1268 3458 1322 dissolutum.
3516 1270 3610 1324 Sic

2020 1364 2076 1407 et
2115 1353 2338 1422 populus
2373 1355 2460 1408 ille
2489 1356 2747 1410 dicebat:
2795 1373 2814 1407 ι
2841 1357 3034 1410 Anima
3087 1367 3272 1412 nostra
3302 1359 3452 1413 arida
3502 1369 3606 1414 est.
3655 1365 3670 1398 '-

2021 1441 2162 1496 Nihil
2187 1444 2326 1498 aliud
2351 1447 2649 1514 respiciunt
2670 1448 2811 1502 oculi
2837 1449 3008 1502 nostri
3033 1450 3132 1504 nisi
3154 1465 3347 1504 manna
3360 1450 3605 1522 (1ὺὶἀ.).›

2022 1531 2163 1586 Alibi
2198 1548 2413 1603 quoque
2467 1548 2872 1593 murmurantes
2922 1541 3142 1594 dicunt:
3183 1560 3200 1592 ι
3232 1541 3393 1596 Deest
3435 1543 3608 1611 panis,

2023 1639 2128 1678 non
2158 1635 2284 1680 sunt
2307 1641 2478 1694 aquae.
2507 1628 2698 1682 Anima
2725 1640 2908 1685 nostra
2935 1643 3158 1686 nauseat
3183 1647 3344 1702 super
3362 1633 3483 1689 cibo
3507 1634 3614 1690 isto

2023 1713 2296 1770 levissimo
2324 1716 2514 1788 (Num.
2564 1719 2702 1789 xxi).
2736 1739 2754 1770 ι
2801 1719 3156 1776 Levissimum
3203 1724 3404 1793 quippe
3445 1723 3614 1792 depu-

1953 1791 1999 1852 Β
2030 1813 2144 1860 tant
2183 1806 2382 1869 cibum,
2447 1808 2492 1862 si
2546 1809 2757 1877 pondus
2809 1820 2973 1880 atque
3035 1791 3616 1882 duritiam—contingat
3685 1867 3698 1878 κ

2029 1897 2216 1949 deesse
2268 1895 2537 1951 laborum.
2589 1896 2724 1952 Nam
2769 1897 3044 1955 laboribus
3090 1900 3454 1968 resolvuntur,
3500 1902 3614 1958 otio

2028 1983 2349 2055 fatigantur.
3563 2045 3576 2050 _

2098 2075 2264 2131 Plane
2293 2075 2422 2132 libet
2448 2077 2738 2148 diligenter
2786 2080 3057 2151 inspicere
3084 2097 3247 2151 quam
3278 2083 3460 2139 brevis
3489 2099 3615 2154 pars

2029 2168 2274 2238 corporis
2307 2169 2398 2234 sit,
2423 2171 2509 2224 cui
2541 2172 2844 2227 substantia
2868 2175 3048 2228 mundi
3089 2183 3200 2228 tota
3238 2191 3347 2230 non
3387 2179 3605 2242 sullicit,

2029 2272 2150 2326 qua:
2177 2267 2373 2313 cuncta
2399 2268 2626 2314 terrena:
2649 2259 2922 2315 facultatis
2949 2261 3217 2332 impendia
3256 2265 3614 2334 concupiscit.

2029 2346 2166 2401 Nam
2213 2363 2336 2402 cum
2381 2358 2574 2405 caetera
2624 2351 2868 2422 corporis
2927 2353 3168 2406 membra
3216 2354 3616 2422 quodammodo

2029 2437 2188 2493 bruta
2224 2439 2509 2493 videantur
2553 2449 2608 2495 et
2635 2441 2847 2504 stolida,
2869 2441 2958 2495 vix
2985 2442 3200 2498 cubitus
3226 2444 3390 2499 semis
3415 2446 3618 2515 reperi-

2033 2537 2120 2584 tur
2149 2529 2202 2584 in
2228 2545 2476 2600 corpore,
2504 2547 2661 2600 quem
2695 2548 2874 2587 rerum
2897 2534 3139 2588 omnium
3173 2535 3498 2591 universitas
3523 2551 3619 2592 tte-

2030 2631 2196 2691 queat
2223 2622 2447 2678 satiare.
2499 2623 2581 2677 Ab
2604 2623 2776 2680 oculis
2807 2624 3075 2694 siquidem
3102 2641 3272 2695 usque
3299 2628 3366 2682 ad
3403 2629 3615 2698 genita-

2032 2710 2102 2764 lia
2137 2719 2326 2782 regnat
2379 2712 2556 2767 omnis
2603 2713 2838 2768 humana
2893 2715 3352 2783 concupiscentia.
3405 2717 3474 2772 Et
3517 2720 3622 2774 hoc

2032 2803 2251 2872 quidem
2277 2816 2507 2874 angusto
2535 2806 2857 2875 compendio
2890 2806 3123 2860 naturali
3147 2807 3470 2864 necessitate
3487 2825 3619 2865 con-

2033 2894 2290 2962 cluditur,
2340 2897 2434 2952 sed
2465 2898 2728 2951 naturalis
2774 2906 2935 2952 metae
2978 2897 3187 2968 legibus
3225 2915 3332 2954 non
3369 2910 3610 2958 tenetur:

2033 3002 2160 3042 nam
2199 3002 2298 3057 per
2343 2990 2614 3046 exteriora
2673 2998 2870 3045 cuncta
2899 2990 3217 3046 dill‘unditur
3248 3008 3264 3057 ;
3320 3003 3375 3048 et
3409 3009 3530 3064 qum
3553 2997 3624 3052 de

2035 3077 2255 3134 modica
2314 3079 2498 3134 radice
2555 3080 2819 3150 procedit,
2872 3095 2980 3135 non
3035 3080 3264 3136 modicis
3330 3085 3624 3154 paucisque

2031 3176 2310 3235 contenta,
2351 3169 2604 3226 erunibus
2649 3170 2864 3225 inhiat:
2913 3171 2983 3226 ad
3021 3172 3231 3238 omnia,
3284 3182 3344 3227 ut
3390 3174 3472 3229 eis
3502 3191 3624 3244 per-

2031 3255 2248 3312 fruatur
2306 3274 2371 3314 ac
2437 3260 2752 3330 saginetur,
2837 3266 3076 3322 anhelat.
3139 3267 3294 3324 Oculi
3359 3271 3624 3341 siquidem

2030 3359 2332 3421 pascuntur
2383 3352 2786 3422 pulchritudine
2839 3372 3045 3425 rerum,
3104 3360 3412 3417 mulcentur
3464 3379 3626 3419 aures

2033 3439 2260 3494 tinnulis
2323 3439 2622 3495 harmonia:
2684 3443 2970 3510 sonitibus,
3039 3447 3124 3502 vel
3187 3449 3613 3506 lenocinantiqu

2032 3533 2144 3604 28
2170 3533 2535 3591 assentatione
2576 3536 2891 3602 verborum;
2925 3555 3086 3595 nares
3115 3542 3464 3598 odoramenta
3496 3561 3618 3600 cou-

2033 3624 2257 3693 cipiunt,
2289 3622 2474 3680 fauces
2498 3625 2780 3694 epularum
2811 3631 3096 3698 saporibus
3129 3631 3494 3698 ublcctautur,
3532 3652 3627 3689 eor

2033 3713 2424 3782 cogitationum
2448 3725 2931 3783 versatarcanum,
2982 3719 3162 3791 lingua
3195 3721 3473 3791 profundit
3509 3726 3623 3778 elo-

2035 3803 2242 3872 quium,
2270 3811 2327 3858 et
2347 3805 2490 3873 quod
2507 3819 2606 3860 cor
2632 3805 2944 3874 meditatur,
2967 3811 3077 3865 oris
3102 3813 3167 3866 ad
3192 3813 3429 3867 medium
3457 3815 3626 3868 inter-

2033 3894 2338 3963 pretatione
2409 3896 2744 3962 producitur.
2797 3916 2816 3950 ι
2871 3899 2946 3953 Ex
2991 3901 3318 3958 abundantia
3347 3924 3366 3956 ι
3419 3905 3629 3962 scilicet

2041 4000 2062 4035 ι
2091 3984 2270 4039 cordis
2297 3999 2361 4040 os
2385 3985 2626 4056 loquitur
2671 3987 2889 4058 (Matth.
2913 3993 3035 4063 xu).
3071 4011 3090 4045 ι
3131 3991 3251 4048 Jam
3310 4011 3437 4050 vero
3474 3999 3626 4067 getti-

2038 4074 2167 4129 talia
2196 4083 2348 4130 tanto
2374 4078 2659 4133 ardentius
2689 4079 2756 4133 ad
2789 4080 2991 4136 coitum
3017 4095 3628 4156 provocautur,qnanto

2037 4165 2210 4234 magis
2232 4167 2550 4221 stomachus
2575 4167 2660 4222 vel
2685 4168 2931 4224 ciborum
2965 4173 3144 4242 copia,
3197 4174 3282 4230 vel
3335 4185 3493 4245 potus
3543 4179 3628 4232 in-

2037 4255 2400 4326 gurgitatioue
2421 4257 2677 4328 repletur.
2721 4259 2976 4318 Edacitas
3005 4264 3206 4334 quippe
3228 4267 3475 4336 quaedam
3499 4285 3628 4323 san-

2040 4345 2266 4417 guisuga
2297 4355 2402 4412 est,
2429 4348 2516 4403 cui
2545 4349 2664 4404 duae
2688 4360 2816 4406 sunt
2837 4351 2982 4420 ﬁliae,
3023 4355 3263 4412 ebrietas
3309 4359 3517 4416 scilicet
3561 4371 3632 4416 at-

1970 4476 2018 4536 θ
2043 4452 2148 4536 que
2161 4437 2397 4536 luxuria;
2412 4439 2480 4495 de
2495 4441 2694 4536 quibus
2705 4443 2894 4536 utique
2907 4443 3192 4501 Salomon:
3215 4465 3234 4500 ι
3258 4447 3630 4522 Sanguisugre,

2046 4529 2240 4601 inquit.
2270 4531 2388 4586 dua:
2410 4541 2534 4588 sunt
2567 4533 2711 4597 filize,
2743 4535 2987 4617 dicentes
3016 4557 3030 4591 :
3058 4537 3226 4604 Ali‘er,
3273 4541 3406 4596 affer
3447 4541 3628 4613 (Prov.

2045 4635 2154 4674 xxx
2215 4619 2259 4690 ).
2303 4640 2322 4673 ι
2363 4620 2496 4675 Nam
2523 4637 2631 4692 quo
2658 4623 2892 4694 quisque
2932 4625 3343 4684 immoderatius
3378 4633 3631 4698 vescitur,

2050 4725 2118 4766 eo
2148 4726 2368 4766 necesse
2396 4720 2481 4767 est
2511 4722 2570 4767 ut
2589 4713 2655 4767 ad
2684 4724 2868 4783 potum
2914 4719 3232 4772 aastuautius
3281 4724 3629 4779 accemlatur.

2053 4801 2120 4856 Et
2143 4801 2270 4856 dum
2299 4813 2554 4873 congesta
2601 4804 2708 4860 cibi
2757 4805 2927 4861 moles
2972 4806 3310 4864 fervescente
3365 4815 3631 4868 stomachi

2055 4892 2229 4948 lebete
2249 4894 2588 4964 decoquitur,
2615 4897 2820 4952 crebris
2849 4913 3073 4954 necesse
3093 4910 3177 4955 est
3204 4900 3486 4958 haustibus
3511 4903 3632 4958 irri-

2048 4990 2222 5052 getur.
2265 4981 2370 5036 Sed
2399 4997 2520 5037 cum
2544 4984 2680 5040 cibis
2707 4995 2897 5041 venter
2926 5002 2990 5041 ac
3021 4988 3239 5057 potibus
3286 4991 3632 5057 intumescat,

2049 5091 2388 5148 consequens
2421 5089 2527 5142 est,
2578 5089 2636 5134 ut
2678 5079 2901 5136 alternis
2949 5081 3204 5151 utrinque
3250 5083 3536 5150 meatibus,
3581 5097 3637 5140 et

2051 5169 2208 5225 faeces
2232 5185 2327 5240 per
2356 5171 2600 5238 podicem
2626 5171 2679 5224 in
2707 5170 2984 5226 cuniculos
3009 5181 3211 5242 egerat,
3255 5182 3310 5228 et
3355 5175 3632 5230 hutnorctn

2049 5262 2116 5316 de
2169 5263 2385 5332 genitali
2441 5265 2831 5332 conceptaculo
2879 5277 2977 5332 per
3025 5263 3270 5333 pudenda
3324 5265 3635 5335 profundat.

2057 5351 2208 5406 Sicut
2237 5353 2378 5406 enim
2412 5353 2466 5405 in
2493 5353 2854 5407 torcularibus
2880 5353 3146 5408 vinarium
3177 5369 3206 5407 a
3247 5356 3406 5420 vino;
3463 5357 3541 5409 sic
3583 5357 3634 5410 in

2056 5444 2214 5498 ilibus
2259 5453 2467 5498 stercus
2515 5454 2854 5514 separatura
2885 5445 3024 5500 viru.
3079 5445 3434 5516 Sanguisuga:
3483 5463 3634 5516 ergo,

2053 5549 2172 5603 qua:
2195 5535 2433 5590 edacitas
2458 5543 2559 5598 est,
2590 5536 2708 5588 dua:
2732 5544 2858 5590 sunt
2894 5535 3016 5591 ﬁlia:
3043 5555 3055 5589 :
3087 5537 3326 5592 ebrietas
3365 5545 3419 5590 et
3443 5538 3634 5602 libido;

2055 5625 2180 5693 quia
2205 5625 2330 5678 dum
2359 5641 2462 5679 una
2504 5626 2669 5694 pestis
2725 5625 3114 5682 delectabiliter
3163 5629 3420 5698 concipit,
3466 5628 3636 5696 gemi-

2057 5707 2182 5771 nam
2213 5717 2519 5774 necessario
2539 5715 2774 5774 sobolem
2807 5718 2967 5788 parit.
2995 5718 3124 5786 Qua:
3147 5720 3400 5774 nimirum
3421 5722 3634 5772 (ἰιςιηιιε
