4078 6202
451 283 547 346 ﬁt

978 284 1036 338 S.
1076 276 1278 337 PETRI
1322 275 1605 336 DAMIANI
1636 275 1787 335 OPP.
1828 273 2030 333 PARS.
2072 272 2205 334 SEU
2248 276 2484 333 TOMUS
2523 278 2561 332 Ι.
2602 308 2669 317 -
2701 269 2915 332 EPIST.
2951 276 3077 331 Llll.
3105 268 3237 333 Vlil.

3593 273 3702 329 232

454 419 474 452 ι
505 398 646 453 Atl'er
700 394 862 458 affer;
898 413 915 444 ι
946 394 1072 463 quia
1104 408 1224 446 cum
1257 391 1366 445 sint
1394 388 1747 451 insatiabiles,
1784 388 2032 444 violenta:
2058 399 2107 457 Α
2135 388 2251 443 sine
2276 389 2639 456 temperantia:
2666 389 2993 444 discretione
3025 391 3282 452 reﬁcitur,
3331 389 3420 443 illa
3457 391 3703 458 protinus

451 504 667 559 quoque
692 495 817 539 sunt
841 485 1159 540 exactrices.
1190 483 1313 536 llaec
1359 482 1538 550 itaque
1585 495 1712 550 pars
1765 481 2031 550 corporis,

452 592 479 629 a
513 575 772 643 pudendis
798 573 1044 628 videlicet
1074 586 1241 639 usque
1271 572 1336 624 ad
1363 570 1549 624 oculos
1568 611 1582 635 ,
1617 578 1785 623 totum
1820 570 2035 639 pcrimit

451 668 746 729 hominem,
770 681 833 719 ac
858 680 1076 734 prorsus
1099 663 1149 716 in
1173 677 1237 716 eo
1259 662 1521 716 naturalis
1546 661 1877 716 excellentia:
1903 661 2033 716 sub-

453 757 561 812 ruit
593 756 929 825 dignitatem.
959 756 1060 809 Per
1084 754 1200 807 haec
1236 752 1379 806 enim
1412 752 1707 821 spiramina
1754 765 2031 812 sensuum,

454 846 637 902 infelix
660 848 891 900 humana
916 844 1179 904 conditio,
1201 851 1257 896 et
1281 844 1423 910 quod
1450 842 1640 896 salutis
1677 850 1781 902 est.
1832 838 2031 904 eﬂluit;

452 947 509 993 et
537 937 678 1006 quod
702 947 784 990 est
819 935 1156 1005 perditionis,
1182 932 1436 987 admittit.
1469 931 1592 986 [huc
1620 931 1802 985 omnia
1860 929 2037 984 hrcvio

455 1035 540 1083 ter
561 1026 797 1081 Joannes
818 1022 1222 1093 comprehendit
1243 1020 1548 1091 Apostolus,
1564 1034 1685 1075 cum
1701 1021 1805 1073 ait:
1828 1039 1845 1069 ι
1866 1018 2037 1073 Omne

454 1115 599 1185 quod
623 1124 707 1170 est
733 1115 786 1167 in
820 1115 1017 1167 mundo
1048 1109 1479 1179 concupiscentia
1508 1109 1688 1163 carnis
1706 1116 1811 1174 est,
1838 1117 1893 1163 et
1913 1122 2038 1162 con-

458 1204 791 1274 cupiscentia
822 1203 1121 1265 oculorum,
1150 1211 1206 1254 et
1230 1200 1481 1271 superbia
1506 1198 1691 1269 vitac(l
1709 1199 1869 1253 Joan.
1890 1199 1975 1269 ιι).
2011 1217 2030 1250 ι

456 1296 899 1366 Concupiscentia
929 1294 1137 1349 scilicet
1161 1292 1343 1347 carnis
1395 1290 1461 1345 ad
1507 1291 1749 1361 corporis
1791 1290 2038 1358 volupta-

460 1398 589 1453 tem,
621 1384 1056 1455 concupiscentia
1098 1382 1379 1437 oculorum
1412 1381 1478 1436 ad
1526 1380 1813 1435 visibilium
1859 1394 2038 1434 rerum

458 1477 691 1547 pertinet
718 1474 1166 1545 pulchritudinem
1190 1486 1205 1526 :
1234 1471 1483 1541 superbia
1516 1485 1643 1525 vero
1669 1471 1813 1535 viue,
1841 1468 2037 1524 terreni

460 1565 684 1621 honoris
707 1575 868 1633 atque
890 1563 1083 1633 fastigii
1104 1560 1356 1631 exprimit
1375 1560 1781 1614 sublimitatem.
1805 1560 1908 1614 Per
1926 1559 2041 1614 bazc

459 1656 604 1711 enim
633 1655 840 1725 primus
875 1652 1034 1705 homo
1067 1658 1301 1704 tentatus
1326 1648 1660 1717 agnoscitur,
1691 1647 1829 1701 sicut
1884 1648 2039 1702 Scri-

2133 478 2198 531 ad
2230 478 2582 533 contumelias
2606 479 2928 533 excitantur.
2977 480 3095 534 Cibi
3136 480 3343 535 scilicet
3387 480 3540 535 ilices
3580 488 3705 533 sunt

2132 568 2435 633 libidinum,
2464 578 2514 623 et
2551 570 2905 627 immoderate
2942 572 3175 639 percepti
3209 572 3411 640 pr0prii
3463 571 3706 624 lmmoris

2131 660 2537 717 exuberantiam
2580 675 2697 715 mox
2740 664 2806 714 ad
2857 662 3103 730 pudenda
3158 662 3549 715 transmittunt.
3604 660 3706 727 Qui

2133 749 2384 804 videlicet
2413 750 2667 806 humores
2687 751 2813 806 dum
2842 751 3082 819 congesti
3110 753 3357 820 pruriunt
3386 761 3439 805 et
3466 752 3705 817 ti-illant,

2136 840 2493 911 importunius
2519 851 2778 911 expetunt
2802 853 2858 897 ut
2890 859 2984 913 per
3010 844 3207 899 coitum
3252 844 3539 914 profluam.
3572 844 3713 900 Hinc

2135 942 2218 986 cst
2250 934 2392 1000 quod
2418 932 2635 1002 plurimi
2672 934 2798 987 dum
2828 933 2944 1004 lege
2974 936 3293 1003 permissam
3333 936 3549 990 ineundi
3580 952 3712 990 cono

2131 1018 2489 1089 jugiinovere
2522 1020 2818 1087 licentiam,
2857 1022 3055 1076 nullam
3106 1023 3361 1079 reddendi
3414 1025 3712 1095 conjugalis

2138 1110 2303 1165 debiti
2339 1110 2599 1165 exhibent
2632 1112 3007 1182 disciplinam;
3045 1129 3145 1169 nec
3171 1130 3272 1169 usu
3322 1117 3713 1173 commistionis

2139 1202 2342 1257 uxoria:
2377 1211 2744 1272 temperanter
2793 1214 3041 1269 utuntur,
3104 1206 3231 1260 dum
3276 1222 3382 1261 non
3432 1208 3710 1277 gignenda:

2140 1292 2302 1360 proli,
2350 1293 2445 1347 sed
2482 1293 2738 1363 ingenitae
2771 1296 3085 1350 deserviunt
3111 1297 3394 1367 voluptati.
3446 1298 3483 1352 li
3532 1298 3713 1367 plane,

2141 1398 2247 1437 non
2277 1384 2452 1439 dicam
2484 1385 2689 1450 mariti,
2740 1387 2833 1441 sed
2882 1386 3225 1457 prolectarii;
3280 1404 3385 1444 non
3435 1390 3715 1461 coniuges.

2140 1473 2236 1527 sed
2264 1473 2443 1542 potius
2472 1483 2773 1531 amatores:
2802 1477 2880 1531 sic
2913 1478 2980 1531 ad
3021 1477 3493 1548 intemperantiam
3542 1482 3718 1537 coitus

2145 1572 2358 1634 tempus
2402 1579 2563 1618 omne
2606 1566 2944 1631 continuant,
2994 1578 3055 1621 ut
3087 1569 3348 1623 uxoribus
3390 1572 3522 1635 suis,
3575 1572 3749 1641 quod

2146 1663 2300 1724 turpe
2329 1654 2472 1709 dictu
2508 1664 2610 1721 est,
2640 1671 2740 1710 nec
2762 1659 3162 1727 przegnantibus
3186 1670 3443 1729 parcant;
3470 1671 3528 1717 et
3555 1664 3722 1717 casti—

460 1757 617 1818 ptura
651 1753 882 1799 testatur
904 1743 1056 1814 (Gen.
1084 1741 1165 1810 ιιι)
1196 1758 1209 1792 :
1243 1757 1260 1790 ι
1294 1738 1666 1809 Vidit,inquit,
1696 1736 2046 1807 mulierquod
2076 1747 2121 1807 Β
2154 1745 2279 1800 tatis
2326 1745 2564 1817 regulam
2601 1747 2807 1803 violare
2844 1764 3182 1819 nequaquam
3230 1751 3475 1807 homines
3523 1755 3717 1808 erum.

460 1840 661 1895 bonum
687 1843 830 1894 esset
859 1835 1062 1905 lignum
1093 1832 1158 1885 ad
1204 1830 1568 1884 vescendum:
1604 1849 1622 1880 ι
1674 1843 1801 1883 ecce
1844 1844 2042 1883 concu-

463 1930 727 2001 piscentia
760 1928 969 1991 carnis;
1019 1923 1211 1979 deinde
1259 1923 1551 1991 sequitur:
1592 1940 1608 1973 ι
1639 1921 1704 1975 Et
1757 1921 2042 1991 pulchrum

461 2026 655 2091 oculis,
687 2033 1017 2093 aspectuque
1042 2017 1358 2074 delectabile
1388 2035 1401 2071 :
1437 2035 1456 2068 ι
1485 2031 1611 2072 ecce
1640 2016 1888 2085 superbia
1916 2031 2044 2071 ocu-

464 2118 658 2173 lorum.
688 2116 791 2171 Per
814 2113 998 2168 oculos
1026 2112 1169 2167 enim
1199 2111 1480 2180 superbire
1508 2112 1873 2177 convincitur,
1896 2112 2045 2184 quis-

463 2206 584 2277 quis
610 2206 661 2259 in
689 2205 773 2261 his
803 2218 921 2273 qua:
950 2202 1091 2257 Deus
1119 2204 1387 2271 prohibet,
1416 2202 1735 2259 delectatur.
1770 2202 2039 2274 Superbia

463 2312 593 2351 vero
618 2296 740 2350 vitm
769 2294 892 2360 fuit,
916 2309 1038 2349 cum
1069 2294 1262 2351 mulier
1286 2296 1472 2349 eadem
1519 2310 1585 2350 ex
1630 2309 1726 2350 ore
1776 2297 2045 2364 serpentis

463 2388 693 2444 libenter
718 2387 966 2443 audivit:
1003 2406 1021 2437 ι
1054 2387 1220 2443 Erilis
1249 2386 1508 2450 sicutdii,
1559 2387 1794 2443 scientes
1846 2387 2043 2444 bonum

464 2488 520 2532 et
545 2478 745 2529 malum
770 2474 981 2545 (ιδιά).
996 2493 1014 2525 ι

536 2566 708 2621 Totus
731 2567 911 2636 itaque
940 2563 1170 2619 mundus
1196 2564 1300 2618 hoc
1328 2572 1567 2634 tempore
1597 2562 1730 2618 nihil
1772 2572 1857 2619 est
1902 2562 2045 2617 aliud

465 2659 566 2713 nisi
597 2657 738 2728 gula,
778 2656 1026 2719 avaritia,
1075 2663 1238 2723 atque
1267 2654 1452 2709 libido.
1518 2654 1586 2708 Et
1619 2655 1758 2709 sicut
1790 2652 1918 2709 olim
1952 2651 2045 2706 tri-

465 2748 658 2802 fariam
681 2746 883 2800 divisus
907 2754 991 2800 est
1020 2745 1191 2807 orbis,
1217 2754 1273 2797 ut
1302 2745 1475 2799 tribus
1502 2742 1661 2797 simul
1711 2741 2047 2813 principibus

471 2838 774 2907 subiaceret
798 2836 913 2900 ;'ita
945 2850 1086 2889 nunc
1113 2850 1281 2904 genus
1311 2835 1623 2897 ltumauum,
1659 2834 1763 2887 heu
1794 2832 1927 2903 proh
1949 2832 2046 2887 d0-

464 2930 581 2983 lor!
610 2930 692 2983 his
725 2928 895 2982 tribus
920 2927 1067 2981 vitiis
1088 2926 1305 2981 servilia
1333 2925 1469 2980 colla
1499 2924 1816 2989 substernit,
1834 2937 2050 2978 eorum-

465 3035 573 3092 que
599 3020 752 3090 quasi
786 3019 1005 3074 totidem
1036 3027 1387 3090 tyrannorum
1418 3017 1623 3088 legibus
1671 3016 2049 3087 obtemperan-

2149 1846 2331 1901 scunt,
2385 1852 2550 1906 quam
2607 1839 2754 1895 circa
2800 1853 3143 1911 praegnantes
3189 1858 3318 1899 suas
3366 1854 3423 1898 et
3467 1846 3721 1899 animalia

2144 1935 2294 1979 muta
2323 1926 2650 1982 custodiunt.
2680 1929 2833 1996 Vide,
2864 1945 2898 1985 ο
2926 1932 3107 1997 ιιοιιιο,
3163 1948 3375 1997 canem,
3413 1934 3455 1988 si
3509 1935 3721 1989 canicu-

2144 2014 2272 2083 lam,
2307 2027 2592 2087 postquam
2621 2021 2891 2091 concepit,
2930 2023 3273 2093 aggreditur;
3324 2024 3504 2094 aspice
3559 2025 3721 2079 bucu-

2145 2104 2274 2171 lam,
2300 2107 2382 2161 vel
2407 2119 2555 2163 certe
2578 2122 2799 2179 equam,
2822 2109 2868 2165 si
2892 2122 3015 2180 post
3038 2121 3357 2182 conceptum
3373 2129 3402 2166 a
3426 2113 3539 2167 suis
3567 2114 3722 2166 mari-

2144 2197 2246 2252 bus
2273 2197 2631 2254 insectantur.
2657 2201 2910 2270 Ignorant
2937 2204 3133 2273 quippe
3168 2205 3396 2260 coeundi
3422 2205 3719 2269 libidinem,

2145 2302 2269 2341 cnm
2318 2288 2508 2347 deesse
2547 2291 2648 2345 sibi
2692 2292 2945 2363 gignendi
2981 2297 3325 2364 conspiciunt
3378 2298 3711 2359 facultatem.

2146 2376 2280 2430 Cum
2301 2393 2431 2449 ergo
2471 2381 2633 2443 tauri,
2657 2397 2837 2446 canes,
2890 2392 2947 2437 et
2976 2393 3173 2439 caetera
3200 2385 3495 2440 bestiarum
3520 2401 3720 2457 genera

2149 2464 2345 2520 fetibus
2405 2468 2518 2522 suis
2566 2472 2923 2527 reverentiam
2974 2475 3282 2542 praebeant;
3321 2474 3417 2529 soli
3450 2476 3721 2541 homines,

2146 2571 2375 2625 quorutn
2407 2560 2606 2616 Doctor
2640 2562 2706 2616 de
2734 2562 2953 2634 Virgine
2985 2575 3146 2618 natus
3192 2575 3296 2628 est,
3346 2576 3403 2619 ut
3452 2575 3577 2619 vota
3620 2581 3719 2620 sua

2147 2647 2385 2703 libidinis
2412 2650 2682 2720 expleant,
2715 2654 2968 2723 parvulos
3018 2670 3168 2719 suos,
3215 2656 3305 2727 qui
3350 2657 3416 2710 ad
3465 2657 3556 2711 Dei
3608 2657 3723 2710 for-

2150 2747 2365 2795 mantur
2392 2741 2697 2813 imaginem,
2722 2755 2979 2802 necantes
2998 2748 3244 2804 obterere
3275 2766 3379 2804 non
3409 2748 3719 2803 formidant.

2149 2827 2287 2885 Hinc
2312 2841 2395 2885 est
2419 2834 2563 2901 quod
2587 2834 2855 2889 nonnullas
2882 2836 3138 2892 mulieres
3172 2848 3295 2894 ante
3321 2840 3563 2909 pariendi
3591 2848 3729 2895 tern-

2148 2933 2250 2989 pus
2278 2922 2573 2989 abortiunt,
2603 2932 2697 2979 aut
2717 2936 2867 2981 certe
2922 2928 3183 2994 mutilata,
3224 2929 3307 2984 vel
3338 2931 3461 2985 lazsa
3509 2944 3731 2983 eorunr~

2153 3010 2272 3064 dem
2296 3012 2643 3080 parvulorum
2677 3023 2859 3071 tenera
2887 3018 3065 3074 adhuc
3100 3020 3383 3075 membella
3419 3020 3724 3090 reperiunt.

470 3122 552 3168 ter
572 3112 773 3167 obedit.
809 3130 825 3161 ι
847 3108 1046 3166 Omnes
1065 3109 1233 3175 enim,
1262 3109 1403 3164 sicut
1441 3108 1719 3178 Scriptura
1741 3108 1893 3175 dicit,
1920 3123 2051 3163 ava-
2080 3100 2127 3161 C
2156 3099 2225 3154 Et
2246 3099 2349 3155 hoc
2374 3103 2532 3157 modo
2554 3103 2680 3159 dum
2704 3107 3021 3165 adlibidinis
3034 3108 3280 3165 feruntur
3303 3113 3567 3167 incentiva
3591 3128 3735 3182 prze~

469 3204 853 3267 ritiarstudent,
882 3202 1148 3256 aminimo
1176 3215 1347 3270 usque
1372 3200 1438 3254 ad
1469 3201 1761 3255 maximum
1786 3200 1921 3270 (Ira.
1939 3215 2049 3265 Lvi,

464 3292 579 3347 Jer.
603 3293 698 3363 vi).
736 3313 754 3345 ι
794 3293 866 3347 De
894 3291 1015 3362 gula
1044 3305 1173 3346 vero
1221 3291 1348 3360 quid
1395 3291 1593 3356 dicam,
1646 3306 1768 3345 cum
1812 3290 2050 3361 opulenti

463 3384 666 3453 quique
687 3384 934 3441 nesciant
956 3382 1176 3448 famem,
1202 3398 1477 3452 nunquam
1513 3383 1893 3453 praestoleutur
1925 3397 2052 3438 esu-

466 3475 637 3529 riem?
674 3474 967 3529 Tumentes
998 3482 1235 3541 ventres,
1278 3474 1379 3529 nisi
1420 3474 1580 3529 citius
1617 3490 1712 3544 per
1757 3484 2049 3543 utrumque

465 3566 738 3635 spiramen
777 3564 1087 3628 etfolleant,
1127 3564 1392 3635 crepitum
1442 3565 1602 3619 ilibus
1654 3564 2050 3629 reformidant,

464 3668 519 3712 et
556 3659 635 3712 sic
674 3658 728 3711 in
764 3656 1011 3711 manibus
1037 3654 1229 3710 ﬁstula:
1255 3655 1506 3711 consistit
1534 3655 1876 3710 incolumitas
1906 3654 2047 3709 vitae.

465 3750 572 3804 Ora
610 3746 939 3801 ﬂammantia
1000 3744 1395 3818 crapulantur,
1455 3759 1556 3799 nec
1605 3754 1784 3800 tamen
1836 3742 2048 3801 dicendi

465 3847 628 3902 sunt,
672 3837 886 3891 fastidio
923 3837 1245 3906 prohibente
1276 3877 1291 3902 ,
1332 3838 1616 3893 comedere
1648 3877 1664 3902 ,
1720 3839 1815 3892 sed
1872 3838 2050 3904 potius

465 3933 575 4003 29
596 3932 833 4002 ligurire.
856 3930 1029 4000 Atque
1048 3931 1169 3987 ideo
1191 3930 1316 3986 dum
1335 3930 1553 3999 afﬂictio
1575 3929 1757 3985 carnis
1780 3942 1808 3980 a
1833 3927 2049 3981 cunctis

464 4022 851 4093 paenitentibus
878 4034 1013 4090 pene
1036 4020 1329 4091 respuitur,
1360 4019 1413 4075 in
1442 4018 1782 4089 praefigendis
1812 4017 2046 4087 paenitu-

467 4114 655 4168 dinum
706 4112 927 4182 judiciis
985 4112 1133 4182 vigor
1158 4127 1425 4169 canonum
1457 4112 1697 4165 funditus
1733 4120 2041 4164 enervatnr.

466 4207 828 4272 Quamobrem
856 4216 949 4259 aut
971 4204 1109 4259 liber
1137 4205 1357 4259 omnino
1380 4204 1707 4259 claudendus
1756 4211 1838 4257 est
1884 4218 2049 4258 cano-

466 4312 618 4357 num,
642 4306 735 4350 aut
760 4312 788 4349 a
818 4295 1126 4365 deleganda:
1151 4296 1478 4363 pmnitentia:
1517 4296 1789 4350 taxatione
1827 4310 2045 4349 cessau-

467 4389 617 4441 dum.
648 4387 778 4453 Quis
808 4386 949 4442 enim
971 4386 1311 4441 stecularium
1340 4385 1501 4449 ferat.
1539 4386 1585 4441 si
1617 4385 1699 4440 vel
1731 4386 1909 4440 triduo
1955 4400 2050 4455 per

2157 3190 2370 3259 cipites,
2400 3204 2523 3249 ante
2551 3196 2834 3264 parricida:
2859 3209 2985 3255 sunt
3015 3216 3175 3270 quam
3198 3214 3481 3273 parentes;
3506 3218 3561 3261 ct
3582 3209 3733 3276 quod

2155 3280 2309 3336 valde
2332 3284 2695 3352 periculosum
2718 3297 2822 3354 est,
2848 3292 2973 3346 dum
2998 3293 3114 3348 haec
3135 3294 3265 3349 vitio
3290 3306 3491 3351 natura:
3506 3311 3735 3366 peccan-

2157 3370 2225 3425 tis
2256 3374 2556 3440 aseribunt,
2578 3391 2698 3433 sese
2727 3386 2832 3435 tam
2859 3380 3102 3452 ﬂagitiosi
3134 3395 3315 3440 reatus
3340 3387 3600 3442 obnoxios
3622 3403 3733 3443 non

2154 3475 2471 3531 agnoscunt.
2494 3468 2879 3529 Verumtamen
2924 3484 2978 3528 et
3004 3477 3106 3531 hoc
3136 3478 3428 3547 aliquando
3445 3494 3548 3534 non
3577 3480 3733 3550 igno-

2153 3566 2310 3623 rant;
2343 3557 2436 3613 sed
2464 3562 2589 3614 dum
2618 3562 2899 3620 lucrantur
2950 3567 3310 3637 ignorantiam
3340 3571 3542 3641 populi,
3569 3572 3737 3627 dissi-

2153 3646 2357 3703 mulant
2380 3649 2483 3705 hoc
2507 3654 2880 3711 sacerdotibus
2906 3658 3170 3715 confiteri.
3189 3659 3410 3727 Barrus,
3428 3662 3517 3730 qui
3540 3672 3595 3717 et
3618 3663 3736 3721 ble-

2148 3737 2284 3807 phas
2305 3737 2519 3806 dicitur,
2556 3742 2712 3798 unice
2731 3743 2952 3816 diligere
2973 3749 3243 3804 castitatis
3271 3752 3592 3806 munditiam
3606 3768 3736 3823 pcr-

2151 3824 2387 3893 hibetur,
2410 3837 2463 3883 et
2483 3840 2706 3887 eatenus
2728 3847 3041 3891 exsecratur
3068 3838 3304 3894 obscena
3337 3840 3643 3908 libidinum,
3675 3855 3737 3898 ιιι

2150 3930 2270 3970 cum
2285 3918 2350 3972 ad
2375 3923 2777 3990 propagandum
2798 3941 2965 3996 genus
2978 3930 3058 3983 eoi
3069 3945 3125 3984 re
3139 3932 3501 3999 compellitur,
3518 3934 3731 3989 vultum

2150 4018 2272 4077 post
2323 4018 2469 4082 terga
2513 4022 2852 4083 retorqueat;
2880 4027 2933 4073 et
2967 4020 3040 4073 ita
3067 4022 3459 4090 quodammodo
3522 4035 3735 4081 natura:

2147 4096 2256 4170 30
2272 4112 2492 4156 coactus
2515 4104 2761 4174 imperio,
2783 4107 2925 4163 nolle
2944 4125 3023 4177 se,
3045 4120 3207 4181 atque
3232 4114 3555 4170 erubescere
3582 4118 3731 4185 quod

2149 4193 2258 4262 agit
2286 4194 2554 4248 ostendat.
2596 4195 2773 4251 Bestia
2819 4214 2947 4269 ergo
2976 4202 3226 4270 quaelibet
3271 4205 3337 4259 ad
3381 4205 3482 4259 hoc
3525 4206 3733 4261 solum-

2150 4282 2309 4335 modo
2338 4283 2466 4348 coit,
2493 4293 2553 4339 ut
2581 4286 2787 4354 gignat,
2831 4289 2991 4344 homo
3017 4292 3163 4347 solus
3203 4294 3270 4348 ad
3310 4293 3413 4349 hoc
3442 4296 3633 4365 gignit,
3674 4306 3736 4350 ut

2152 4381 2328 4426 coeat.
2369 4372 2662 4431 Pecoribus
2696 4377 2878 4447 itaque
2924 4395 3133 4437 summa
3178 4387 3567 4441 concumbcudi
3604 4403 3731 4458 par-t

467 4477 858 4533 hebdomadam
915 4475 1157 4545 jejunare
1207 4476 1523 4546 prtecipias?
1579 4474 1733 4530 Modo
1782 4475 2043 4531 stomachi

2156 4472 2261 4528 tus,
2314 4467 2619 4525 hominibus
2665 4485 2795 4526 vero
2843 4487 3054 4528 summa
3096 4476 3343 4545 gignendi
3386 4437 3733 4536 concuhirtus.

467 4567 736 4622 laesionem
760 4568 1032 4630 simulant,
1058 4567 1215 4622 modo
1243 4566 1432 4635 spleuii
1482 4567 1597 4621 sive
1620 4566 1813 4621 vesica;
1851 4565 2051 4622 lamen-

468 4666 651 4711 tantur
678 4658 922 4720 exitium,
954 4658 1111 4712 modo
1149 4657 1374 4711 marcidi
1404 4656 1672 4725 pulmonis
1701 4657 1832 4712 vitio
1879 4656 2046 4713 inter-

466 4748 609 4804 cludi
639 4749 856 4803 sibimet
880 4748 1174 4804 anhelitum
1200 4759 1633 4819 conquerantur.
1681 4748 1819 4804 Hinc
1865 4750 2045 4804 multi-

464 4834 633 4907 plices
662 4838 736 4891 rei
766 4837 1051 4892 familiaris
1102 4854 1263 4893 curas
1320 4838 1599 4907 objiciunt,
1661 4839 1809 4893 illinc
1859 4838 2044 4894 herilis

464 4926 753 4981 famulatus
773 4927 1028 4995 obsequia
1054 4927 1319 4982 laboriosa
1348 4928 1701 4996 prtetcndunt.
1730 4928 1866 4993 Quid
1893 4928 2044 4995 plura

464 5017 676 5070 dicam?
715 5016 1107 5086 Labyrintheas
1135 5025 1572 5086 argumentorum
1596 5032 1785 5070 scenas
1808 5026 2044 5077 struunt,

469 5104 717 5158 Proteum
785 5106 1035 5168 induunt,
1066 5116 1120 5158 et
1149 5106 1199 5158 in
1231 5106 1440 5159 diversa
1469 5119 1527 5159 se
1563 5104 1860 5157 formarum
1888 5120 2043 5159 mou-

468 5204 575 5246 stra
610 5205 945 5258 convertunt,
974 5206 1165 5250 cuncta
1196 5195 1511 5266 languorum
1542 5211 1737 5265 genera
1767 5196 2041 5260 simulant,

469 5285 687 5353 utquod
712 5286 1052 5353 potissimum
1086 5296 1350 5351 metuunt,
1386 5286 1701 5357 languorem
1722 5286 1911 5355 jejunii
1938 5303 2042 5343 non

470 5376 763 5429 incurrant.
800 5375 906 5430 Sed
946 5393 1067 5431 cum
1101 5387 1380 5447 tantopere
1404 5394 1507 5431 non
1540 5378 1771 5447 exigenti
1820 5388 2044 5441 naturae,

470 5469 564 5522 sed
597 5468 898 5537 impatienti
923 5469 1061 5539 gulm
1087 5470 1419 5532 deserviunt,
1444 5469 1626 5531 velint,
1663 5469 1849 5523 nolint.
1880 5470 2046 5525 libera

478 5558 725 5615 libidinis
742 5559 891 5616 frena
914 5566 1183 5619 laxantur.
1210 5566 1410 5620 Venter
1427 5569 1598 5628 enim,
1618 5578 1779 5635 atque
1800 5562 2049 5634 pudenda

479 5650 732 5718 contigua
763 5651 866 5707 sibi
895 5666 1022 5710 sunt
1046 5654 1303 5709 alIiuitatc
1333 5658 1692 5722 contermina,
1722 5667 1772 5713 ct
1801 5673 1922 5711 cum
1951 5655 2040 5712 ille

2154 4551 2405 4609 Vultures
2420 4558 2657 4625 pariunt,
2675 4574 2797 4614 cum
2817 4576 2876 4615 se
2893 4576 2985 4630 per
3006 4564 3203 4618 coitum
3223 4581 3328 4619 non
3357 4581 3729 4638 corrumpant.

2150 4641 2293 4711 Apes
2333 4646 2569 4701 sobolem
2614 4662 2943 4704 successum:
2984 4654 3317 4723 posteritatis
3340 4657 3644 4719 enutriunt,
3674 4668 3735 4711 nt

2151 4733 2387 4801 virgines
2424 4747 2793 4803 perseverent.
2822 4739 3003 4807 Itaque
3035 4743 3257 4795 rationis
3284 4746 3523 4813 expertia
3559 4746 3733 4800 filium

2155 4822 2384 4895 Virginis
2413 4825 2728 4892 imitantur;
2762 4838 2816 4883 et
2851 4831 3117 4897 homines,
3148 4836 3342 4904 quibus
3367 4838 3551 4906 utique
3576 4850 3734 4891 natus

2152 4924 2252 4980 est,
2282 4916 2507 4972 luxuria:
2546 4919 2824 4975 volntabro
2853 4922 3205 4979 delectantur.
3243 4927 3377 4994 Quis
3406 4930 3547 4983 enim
3572 4932 3733 4984 semi-

2151 5009 2308 5062 nibus
2351 5010 2556 5066 semina
2597 5013 2956 5082 superjactat?
3003 5015 3123 5087 quis
3154 5034 3340 5089 agrum
3381 5020 3731 5074 veruantinm

2149 5096 2357 5152 scilicet
2385 5108 2624 5169 segetum
2662 5102 2857 5159 decore
2888 5107 3164 5165 vestitum.
3205 5108 3516 5164 sulcandum
3549 5125 3735 5163 vome-

2151 5194 2299 5247 ribus
2345 5192 2589 5262 judicat?
2640 5197 2799 5252 Mittit
2851 5201 3000 5269 prius
3053 5201 3261 5267 falcem,
3309 5212 3368 5256 ut
3434 5218 3555 5257 cum
3600 5219 3729 5275 ager

2151 5292 2342 5347 vacat,
2396 5288 2533 5341 satio
2582 5304 2708 5342 mox
2766 5301 2975 5361 segetes
3029 5294 3395 5361 gertuinatura
3440 5295 3729 5360 succedat;

2148 5375 2389 5447 alioquin
2424 5379 2469 5432 si
2509 5382 2698 5435 semini
2740 5397 2922 5438 semen
2953 5384 3237 5454 ingeritur.
3269 5386 3405 5442 forte
3429 5389 3730 5459 continget,

2150 5474 2208 5519 ut
2238 5480 2340 5519 non
2371 5466 2545 5520 dicam
2576 5484 2641 5521 ex
2667 5482 2918 5540 utroque.
2964 5474 3059 5527 sed
3106 5489 3173 5528 ne
3216 5476 3281 5529 dc
3325 5476 3583 5531 utrolibet
3611 5493 3735 5546 qut-

2152 5558 2273 5611 dem
2301 5569 2592 5627 proventus
2621 5564 2773 5629 copia
2804 5563 3105 5631 colligatur.
3152 5567 3381 5622 Attende
3414 5571 3618 5639 itaque,
3649 5572 3737 5624 vir

2152 5654 2388 5719 enervis,
2420 5650 2527 5709 imo
2563 5653 2645 5707 vir
2678 5655 2898 5721 cvirate,
2930 5658 3055 5726 quid
3107 5662 3332 5730 ambias,
3360 5673 3413 5718 et
3438 5664 3574 5719 scito
3603 5666 3732 5733 quia
