  <div class='ocr_page' id='page_1' title='image "/cluster/home/n/w/nwhite01/storage/ocr_20150623/144/hvd.32044054760046/122.png"; bbox 0 0 4078 6202; ppageno 0'>
   <div class='ocr_carea' id='block_1_1' title="bbox 348 301 452 358">
    <p class='ocr_par' dir='ltr' id='par_1_1' title="bbox 348 301 452 358">
     <span class='ocr_line' id='line_1_1' title="bbox 348 301 452 358; baseline 0.029 -3"><span class='ocrx_word' id='word_1_1' title='bbox 348 301 452 358; x_wconf 75' lang='lat'><strong>253</strong></span> 
     </span>
    </p>
   </div>
   <div class='ocr_carea' id='block_1_2' title="bbox 1506 311 2437 383">
    <p class='ocr_par' dir='ltr' id='par_1_2' title="bbox 1506 311 2437 383">
     <span class='ocr_line' id='line_1_2' title="bbox 1506 311 2437 383; baseline 0.009 -18"><span class='ocrx_word' id='word_1_2' title='bbox 1506 311 1707 367; x_wconf 81' lang='lat' dir='ltr'><strong>LIBER</strong></span> <span class='ocrx_word' id='word_1_3' title='bbox 1750 313 2027 383; x_wconf 76' lang='lat' dir='ltr'><strong>PRIMUS,</strong></span> <span class='ocrx_word' id='word_1_4' title='bbox 2068 316 2284 373; x_wconf 83' lang='lat' dir='ltr'><strong>EPIS&#39;I‘.</strong></span> <span class='ocrx_word' id='word_1_5' title='bbox 2323 318 2437 373; x_wconf 77' lang='lat' dir='ltr'><strong>XV.</strong></span> 
     </span>
    </p>
   </div>
   <div class='ocr_carea' id='block_1_3' title="bbox 3497 328 3603 386">
    <p class='ocr_par' dir='ltr' id='par_1_3' title="bbox 3497 328 3603 386">
     <span class='ocr_line' id='line_1_3' title="bbox 3497 328 3603 386; baseline 0.019 -2"><span class='ocrx_word' id='word_1_6' title='bbox 3497 328 3603 386; x_wconf 67' lang='grc'><strong>256</strong></span> 
     </span>
    </p>
   </div>
   <div class='ocr_carea' id='block_1_4' title="bbox 345 416 3606 508">
    <p class='ocr_par' dir='ltr' id='par_1_4' title="bbox 345 416 3606 508">
     <span class='ocr_line' id='line_1_4' title="bbox 345 416 3606 508; baseline 0.008 -36"><span class='ocrx_word' id='word_1_7' title='bbox 345 416 522 489; x_wconf 78' lang='lat' dir='ltr'><strong>pulvis</strong></span> <span class='ocrx_word' id='word_1_8' title='bbox 550 427 606 473; x_wconf 91' lang='lat' dir='ltr'><strong>et</strong></span> <span class='ocrx_word' id='word_1_9' title='bbox 633 417 772 474; x_wconf 88' lang='lat' dir='ltr'><strong>cinis</strong></span> <span class='ocrx_word' id='word_1_10' title='bbox 798 428 904 485; x_wconf 90' lang='lat' dir='ltr'><strong>est,</strong></span> <span class='ocrx_word' id='word_1_11' title='bbox 929 420 995 474; x_wconf 85' lang='lat' dir='ltr'><strong>ad</strong></span> <span class='ocrx_word' id='word_1_12' title='bbox 1025 435 1186 490; x_wconf 89' lang='lat' dir='ltr'><strong>quem</strong></span> <span class='ocrx_word' id='word_1_13' title='bbox 1213 422 1441 480; x_wconf 72' lang='lat' dir='ltr'><strong>luxuriae</strong></span> <span class='ocrx_word' id='word_1_14' title='bbox 1470 424 1680 482; x_wconf 83' lang='lat' dir='ltr'><strong>l‘acibus</strong></span> <span class='ocrx_word' id='word_1_15' title='bbox 1721 428 1930 484; x_wconf 86' lang='lat' dir='ltr'><strong>iullam-</strong></span> <span class='ocrx_word' id='word_1_16' title='bbox 1957 437 2006 496; x_wconf 77' lang='grc' dir='ltr'><strong>Α</strong></span> <span class='ocrx_word' id='word_1_17' title='bbox 2032 430 2174 486; x_wconf 87' lang='lat' dir='ltr'><strong>diem</strong></span> <span class='ocrx_word' id='word_1_18' title='bbox 2211 441 2267 487; x_wconf 93' lang='lat' dir='ltr'><strong>et</strong></span> <span class='ocrx_word' id='word_1_19' title='bbox 2309 443 2523 489; x_wconf 86' lang='lat' dir='ltr'><strong>noctem</strong></span> <span class='ocrx_word' id='word_1_20' title='bbox 2568 434 2778 490; x_wconf 88' lang='lat' dir='ltr'><strong>videtur</strong></span> <span class='ocrx_word' id='word_1_21' title='bbox 2824 444 3016 492; x_wconf 88' lang='lat' dir='ltr'><strong>nutare</strong></span> <span class='ocrx_word' id='word_1_22' title='bbox 3053 439 3452 508; x_wconf 82' lang='lat' dir='ltr'><strong>crepusculum,</strong></span> <span class='ocrx_word' id='word_1_23' title='bbox 3480 444 3606 499; x_wconf 88' lang='lat' dir='ltr'><strong>dum</strong></span> 
     </span>
    </p>
   </div>
   <div class='ocr_carea' id='block_1_5' title="bbox 342 512 1931 580">
    <p class='ocr_par' dir='ltr' id='par_1_5' title="bbox 342 512 1931 580">
     <span class='ocr_line' id='line_1_5' title="bbox 342 512 1931 580; baseline 0.008 -14"><span class='ocrx_word' id='word_1_24' title='bbox 342 520 523 566; x_wconf 87' lang='lat' dir='ltr'><strong>matus</strong></span> <span class='ocrx_word' id='word_1_25' title='bbox 570 512 816 576; x_wconf 88' lang='lat' dir='ltr'><strong>anhelas,</strong></span> <span class='ocrx_word' id='word_1_26' title='bbox 872 514 1121 570; x_wconf 74' lang='lat' dir='ltr'><strong>videlicet</strong></span> <span class='ocrx_word' id='word_1_27' title='bbox 1161 527 1220 570; x_wconf 90' lang='lat' dir='ltr'><strong>ut</strong></span> <span class='ocrx_word' id='word_1_28' title='bbox 1270 535 1393 572; x_wconf 90' lang='lat' dir='ltr'><strong>cum</strong></span> <span class='ocrx_word' id='word_1_29' title='bbox 1445 520 1736 578; x_wconf 82' lang='lat' dir='ltr'><strong>muliebres</strong></span> <span class='ocrx_word' id='word_1_30' title='bbox 1781 534 1931 580; x_wconf 90' lang='lat' dir='ltr'><strong>artus</strong></span> 
     </span>
    </p>
   </div>
   <div class='ocr_carea' id='block_1_6' title="bbox 340 602 1928 683">
    <p class='ocr_par' dir='ltr' id='par_1_6' title="bbox 340 602 1928 683">
     <span class='ocr_line' id='line_1_6' title="bbox 340 602 1928 683; baseline 0.009 -27"><span class='ocrx_word' id='word_1_31' title='bbox 340 602 713 672; x_wconf 80' lang='lat' dir='ltr'><strong>amplecteris,</strong></span> <span class='ocrx_word' id='word_1_32' title='bbox 737 619 970 672; x_wconf 82' lang='lat' dir='ltr'><strong>vermes,</strong></span> <span class='ocrx_word' id='word_1_33' title='bbox 995 607 1221 674; x_wconf 88' lang='lat' dir='ltr'><strong>saniem,</strong></span> <span class='ocrx_word' id='word_1_34' title='bbox 1251 609 1748 683; x_wconf 86' lang='lat' dir='ltr'><strong>intolerabilemque</strong></span> <span class='ocrx_word' id='word_1_35' title='bbox 1768 615 1928 671; x_wconf 70' lang='lat' dir='ltr'><strong>freto-</strong></span> 
     </span>
    </p>
   </div>
   <div class='ocr_carea' id='block_1_7' title="bbox 338 695 1932 774">
    <p class='ocr_par' dir='ltr' id='par_1_7' title="bbox 338 695 1932 774">
     <span class='ocr_line' id='line_1_7' title="bbox 338 695 1932 774; baseline 0.008 -24"><span class='ocrx_word' id='word_1_36' title='bbox 338 709 478 758; x_wconf 86' lang='lat' dir='ltr'><strong>retu,</strong></span> <span class='ocrx_word' id='word_1_37' title='bbox 527 695 673 765; x_wconf 89' lang='lat' dir='ltr'><strong>quod</strong></span> <span class='ocrx_word' id='word_1_38' title='bbox 730 696 892 766; x_wconf 88' lang='lat' dir='ltr'><strong>paulo</strong></span> <span class='ocrx_word' id='word_1_39' title='bbox 932 707 1056 768; x_wconf 88' lang='lat' dir='ltr'><strong>post</strong></span> <span class='ocrx_word' id='word_1_40' title='bbox 1082 698 1262 754; x_wconf 80' lang='lat' dir='ltr'><strong>futura</strong></span> <span class='ocrx_word' id='word_1_41' title='bbox 1301 709 1405 765; x_wconf 87' lang='lat' dir='ltr'><strong>est,</strong></span> <span class='ocrx_word' id='word_1_42' title='bbox 1436 705 1838 774; x_wconf 85' lang='lat' dir='ltr'><strong>contempleris,</strong></span> <span class='ocrx_word' id='word_1_43' title='bbox 1871 717 1932 762; x_wconf 93' lang='lat' dir='ltr'><strong>ut</strong></span> 
     </span>
    </p>
   </div>
   <div class='ocr_carea' id='block_1_8' title="bbox 335 787 1932 866">
    <p class='ocr_par' dir='ltr' id='par_1_8' title="bbox 335 787 1932 866">
     <span class='ocr_line' id='line_1_8' title="bbox 335 787 1932 866; baseline 0.006 -24"><span class='ocrx_word' id='word_1_44' title='bbox 335 787 706 844; x_wconf 70' lang='lat' dir='ltr'><strong>consideratio</strong></span> <span class='ocrx_word' id='word_1_45' title='bbox 731 787 928 844; x_wconf 79' lang='lat' dir='ltr'><strong>futura:</strong></span> <span class='ocrx_word' id='word_1_46' title='bbox 954 791 1259 860; x_wconf 87' lang='lat' dir='ltr'><strong>putredinis</strong></span> <span class='ocrx_word' id='word_1_47' title='bbox 1290 793 1440 848; x_wconf 81' lang='lat' dir='ltr'><strong>fucos</strong></span> <span class='ocrx_word' id='word_1_48' title='bbox 1473 807 1638 852; x_wconf 90' lang='lat' dir='ltr'><strong>cauta</strong></span> <span class='ocrx_word' id='word_1_49' title='bbox 1666 797 1932 866; x_wconf 72' lang='lat' dir='ltr'><strong>despiciat</strong></span> 
     </span>
    </p>
   </div>
   <div class='ocr_carea' id='block_1_9' title="bbox 334 877 1926 954">
    <p class='ocr_par' dir='ltr' id='par_1_9' title="bbox 334 877 1926 954">
     <span class='ocr_line' id='line_1_9' title="bbox 334 877 1926 954; baseline 0.004 -23"><span class='ocrx_word' id='word_1_50' title='bbox 334 877 570 933; x_wconf 75' lang='lat' dir='ltr'><strong>scenica:</strong></span> <span class='ocrx_word' id='word_1_51' title='bbox 615 878 933 934; x_wconf 88' lang='lat' dir='ltr'><strong>venustatis.</strong></span> <span class='ocrx_word' id='word_1_52' title='bbox 996 879 1266 949; x_wconf 87' lang='lat' dir='ltr'><strong>Sapientis</strong></span> <span class='ocrx_word' id='word_1_53' title='bbox 1313 881 1513 951; x_wconf 85' lang='lat' dir='ltr'><strong>quippe</strong></span> <span class='ocrx_word' id='word_1_54' title='bbox 1563 883 1766 954; x_wconf 84' lang='lat' dir='ltr'><strong>judicio</strong></span> <span class='ocrx_word' id='word_1_55' title='bbox 1820 902 1926 940; x_wconf 90' lang='lat' dir='ltr'><strong>non</strong></span> 
     </span>
    </p>
   </div>
   <div class='ocr_carea' id='block_1_10' title="bbox 335 965 1930 1045">
    <p class='ocr_par' dir='ltr' id='par_1_10' title="bbox 335 965 1930 1045">
     <span class='ocr_line' id='line_1_10' title="bbox 335 965 1930 1045; baseline 0.006 -24"><span class='ocrx_word' id='word_1_56' title='bbox 335 967 501 1023; x_wconf 83' lang='lat' dir='ltr'><strong>modo</strong></span> <span class='ocrx_word' id='word_1_57' title='bbox 526 965 795 1036; x_wconf 81' lang='lat' dir='ltr'><strong>subiacet,</strong></span> <span class='ocrx_word' id='word_1_58' title='bbox 837 969 983 1038; x_wconf 89' lang='lat' dir='ltr'><strong>quod</strong></span> <span class='ocrx_word' id='word_1_59' title='bbox 1027 967 1370 1026; x_wconf 82' lang='lat' dir='ltr'><strong>lenocinatur</strong></span> <span class='ocrx_word' id='word_1_60' title='bbox 1407 972 1618 1029; x_wconf 91' lang='lat' dir='ltr'><strong>oculis:</strong></span> <span class='ocrx_word' id='word_1_61' title='bbox 1651 975 1744 1030; x_wconf 88' lang='lat' dir='ltr'><strong>sed</strong></span> <span class='ocrx_word' id='word_1_62' title='bbox 1785 978 1930 1045; x_wconf 88' lang='lat' dir='ltr'><strong>quod</strong></span> 
     </span>
    </p>
   </div>
   <div class='ocr_carea' id='block_1_11' title="bbox 333 1055 1928 1122">
    <p class='ocr_par' dir='ltr' id='par_1_11' title="bbox 333 1055 1928 1122">
     <span class='ocr_line' id='line_1_11' title="bbox 333 1055 1928 1122; baseline 0.007 -11"><span class='ocrx_word' id='word_1_63' title='bbox 333 1055 472 1112; x_wconf 81' lang='lat' dir='ltr'><strong>latet</strong></span> <span class='ocrx_word' id='word_1_64' title='bbox 496 1057 740 1112; x_wconf 90' lang='lat' dir='ltr'><strong>etiamin</strong></span> <span class='ocrx_word' id='word_1_65' title='bbox 768 1059 997 1113; x_wconf 83' lang='lat' dir='ltr'><strong>materia</strong></span> <span class='ocrx_word' id='word_1_66' title='bbox 1024 1060 1289 1116; x_wconf 87' lang='lat' dir='ltr'><strong>veritatis.</strong></span> <span class='ocrx_word' id='word_1_67' title='bbox 1319 1060 1705 1120; x_wconf 79' lang='lat' dir='ltr'><strong>Verumtamen</strong></span> <span class='ocrx_word' id='word_1_68' title='bbox 1738 1081 1928 1122; x_wconf 89' lang='lat' dir='ltr'><strong>omnes</strong></span> 
     </span>
    </p>
   </div>
   <div class='ocr_carea' id='block_1_12' title="bbox 334 1149 1928 1229">
    <p class='ocr_par' dir='ltr' id='par_1_12' title="bbox 334 1149 1928 1229">
     <span class='ocr_line' id='line_1_12' title="bbox 334 1149 1928 1229; baseline 0.006 -25"><span class='ocrx_word' id='word_1_69' title='bbox 334 1149 456 1204; x_wconf 90' lang='lat' dir='ltr'><strong>illas</strong></span> <span class='ocrx_word' id='word_1_70' title='bbox 481 1149 728 1215; x_wconf 91' lang='lat' dir='ltr'><strong>delicias,</strong></span> <span class='ocrx_word' id='word_1_71' title='bbox 750 1165 886 1224; x_wconf 83' lang='lat' dir='ltr'><strong>quas</strong></span> <span class='ocrx_word' id='word_1_72' title='bbox 913 1166 1058 1206; x_wconf 83' lang='lat' dir='ltr'><strong>nunc</strong></span> <span class='ocrx_word' id='word_1_73' title='bbox 1089 1154 1360 1208; x_wconf 71' lang='lat' dir='ltr'><strong>uxorcula:</strong></span> <span class='ocrx_word' id='word_1_74' title='bbox 1387 1155 1453 1210; x_wconf 90' lang='lat' dir='ltr'><strong>de</strong></span> <span class='ocrx_word' id='word_1_75' title='bbox 1478 1155 1593 1210; x_wconf 85' lang='lat' dir='ltr'><strong>suis</strong></span> <span class='ocrx_word' id='word_1_76' title='bbox 1615 1157 1928 1229; x_wconf 73' lang='lat' dir='ltr'><strong>coniugibus</strong></span> 
     </span>
    </p>
   </div>
   <div class='ocr_carea' id='block_1_13' title="bbox 333 1240 1924 1318">
    <p class='ocr_par' dir='ltr' id='par_1_13' title="bbox 333 1240 1924 1318">
     <span class='ocr_line' id='line_1_13' title="bbox 333 1240 1924 1318; baseline 0.008 -25"><span class='ocrx_word' id='word_1_77' title='bbox 333 1240 617 1302; x_wconf 76' lang='lat' dir='ltr'><strong>exhibent,</strong></span> <span class='ocrx_word' id='word_1_78' title='bbox 647 1240 772 1296; x_wconf 87' lang='lat' dir='ltr'><strong>aliis</strong></span> <span class='ocrx_word' id='word_1_79' title='bbox 799 1256 1015 1312; x_wconf 91' lang='lat' dir='ltr'><strong>quoque</strong></span> <span class='ocrx_word' id='word_1_80' title='bbox 1059 1243 1194 1300; x_wconf 88' lang='lat' dir='ltr'><strong>viris</strong></span> <span class='ocrx_word' id='word_1_81' title='bbox 1223 1259 1448 1302; x_wconf 89' lang='lat' dir='ltr'><strong>necesse</strong></span> <span class='ocrx_word' id='word_1_82' title='bbox 1493 1255 1578 1302; x_wconf 86' lang='lat' dir='ltr'><strong>est</strong></span> <span class='ocrx_word' id='word_1_83' title='bbox 1613 1249 1924 1318; x_wconf 70' lang='lat' dir='ltr'><strong>praebeant;</strong></span> 
     </span>
    </p>
   </div>
   <div class='ocr_carea' id='block_1_14' title="bbox 333 1331 1930 1407">
    <p class='ocr_par' dir='ltr' id='par_1_14' title="bbox 333 1331 1930 1407">
     <span class='ocr_line' id='line_1_14' title="bbox 333 1331 1930 1407; baseline 0.008 -22"><span class='ocrx_word' id='word_1_84' title='bbox 333 1331 380 1385; x_wconf 92' lang='lat' dir='ltr'><strong>si</strong></span> <span class='ocrx_word' id='word_1_85' title='bbox 405 1345 504 1386; x_wconf 89' lang='lat' dir='ltr'><strong>eas</strong></span> <span class='ocrx_word' id='word_1_86' title='bbox 543 1339 666 1401; x_wconf 91' lang='lat' dir='ltr'><strong>post</strong></span> <span class='ocrx_word' id='word_1_87' title='bbox 703 1347 892 1388; x_wconf 91' lang='lat' dir='ltr'><strong>eorum</strong></span> <span class='ocrx_word' id='word_1_88' title='bbox 942 1332 1149 1390; x_wconf 90' lang='lat' dir='ltr'><strong>obitum</strong></span> <span class='ocrx_word' id='word_1_89' title='bbox 1169 1335 1411 1406; x_wconf 30' lang='lat' dir='ltr'><strong>.biviras,</strong></span> <span class='ocrx_word' id='word_1_90' title='bbox 1446 1346 1504 1393; x_wconf 93' lang='lat' dir='ltr'><strong>ut</strong></span> <span class='ocrx_word' id='word_1_91' title='bbox 1547 1339 1808 1407; x_wconf 86' lang='lat' dir='ltr'><strong>assolent,</strong></span> <span class='ocrx_word' id='word_1_92' title='bbox 1835 1353 1930 1397; x_wconf 91' lang='lat' dir='ltr'><strong>aut</strong></span> 
     </span>
    </p>
   </div>
   <div class='ocr_carea' id='block_1_15' title="bbox 333 1423 1924 1498">
    <p class='ocr_par' dir='ltr' id='par_1_15' title="bbox 333 1423 1924 1498">
     <span class='ocr_line' id='line_1_15' title="bbox 333 1423 1924 1498; baseline 0.007 -21"><span class='ocrx_word' id='word_1_93' title='bbox 333 1423 501 1478; x_wconf 88' lang='lat' dir='ltr'><strong>etiam</strong></span> <span class='ocrx_word' id='word_1_94' title='bbox 529 1423 744 1479; x_wconf 85' lang='lat' dir='ltr'><strong>triviras</strong></span> <span class='ocrx_word' id='word_1_95' title='bbox 781 1438 902 1480; x_wconf 88' lang='lat' dir='ltr'><strong>esse</strong></span> <span class='ocrx_word' id='word_1_96' title='bbox 943 1427 1244 1498; x_wconf 78' lang='lat' dir='ltr'><strong>contingat.</strong></span> <span class='ocrx_word' id='word_1_97' title='bbox 1271 1427 1387 1484; x_wconf 81' lang='lat' dir='ltr'><strong>Non</strong></span> <span class='ocrx_word' id='word_1_98' title='bbox 1416 1439 1501 1485; x_wconf 89' lang='lat' dir='ltr'><strong>est</strong></span> <span class='ocrx_word' id='word_1_99' title='bbox 1535 1430 1616 1486; x_wconf 88' lang='lat' dir='ltr'><strong>eis</strong></span> <span class='ocrx_word' id='word_1_100' title='bbox 1646 1430 1779 1488; x_wconf 75' lang='lat' dir='ltr'><strong>fides</strong></span> <span class='ocrx_word' id='word_1_101' title='bbox 1819 1433 1924 1488; x_wconf 91' lang='lat' dir='ltr'><strong>ulla</strong></span> 
     </span>
    </p>
   </div>
   <div class='ocr_carea' id='block_1_16' title="bbox 331 1515 1928 1591">
    <p class='ocr_par' dir='ltr' id='par_1_16' title="bbox 331 1515 1928 1591">
     <span class='ocr_line' id='line_1_16' title="bbox 331 1515 1928 1591; baseline 0.008 -23"><span class='ocrx_word' id='word_1_102' title='bbox 331 1525 458 1587; x_wconf 85' lang='lat' dir='ltr'><strong>post</strong></span> <span class='ocrx_word' id='word_1_103' title='bbox 481 1525 735 1581; x_wconf 89' lang='lat' dir='ltr'><strong>mortem,</strong></span> <span class='ocrx_word' id='word_1_104' title='bbox 753 1515 846 1571; x_wconf 85' lang='lat' dir='ltr'><strong>sed</strong></span> <span class='ocrx_word' id='word_1_105' title='bbox 867 1517 993 1571; x_wconf 93' lang='lat' dir='ltr'><strong>dum</strong></span> <span class='ocrx_word' id='word_1_106' title='bbox 1010 1517 1226 1588; x_wconf 84' lang='lat' dir='ltr'><strong>placere</strong></span> <span class='ocrx_word' id='word_1_107' title='bbox 1245 1519 1378 1576; x_wconf 88' lang='lat' dir='ltr'><strong>viris</strong></span> <span class='ocrx_word' id='word_1_108' title='bbox 1396 1522 1928 1591; x_wconf 87' lang='lat' dir='ltr'><strong>posterioribuscon-</strong></span> 
     </span>
    </p>
   </div>
   <div class='ocr_carea' id='block_1_17' title="bbox 333 1605 1926 1685">
    <p class='ocr_par' dir='ltr' id='par_1_17' title="bbox 333 1605 1926 1685">
     <span class='ocr_line' id='line_1_17' title="bbox 333 1605 1926 1685; baseline 0.007 -25"><span class='ocrx_word' id='word_1_109' title='bbox 333 1605 729 1676; x_wconf 85' lang='lat' dir='ltr'><strong>cupiscibiliter</strong></span> <span class='ocrx_word' id='word_1_110' title='bbox 759 1617 1044 1676; x_wconf 86' lang='lat' dir='ltr'><strong>appetunt.</strong></span> <span class='ocrx_word' id='word_1_111' title='bbox 1079 1609 1272 1665; x_wconf 90' lang='lat' dir='ltr'><strong>audire</strong></span> <span class='ocrx_word' id='word_1_112' title='bbox 1301 1625 1516 1681; x_wconf 91' lang='lat' dir='ltr'><strong>quoque</strong></span> <span class='ocrx_word' id='word_1_113' title='bbox 1550 1629 1743 1670; x_wconf 86' lang='lat' dir='ltr'><strong>nomen</strong></span> <span class='ocrx_word' id='word_1_114' title='bbox 1777 1616 1926 1685; x_wconf 87' lang='lat' dir='ltr'><strong>prio-</strong></span> 
     </span>
    </p>
   </div>
   <div class='ocr_carea' id='block_1_18' title="bbox 332 1696 1916 1768">
    <p class='ocr_par' dir='ltr' id='par_1_18' title="bbox 332 1696 1916 1768">
     <span class='ocr_line' id='line_1_18' title="bbox 332 1696 1916 1768; baseline 0.005 -16"><span class='ocrx_word' id='word_1_115' title='bbox 332 1713 451 1752; x_wconf 89' lang='lat' dir='ltr'><strong>rum</strong></span> <span class='ocrx_word' id='word_1_116' title='bbox 477 1696 696 1753; x_wconf 69' lang='lat' dir='ltr'><strong>suffusa:</strong></span> <span class='ocrx_word' id='word_1_117' title='bbox 718 1698 917 1753; x_wconf 84' lang='lat' dir='ltr'><strong>rubore</strong></span> <span class='ocrx_word' id='word_1_118' title='bbox 949 1697 1176 1764; x_wconf 84' lang='lat' dir='ltr'><strong>vultum,</strong></span> <span class='ocrx_word' id='word_1_119' title='bbox 1207 1700 1548 1768; x_wconf 89' lang='lat' dir='ltr'><strong>impudenter</strong></span> <span class='ocrx_word' id='word_1_120' title='bbox 1569 1705 1916 1762; x_wconf 88' lang='lat' dir='ltr'><strong>erubescunt.</strong></span> 
     </span>
    </p>
   </div>
   <div class='ocr_carea' id='block_1_19' title="bbox 401 1785 1930 1856">
    <p class='ocr_par' dir='ltr' id='par_1_19' title="bbox 401 1785 1930 1856">
     <span class='ocr_line' id='line_1_19' title="bbox 401 1785 1930 1856; baseline 0.007 -16"><span class='ocrx_word' id='word_1_121' title='bbox 401 1785 542 1841; x_wconf 84' lang='lat' dir='ltr'><strong>Novi</strong></span> <span class='ocrx_word' id='word_1_122' title='bbox 573 1786 732 1856; x_wconf 89' lang='lat' dir='ltr'><strong>plane</strong></span> <span class='ocrx_word' id='word_1_123' title='bbox 759 1786 954 1852; x_wconf 84' lang='lat' dir='ltr'><strong>virum,</strong></span> <span class='ocrx_word' id='word_1_124' title='bbox 988 1788 1116 1844; x_wconf 91' lang='lat' dir='ltr'><strong>dum</strong></span> <span class='ocrx_word' id='word_1_125' title='bbox 1168 1788 1373 1845; x_wconf 88' lang='lat' dir='ltr'><strong>illatam</strong></span> <span class='ocrx_word' id='word_1_126' title='bbox 1410 1793 1565 1848; x_wconf 90' lang='lat' dir='ltr'><strong>uxori</strong></span> <span class='ocrx_word' id='word_1_127' title='bbox 1605 1793 1794 1850; x_wconf 86' lang='lat' dir='ltr'><strong>ulcisci</strong></span> <span class='ocrx_word' id='word_1_128' title='bbox 1835 1793 1930 1851; x_wconf 53' lang='lat' dir='ltr'><strong>eo?</strong></span> 
     </span>
    </p>
   </div>
   <div class='ocr_carea' id='block_1_20' title="bbox 331 1876 1924 1952">
    <p class='ocr_par' dir='ltr' id='par_1_20' title="bbox 331 1876 1924 1952">
     <span class='ocr_line' id='line_1_20' title="bbox 331 1876 1924 1952; baseline 0.006 -20"><span class='ocrx_word' id='word_1_129' title='bbox 331 1885 559 1932; x_wconf 81' lang='lat' dir='ltr'><strong>uaretur</strong></span> <span class='ocrx_word' id='word_1_130' title='bbox 587 1876 860 1945; x_wconf 89' lang='lat' dir='ltr'><strong>iujuriam,</strong></span> <span class='ocrx_word' id='word_1_131' title='bbox 888 1877 1084 1948; x_wconf 90' lang='lat' dir='ltr'><strong>gladiis</strong></span> <span class='ocrx_word' id='word_1_132' title='bbox 1131 1879 1540 1950; x_wconf 88' lang='lat' dir='ltr'><strong>interemptum,</strong></span> <span class='ocrx_word' id='word_1_133' title='bbox 1574 1897 1695 1952; x_wconf 65' lang='lat' dir='ltr'><strong>quae</strong></span> <span class='ocrx_word' id='word_1_134' title='bbox 1741 1893 1924 1941; x_wconf 89' lang='lat' dir='ltr'><strong>tamen</strong></span> 
     </span>
    </p>
   </div>
   <div class='ocr_carea' id='block_1_21' title="bbox 337 1967 1922 2044">
    <p class='ocr_par' dir='ltr' id='par_1_21' title="bbox 337 1967 1922 2044">
     <span class='ocr_line' id='line_1_21' title="bbox 337 1967 1922 2044; baseline 0.006 -24"><span class='ocrx_word' id='word_1_135' title='bbox 337 1967 404 2020; x_wconf 88' lang='lat' dir='ltr'><strong>ad</strong></span> <span class='ocrx_word' id='word_1_136' title='bbox 449 1967 722 2022; x_wconf 87' lang='lat' dir='ltr'><strong>secundas</strong></span> <span class='ocrx_word' id='word_1_137' title='bbox 765 1967 1030 2038; x_wconf 73' lang='lat' dir='ltr'><strong>migrasse</strong></span> <span class='ocrx_word' id='word_1_138' title='bbox 1083 1967 1303 2037; x_wconf 86' lang='lat' dir='ltr'><strong>nuptias</strong></span> <span class='ocrx_word' id='word_1_139' title='bbox 1351 1969 1574 2036; x_wconf 84' lang='lat' dir='ltr'><strong>dicitur,</strong></span> <span class='ocrx_word' id='word_1_140' title='bbox 1631 1982 1922 2044; x_wconf 84' lang='lat' dir='ltr'><strong>antequam</strong></span> 
     </span>
    </p>
   </div>
   <div class='ocr_carea' id='block_1_22' title="bbox 331 2059 1923 2132">
    <p class='ocr_par' dir='ltr' id='par_1_22' title="bbox 331 2059 1923 2132">
     <span class='ocr_line' id='line_1_22' title="bbox 331 2059 1923 2132; baseline 0.006 -18"><span class='ocrx_word' id='word_1_141' title='bbox 331 2060 459 2114; x_wconf 89' lang='lat' dir='ltr'><strong>anni</strong></span> <span class='ocrx_word' id='word_1_142' title='bbox 490 2059 728 2115; x_wconf 88' lang='lat' dir='ltr'><strong>circulus</strong></span> <span class='ocrx_word' id='word_1_143' title='bbox 753 2059 1091 2130; x_wconf 89' lang='lat' dir='ltr'><strong>impleretur.</strong></span> <span class='ocrx_word' id='word_1_144' title='bbox 1131 2061 1273 2115; x_wconf 90' lang='lat' dir='ltr'><strong>Eant</strong></span> <span class='ocrx_word' id='word_1_145' title='bbox 1304 2075 1436 2132; x_wconf 91' lang='lat' dir='ltr'><strong>ergo</strong></span> <span class='ocrx_word' id='word_1_146' title='bbox 1478 2062 1602 2128; x_wconf 89' lang='lat' dir='ltr'><strong>viri,</strong></span> <span class='ocrx_word' id='word_1_147' title='bbox 1641 2072 1698 2119; x_wconf 86' lang='lat' dir='ltr'><strong>et</strong></span> <span class='ocrx_word' id='word_1_148' title='bbox 1734 2066 1923 2124; x_wconf 91' lang='lat' dir='ltr'><strong>relicto</strong></span> 
     </span>
    </p>
   </div>
   <div class='ocr_carea' id='block_1_23' title="bbox 330 2151 1920 2225">
    <p class='ocr_par' dir='ltr' id='par_1_23' title="bbox 330 2151 1920 2225">
     <span class='ocr_line' id='line_1_23' title="bbox 330 2151 1920 2225; baseline 0.006 -19"><span class='ocrx_word' id='word_1_149' title='bbox 330 2151 465 2216; x_wconf 85' lang='lat' dir='ltr'><strong>Deo,</strong></span> <span class='ocrx_word' id='word_1_150' title='bbox 494 2166 643 2222; x_wconf 87' lang='lat' dir='ltr'><strong>spem</strong></span> <span class='ocrx_word' id='word_1_151' title='bbox 677 2151 730 2205; x_wconf 93' lang='lat' dir='ltr'><strong>in</strong></span> <span class='ocrx_word' id='word_1_152' title='bbox 777 2152 1038 2207; x_wconf 81' lang='lat' dir='ltr'><strong>uxoribus</strong></span> <span class='ocrx_word' id='word_1_153' title='bbox 1096 2163 1320 2223; x_wconf 87' lang='lat' dir='ltr'><strong>ponant,</strong></span> <span class='ocrx_word' id='word_1_154' title='bbox 1371 2169 1508 2223; x_wconf 89' lang='lat' dir='ltr'><strong>quas</strong></span> <span class='ocrx_word' id='word_1_155' title='bbox 1553 2155 1740 2225; x_wconf 90' lang='lat' dir='ltr'><strong>utique</strong></span> <span class='ocrx_word' id='word_1_156' title='bbox 1794 2159 1920 2215; x_wconf 92' lang='lat' dir='ltr'><strong>dum</strong></span> 
     </span>
    </p>
   </div>
   <div class='ocr_carea' id='block_1_24' title="bbox 331 2248 1922 2320">
    <p class='ocr_par' dir='ltr' id='par_1_24' title="bbox 331 2248 1922 2320">
     <span class='ocr_line' id='line_1_24' title="bbox 331 2248 1922 2320; baseline 0.004 -18"><span class='ocrx_word' id='word_1_157' title='bbox 331 2248 787 2318; x_wconf 86' lang='lat' dir='ltr'><strong>intemperantius</strong></span> <span class='ocrx_word' id='word_1_158' title='bbox 839 2249 1093 2320; x_wconf 83' lang='lat' dir='ltr'><strong>diligunt,</strong></span> <span class='ocrx_word' id='word_1_159' title='bbox 1138 2265 1280 2320; x_wconf 65' lang='lat' dir='ltr'><strong>saepe</strong></span> <span class='ocrx_word' id='word_1_160' title='bbox 1322 2267 1418 2320; x_wconf 89' lang='lat' dir='ltr'><strong>per</strong></span> <span class='ocrx_word' id='word_1_161' title='bbox 1457 2267 1552 2307; x_wconf 88' lang='lat' dir='ltr'><strong>eas</strong></span> <span class='ocrx_word' id='word_1_162' title='bbox 1603 2267 1711 2307; x_wconf 89' lang='lat' dir='ltr'><strong>non</strong></span> <span class='ocrx_word' id='word_1_163' title='bbox 1763 2255 1922 2309; x_wconf 89' lang='lat' dir='ltr'><strong>modo</strong></span> 
     </span>
    </p>
   </div>
   <div class='ocr_carea' id='block_1_25' title="bbox 332 2345 1924 2420">
    <p class='ocr_par' dir='ltr' id='par_1_25' title="bbox 332 2345 1924 2420">
     <span class='ocr_line' id='line_1_25' title="bbox 332 2345 1924 2420; baseline 0.005 -22"><span class='ocrx_word' id='word_1_164' title='bbox 332 2345 614 2399; x_wconf 88' lang='lat' dir='ltr'><strong>extraneis</strong></span> <span class='ocrx_word' id='word_1_165' title='bbox 656 2345 808 2410; x_wconf 87' lang='lat' dir='ltr'><strong>viris,</strong></span> <span class='ocrx_word' id='word_1_166' title='bbox 857 2347 953 2402; x_wconf 89' lang='lat' dir='ltr'><strong>sed</strong></span> <span class='ocrx_word' id='word_1_167' title='bbox 1007 2355 1063 2402; x_wconf 91' lang='lat' dir='ltr'><strong>et</strong></span> <span class='ocrx_word' id='word_1_168' title='bbox 1100 2348 1346 2404; x_wconf 84' lang='lat' dir='ltr'><strong>hostibus</strong></span> <span class='ocrx_word' id='word_1_169' title='bbox 1393 2350 1508 2403; x_wconf 85' lang='lat' dir='ltr'><strong>suis</strong></span> <span class='ocrx_word' id='word_1_170' title='bbox 1536 2352 1753 2420; x_wconf 87' lang='lat' dir='ltr'><strong>propria</strong></span> <span class='ocrx_word' id='word_1_171' title='bbox 1782 2351 1924 2407; x_wconf 82' lang='lat' dir='ltr'><strong>bona</strong></span> 
     </span>
    </p>
   </div>
   <div class='ocr_carea' id='block_1_26' title="bbox 331 2436 1921 2509">
    <p class='ocr_par' dir='ltr' id='par_1_26' title="bbox 331 2436 1921 2509">
     <span class='ocr_line' id='line_1_26' title="bbox 331 2436 1921 2509; baseline 0.005 -19"><span class='ocrx_word' id='word_1_172' title='bbox 331 2437 726 2491; x_wconf 84' lang='lat' dir='ltr'><strong>transmittunt.</strong></span> <span class='ocrx_word' id='word_1_173' title='bbox 751 2436 868 2492; x_wconf 82' lang='lat' dir='ltr'><strong>Huc</strong></span> <span class='ocrx_word' id='word_1_174' title='bbox 896 2439 1123 2500; x_wconf 86' lang='lat' dir='ltr'><strong>accedit,</strong></span> <span class='ocrx_word' id='word_1_175' title='bbox 1153 2441 1279 2509; x_wconf 89' lang='lat' dir='ltr'><strong>quia</strong></span> <span class='ocrx_word' id='word_1_176' title='bbox 1308 2441 1352 2495; x_wconf 87' lang='lat' dir='ltr'><strong>si</strong></span> <span class='ocrx_word' id='word_1_177' title='bbox 1391 2441 1584 2495; x_wconf 89' lang='lat' dir='ltr'><strong>mulier</strong></span> <span class='ocrx_word' id='word_1_178' title='bbox 1623 2444 1921 2498; x_wconf 87' lang='lat' dir='ltr'><strong>thalamum</strong></span> 
     </span>
    </p>
   </div>
   <div class='ocr_carea' id='block_1_27' title="bbox 329 2527 1919 2596">
    <p class='ocr_par' dir='ltr' id='par_1_27' title="bbox 329 2527 1919 2596">
     <span class='ocr_line' id='line_1_27' title="bbox 329 2527 1919 2596; baseline 0.003 -15"><span class='ocrx_word' id='word_1_179' title='bbox 329 2528 517 2590; x_wconf 78' lang='lat' dir='ltr'><strong>violat,</strong></span> <span class='ocrx_word' id='word_1_180' title='bbox 568 2544 692 2581; x_wconf 89' lang='lat' dir='ltr'><strong>cum</strong></span> <span class='ocrx_word' id='word_1_181' title='bbox 727 2527 868 2581; x_wconf 73' lang='lat' dir='ltr'><strong>fama</strong></span> <span class='ocrx_word' id='word_1_182' title='bbox 894 2527 1008 2596; x_wconf 85' lang='lat' dir='ltr'><strong>jam</strong></span> <span class='ocrx_word' id='word_1_183' title='bbox 1048 2530 1498 2584; x_wconf 83' lang='lat' dir='ltr'><strong>convicaneorum</strong></span> <span class='ocrx_word' id='word_1_184' title='bbox 1531 2531 1774 2586; x_wconf 89' lang='lat' dir='ltr'><strong>omnium</strong></span> <span class='ocrx_word' id='word_1_185' title='bbox 1821 2548 1919 2587; x_wconf 88' lang='lat' dir='ltr'><strong>ora</strong></span> 
     </span>
    </p>
   </div>
   <div class='ocr_carea' id='block_1_28' title="bbox 327 2618 1921 2694">
    <p class='ocr_par' dir='ltr' id='par_1_28' title="bbox 327 2618 1921 2694">
     <span class='ocr_line' id='line_1_28' title="bbox 327 2618 1921 2694; baseline 0.003 -22"><span class='ocrx_word' id='word_1_186' title='bbox 327 2618 646 2685; x_wconf 88' lang='lat' dir='ltr'><strong>pervolitet;</strong></span> <span class='ocrx_word' id='word_1_187' title='bbox 692 2619 774 2670; x_wconf 82' lang='lat' dir='ltr'><strong>vir</strong></span> <span class='ocrx_word' id='word_1_188' title='bbox 806 2627 984 2672; x_wconf 88' lang='lat' dir='ltr'><strong>tamen</strong></span> <span class='ocrx_word' id='word_1_189' title='bbox 1033 2619 1212 2674; x_wconf 88' lang='lat' dir='ltr'><strong>adhuc</strong></span> <span class='ocrx_word' id='word_1_190' title='bbox 1259 2619 1406 2676; x_wconf 90' lang='lat' dir='ltr'><strong>solus</strong></span> <span class='ocrx_word' id='word_1_191' title='bbox 1457 2623 1692 2692; x_wconf 75' lang='lat' dir='ltr'><strong>ignorat,</strong></span> <span class='ocrx_word' id='word_1_192' title='bbox 1737 2632 1793 2676; x_wconf 91' lang='lat' dir='ltr'><strong>et</strong></span> <span class='ocrx_word' id='word_1_193' title='bbox 1827 2624 1921 2694; x_wconf 90' lang='lat' dir='ltr'><strong>qui</strong></span> 
     </span>
    </p>
   </div>
   <div class='ocr_carea' id='block_1_29' title="bbox 327 2707 1923 2782">
    <p class='ocr_par' dir='ltr' id='par_1_29' title="bbox 327 2707 1923 2782">
     <span class='ocr_line' id='line_1_29' title="bbox 327 2707 1923 2782; baseline 0.002 -18"><span class='ocrx_word' id='word_1_194' title='bbox 327 2725 440 2764; x_wconf 74' lang='lat' dir='ltr'><strong>suae</strong></span> <span class='ocrx_word' id='word_1_195' title='bbox 469 2710 665 2763; x_wconf 88' lang='lat' dir='ltr'><strong>domtts</strong></span> <span class='ocrx_word' id='word_1_196' title='bbox 694 2707 1044 2778; x_wconf 85' lang='lat' dir='ltr'><strong>opprobrium</strong></span> <span class='ocrx_word' id='word_1_197' title='bbox 1087 2712 1310 2780; x_wconf 90' lang='lat' dir='ltr'><strong>pertulit</strong></span> <span class='ocrx_word' id='word_1_198' title='bbox 1351 2712 1574 2780; x_wconf 89' lang='lat' dir='ltr'><strong>primus,</strong></span> <span class='ocrx_word' id='word_1_199' title='bbox 1615 2712 1701 2766; x_wconf 79' lang='lat' dir='ltr'><strong>vix</strong></span> <span class='ocrx_word' id='word_1_200' title='bbox 1732 2713 1923 2782; x_wconf 85' lang='lat' dir='ltr'><strong>depre-</strong></span> 
     </span>
    </p>
   </div>
   <div class='ocr_carea' id='block_1_30' title="bbox 327 2802 1924 2874">
    <p class='ocr_par' dir='ltr' id='par_1_30' title="bbox 327 2802 1924 2874">
     <span class='ocr_line' id='line_1_30' title="bbox 327 2802 1924 2874; baseline 0.004 -17"><span class='ocrx_word' id='word_1_201' title='bbox 327 2802 521 2857; x_wconf 85' lang='lat' dir='ltr'><strong>hendit</strong></span> <span class='ocrx_word' id='word_1_202' title='bbox 565 2814 864 2860; x_wconf 84' lang='lat' dir='ltr'><strong>extremus.</strong></span> <span class='ocrx_word' id='word_1_203' title='bbox 896 2805 1066 2874; x_wconf 87' lang='lat' dir='ltr'><strong>Igitur</strong></span> <span class='ocrx_word' id='word_1_204' title='bbox 1112 2808 1381 2862; x_wconf 84' lang='lat' dir='ltr'><strong>incentiva</strong></span> <span class='ocrx_word' id='word_1_205' title='bbox 1423 2809 1658 2862; x_wconf 87' lang='lat' dir='ltr'><strong>libidinis</strong></span> <span class='ocrx_word' id='word_1_206' title='bbox 1705 2807 1924 2864; x_wconf 76' lang='lat' dir='ltr'><strong>fomites</strong></span> 
     </span>
    </p>
   </div>
   <div class='ocr_carea' id='block_1_31' title="bbox 328 2899 1924 2970">
    <p class='ocr_par' dir='ltr' id='par_1_31' title="bbox 328 2899 1924 2970">
     <span class='ocr_line' id='line_1_31' title="bbox 328 2899 1924 2970; baseline 0.003 -19"><span class='ocrx_word' id='word_1_207' title='bbox 328 2909 455 2951; x_wconf 92' lang='lat' dir='ltr'><strong>sunt</strong></span> <span class='ocrx_word' id='word_1_208' title='bbox 487 2899 733 2952; x_wconf 71' lang='lat' dir='ltr'><strong>avaritiae</strong></span> <span class='ocrx_word' id='word_1_209' title='bbox 751 2908 806 2952; x_wconf 92' lang='lat' dir='ltr'><strong>et</strong></span> <span class='ocrx_word' id='word_1_210' title='bbox 837 2901 1066 2954; x_wconf 87' lang='lat' dir='ltr'><strong>materia</strong></span> <span class='ocrx_word' id='word_1_211' title='bbox 1085 2901 1431 2970; x_wconf 85' lang='lat' dir='ltr'><strong>cupiditatis.</strong></span> <span class='ocrx_word' id='word_1_212' title='bbox 1460 2899 1590 2954; x_wconf 84' lang='lat' dir='ltr'><strong>Nam</strong></span> <span class='ocrx_word' id='word_1_213' title='bbox 1619 2917 1740 2955; x_wconf 93' lang='lat' dir='ltr'><strong>cum</strong></span> <span class='ocrx_word' id='word_1_214' title='bbox 1767 2901 1924 2956; x_wconf 78' lang='lat' dir='ltr'><strong>luxu-</strong></span> 
     </span>
    </p>
   </div>
   <div class='ocr_carea' id='block_1_32' title="bbox 1950 1765 2000 1826">
    <p class='ocr_par' dir='ltr' id='par_1_32' title="bbox 1950 1765 2000 1826">
     <span class='ocr_line' id='line_1_32' title="bbox 1950 1765 2000 1826; baseline 0 0"><span class='ocrx_word' id='word_1_215' title='bbox 1950 1765 2000 1826; x_wconf 88' lang='lat' dir='ltr'><strong>B</strong></span> 
     </span>
    </p>
   </div>
   <div class='ocr_carea' id='block_1_33' title="bbox 2031 509 3605 596">
    <p class='ocr_par' dir='ltr' id='par_1_33' title="bbox 2031 509 3605 596">
     <span class='ocr_line' id='line_1_33' title="bbox 2031 509 3605 596; baseline 0.006 -16"><span class='ocrx_word' id='word_1_216' title='bbox 2031 528 2383 584; x_wconf 91' lang='lat' dir='ltr'><strong>occumbente</strong></span> <span class='ocrx_word' id='word_1_217' title='bbox 2424 509 2545 584; x_wconf 55' lang='lat' dir='ltr'><strong>luc\e</strong></span> <span class='ocrx_word' id='word_1_218' title='bbox 2596 531 2897 596; x_wconf 91' lang='lat' dir='ltr'><strong>virtutum,</strong></span> <span class='ocrx_word' id='word_1_219' title='bbox 2952 547 3055 586; x_wconf 86' lang='lat' dir='ltr'><strong>nox</strong></span> <span class='ocrx_word' id='word_1_220' title='bbox 3097 533 3271 588; x_wconf 89' lang='lat' dir='ltr'><strong>oritur</strong></span> <span class='ocrx_word' id='word_1_221' title='bbox 3333 535 3605 590; x_wconf 85' lang='lat' dir='ltr'><strong>vitiorum.</strong></span> 
     </span>
    </p>
   </div>
   <div class='ocr_carea' id='block_1_34' title="bbox 2032 616 3608 694">
    <p class='ocr_par' dir='ltr' id='par_1_34' title="bbox 2032 616 3608 694">
     <span class='ocr_line' id='line_1_34' title="bbox 2032 616 3608 694; baseline 0.006 -24"><span class='ocrx_word' id='word_1_222' title='bbox 2032 616 2183 684; x_wconf 86' lang='lat' dir='ltr'><strong>Quod</strong></span> <span class='ocrx_word' id='word_1_223' title='bbox 2207 619 2462 674; x_wconf 89' lang='lat' dir='ltr'><strong>nimirum</strong></span> <span class='ocrx_word' id='word_1_224' title='bbox 2487 619 2615 675; x_wconf 92' lang='lat' dir='ltr'><strong>illud</strong></span> <span class='ocrx_word' id='word_1_225' title='bbox 2640 620 2868 675; x_wconf 66' lang='lat' dir='ltr'><strong>Abrahae</strong></span> <span class='ocrx_word' id='word_1_226' title='bbox 2891 623 3261 692; x_wconf 88' lang='lat' dir='ltr'><strong>portendebat,</strong></span> <span class='ocrx_word' id='word_1_227' title='bbox 3289 626 3430 694; x_wconf 87' lang='lat' dir='ltr'><strong>quod</strong></span> <span class='ocrx_word' id='word_1_228' title='bbox 3462 625 3608 680; x_wconf 88' lang='lat' dir='ltr'><strong>Scri-</strong></span> 
     </span>
    </p>
   </div>
   <div class='ocr_carea' id='block_1_35' title="bbox 2030 711 3607 784">
    <p class='ocr_par' dir='ltr' id='par_1_35' title="bbox 2030 711 3607 784">
     <span class='ocr_line' id='line_1_35' title="bbox 2030 711 3607 784; baseline 0.006 -22"><span class='ocrx_word' id='word_1_229' title='bbox 2030 717 2189 778; x_wconf 87' lang='lat' dir='ltr'><strong>ptura</strong></span> <span class='ocrx_word' id='word_1_230' title='bbox 2219 711 2574 778; x_wconf 86' lang='lat' dir='ltr'><strong>pronuntiat:</strong></span> <span class='ocrx_word' id='word_1_231' title='bbox 2621 729 2641 762; x_wconf 76' lang='grc' dir='ltr'><strong>ι</strong></span> <span class='ocrx_word' id='word_1_232' title='bbox 2676 711 2809 767; x_wconf 89' lang='lat' dir='ltr'><strong>Cum</strong></span> <span class='ocrx_word' id='word_1_233' title='bbox 2862 712 2960 775; x_wconf 89' lang='lat' dir='ltr'><strong>sol,</strong></span> <span class='ocrx_word' id='word_1_234' title='bbox 3006 713 3200 784; x_wconf 86' lang='lat' dir='ltr'><strong>inquit,</strong></span> <span class='ocrx_word' id='word_1_235' title='bbox 3242 716 3607 782; x_wconf 86' lang='lat' dir='ltr'><strong>occumberet,</strong></span> 
     </span>
    </p>
   </div>
   <div class='ocr_carea' id='block_1_36' title="bbox 2030 800 3609 878">
    <p class='ocr_par' dir='ltr' id='par_1_36' title="bbox 2030 800 3609 878">
     <span class='ocr_line' id='line_1_36' title="bbox 2030 800 3609 878; baseline 0.007 -24"><span class='ocrx_word' id='word_1_236' title='bbox 2030 814 2192 868; x_wconf 88' lang='lat' dir='ltr'><strong>sopor</strong></span> <span class='ocrx_word' id='word_1_237' title='bbox 2223 800 2383 856; x_wconf 89' lang='lat' dir='ltr'><strong>irruit</strong></span> <span class='ocrx_word' id='word_1_238' title='bbox 2418 817 2579 872; x_wconf 90' lang='lat' dir='ltr'><strong>super</strong></span> <span class='ocrx_word' id='word_1_239' title='bbox 2616 803 2914 868; x_wconf 81' lang='lat' dir='ltr'><strong>Abraham,</strong></span> <span class='ocrx_word' id='word_1_240' title='bbox 2958 813 3013 859; x_wconf 89' lang='lat' dir='ltr'><strong>et</strong></span> <span class='ocrx_word' id='word_1_241' title='bbox 3061 807 3254 862; x_wconf 90' lang='lat' dir='ltr'><strong>horror</strong></span> <span class='ocrx_word' id='word_1_242' title='bbox 3289 823 3514 878; x_wconf 87' lang='lat' dir='ltr'><strong>magnus</strong></span> <span class='ocrx_word' id='word_1_243' title='bbox 3552 819 3609 865; x_wconf 89' lang='lat' dir='ltr'><strong>et</strong></span> 
     </span>
    </p>
   </div>
   <div class='ocr_carea' id='block_1_37' title="bbox 2029 891 3609 968">
    <p class='ocr_par' dir='ltr' id='par_1_37' title="bbox 2029 891 3609 968">
     <span class='ocr_line' id='line_1_37' title="bbox 2029 891 3609 968; baseline 0.008 -23"><span class='ocrx_word' id='word_1_244' title='bbox 2029 891 2348 947; x_wconf 85' lang='lat' dir='ltr'><strong>tenebrosus</strong></span> <span class='ocrx_word' id='word_1_245' title='bbox 2368 893 2566 949; x_wconf 87' lang='lat' dir='ltr'><strong>invasit</strong></span> <span class='ocrx_word' id='word_1_246' title='bbox 2589 910 2711 949; x_wconf 91' lang='lat' dir='ltr'><strong>eum</strong></span> <span class='ocrx_word' id='word_1_247' title='bbox 2734 894 2887 966; x_wconf 83' lang='lat' dir='ltr'><strong>(Gen.</strong></span> <span class='ocrx_word' id='word_1_248' title='bbox 2911 897 3022 968; x_wconf 84' lang='lat' dir='ltr'><strong>xv).</strong></span> <span class='ocrx_word' id='word_1_249' title='bbox 3044 916 3062 949; x_wconf 72' lang='grc' dir='ltr'><strong>ι</strong></span> <span class='ocrx_word' id='word_1_250' title='bbox 3089 897 3220 952; x_wconf 90' lang='lat' dir='ltr'><strong>Nam</strong></span> <span class='ocrx_word' id='word_1_251' title='bbox 3244 899 3374 954; x_wconf 91' lang='lat' dir='ltr'><strong>solis</strong></span> <span class='ocrx_word' id='word_1_252' title='bbox 3392 903 3609 956; x_wconf 86' lang='lat' dir='ltr'><strong>occubi-</strong></span> 
     </span>
    </p>
   </div>
   <div class='ocr_carea' id='block_1_38' title="bbox 2030 982 3608 1060">
    <p class='ocr_par' dir='ltr' id='par_1_38' title="bbox 2030 982 3608 1060">
     <span class='ocr_line' id='line_1_38' title="bbox 2030 982 3608 1060; baseline 0.009 -28"><span class='ocrx_word' id='word_1_253' title='bbox 2030 988 2118 1035; x_wconf 86' lang='lat' dir='ltr'><strong>tus</strong></span> <span class='ocrx_word' id='word_1_254' title='bbox 2162 982 2346 1038; x_wconf 88' lang='lat' dir='ltr'><strong>mundi</strong></span> <span class='ocrx_word' id='word_1_255' title='bbox 2393 983 2638 1052; x_wconf 86' lang='lat' dir='ltr'><strong>designat</strong></span> <span class='ocrx_word' id='word_1_256' title='bbox 2669 1000 2953 1050; x_wconf 87' lang='lat' dir='ltr'><strong>occasum;</strong></span> <span class='ocrx_word' id='word_1_257' title='bbox 2996 987 3190 1042; x_wconf 91' lang='lat' dir='ltr'><strong>horror</strong></span> <span class='ocrx_word' id='word_1_258' title='bbox 3214 1003 3342 1043; x_wconf 87' lang='lat' dir='ltr'><strong>vero</strong></span> <span class='ocrx_word' id='word_1_259' title='bbox 3381 1007 3608 1060; x_wconf 84' lang='lat' dir='ltr'><strong>magnus</strong></span> 
     </span>
    </p>
   </div>
   <div class='ocr_carea' id='block_1_39' title="bbox 2028 1066 3610 1151">
    <p class='ocr_par' dir='ltr' id='par_1_39' title="bbox 2028 1066 3610 1151">
     <span class='ocr_line' id='line_1_39' title="bbox 2028 1066 3610 1151; baseline 0.007 -27"><span class='ocrx_word' id='word_1_260' title='bbox 2028 1078 2082 1124; x_wconf 91' lang='lat' dir='ltr'><strong>et</strong></span> <span class='ocrx_word' id='word_1_261' title='bbox 2120 1066 2438 1127; x_wconf 74' lang='lat' dir='ltr'><strong>tenebrosus</strong></span> <span class='ocrx_word' id='word_1_262' title='bbox 2475 1073 2726 1126; x_wconf 91' lang='lat' dir='ltr'><strong>vitiorum</strong></span> <span class='ocrx_word' id='word_1_263' title='bbox 2767 1074 2962 1144; x_wconf 83' lang='lat' dir='ltr'><strong>ﬁgurat</strong></span> <span class='ocrx_word' id='word_1_264' title='bbox 2995 1076 3388 1148; x_wconf 89' lang='lat' dir='ltr'><strong>criminumque</strong></span> <span class='ocrx_word' id='word_1_265' title='bbox 3423 1079 3610 1151; x_wconf 86' lang='lat' dir='ltr'><strong>caligi-</strong></span> 
     </span>
    </p>
   </div>
   <div class='ocr_carea' id='block_1_40' title="bbox 2029 1164 3609 1244">
    <p class='ocr_par' dir='ltr' id='par_1_40' title="bbox 2029 1164 3609 1244">
     <span class='ocr_line' id='line_1_40' title="bbox 2029 1164 3609 1244; baseline 0.009 -32"><span class='ocrx_word' id='word_1_266' title='bbox 2029 1173 2194 1226; x_wconf 89' lang='lat' dir='ltr'><strong>nem,</strong></span> <span class='ocrx_word' id='word_1_267' title='bbox 2259 1177 2379 1232; x_wconf 74' lang='lat' dir='ltr'><strong>qua:</strong></span> <span class='ocrx_word' id='word_1_268' title='bbox 2422 1164 2661 1232; x_wconf 82' lang='lat' dir='ltr'><strong>quotidie</strong></span> <span class='ocrx_word' id='word_1_269' title='bbox 2713 1165 3028 1234; x_wconf 89' lang='lat' dir='ltr'><strong>pestilenter</strong></span> <span class='ocrx_word' id='word_1_270' title='bbox 3079 1166 3462 1225; x_wconf 80' lang='lat' dir='ltr'><strong>inhorrescunt</strong></span> <span class='ocrx_word' id='word_1_271' title='bbox 3510 1187 3609 1244; x_wconf 91' lang='lat' dir='ltr'><strong>pcr</strong></span> 
     </span>
    </p>
   </div>
   <div class='ocr_carea' id='block_1_41' title="bbox 2027 1256 3608 1332">
    <p class='ocr_par' dir='ltr' id='par_1_41' title="bbox 2027 1256 3608 1332">
     <span class='ocr_line' id='line_1_41' title="bbox 2027 1256 3608 1332; baseline 0.011 -29"><span class='ocrx_word' id='word_1_272' title='bbox 2027 1260 2346 1307; x_wconf 85' lang='lat' dir='ltr'><strong>aestuantem</strong></span> <span class='ocrx_word' id='word_1_273' title='bbox 2384 1256 2732 1324; x_wconf 89' lang='lat' dir='ltr'><strong>reproborum</strong></span> <span class='ocrx_word' id='word_1_274' title='bbox 2772 1258 3048 1315; x_wconf 89' lang='lat' dir='ltr'><strong>hominum</strong></span> <span class='ocrx_word' id='word_1_275' title='bbox 3079 1262 3419 1332; x_wconf 83' lang='lat' dir='ltr'><strong>pravitatem.</strong></span> <span class='ocrx_word' id='word_1_276' title='bbox 3455 1264 3608 1321; x_wconf 82' lang='lat' dir='ltr'><strong>Unde</strong></span> 
     </span>
    </p>
   </div>
   <div class='ocr_carea' id='block_1_42' title="bbox 2027 1341 3610 1424">
    <p class='ocr_par' dir='ltr' id='par_1_42' title="bbox 2027 1341 3610 1424">
     <span class='ocr_line' id='line_1_42' title="bbox 2027 1341 3610 1424; baseline 0.012 -29"><span class='ocrx_word' id='word_1_277' title='bbox 2027 1348 2082 1395; x_wconf 91' lang='lat' dir='ltr'><strong>et</strong></span> <span class='ocrx_word' id='word_1_278' title='bbox 2111 1341 2219 1399; x_wconf 89' lang='lat' dir='ltr'><strong>illic</strong></span> <span class='ocrx_word' id='word_1_279' title='bbox 2253 1345 2412 1413; x_wconf 91' lang='lat' dir='ltr'><strong>paulo</strong></span> <span class='ocrx_word' id='word_1_280' title='bbox 2437 1358 2558 1415; x_wconf 88' lang='lat' dir='ltr'><strong>post</strong></span> <span class='ocrx_word' id='word_1_281' title='bbox 2603 1347 2854 1406; x_wconf 86' lang='lat' dir='ltr'><strong>additur:</strong></span> <span class='ocrx_word' id='word_1_282' title='bbox 2884 1369 2903 1402; x_wconf 85' lang='grc' dir='ltr'><strong>ι</strong></span> <span class='ocrx_word' id='word_1_283' title='bbox 2936 1350 3070 1407; x_wconf 89' lang='lat' dir='ltr'><strong>Cum</strong></span> <span class='ocrx_word' id='word_1_284' title='bbox 3099 1369 3228 1424; x_wconf 90' lang='lat' dir='ltr'><strong>ergo</strong></span> <span class='ocrx_word' id='word_1_285' title='bbox 3266 1357 3610 1413; x_wconf 87' lang='lat' dir='ltr'><strong>occubuisset</strong></span> 
     </span>
    </p>
   </div>
   <div class='ocr_carea' id='block_1_43' title="bbox 2028 1433 3610 1515">
    <p class='ocr_par' dir='ltr' id='par_1_43' title="bbox 2028 1433 3610 1515">
     <span class='ocr_line' id='line_1_43' title="bbox 2028 1433 3610 1515; baseline 0.01 -25"><span class='ocrx_word' id='word_1_286' title='bbox 2028 1433 2130 1500; x_wconf 88' lang='lat' dir='ltr'><strong>sol,</strong></span> <span class='ocrx_word' id='word_1_287' title='bbox 2158 1433 2298 1492; x_wconf 76' lang='lat' dir='ltr'><strong>facta</strong></span> <span class='ocrx_word' id='word_1_288' title='bbox 2325 1447 2408 1493; x_wconf 90' lang='lat' dir='ltr'><strong>est</strong></span> <span class='ocrx_word' id='word_1_289' title='bbox 2434 1439 2607 1508; x_wconf 79' lang='lat' dir='ltr'><strong>caligo</strong></span> <span class='ocrx_word' id='word_1_290' title='bbox 2638 1442 2945 1506; x_wconf 89' lang='lat' dir='ltr'><strong>tenebrosa,</strong></span> <span class='ocrx_word' id='word_1_291' title='bbox 2985 1453 3042 1498; x_wconf 90' lang='lat' dir='ltr'><strong>et</strong></span> <span class='ocrx_word' id='word_1_292' title='bbox 3081 1447 3327 1515; x_wconf 88' lang='lat' dir='ltr'><strong>apparuit</strong></span> <span class='ocrx_word' id='word_1_293' title='bbox 3363 1448 3610 1506; x_wconf 86' lang='lat' dir='ltr'><strong>clibanus</strong></span> 
     </span>
    </p>
   </div>
   <div class='ocr_carea' id='block_1_44' title="bbox 2027 1525 3612 1610">
    <p class='ocr_par' dir='ltr' id='par_1_44' title="bbox 2027 1525 3612 1610">
     <span class='ocr_line' id='line_1_44' title="bbox 2027 1525 3612 1610; baseline 0.011 -29"><span class='ocrx_word' id='word_1_294' title='bbox 2027 1525 2242 1583; x_wconf 73' lang='lat' dir='ltr'><strong>[nutans</strong></span> <span class='ocrx_word' id='word_1_295' title='bbox 2265 1529 2460 1600; x_wconf 60' lang='lat' dir='ltr'><strong>(ibid).</strong></span> <span class='ocrx_word' id='word_1_296' title='bbox 2498 1550 2517 1584; x_wconf 75' lang='grc' dir='ltr'><strong>ι</strong></span> <span class='ocrx_word' id='word_1_297' title='bbox 2550 1530 2704 1588; x_wconf 90' lang='lat' dir='ltr'><strong>Sicut</strong></span> <span class='ocrx_word' id='word_1_298' title='bbox 2743 1535 2888 1590; x_wconf 89' lang='lat' dir='ltr'><strong>enim</strong></span> <span class='ocrx_word' id='word_1_299' title='bbox 2931 1535 3112 1593; x_wconf 77' lang='lat' dir='ltr'><strong>fumus</strong></span> <span class='ocrx_word' id='word_1_300' title='bbox 3148 1554 3213 1594; x_wconf 80' lang='lat' dir='ltr'><strong>ex</strong></span> <span class='ocrx_word' id='word_1_301' title='bbox 3255 1539 3376 1610; x_wconf 88' lang='lat' dir='ltr'><strong>igne</strong></span> <span class='ocrx_word' id='word_1_302' title='bbox 3413 1543 3612 1599; x_wconf 83' lang='lat' dir='ltr'><strong>clibani</strong></span> 
     </span>
    </p>
   </div>
   <div class='ocr_carea' id='block_1_45' title="bbox 2027 1619 3610 1701">
    <p class='ocr_par' dir='ltr' id='par_1_45' title="bbox 2027 1619 3610 1701">
     <span class='ocr_line' id='line_1_45' title="bbox 2027 1619 3610 1701; baseline 0.011 -31"><span class='ocrx_word' id='word_1_303' title='bbox 2027 1619 2338 1686; x_wconf 88' lang='lat' dir='ltr'><strong>vaporantis</strong></span> <span class='ocrx_word' id='word_1_304' title='bbox 2362 1621 2665 1690; x_wconf 80' lang='lat' dir='ltr'><strong>egreditur;</strong></span> <span class='ocrx_word' id='word_1_305' title='bbox 2715 1623 2789 1678; x_wconf 91' lang='lat' dir='ltr'><strong>ita</strong></span> <span class='ocrx_word' id='word_1_306' title='bbox 2829 1625 3080 1682; x_wconf 87' lang='lat' dir='ltr'><strong>vitiorum</strong></span> <span class='ocrx_word' id='word_1_307' title='bbox 3113 1630 3352 1685; x_wconf 89' lang='lat' dir='ltr'><strong>omnium</strong></span> <span class='ocrx_word' id='word_1_308' title='bbox 3379 1631 3610 1701; x_wconf 79' lang='lat' dir='ltr'><strong>ﬂagitio-</strong></span> 
     </span>
    </p>
   </div>
   <div class='ocr_carea' id='block_1_46' title="bbox 2028 1709 3610 1791">
    <p class='ocr_par' dir='ltr' id='par_1_46' title="bbox 2028 1709 3610 1791">
     <span class='ocr_line' id='line_1_46' title="bbox 2028 1709 3610 1791; baseline 0.012 -31"><span class='ocrx_word' id='word_1_309' title='bbox 2028 1721 2256 1778; x_wconf 88' lang='lat' dir='ltr'><strong>rumque</strong></span> <span class='ocrx_word' id='word_1_310' title='bbox 2278 1709 2455 1782; x_wconf 88' lang='lat' dir='ltr'><strong>caligo</strong></span> <span class='ocrx_word' id='word_1_311' title='bbox 2479 1712 2548 1768; x_wconf 93' lang='lat' dir='ltr'><strong>de</strong></span> <span class='ocrx_word' id='word_1_312' title='bbox 2573 1714 2786 1769; x_wconf 90' lang='lat' dir='ltr'><strong>camino</strong></span> <span class='ocrx_word' id='word_1_313' title='bbox 2811 1718 3092 1773; x_wconf 70' lang='lat' dir='ltr'><strong>mstuantis</strong></span> <span class='ocrx_word' id='word_1_314' title='bbox 3119 1721 3360 1776; x_wconf 77' lang='lat' dir='ltr'><strong>avaritia:</strong></span> <span class='ocrx_word' id='word_1_315' title='bbox 3387 1737 3610 1791; x_wconf 64' lang='grc' dir='ltr'>αιτιοι-ει-</span> 
     </span>
    </p>
   </div>
   <div class='ocr_carea' id='block_1_47' title="bbox 2027 1800 3606 1878">
    <p class='ocr_par' dir='ltr' id='par_1_47' title="bbox 2027 1800 3606 1878">
     <span class='ocr_line' id='line_1_47' title="bbox 2027 1800 3606 1878; baseline 0.013 -26"><span class='ocrx_word' id='word_1_316' title='bbox 2027 1807 2135 1864; x_wconf 88' lang='lat' dir='ltr'><strong>tur,</strong></span> <span class='ocrx_word' id='word_1_317' title='bbox 2182 1800 2328 1857; x_wconf 90' lang='lat' dir='ltr'><strong>sicut</strong></span> <span class='ocrx_word' id='word_1_318' title='bbox 2368 1803 2501 1859; x_wconf 92' lang='lat' dir='ltr'><strong>dicit</strong></span> <span class='ocrx_word' id='word_1_319' title='bbox 2542 1805 2876 1877; x_wconf 86' lang='lat' dir='ltr'><strong>Apostolus:</strong></span> <span class='ocrx_word' id='word_1_320' title='bbox 2924 1829 2943 1861; x_wconf 81' lang='grc' dir='ltr'><strong>ι</strong></span> <span class='ocrx_word' id='word_1_321' title='bbox 2979 1811 3113 1878; x_wconf 87' lang='lat' dir='ltr'><strong>Quia</strong></span> <span class='ocrx_word' id='word_1_322' title='bbox 3163 1815 3316 1869; x_wconf 85' lang='lat' dir='ltr'><strong>radix</strong></span> <span class='ocrx_word' id='word_1_323' title='bbox 3363 1817 3606 1872; x_wconf 88' lang='lat' dir='ltr'><strong>omnium</strong></span> 
     </span>
    </p>
   </div>
   <div class='ocr_carea' id='block_1_48' title="bbox 2024 1889 3607 1975">
    <p class='ocr_par' dir='ltr' id='par_1_48' title="bbox 2024 1889 3607 1975">
     <span class='ocr_line' id='line_1_48' title="bbox 2024 1889 3607 1975; baseline 0.015 -32"><span class='ocrx_word' id='word_1_324' title='bbox 2024 1889 2290 1946; x_wconf 88' lang='lat' dir='ltr'><strong>malorum</strong></span> <span class='ocrx_word' id='word_1_325' title='bbox 2333 1895 2563 1951; x_wconf 86' lang='lat' dir='ltr'><strong>avaritia</strong></span> <span class='ocrx_word' id='word_1_326' title='bbox 2607 1906 2691 1954; x_wconf 90' lang='lat' dir='ltr'><strong>est</strong></span> <span class='ocrx_word' id='word_1_327' title='bbox 2735 1899 2789 1966; x_wconf 78' lang='grc'><strong>(1</strong></span> <span class='ocrx_word' id='word_1_328' title='bbox 2853 1900 2987 1956; x_wconf 86' lang='lat' dir='ltr'><strong>Tim.</strong></span> <span class='ocrx_word' id='word_1_329' title='bbox 3016 1905 3114 1975; x_wconf 84' lang='lat' dir='ltr'><strong>vt).</strong></span> <span class='ocrx_word' id='word_1_330' title='bbox 3149 1924 3168 1958; x_wconf 74' lang='grc' dir='ltr'><strong>ι</strong></span> <span class='ocrx_word' id='word_1_331' title='bbox 3213 1904 3280 1960; x_wconf 86' lang='lat' dir='ltr'><strong>Et</strong></span> <span class='ocrx_word' id='word_1_332' title='bbox 3317 1907 3422 1964; x_wconf 90' lang='lat' dir='ltr'><strong>hoc</strong></span> <span class='ocrx_word' id='word_1_333' title='bbox 3461 1909 3607 1966; x_wconf 86' lang='lat' dir='ltr'><strong>circa</strong></span> 
     </span>
    </p>
   </div>
   <div class='ocr_carea' id='block_1_49' title="bbox 2023 1978 3608 2056">
    <p class='ocr_par' dir='ltr' id='par_1_49' title="bbox 2023 1978 3608 2056">
     <span class='ocr_line' id='line_1_49' title="bbox 2023 1978 3608 2056; baseline 0.014 -23"><span class='ocrx_word' id='word_1_334' title='bbox 2023 1978 2186 2034; x_wconf 83' lang='lat' dir='ltr'><strong>linem</strong></span> <span class='ocrx_word' id='word_1_335' title='bbox 2209 1981 2339 2049; x_wconf 88' lang='lat' dir='ltr'><strong>diei,</strong></span> <span class='ocrx_word' id='word_1_336' title='bbox 2381 1984 2484 2042; x_wconf 89' lang='lat' dir='ltr'><strong>hoc</strong></span> <span class='ocrx_word' id='word_1_337' title='bbox 2509 1995 2612 2054; x_wconf 87' lang='lat' dir='ltr'><strong>est,</strong></span> <span class='ocrx_word' id='word_1_338' title='bbox 2647 1988 2791 2046; x_wconf 86' lang='lat' dir='ltr'><strong>circa</strong></span> <span class='ocrx_word' id='word_1_339' title='bbox 2823 1993 3112 2048; x_wconf 88' lang='lat' dir='ltr'><strong>terminum</strong></span> <span class='ocrx_word' id='word_1_340' title='bbox 3140 1997 3344 2051; x_wconf 90' lang='lat' dir='ltr'><strong>mundi.</strong></span> <span class='ocrx_word' id='word_1_341' title='bbox 3371 1997 3608 2056; x_wconf 82' lang='lat' dir='ltr'><strong>Fumans</strong></span> 
     </span>
    </p>
   </div>
   <div class='ocr_carea' id='block_1_50' title="bbox 2022 2072 3608 2159">
    <p class='ocr_par' dir='ltr' id='par_1_50' title="bbox 2022 2072 3608 2159">
     <span class='ocr_line' id='line_1_50' title="bbox 2022 2072 3608 2159; baseline 0.014 -35"><span class='ocrx_word' id='word_1_342' title='bbox 2022 2083 2152 2140; x_wconf 91' lang='lat' dir='ltr'><strong>ergo</strong></span> <span class='ocrx_word' id='word_1_343' title='bbox 2194 2072 2441 2132; x_wconf 88' lang='lat' dir='ltr'><strong>clibanus</strong></span> <span class='ocrx_word' id='word_1_344' title='bbox 2479 2077 2819 2136; x_wconf 83' lang='lat' dir='ltr'><strong>tenebrosam</strong></span> <span class='ocrx_word' id='word_1_345' title='bbox 2867 2082 3153 2154; x_wconf 89' lang='lat' dir='ltr'><strong>caliginem</strong></span> <span class='ocrx_word' id='word_1_346' title='bbox 3193 2097 3436 2155; x_wconf 87' lang='lat' dir='ltr'><strong>generat,</strong></span> <span class='ocrx_word' id='word_1_347' title='bbox 3481 2091 3608 2159; x_wconf 85' lang='lat' dir='ltr'><strong>quia</strong></span> 
     </span>
    </p>
   </div>
   <div class='ocr_carea' id='block_1_51' title="bbox 2023 2163 3612 2249">
    <p class='ocr_par' dir='ltr' id='par_1_51' title="bbox 2023 2163 3612 2249">
     <span class='ocr_line' id='line_1_51' title="bbox 2023 2163 3612 2249; baseline 0.014 -34"><span class='ocrx_word' id='word_1_348' title='bbox 2023 2163 2275 2220; x_wconf 88' lang='lat' dir='ltr'><strong>caminus</strong></span> <span class='ocrx_word' id='word_1_349' title='bbox 2301 2167 2563 2233; x_wconf 68' lang='lat' dir='ltr'><strong>avaritiae,</strong></span> <span class='ocrx_word' id='word_1_350' title='bbox 2590 2171 2682 2240; x_wconf 90' lang='lat' dir='ltr'><strong>qui</strong></span> <span class='ocrx_word' id='word_1_351' title='bbox 2713 2171 2764 2225; x_wconf 90' lang='lat' dir='ltr'><strong>in</strong></span> <span class='ocrx_word' id='word_1_352' title='bbox 2805 2187 3096 2242; x_wconf 91' lang='lat' dir='ltr'><strong>pravorum</strong></span> <span class='ocrx_word' id='word_1_353' title='bbox 3125 2175 3402 2233; x_wconf 87' lang='lat' dir='ltr'><strong>hominum</strong></span> <span class='ocrx_word' id='word_1_354' title='bbox 3427 2193 3612 2249; x_wconf 81' lang='lat' dir='ltr'><strong>pecto-</strong></span> 
     </span>
    </p>
   </div>
   <div class='ocr_carea' id='block_1_52' title="bbox 2023 2253 3610 2330">
    <p class='ocr_par' dir='ltr' id='par_1_52' title="bbox 2023 2253 3610 2330">
     <span class='ocr_line' id='line_1_52' title="bbox 2023 2253 3610 2330; baseline 0.013 -25"><span class='ocrx_word' id='word_1_355' title='bbox 2023 2253 2175 2308; x_wconf 89' lang='lat' dir='ltr'><strong>ribus</strong></span> <span class='ocrx_word' id='word_1_356' title='bbox 2221 2265 2432 2321; x_wconf 65' lang='lat' dir='ltr'><strong>wstuat,</strong></span> <span class='ocrx_word' id='word_1_357' title='bbox 2477 2259 2660 2314; x_wconf 91' lang='lat' dir='ltr'><strong>multis</strong></span> <span class='ocrx_word' id='word_1_358' title='bbox 2711 2264 3121 2330; x_wconf 89' lang='lat' dir='ltr'><strong>perversitatum</strong></span> <span class='ocrx_word' id='word_1_359' title='bbox 3167 2270 3404 2324; x_wconf 89' lang='lat' dir='ltr'><strong>tenebris</strong></span> <span class='ocrx_word' id='word_1_360' title='bbox 3454 2287 3610 2326; x_wconf 89' lang='lat' dir='ltr'><strong>mun-</strong></span> 
     </span>
    </p>
   </div>
   <div class='ocr_carea' id='block_1_53' title="bbox 2022 2343 3608 2418">
    <p class='ocr_par' dir='ltr' id='par_1_53' title="bbox 2022 2343 3608 2418">
     <span class='ocr_line' id='line_1_53' title="bbox 2022 2343 3608 2418; baseline 0.014 -22"><span class='ocrx_word' id='word_1_361' title='bbox 2022 2343 2150 2398; x_wconf 89' lang='lat' dir='ltr'><strong>dum</strong></span> <span class='ocrx_word' id='word_1_362' title='bbox 2173 2346 2493 2416; x_wconf 87' lang='lat' dir='ltr'><strong>pestilenter</strong></span> <span class='ocrx_word' id='word_1_363' title='bbox 2515 2349 2786 2407; x_wconf 89' lang='lat' dir='ltr'><strong>obscurat.</strong></span> <span class='ocrx_word' id='word_1_364' title='bbox 2823 2354 2904 2408; x_wconf 83' lang='lat' dir='ltr'><strong>An</strong></span> <span class='ocrx_word' id='word_1_365' title='bbox 2944 2371 3050 2410; x_wconf 93' lang='lat' dir='ltr'><strong>non</strong></span> <span class='ocrx_word' id='word_1_366' title='bbox 3078 2369 3288 2414; x_wconf 85' lang='lat' dir='ltr'><strong>mentes</strong></span> <span class='ocrx_word' id='word_1_367' title='bbox 3311 2360 3608 2418; x_wconf 79' lang='lat' dir='ltr'><strong>infelicium</strong></span> 
     </span>
    </p>
   </div>
   <div class='ocr_carea' id='block_1_54' title="bbox 2021 2440 3609 2508">
    <p class='ocr_par' dir='ltr' id='par_1_54' title="bbox 2021 2440 3609 2508">
     <span class='ocr_line' id='line_1_54' title="bbox 2021 2440 3609 2508; baseline 0.013 -20"><span class='ocrx_word' id='word_1_368' title='bbox 2021 2444 2210 2501; x_wconf 71' lang='lat' dir='ltr'><strong>caecat,</strong></span> <span class='ocrx_word' id='word_1_369' title='bbox 2239 2452 2360 2507; x_wconf 76' lang='lat' dir='ltr'><strong>qua:</strong></span> <span class='ocrx_word' id='word_1_370' title='bbox 2393 2440 2601 2496; x_wconf 90' lang='lat' dir='ltr'><strong>scilicet</strong></span> <span class='ocrx_word' id='word_1_371' title='bbox 2624 2451 2680 2498; x_wconf 91' lang='lat' dir='ltr'><strong>et</strong></span> <span class='ocrx_word' id='word_1_372' title='bbox 2718 2442 2875 2499; x_wconf 85' lang='lat' dir='ltr'><strong>ﬁdem</strong></span> <span class='ocrx_word' id='word_1_373' title='bbox 2902 2446 3062 2508; x_wconf 83' lang='lat' dir='ltr'><strong>tollit,</strong></span> <span class='ocrx_word' id='word_1_374' title='bbox 3082 2456 3138 2503; x_wconf 93' lang='lat' dir='ltr'><strong>et</strong></span> <span class='ocrx_word' id='word_1_375' title='bbox 3167 2451 3410 2506; x_wconf 87' lang='lat' dir='ltr'><strong>omnium</strong></span> <span class='ocrx_word' id='word_1_376' title='bbox 3437 2453 3609 2508; x_wconf 90' lang='lat' dir='ltr'><strong>virtu-</strong></span> 
     </span>
    </p>
   </div>
   <div class='ocr_carea' id='block_1_55' title="bbox 2024 2528 3607 2610">
    <p class='ocr_par' dir='ltr' id='par_1_55' title="bbox 2024 2528 3607 2610">
     <span class='ocr_line' id='line_1_55' title="bbox 2024 2528 3607 2610; baseline 0.013 -31"><span class='ocrx_word' id='word_1_377' title='bbox 2024 2533 2137 2580; x_wconf 87' lang='lat' dir='ltr'><strong>tum</strong></span> <span class='ocrx_word' id='word_1_378' title='bbox 2187 2528 2241 2582; x_wconf 91' lang='lat' dir='ltr'><strong>in</strong></span> <span class='ocrx_word' id='word_1_379' title='bbox 2284 2544 2472 2586; x_wconf 90' lang='lat' dir='ltr'><strong>eorum</strong></span> <span class='ocrx_word' id='word_1_380' title='bbox 2520 2534 2774 2589; x_wconf 81' lang='lat' dir='ltr'><strong>cordibus</strong></span> <span class='ocrx_word' id='word_1_381' title='bbox 2823 2535 3002 2592; x_wconf 87' lang='lat' dir='ltr'><strong>lumen</strong></span> <span class='ocrx_word' id='word_1_382' title='bbox 3069 2540 3399 2610; x_wconf 86' lang='lat' dir='ltr'><strong>exstinguit?</strong></span> <span class='ocrx_word' id='word_1_383' title='bbox 3454 2543 3607 2599; x_wconf 89' lang='lat' dir='ltr'><strong>Unde</strong></span> 
     </span>
    </p>
   </div>
   <div class='ocr_carea' id='block_1_56' title="bbox 2025 2619 3605 2700">
    <p class='ocr_par' dir='ltr' id='par_1_56' title="bbox 2025 2619 3605 2700">
     <span class='ocr_line' id='line_1_56' title="bbox 2025 2619 3605 2700; baseline 0.012 -29"><span class='ocrx_word' id='word_1_384' title='bbox 2025 2629 2149 2672; x_wconf 86' lang='lat' dir='ltr'><strong>cum</strong></span> <span class='ocrx_word' id='word_1_385' title='bbox 2184 2619 2312 2675; x_wconf 89' lang='lat' dir='ltr'><strong>illud</strong></span> <span class='ocrx_word' id='word_1_386' title='bbox 2340 2624 2687 2692; x_wconf 69' lang='lat' dir='ltr'><strong>prmmisisset</strong></span> <span class='ocrx_word' id='word_1_387' title='bbox 2714 2627 3022 2696; x_wconf 78' lang='lat' dir='ltr'><strong>Apostolus,</strong></span> <span class='ocrx_word' id='word_1_388' title='bbox 3045 2640 3242 2700; x_wconf 69' lang='grc' dir='ltr'>ιιι-ωειο</span> <span class='ocrx_word' id='word_1_389' title='bbox 3283 2633 3605 2690; x_wconf 89' lang='lat' dir='ltr'><strong>subiutulit:</strong></span> 
     </span>
    </p>
   </div>
   <div class='ocr_carea' id='block_1_57' title="bbox 2029 2709 3610 2794">
    <p class='ocr_par' dir='ltr' id='par_1_57' title="bbox 2029 2709 3610 2794">
     <span class='ocr_line' id='line_1_57' title="bbox 2029 2709 3610 2794; baseline 0.013 -32"><span class='ocrx_word' id='word_1_390' title='bbox 2029 2727 2049 2762; x_wconf 82' lang='grc' dir='ltr'><strong>ι</strong></span> <span class='ocrx_word' id='word_1_391' title='bbox 2087 2709 2282 2778; x_wconf 85' lang='lat' dir='ltr'><strong>Quam,</strong></span> <span class='ocrx_word' id='word_1_392' title='bbox 2310 2730 2330 2764; x_wconf 72' lang='grc' dir='ltr'><strong>ι</strong></span> <span class='ocrx_word' id='word_1_393' title='bbox 2363 2713 2610 2771; x_wconf 88' lang='lat' dir='ltr'><strong>videlicet</strong></span> <span class='ocrx_word' id='word_1_394' title='bbox 2643 2717 2947 2781; x_wconf 87' lang='lat' dir='ltr'><strong>avaritiam,</strong></span> <span class='ocrx_word' id='word_1_395' title='bbox 2993 2737 3012 2771; x_wconf 78' lang='grc' dir='ltr'><strong>ι</strong></span> <span class='ocrx_word' id='word_1_396' title='bbox 3048 2721 3266 2790; x_wconf 87' lang='lat' dir='ltr'><strong>quidam</strong></span> <span class='ocrx_word' id='word_1_397' title='bbox 3295 2734 3610 2794; x_wconf 84' lang='lat' dir='ltr'><strong>appetentes</strong></span> 
     </span>
    </p>
   </div>
   <div class='ocr_carea' id='block_1_58' title="bbox 2024 2803 3607 2870">
    <p class='ocr_par' dir='ltr' id='par_1_58' title="bbox 2024 2803 3607 2870">
     <span class='ocr_line' id='line_1_58' title="bbox 2024 2803 3607 2870; baseline 0.011 -16"><span class='ocrx_word' id='word_1_398' title='bbox 2024 2804 2398 2860; x_wconf 84' lang='lat' dir='ltr'><strong>erraverunta</strong></span> <span class='ocrx_word' id='word_1_399' title='bbox 2429 2803 2553 2870; x_wconf 80' lang='lat' dir='ltr'><strong>(ide.</strong></span> <span class='ocrx_word' id='word_1_400' title='bbox 2578 2815 2632 2862; x_wconf 92' lang='lat' dir='ltr'><strong>et</strong></span> <span class='ocrx_word' id='word_1_401' title='bbox 2659 2807 3004 2864; x_wconf 89' lang='lat' dir='ltr'><strong>inseruerunt</strong></span> <span class='ocrx_word' id='word_1_402' title='bbox 3044 2825 3103 2866; x_wconf 88' lang='lat' dir='ltr'><strong>se</strong></span> <span class='ocrx_word' id='word_1_403' title='bbox 3143 2811 3421 2869; x_wconf 77' lang='lat' dir='ltr'><strong>doloribus</strong></span> <span class='ocrx_word' id='word_1_404' title='bbox 3467 2816 3607 2870; x_wconf 82' lang='lat' dir='ltr'><strong>mul-</strong></span> 
     </span>
    </p>
   </div>
   <div class='ocr_carea' id='block_1_59' title="bbox 2025 2891 3608 2976">
    <p class='ocr_par' dir='ltr' id='par_1_59' title="bbox 2025 2891 3608 2976">
     <span class='ocr_line' id='line_1_59' title="bbox 2025 2891 3608 2976; baseline 0.011 -30"><span class='ocrx_word' id='word_1_405' title='bbox 2025 2891 2100 2948; x_wconf 92' lang='lat' dir='ltr'><strong>tis</strong></span> <span class='ocrx_word' id='word_1_406' title='bbox 2144 2894 2342 2966; x_wconf 84' lang='lat' dir='ltr'><strong>(ibid.).</strong></span> <span class='ocrx_word' id='word_1_407' title='bbox 2373 2917 2393 2950; x_wconf 74' lang='grc' dir='ltr'><strong>ι</strong></span> <span class='ocrx_word' id='word_1_408' title='bbox 2427 2897 2607 2956; x_wconf 80' lang='lat' dir='ltr'><strong>Multis</strong></span> <span class='ocrx_word' id='word_1_409' title='bbox 2648 2893 2844 2970; x_wconf 89' lang='lat' dir='ltr'><strong>quippe</strong></span> <span class='ocrx_word' id='word_1_410' title='bbox 2886 2917 2946 2957; x_wconf 92' lang='lat' dir='ltr'><strong>se</strong></span> <span class='ocrx_word' id='word_1_411' title='bbox 2991 2903 3268 2960; x_wconf 89' lang='lat' dir='ltr'><strong>doloribus</strong></span> <span class='ocrx_word' id='word_1_412' title='bbox 3323 2907 3608 2976; x_wconf 88' lang='lat' dir='ltr'><strong>inserunt,</strong></span> 
     </span>
    </p>
   </div>
   <div class='ocr_carea' id='block_1_60' title="bbox 327 2982 3612 3061">
    <p class='ocr_par' dir='ltr' id='par_1_60' title="bbox 327 2982 3612 3061">
     <span class='ocr_line' id='line_1_60' title="bbox 327 2982 3612 3061; baseline 0.002 -17"><span class='ocrx_word' id='word_1_413' title='bbox 327 2991 406 3044; x_wconf 89' lang='lat' dir='ltr'><strong>ria</strong></span> <span class='ocrx_word' id='word_1_414' title='bbox 447 2990 633 3045; x_wconf 87' lang='lat' dir='ltr'><strong>multis</strong></span> <span class='ocrx_word' id='word_1_415' title='bbox 681 2999 988 3061; x_wconf 87' lang='lat' dir='ltr'><strong>sumptuum</strong></span> <span class='ocrx_word' id='word_1_416' title='bbox 1039 2992 1280 3061; x_wconf 88' lang='lat' dir='ltr'><strong>indigere</strong></span> <span class='ocrx_word' id='word_1_417' title='bbox 1327 3005 1434 3046; x_wconf 90' lang='lat' dir='ltr'><strong>non</strong></span> <span class='ocrx_word' id='word_1_418' title='bbox 1487 2993 1791 3061; x_wconf 81' lang='lat' dir='ltr'><strong>ambigetur</strong></span> <span class='ocrx_word' id='word_1_419' title='bbox 1829 3009 1927 3048; x_wconf 71' lang='grc' dir='ltr'>ωι-</span> <span class='ocrx_word' id='word_1_420' title='bbox 2027 2982 2156 3038; x_wconf 76' lang='lat' dir='ltr'><strong>dum</strong></span> <span class='ocrx_word' id='word_1_421' title='bbox 2199 2995 2416 3056; x_wconf 81' lang='lat' dir='ltr'><strong>propter</strong></span> <span class='ocrx_word' id='word_1_422' title='bbox 2478 2990 2792 3060; x_wconf 81' lang='lat' dir='ltr'><strong>temporalia</strong></span> <span class='ocrx_word' id='word_1_423' title='bbox 2844 2991 2990 3047; x_wconf 84' lang='lat' dir='ltr'><strong>lucra</strong></span> <span class='ocrx_word' id='word_1_424' title='bbox 3046 2993 3405 3052; x_wconf 84' lang='lat' dir='ltr'><strong>infuederabili</strong></span> <span class='ocrx_word' id='word_1_425' title='bbox 3465 3014 3496 3052; x_wconf 86' lang='lat' dir='ltr'><strong>a</strong></span> <span class='ocrx_word' id='word_1_426' title='bbox 3550 3013 3612 3054; x_wconf 90' lang='lat' dir='ltr'><strong>se</strong></span> 
     </span>
    </p>
   </div>
   <div class='ocr_carea' id='block_1_61' title="bbox 324 3072 3612 3176">
    <p class='ocr_par' dir='ltr' id='par_1_61' title="bbox 324 3072 3612 3176">
     <span class='ocr_line' id='line_1_61' title="bbox 324 3072 3612 3176; baseline 0.002 -42"><span class='ocrx_word' id='word_1_427' title='bbox 324 3080 552 3150; x_wconf 84' lang='lat' dir='ltr'><strong>pensis,</strong></span> <span class='ocrx_word' id='word_1_428' title='bbox 617 3081 718 3135; x_wconf 88' lang='lat' dir='ltr'><strong>nisi</strong></span> <span class='ocrx_word' id='word_1_429' title='bbox 774 3080 1158 3152; x_wconf 90' lang='lat' dir='ltr'><strong>multiplicibus</strong></span> <span class='ocrx_word' id='word_1_430' title='bbox 1211 3083 1512 3138; x_wconf 82' lang='lat' dir='ltr'><strong>exuberent</strong></span> <span class='ocrx_word' id='word_1_431' title='bbox 1579 3083 1916 3146; x_wconf 87' lang='lat' dir='ltr'><strong>commodis,</strong></span> <span class='ocrx_word' id='word_1_432' title='bbox 1954 3114 2000 3176; x_wconf 64' lang='grc' dir='ltr'><strong>ρ</strong></span> <span class='ocrx_word' id='word_1_433' title='bbox 2031 3072 2561 3176; x_wconf 57' lang='grc' dir='ltr'><strong>ἱηνὶεεηιείωυιωιθ</strong></span> <span class='ocrx_word' id='word_1_434' title='bbox 2607 3079 2871 3135; x_wconf 83' lang='lat' dir='ltr'><strong>resiliunt.</strong></span> <span class='ocrx_word' id='word_1_435' title='bbox 2899 3083 2961 3137; x_wconf 87' lang='lat' dir='ltr'><strong>Et</strong></span> <span class='ocrx_word' id='word_1_436' title='bbox 2994 3083 3306 3154; x_wconf 88' lang='lat' dir='ltr'><strong>plerumque</strong></span> <span class='ocrx_word' id='word_1_437' title='bbox 3343 3087 3469 3142; x_wconf 88' lang='lat' dir='ltr'><strong>dum</strong></span> <span class='ocrx_word' id='word_1_438' title='bbox 3514 3104 3612 3159; x_wconf 86' lang='lat' dir='ltr'><strong>pro</strong></span> 
     </span>
    </p>
   </div>
   <div class='ocr_carea' id='block_1_62' title="bbox 325 3167 3613 3247">
    <p class='ocr_par' dir='ltr' id='par_1_62' title="bbox 325 3167 3613 3247">
     <span class='ocr_line' id='line_1_62' title="bbox 325 3167 3613 3247; baseline 0.003 -23"><span class='ocrx_word' id='word_1_439' title='bbox 325 3171 496 3226; x_wconf 81' lang='lat' dir='ltr'><strong>ﬂuere</strong></span> <span class='ocrx_word' id='word_1_440' title='bbox 536 3181 811 3242; x_wconf 89' lang='lat' dir='ltr'><strong>nequeunt</strong></span> <span class='ocrx_word' id='word_1_441' title='bbox 860 3173 914 3226; x_wconf 90' lang='lat' dir='ltr'><strong>in</strong></span> <span class='ocrx_word' id='word_1_442' title='bbox 968 3173 1426 3228; x_wconf 90' lang='lat' dir='ltr'><strong>oblectationibus</strong></span> <span class='ocrx_word' id='word_1_443' title='bbox 1467 3173 1774 3242; x_wconf 86' lang='lat' dir='ltr'><strong>voluptatis.</strong></span> <span class='ocrx_word' id='word_1_444' title='bbox 1819 3174 1926 3229; x_wconf 86' lang='lat' dir='ltr'><strong>Sed</strong></span> <span class='ocrx_word' id='word_1_445' title='bbox 1961 3167 1999 3176; x_wconf 73' lang='grc'><strong><em>“</em></strong></span> <span class='ocrx_word' id='word_1_446' title='bbox 2030 3167 2401 3237; x_wconf 60' lang='lat' dir='ltr'><strong>corporalibus</strong></span> <span class='ocrx_word' id='word_1_447' title='bbox 2425 3169 2481 3224; x_wconf 87' lang='lat' dir='ltr'><strong>in</strong></span> <span class='ocrx_word' id='word_1_448' title='bbox 2511 3187 2660 3226; x_wconf 74' lang='lat' dir='ltr'><strong>anna</strong></span> <span class='ocrx_word' id='word_1_449' title='bbox 2684 3183 3032 3237; x_wconf 81' lang='lat' dir='ltr'><strong>concurrunt,</strong></span> <span class='ocrx_word' id='word_1_450' title='bbox 3074 3191 3106 3230; x_wconf 89' lang='lat' dir='ltr'><strong>e</strong></span> <span class='ocrx_word' id='word_1_451' title='bbox 3145 3177 3462 3247; x_wconf 86' lang='lat' dir='ltr'><strong>corporibus</strong></span> <span class='ocrx_word' id='word_1_452' title='bbox 3492 3182 3613 3235; x_wconf 69' lang='lat' dir='ltr'><strong>ani.</strong></span> 
     </span>
    </p>
   </div>
   <div class='ocr_carea' id='block_1_63' title="bbox 326 3262 1926 3333">
    <p class='ocr_par' dir='ltr' id='par_1_63' title="bbox 326 3262 1926 3333">
     <span class='ocr_line' id='line_1_63' title="bbox 326 3262 1926 3333; baseline 0.001 -17"><span class='ocrx_word' id='word_1_453' title='bbox 326 3263 465 3317; x_wconf 89' lang='lat' dir='ltr'><strong>sicut</strong></span> <span class='ocrx_word' id='word_1_454' title='bbox 510 3263 548 3316; x_wconf 91' lang='lat' dir='ltr'><strong>ii</strong></span> <span class='ocrx_word' id='word_1_455' title='bbox 598 3263 689 3333; x_wconf 91' lang='lat' dir='ltr'><strong>qui</strong></span> <span class='ocrx_word' id='word_1_456' title='bbox 723 3264 908 3318; x_wconf 89' lang='lat' dir='ltr'><strong>mundi</strong></span> <span class='ocrx_word' id='word_1_457' title='bbox 940 3262 1102 3333; x_wconf 88' lang='lat' dir='ltr'><strong>hujus</strong></span> <span class='ocrx_word' id='word_1_458' title='bbox 1129 3265 1428 3333; x_wconf 88' lang='lat' dir='ltr'><strong>probantur</strong></span> <span class='ocrx_word' id='word_1_459' title='bbox 1460 3279 1582 3320; x_wconf 91' lang='lat' dir='ltr'><strong>esse</strong></span> <span class='ocrx_word' id='word_1_460' title='bbox 1622 3263 1926 3328; x_wconf 86' lang='lat' dir='ltr'><strong>vernaculi,</strong></span> 
     </span>
    </p>
   </div>
   <div class='ocr_carea' id='block_1_64' title="bbox 327 3356 1930 3421">
    <p class='ocr_par' dir='ltr' id='par_1_64' title="bbox 327 3356 1930 3421">
     <span class='ocr_line' id='line_1_64' title="bbox 327 3356 1930 3421; baseline 0.003 -13"><span class='ocrx_word' id='word_1_461' title='bbox 327 3356 562 3410; x_wconf 88' lang='lat' dir='ltr'><strong>terrenis</strong></span> <span class='ocrx_word' id='word_1_462' title='bbox 608 3371 667 3410; x_wconf 92' lang='lat' dir='ltr'><strong>se</strong></span> <span class='ocrx_word' id='word_1_463' title='bbox 710 3356 871 3412; x_wconf 88' lang='lat' dir='ltr'><strong>rebus</strong></span> <span class='ocrx_word' id='word_1_464' title='bbox 910 3357 1156 3412; x_wconf 88' lang='lat' dir='ltr'><strong>ambiunt</strong></span> <span class='ocrx_word' id='word_1_465' title='bbox 1193 3371 1464 3421; x_wconf 89' lang='lat' dir='ltr'><strong>onerare;</strong></span> <span class='ocrx_word' id='word_1_466' title='bbox 1511 3356 1592 3410; x_wconf 91' lang='lat' dir='ltr'><strong>sic</strong></span> <span class='ocrx_word' id='word_1_467' title='bbox 1620 3371 1779 3412; x_wconf 86' lang='lat' dir='ltr'><strong>versa</strong></span> <span class='ocrx_word' id='word_1_468' title='bbox 1809 3356 1930 3413; x_wconf 90' lang='lat' dir='ltr'><strong>vice</strong></span> 
     </span>
    </p>
   </div>
   <div class='ocr_carea' id='block_1_65' title="bbox 326 3445 1634 3516">
    <p class='ocr_par' dir='ltr' id='par_1_65' title="bbox 326 3445 1634 3516">
     <span class='ocr_line' id='line_1_65' title="bbox 326 3445 1634 3516; baseline 0.001 -17"><span class='ocrx_word' id='word_1_469' title='bbox 326 3459 482 3499; x_wconf 89' lang='lat' dir='ltr'><strong>mens</strong></span> <span class='ocrx_word' id='word_1_470' title='bbox 506 3445 820 3501; x_wconf 64' lang='lat' dir='ltr'><strong>coelestibus</strong></span> <span class='ocrx_word' id='word_1_471' title='bbox 845 3447 1002 3501; x_wconf 89' lang='lat' dir='ltr'><strong>hians</strong></span> <span class='ocrx_word' id='word_1_472' title='bbox 1031 3461 1090 3501; x_wconf 88' lang='lat' dir='ltr'><strong>se</strong></span> <span class='ocrx_word' id='word_1_473' title='bbox 1126 3446 1391 3516; x_wconf 84' lang='lat' dir='ltr'><strong>gloriatur</strong></span> <span class='ocrx_word' id='word_1_474' title='bbox 1411 3461 1634 3502; x_wconf 89' lang='lat' dir='ltr'><strong>exuere.</strong></span> 
     </span>
    </p>
   </div>
   <div class='ocr_carea' id='block_1_66' title="bbox 395 3534 1926 3607">
    <p class='ocr_par' dir='ltr' id='par_1_66' title="bbox 395 3534 1926 3607">
     <span class='ocr_line' id='line_1_66' title="bbox 395 3534 1926 3607; baseline 0.001 -16"><span class='ocrx_word' id='word_1_475' title='bbox 395 3534 442 3591; x_wconf 82' lang='grc' dir='ltr'><strong>Ο</strong></span> <span class='ocrx_word' id='word_1_476' title='bbox 472 3551 638 3606; x_wconf 89' lang='lat' dir='ltr'><strong>quam</strong></span> <span class='ocrx_word' id='word_1_477' title='bbox 662 3535 982 3605; x_wconf 87' lang='lat' dir='ltr'><strong>jucundum,</strong></span> <span class='ocrx_word' id='word_1_478' title='bbox 1025 3552 1187 3607; x_wconf 91' lang='lat' dir='ltr'><strong>quam</strong></span> <span class='ocrx_word' id='word_1_479' title='bbox 1230 3550 1397 3593; x_wconf 90' lang='lat' dir='ltr'><strong>suave</strong></span> <span class='ocrx_word' id='word_1_480' title='bbox 1441 3537 1713 3604; x_wconf 91' lang='lat' dir='ltr'><strong>nuntium,</strong></span> <span class='ocrx_word' id='word_1_481' title='bbox 1761 3552 1926 3607; x_wconf 88' lang='lat' dir='ltr'><strong>quam</strong></span> 
     </span>
    </p>
   </div>
   <div class='ocr_carea' id='block_1_67' title="bbox 326 3625 1926 3697">
    <p class='ocr_par' dir='ltr' id='par_1_67' title="bbox 326 3625 1926 3697">
     <span class='ocr_line' id='line_1_67' title="bbox 326 3625 1926 3697; baseline 0.003 -19"><span class='ocrx_word' id='word_1_482' title='bbox 326 3625 562 3695; x_wconf 87' lang='lat' dir='ltr'><strong>denique</strong></span> <span class='ocrx_word' id='word_1_483' title='bbox 605 3625 779 3680; x_wconf 89' lang='lat' dir='ltr'><strong>dulcis</strong></span> <span class='ocrx_word' id='word_1_484' title='bbox 817 3626 885 3681; x_wconf 90' lang='lat' dir='ltr'><strong>ad</strong></span> <span class='ocrx_word' id='word_1_485' title='bbox 915 3641 1078 3682; x_wconf 86' lang='lat' dir='ltr'><strong>aures</strong></span> <span class='ocrx_word' id='word_1_486' title='bbox 1101 3641 1251 3682; x_wconf 91' lang='lat' dir='ltr'><strong>meas</strong></span> <span class='ocrx_word' id='word_1_487' title='bbox 1290 3639 1465 3697; x_wconf 86' lang='lat' dir='ltr'><strong>nuper</strong></span> <span class='ocrx_word' id='word_1_488' title='bbox 1503 3625 1646 3681; x_wconf 82' lang='lat' dir='ltr'><strong>fama</strong></span> <span class='ocrx_word' id='word_1_489' title='bbox 1685 3627 1926 3694; x_wconf 80' lang='lat' dir='ltr'><strong>devenit,</strong></span> 
     </span>
    </p>
   </div>
   <div class='ocr_carea' id='block_1_68' title="bbox 325 3715 1925 3784">
    <p class='ocr_par' dir='ltr' id='par_1_68' title="bbox 325 3715 1925 3784">
     <span class='ocr_line' id='line_1_68' title="bbox 325 3715 1925 3784; baseline 0.003 -15"><span class='ocrx_word' id='word_1_490' title='bbox 325 3731 445 3784; x_wconf 71' lang='lat' dir='ltr'><strong>qua:</strong></span> <span class='ocrx_word' id='word_1_491' title='bbox 502 3731 602 3772; x_wconf 89' lang='lat' dir='ltr'><strong>vos</strong></span> <span class='ocrx_word' id='word_1_492' title='bbox 656 3715 964 3773; x_wconf 83' lang='lat' dir='ltr'><strong>Ostiensem</strong></span> <span class='ocrx_word' id='word_1_493' title='bbox 1017 3718 1334 3774; x_wconf 88' lang='lat' dir='ltr'><strong>comitatum</strong></span> <span class='ocrx_word' id='word_1_494' title='bbox 1380 3718 1512 3774; x_wconf 85' lang='lat' dir='ltr'><strong>mihi</strong></span> <span class='ocrx_word' id='word_1_495' title='bbox 1569 3718 1925 3783; x_wconf 84' lang='lat' dir='ltr'><strong>subtraxisse,</strong></span> 
     </span>
    </p>
   </div>
   <div class='ocr_carea' id='block_1_69' title="bbox 323 3805 1926 3879">
    <p class='ocr_par' dir='ltr' id='par_1_69' title="bbox 323 3805 1926 3879">
     <span class='ocr_line' id='line_1_69' title="bbox 323 3805 1926 3879; baseline 0.001 -19"><span class='ocrx_word' id='word_1_496' title='bbox 323 3816 381 3861; x_wconf 90' lang='lat' dir='ltr'><strong>et</strong></span> <span class='ocrx_word' id='word_1_497' title='bbox 415 3805 510 3861; x_wconf 89' lang='lat' dir='ltr'><strong>alii</strong></span> <span class='ocrx_word' id='word_1_498' title='bbox 547 3807 836 3864; x_wconf 86' lang='lat' dir='ltr'><strong>tradidisse</strong></span> <span class='ocrx_word' id='word_1_499' title='bbox 872 3808 1180 3879; x_wconf 88' lang='lat' dir='ltr'><strong>perhibuit!</strong></span> <span class='ocrx_word' id='word_1_500' title='bbox 1215 3807 1494 3864; x_wconf 79' lang='lat' dir='ltr'><strong>Romanus</strong></span> <span class='ocrx_word' id='word_1_501' title='bbox 1527 3809 1672 3864; x_wconf 91' lang='lat' dir='ltr'><strong>enim</strong></span> <span class='ocrx_word' id='word_1_502' title='bbox 1706 3809 1926 3878; x_wconf 87' lang='lat' dir='ltr'><strong>quidatn</strong></span> 
     </span>
    </p>
   </div>
   <div class='ocr_carea' id='block_1_70' title="bbox 324 3896 1925 3970">
    <p class='ocr_par' dir='ltr' id='par_1_70' title="bbox 324 3896 1925 3970">
     <span class='ocr_line' id='line_1_70' title="bbox 324 3896 1925 3970; baseline 0.004 -22"><span class='ocrx_word' id='word_1_503' title='bbox 324 3896 474 3951; x_wconf 87' lang='lat' dir='ltr'><strong>velut</strong></span> <span class='ocrx_word' id='word_1_504' title='bbox 525 3903 789 3953; x_wconf 86' lang='lat' dir='ltr'><strong>accusans</strong></span> <span class='ocrx_word' id='word_1_505' title='bbox 820 3907 872 3954; x_wconf 93' lang='lat' dir='ltr'><strong>te</strong></span> <span class='ocrx_word' id='word_1_506' title='bbox 899 3899 1040 3970; x_wconf 87' lang='lat' dir='ltr'><strong>apud</strong></span> <span class='ocrx_word' id='word_1_507' title='bbox 1082 3914 1191 3964; x_wconf 90' lang='lat' dir='ltr'><strong>me,</strong></span> <span class='ocrx_word' id='word_1_508' title='bbox 1235 3907 1290 3955; x_wconf 92' lang='lat' dir='ltr'><strong>et</strong></span> <span class='ocrx_word' id='word_1_509' title='bbox 1341 3909 1597 3970; x_wconf 87' lang='lat' dir='ltr'><strong>tauquam</strong></span> <span class='ocrx_word' id='word_1_510' title='bbox 1630 3899 1762 3954; x_wconf 89' lang='lat' dir='ltr'><strong>mihi</strong></span> <span class='ocrx_word' id='word_1_511' title='bbox 1791 3915 1925 3955; x_wconf 89' lang='lat' dir='ltr'><strong>con-</strong></span> 
     </span>
    </p>
   </div>
   <div class='ocr_carea' id='block_1_71' title="bbox 324 3991 1922 4064">
    <p class='ocr_par' dir='ltr' id='par_1_71' title="bbox 324 3991 1922 4064">
     <span class='ocr_line' id='line_1_71' title="bbox 324 3991 1922 4064; baseline 0.001 -18"><span class='ocrx_word' id='word_1_512' title='bbox 324 3991 514 4048; x_wconf 86' lang='lat' dir='ltr'><strong>sulens</strong></span> <span class='ocrx_word' id='word_1_513' title='bbox 537 3999 703 4062; x_wconf 89' lang='lat' dir='ltr'><strong>atque</strong></span> <span class='ocrx_word' id='word_1_514' title='bbox 729 3993 1080 4064; x_wconf 87' lang='lat' dir='ltr'><strong>compatiens,</strong></span> <span class='ocrx_word' id='word_1_515' title='bbox 1109 3993 1253 4064; x_wconf 89' lang='lat' dir='ltr'><strong>quod</strong></span> <span class='ocrx_word' id='word_1_516' title='bbox 1283 3991 1486 4048; x_wconf 81' lang='lat' dir='ltr'><strong>factum</strong></span> <span class='ocrx_word' id='word_1_517' title='bbox 1520 4001 1641 4049; x_wconf 89' lang='lat' dir='ltr'><strong>erat</strong></span> <span class='ocrx_word' id='word_1_518' title='bbox 1668 3993 1922 4062; x_wconf 89' lang='lat' dir='ltr'><strong>innotuit,</strong></span> 
     </span>
    </p>
   </div>
   <div class='ocr_carea' id='block_1_72' title="bbox 324 4083 1927 4153">
    <p class='ocr_par' dir='ltr' id='par_1_72' title="bbox 324 4083 1927 4153">
     <span class='ocr_line' id='line_1_72' title="bbox 324 4083 1927 4153; baseline 0.001 -15"><span class='ocrx_word' id='word_1_519' title='bbox 324 4083 419 4138; x_wconf 81' lang='lat' dir='ltr'><strong>sed</strong></span> <span class='ocrx_word' id='word_1_520' title='bbox 463 4098 631 4153; x_wconf 90' lang='lat' dir='ltr'><strong>quem</strong></span> <span class='ocrx_word' id='word_1_521' title='bbox 677 4098 934 4140; x_wconf 84' lang='lat' dir='ltr'><strong>accusare</strong></span> <span class='ocrx_word' id='word_1_522' title='bbox 965 4099 1024 4140; x_wconf 91' lang='lat' dir='ltr'><strong>se</strong></span> <span class='ocrx_word' id='word_1_523' title='bbox 1047 4084 1305 4149; x_wconf 89' lang='lat' dir='ltr'><strong>credidit,</strong></span> <span class='ocrx_word' id='word_1_524' title='bbox 1349 4083 1603 4140; x_wconf 87' lang='lat' dir='ltr'><strong>nesciens</strong></span> <span class='ocrx_word' id='word_1_525' title='bbox 1650 4099 1927 4140; x_wconf 91' lang='lat' dir='ltr'><strong>commen-</strong></span> 
     </span>
    </p>
   </div>
   <div class='ocr_carea' id='block_1_73' title="bbox 323 4175 1925 4256">
    <p class='ocr_par' dir='ltr' id='par_1_73' title="bbox 323 4175 1925 4256">
     <span class='ocr_line' id='line_1_73' title="bbox 323 4175 1925 4256; baseline 0.002 -26"><span class='ocrx_word' id='word_1_526' title='bbox 323 4176 498 4230; x_wconf 84' lang='lat' dir='ltr'><strong>davit.</strong></span> <span class='ocrx_word' id='word_1_527' title='bbox 536 4175 649 4247; x_wconf 82' lang='lat' dir='ltr'><strong>Ego</strong></span> <span class='ocrx_word' id='word_1_528' title='bbox 683 4176 900 4247; x_wconf 90' lang='lat' dir='ltr'><strong>quidem</strong></span> <span class='ocrx_word' id='word_1_529' title='bbox 947 4177 1126 4256; x_wconf 83' lang='lat' dir='ltr'><strong>primo</strong></span> <span class='ocrx_word' id='word_1_530' title='bbox 1173 4177 1326 4248; x_wconf 91' lang='lat' dir='ltr'><strong>quasi</strong></span> <span class='ocrx_word' id='word_1_531' title='bbox 1372 4177 1612 4248; x_wconf 89' lang='lat' dir='ltr'><strong>graviter</strong></span> <span class='ocrx_word' id='word_1_532' title='bbox 1663 4177 1782 4244; x_wconf 89' lang='lat' dir='ltr'><strong>tuli,</strong></span> <span class='ocrx_word' id='word_1_533' title='bbox 1830 4178 1925 4233; x_wconf 83' lang='lat' dir='ltr'><strong>sed</strong></span> 
     </span>
    </p>
   </div>
   <div class='ocr_carea' id='block_1_74' title="bbox 323 4265 1926 4337">
    <p class='ocr_par' dir='ltr' id='par_1_74' title="bbox 323 4265 1926 4337">
     <span class='ocr_line' id='line_1_74' title="bbox 323 4265 1926 4337; baseline 0.002 -18"><span class='ocrx_word' id='word_1_534' title='bbox 323 4265 742 4336; x_wconf 88' lang='lat' dir='ltr'><strong>erumpentibus</strong></span> <span class='ocrx_word' id='word_1_535' title='bbox 789 4267 1110 4337; x_wconf 89' lang='lat' dir='ltr'><strong>quibusdam</strong></span> <span class='ocrx_word' id='word_1_536' title='bbox 1161 4267 1362 4323; x_wconf 63' lang='lat' dir='ltr'><strong>laetitia:</strong></span> <span class='ocrx_word' id='word_1_537' title='bbox 1406 4268 1593 4337; x_wconf 89' lang='lat' dir='ltr'><strong>signis,</strong></span> <span class='ocrx_word' id='word_1_538' title='bbox 1627 4268 1712 4323; x_wconf 85' lang='lat' dir='ltr'><strong>vel</strong></span> <span class='ocrx_word' id='word_1_539' title='bbox 1740 4283 1926 4336; x_wconf 88' lang='lat' dir='ltr'><strong>super-</strong></span> 
     </span>
    </p>
   </div>
   <div class='ocr_carea' id='block_1_75' title="bbox 327 4356 1919 4432">
    <p class='ocr_par' dir='ltr' id='par_1_75' title="bbox 327 4356 1919 4432">
     <span class='ocr_line' id='line_1_75' title="bbox 327 4356 1919 4432; baseline 0.003 -20"><span class='ocrx_word' id='word_1_540' title='bbox 327 4356 613 4413; x_wconf 77' lang='lat' dir='ltr'><strong>ﬁcietenus</strong></span> <span class='ocrx_word' id='word_1_541' title='bbox 633 4358 736 4430; x_wconf 76' lang='lat'><strong>31</strong></span> <span class='ocrx_word' id='word_1_542' title='bbox 764 4357 979 4429; x_wconf 89' lang='lat' dir='ltr'><strong>quidem</strong></span> <span class='ocrx_word' id='word_1_543' title='bbox 1003 4374 1296 4416; x_wconf 72' lang='lat' dir='ltr'><strong>mmrorem</strong></span> <span class='ocrx_word' id='word_1_544' title='bbox 1325 4360 1583 4416; x_wconf 90' lang='lat' dir='ltr'><strong>simulare</strong></span> <span class='ocrx_word' id='word_1_545' title='bbox 1611 4377 1716 4416; x_wconf 91' lang='lat' dir='ltr'><strong>non</strong></span> <span class='ocrx_word' id='word_1_546' title='bbox 1748 4362 1919 4432; x_wconf 88' lang='lat' dir='ltr'><strong>potui.</strong></span> 
     </span>
    </p>
   </div>
   <div class='ocr_carea' id='block_1_76' title="bbox 2028 3262 3610 3336">
    <p class='ocr_par' dir='ltr' id='par_1_76' title="bbox 2028 3262 3610 3336">
     <span class='ocr_line' id='line_1_76' title="bbox 2028 3262 3610 3336; baseline 0.009 -23"><span class='ocrx_word' id='word_1_547' title='bbox 2028 3274 2146 3315; x_wconf 87' lang='lat' dir='ltr'><strong>mas</strong></span> <span class='ocrx_word' id='word_1_548' title='bbox 2173 3270 2392 3316; x_wconf 88' lang='lat' dir='ltr'><strong>exeunt.</strong></span> <span class='ocrx_word' id='word_1_549' title='bbox 2422 3262 2524 3331; x_wconf 65' lang='lat' dir='ltr'><strong>Qui</strong></span> <span class='ocrx_word' id='word_1_550' title='bbox 2563 3278 2692 3320; x_wconf 90' lang='lat' dir='ltr'><strong>vero</strong></span> <span class='ocrx_word' id='word_1_551' title='bbox 2721 3263 2849 3320; x_wconf 91' lang='lat' dir='ltr'><strong>solis</strong></span> <span class='ocrx_word' id='word_1_552' title='bbox 2885 3265 3196 3322; x_wconf 79' lang='lat' dir='ltr'><strong>ccelestibus</strong></span> <span class='ocrx_word' id='word_1_553' title='bbox 3239 3269 3610 3336; x_wconf 77' lang='lat' dir='ltr'><strong>inardescunt,</strong></span> 
     </span>
    </p>
   </div>
   <div class='ocr_carea' id='block_1_77' title="bbox 2025 3351 3608 3433">
    <p class='ocr_par' dir='ltr' id='par_1_77' title="bbox 2025 3351 3608 3433">
     <span class='ocr_line' id='line_1_77' title="bbox 2025 3351 3608 3433; baseline 0.011 -30"><span class='ocrx_word' id='word_1_554' title='bbox 2025 3363 2128 3420; x_wconf 83' lang='lat' dir='ltr'><strong>pro</strong></span> <span class='ocrx_word' id='word_1_555' title='bbox 2174 3351 2450 3409; x_wconf 85' lang='lat' dir='ltr'><strong>doloribus</strong></span> <span class='ocrx_word' id='word_1_556' title='bbox 2491 3355 2944 3412; x_wconf 86' lang='lat' dir='ltr'><strong>oblectationibus</strong></span> <span class='ocrx_word' id='word_1_557' title='bbox 2997 3358 3307 3429; x_wconf 88' lang='lat' dir='ltr'><strong>potiuntur;</strong></span> <span class='ocrx_word' id='word_1_558' title='bbox 3367 3362 3495 3433; x_wconf 89' lang='lat' dir='ltr'><strong>quia</strong></span> <span class='ocrx_word' id='word_1_559' title='bbox 3554 3364 3608 3420; x_wconf 92' lang='lat' dir='ltr'><strong>in</strong></span> 
     </span>
    </p>
   </div>
   <div class='ocr_carea' id='block_1_78' title="bbox 2027 3441 3608 3509">
    <p class='ocr_par' dir='ltr' id='par_1_78' title="bbox 2027 3441 3608 3509">
     <span class='ocr_line' id='line_1_78' title="bbox 2027 3441 3608 3509; baseline 0.008 -13"><span class='ocrx_word' id='word_1_560' title='bbox 2027 3441 2284 3500; x_wconf 74' lang='lat' dir='ltr'><strong>fraterna:</strong></span> <span class='ocrx_word' id='word_1_561' title='bbox 2335 3446 2623 3501; x_wconf 86' lang='lat' dir='ltr'><strong>charitatis</strong></span> <span class='ocrx_word' id='word_1_562' title='bbox 2665 3447 2948 3502; x_wconf 89' lang='lat' dir='ltr'><strong>dulcedine</strong></span> <span class='ocrx_word' id='word_1_563' title='bbox 3004 3451 3334 3505; x_wconf 89' lang='lat' dir='ltr'><strong>unanimiter</strong></span> <span class='ocrx_word' id='word_1_564' title='bbox 3400 3453 3608 3509; x_wconf 89' lang='lat' dir='ltr'><strong>vivunt.</strong></span> 
     </span>
    </p>
   </div>
   <div class='ocr_carea' id='block_1_79' title="bbox 2027 3534 3610 3612">
    <p class='ocr_par' dir='ltr' id='par_1_79' title="bbox 2027 3534 3610 3612">
     <span class='ocr_line' id='line_1_79' title="bbox 2027 3534 3610 3612; baseline 0.007 -24"><span class='ocrx_word' id='word_1_565' title='bbox 2027 3534 2165 3590; x_wconf 85' lang='lat' dir='ltr'><strong>Hinc</strong></span> <span class='ocrx_word' id='word_1_566' title='bbox 2213 3545 2316 3600; x_wconf 87' lang='lat' dir='ltr'><strong>est,</strong></span> <span class='ocrx_word' id='word_1_567' title='bbox 2357 3539 2496 3605; x_wconf 90' lang='lat' dir='ltr'><strong>quod</strong></span> <span class='ocrx_word' id='word_1_568' title='bbox 2545 3538 2596 3591; x_wconf 93' lang='lat' dir='ltr'><strong>iu</strong></span> <span class='ocrx_word' id='word_1_569' title='bbox 2641 3538 2731 3592; x_wconf 93' lang='lat' dir='ltr'><strong>illo</strong></span> <span class='ocrx_word' id='word_1_570' title='bbox 2777 3538 3046 3594; x_wconf 84' lang='lat' dir='ltr'><strong>sacriﬁcio</strong></span> <span class='ocrx_word' id='word_1_571' title='bbox 3087 3542 3416 3610; x_wconf 89' lang='lat' dir='ltr'><strong>vespertino,</strong></span> <span class='ocrx_word' id='word_1_572' title='bbox 3465 3546 3610 3612; x_wconf 90' lang='lat' dir='ltr'><strong>quod</strong></span> 
     </span>
    </p>
   </div>
   <div class='ocr_carea' id='block_1_80' title="bbox 2027 3626 3609 3702">
    <p class='ocr_par' dir='ltr' id='par_1_80' title="bbox 2027 3626 3609 3702">
     <span class='ocr_line' id='line_1_80' title="bbox 2027 3626 3609 3702; baseline 0.006 -22"><span class='ocrx_word' id='word_1_573' title='bbox 2027 3633 2156 3681; x_wconf 89' lang='lat' dir='ltr'><strong>tunc</strong></span> <span class='ocrx_word' id='word_1_574' title='bbox 2195 3626 2466 3682; x_wconf 86' lang='lat' dir='ltr'><strong>Abraham</strong></span> <span class='ocrx_word' id='word_1_575' title='bbox 2517 3628 2730 3695; x_wconf 84' lang='lat' dir='ltr'><strong>obtulit,</strong></span> <span class='ocrx_word' id='word_1_576' title='bbox 2779 3645 2975 3700; x_wconf 83' lang='lat' dir='ltr'><strong>pecora</strong></span> <span class='ocrx_word' id='word_1_577' title='bbox 3009 3631 3225 3702; x_wconf 89' lang='lat' dir='ltr'><strong>quidem</strong></span> <span class='ocrx_word' id='word_1_578' title='bbox 3269 3643 3482 3689; x_wconf 85' lang='lat' dir='ltr'><strong>terrena</strong></span> <span class='ocrx_word' id='word_1_579' title='bbox 3537 3638 3609 3690; x_wconf 91' lang='lat' dir='ltr'><strong>ab</strong></span> 
     </span>
    </p>
   </div>
   <div class='ocr_carea' id='block_1_81' title="bbox 2027 3716 3605 3792">
    <p class='ocr_par' dir='ltr' id='par_1_81' title="bbox 2027 3716 3605 3792">
     <span class='ocr_line' id='line_1_81' title="bbox 2027 3716 3605 3792; baseline 0.006 -20"><span class='ocrx_word' id='word_1_580' title='bbox 2027 3716 2257 3774; x_wconf 86' lang='lat' dir='ltr'><strong>invicem</strong></span> <span class='ocrx_word' id='word_1_581' title='bbox 2305 3729 2641 3788; x_wconf 88' lang='lat' dir='ltr'><strong>sequestrata</strong></span> <span class='ocrx_word' id='word_1_582' title='bbox 2689 3723 3012 3792; x_wconf 90' lang='lat' dir='ltr'><strong>composuit,</strong></span> <span class='ocrx_word' id='word_1_583' title='bbox 3065 3723 3159 3778; x_wconf 86' lang='lat' dir='ltr'><strong>sed</strong></span> <span class='ocrx_word' id='word_1_584' title='bbox 3209 3724 3442 3781; x_wconf 83' lang='lat' dir='ltr'><strong>volatilia</strong></span> <span class='ocrx_word' id='word_1_585' title='bbox 3497 3742 3605 3782; x_wconf 92' lang='lat' dir='ltr'><strong>non</strong></span> 
     </span>
    </p>
   </div>
   <div class='ocr_carea' id='block_1_82' title="bbox 2026 3801 3608 3886">
    <p class='ocr_par' dir='ltr' id='par_1_82' title="bbox 2026 3801 3608 3886">
     <span class='ocr_line' id='line_1_82' title="bbox 2026 3801 3608 3886; baseline 0.007 -25"><span class='ocrx_word' id='word_1_586' title='bbox 2026 3808 2289 3878; x_wconf 84' lang='lat' dir='ltr'><strong>abjunxit.</strong></span> <span class='ocrx_word' id='word_1_587' title='bbox 2343 3808 2495 3864; x_wconf 87' lang='lat' dir='ltr'><strong>Unde</strong></span> <span class='ocrx_word' id='word_1_588' title='bbox 2549 3809 2880 3880; x_wconf 88' lang='lat' dir='ltr'><strong>Scriptura:</strong></span> <span class='ocrx_word' id='word_1_589' title='bbox 2935 3829 2953 3864; x_wconf 86' lang='grc' dir='ltr'><strong>ι</strong></span> <span class='ocrx_word' id='word_1_590' title='bbox 3005 3801 3364 3881; x_wconf 67' lang='grc' dir='ltr'>ριιίθιοιιθιιε,</span> <span class='ocrx_word' id='word_1_591' title='bbox 3410 3815 3608 3886; x_wconf 85' lang='lat' dir='ltr'><strong>inquit,</strong></span> 
     </span>
    </p>
   </div>
   <div class='ocr_carea' id='block_1_83' title="bbox 2026 3899 3610 3978">
    <p class='ocr_par' dir='ltr' id='par_1_83' title="bbox 2026 3899 3610 3978">
     <span class='ocr_line' id='line_1_83' title="bbox 2026 3899 3610 3978; baseline 0.006 -25"><span class='ocrx_word' id='word_1_592' title='bbox 2026 3899 2281 3954; x_wconf 91' lang='lat' dir='ltr'><strong>universa</strong></span> <span class='ocrx_word' id='word_1_593' title='bbox 2328 3899 2460 3962; x_wconf 59' lang='lat' dir='ltr'><strong>hac,</strong></span> <span class='ocrx_word' id='word_1_594' title='bbox 2497 3899 2679 3956; x_wconf 87' lang='lat' dir='ltr'><strong>divisit</strong></span> <span class='ocrx_word' id='word_1_595' title='bbox 2722 3916 2785 3956; x_wconf 91' lang='lat' dir='ltr'><strong>ea</strong></span> <span class='ocrx_word' id='word_1_596' title='bbox 2830 3917 2930 3972; x_wconf 91' lang='lat' dir='ltr'><strong>per</strong></span> <span class='ocrx_word' id='word_1_597' title='bbox 2963 3903 3219 3968; x_wconf 89' lang='lat' dir='ltr'><strong>medium,</strong></span> <span class='ocrx_word' id='word_1_598' title='bbox 3270 3913 3324 3960; x_wconf 92' lang='lat' dir='ltr'><strong>et</strong></span> <span class='ocrx_word' id='word_1_599' title='bbox 3353 3913 3610 3978; x_wconf 81' lang='lat' dir='ltr'><strong>utrasque</strong></span> 
     </span>
    </p>
   </div>
   <div class='ocr_carea' id='block_1_84' title="bbox 2026 3991 3608 4064">
    <p class='ocr_par' dir='ltr' id='par_1_84' title="bbox 2026 3991 3608 4064">
     <span class='ocr_line' id='line_1_84' title="bbox 2026 3991 3608 4064; baseline 0.006 -19"><span class='ocrx_word' id='word_1_600' title='bbox 2026 4000 2210 4062; x_wconf 89' lang='lat' dir='ltr'><strong>partes</strong></span> <span class='ocrx_word' id='word_1_601' title='bbox 2235 3998 2422 4047; x_wconf 87' lang='lat' dir='ltr'><strong>contra</strong></span> <span class='ocrx_word' id='word_1_602' title='bbox 2456 4007 2515 4048; x_wconf 85' lang='lat' dir='ltr'><strong>se</strong></span> <span class='ocrx_word' id='word_1_603' title='bbox 2543 3991 2866 4050; x_wconf 82' lang='lat' dir='ltr'><strong>altrinsecus</strong></span> <span class='ocrx_word' id='word_1_604' title='bbox 2896 3995 3097 4064; x_wconf 88' lang='lat' dir='ltr'><strong>posuit,</strong></span> <span class='ocrx_word' id='word_1_605' title='bbox 3136 4011 3264 4052; x_wconf 84' lang='lat' dir='ltr'><strong>aves</strong></span> <span class='ocrx_word' id='word_1_606' title='bbox 3289 4006 3469 4052; x_wconf 86' lang='lat' dir='ltr'><strong>autem</strong></span> <span class='ocrx_word' id='word_1_607' title='bbox 3502 4013 3608 4054; x_wconf 86' lang='lat' dir='ltr'><strong>non</strong></span> 
     </span>
    </p>
   </div>
   <div class='ocr_carea' id='block_1_85' title="bbox 2028 4080 3607 4154">
    <p class='ocr_par' dir='ltr' id='par_1_85' title="bbox 2028 4080 3607 4154">
     <span class='ocr_line' id='line_1_85' title="bbox 2028 4080 3607 4154; baseline 0.004 -17"><span class='ocrx_word' id='word_1_608' title='bbox 2028 4080 2375 4152; x_wconf 76' lang='lat' dir='ltr'><strong>divisit(Cen.</strong></span> <span class='ocrx_word' id='word_1_609' title='bbox 2395 4082 2507 4154; x_wconf 89' lang='lat' dir='ltr'><strong>xv).</strong></span> <span class='ocrx_word' id='word_1_610' title='bbox 2531 4101 2550 4136; x_wconf 74' lang='grc' dir='ltr'><strong>ι</strong></span> <span class='ocrx_word' id='word_1_611' title='bbox 2569 4081 2805 4139; x_wconf 88' lang='lat' dir='ltr'><strong>Terrena</strong></span> <span class='ocrx_word' id='word_1_612' title='bbox 2817 4084 3033 4154; x_wconf 87' lang='lat' dir='ltr'><strong>quidem</strong></span> <span class='ocrx_word' id='word_1_613' title='bbox 3053 4086 3304 4141; x_wconf 88' lang='lat' dir='ltr'><strong>animalia</strong></span> <span class='ocrx_word' id='word_1_614' title='bbox 3316 4097 3506 4144; x_wconf 80' lang='lat' dir='ltr'><strong>contra</strong></span> <span class='ocrx_word' id='word_1_615' title='bbox 3523 4093 3607 4154; x_wconf 75' lang='lat' dir='ltr'><strong>se,</strong></span> 
     </span>
    </p>
   </div>
   <div class='ocr_carea' id='block_1_86' title="bbox 2026 4171 3606 4245">
    <p class='ocr_par' dir='ltr' id='par_1_86' title="bbox 2026 4171 3606 4245">
     <span class='ocr_line' id='line_1_86' title="bbox 2026 4171 3606 4245; baseline 0.004 -20"><span class='ocrx_word' id='word_1_616' title='bbox 2026 4178 2083 4226; x_wconf 92' lang='lat' dir='ltr'><strong>et</strong></span> <span class='ocrx_word' id='word_1_617' title='bbox 2102 4171 2425 4227; x_wconf 81' lang='lat' dir='ltr'><strong>altrinsecus</strong></span> <span class='ocrx_word' id='word_1_618' title='bbox 2447 4173 2952 4243; x_wconf 88' lang='lat' dir='ltr'><strong>opponuntur,quia</strong></span> <span class='ocrx_word' id='word_1_619' title='bbox 2977 4175 3174 4229; x_wconf 92' lang='lat' dir='ltr'><strong>terreni</strong></span> <span class='ocrx_word' id='word_1_620' title='bbox 3197 4174 3397 4245; x_wconf 86' lang='lat' dir='ltr'><strong>quique</strong></span> <span class='ocrx_word' id='word_1_621' title='bbox 3415 4185 3606 4231; x_wconf 63' lang='lat' dir='ltr'><strong>contra</strong></span> 
     </span>
    </p>
   </div>
   <div class='ocr_carea' id='block_1_87' title="bbox 2026 4261 3606 4336">
    <p class='ocr_par' dir='ltr' id='par_1_87' title="bbox 2026 4261 3606 4336">
     <span class='ocr_line' id='line_1_87' title="bbox 2026 4261 3606 4336; baseline 0.004 -18"><span class='ocrx_word' id='word_1_622' title='bbox 2026 4263 2304 4334; x_wconf 83' lang='lat' dir='ltr'><strong>proximos</strong></span> <span class='ocrx_word' id='word_1_623' title='bbox 2320 4261 2516 4336; x_wconf 74' lang='lat' dir='ltr'><strong>iurgiis</strong></span> <span class='ocrx_word' id='word_1_624' title='bbox 2542 4273 2597 4320; x_wconf 92' lang='lat' dir='ltr'><strong>et</strong></span> <span class='ocrx_word' id='word_1_625' title='bbox 2617 4265 3052 4321; x_wconf 85' lang='lat' dir='ltr'><strong>contentionibus</strong></span> <span class='ocrx_word' id='word_1_626' title='bbox 3073 4267 3322 4331; x_wconf 68' lang='lat' dir='ltr'><strong>saeviunt,</strong></span> <span class='ocrx_word' id='word_1_627' title='bbox 3351 4267 3434 4323; x_wconf 86' lang='lat' dir='ltr'><strong>vel</strong></span> <span class='ocrx_word' id='word_1_628' title='bbox 3458 4277 3606 4325; x_wconf 86' lang='lat' dir='ltr'><strong>certe</strong></span> 
     </span>
    </p>
   </div>
   <div class='ocr_carea' id='block_1_88' title="bbox 2024 4353 3605 4415">
    <p class='ocr_par' dir='ltr' id='par_1_88' title="bbox 2024 4353 3605 4415">
     <span class='ocr_line' id='line_1_88' title="bbox 2024 4353 3605 4415; baseline 0.002 -6"><span class='ocrx_word' id='word_1_629' title='bbox 2024 4353 2254 4410; x_wconf 85' lang='lat' dir='ltr'><strong>occultis</strong></span> <span class='ocrx_word' id='word_1_630' title='bbox 2275 4353 2536 4410; x_wconf 87' lang='lat' dir='ltr'><strong>adversus</strong></span> <span class='ocrx_word' id='word_1_631' title='bbox 2559 4370 2654 4411; x_wconf 91' lang='lat' dir='ltr'><strong>eos</strong></span> <span class='ocrx_word' id='word_1_632' title='bbox 2673 4355 2919 4411; x_wconf 88' lang='lat' dir='ltr'><strong>odiorum</strong></span> <span class='ocrx_word' id='word_1_633' title='bbox 2943 4355 3220 4412; x_wconf 80' lang='lat' dir='ltr'><strong>fomitibus</strong></span> <span class='ocrx_word' id='word_1_634' title='bbox 3238 4359 3605 4415; x_wconf 90' lang='lat' dir='ltr'><strong>inardescunt.</strong></span> 
     </span>
    </p>
   </div>
   <div class='ocr_carea' id='block_1_89' title="bbox 327 4439 1924 4534">
    <p class='ocr_par' dir='ltr' id='par_1_89' title="bbox 327 4448 1920 4522">
     <span class='ocr_line' id='line_1_89' title="bbox 327 4448 1920 4522; baseline 0.003 -18"><span class='ocrx_word' id='word_1_635' title='bbox 327 4448 485 4504; x_wconf 84' lang='lat' dir='ltr'><strong>Ultro</strong></span> <span class='ocrx_word' id='word_1_636' title='bbox 515 4451 680 4505; x_wconf 88' lang='lat' dir='ltr'><strong>etiam</strong></span> <span class='ocrx_word' id='word_1_637' title='bbox 703 4451 939 4505; x_wconf 89' lang='lat' dir='ltr'><strong>divinam</strong></span> <span class='ocrx_word' id='word_1_638' title='bbox 967 4449 1198 4522; x_wconf 89' lang='lat' dir='ltr'><strong>imploro</strong></span> <span class='ocrx_word' id='word_1_639' title='bbox 1228 4450 1597 4516; x_wconf 82' lang='lat' dir='ltr'><strong>clementiam,</strong></span> <span class='ocrx_word' id='word_1_640' title='bbox 1630 4460 1690 4506; x_wconf 90' lang='lat' dir='ltr'><strong>ut</strong></span> <span class='ocrx_word' id='word_1_641' title='bbox 1713 4453 1920 4522; x_wconf 84' lang='lat' dir='ltr'><strong>episco-</strong></span> 
     </span>
    </p>
   </div>
   <div class='ocr_carea' id='block_1_90' title="bbox 2026 4439 3607 4534">
    <p class='ocr_par' dir='ltr' id='par_1_90' title="bbox 2026 4439 3607 4519">
     <span class='ocr_line' id='line_1_90' title="bbox 2026 4439 3607 4519; baseline 0.004 -23"><span class='ocrx_word' id='word_1_642' title='bbox 2026 4439 2098 4496; x_wconf 76' lang='lat' dir='ltr'><strong>At</strong></span> <span class='ocrx_word' id='word_1_643' title='bbox 2122 4452 2313 4498; x_wconf 89' lang='lat' dir='ltr'><strong>eontra</strong></span> <span class='ocrx_word' id='word_1_644' title='bbox 2333 4443 2427 4512; x_wconf 87' lang='lat' dir='ltr'><strong>qui</strong></span> <span class='ocrx_word' id='word_1_645' title='bbox 2453 4458 2574 4498; x_wconf 80' lang='lat' dir='ltr'><strong>sese</strong></span> <span class='ocrx_word' id='word_1_646' title='bbox 2595 4444 2650 4498; x_wconf 87' lang='lat' dir='ltr'><strong>in</strong></span> <span class='ocrx_word' id='word_1_647' title='bbox 2691 4445 2858 4499; x_wconf 91' lang='lat' dir='ltr'><strong>altum</strong></span> <span class='ocrx_word' id='word_1_648' title='bbox 2879 4445 3118 4500; x_wconf 67' lang='lat' dir='ltr'><strong>coalestis</strong></span> <span class='ocrx_word' id='word_1_649' title='bbox 3146 4446 3400 4502; x_wconf 88' lang='lat' dir='ltr'><strong>desiderii</strong></span> <span class='ocrx_word' id='word_1_650' title='bbox 3426 4449 3607 4519; x_wconf 85' lang='lat' dir='ltr'><strong>pluma</strong></span> 
     </span>
    </p>
   </div>
   <div class='ocr_carea' id='block_1_91' title="bbox 325 4539 1920 4610">
    <p class='ocr_par' dir='ltr' id='par_1_91' title="bbox 325 4539 1920 4610">
     <span class='ocr_line' id='line_1_91' title="bbox 325 4539 1920 4610; baseline 0.004 -18"><span class='ocrx_word' id='word_1_651' title='bbox 325 4546 518 4608; x_wconf 88' lang='lat' dir='ltr'><strong>patum</strong></span> <span class='ocrx_word' id='word_1_652' title='bbox 567 4539 891 4610; x_wconf 91' lang='lat' dir='ltr'><strong>quantocius</strong></span> <span class='ocrx_word' id='word_1_653' title='bbox 935 4541 1190 4596; x_wconf 89' lang='lat' dir='ltr'><strong>ordinare</strong></span> <span class='ocrx_word' id='word_1_654' title='bbox 1227 4557 1333 4596; x_wconf 91' lang='lat' dir='ltr'><strong>non</strong></span> <span class='ocrx_word' id='word_1_655' title='bbox 1376 4541 1613 4605; x_wconf 79' lang='lat' dir='ltr'><strong>diﬂ&#39;eras,</strong></span> <span class='ocrx_word' id='word_1_656' title='bbox 1647 4550 1701 4597; x_wconf 92' lang='lat' dir='ltr'><strong>et</strong></span> <span class='ocrx_word' id='word_1_657' title='bbox 1734 4540 1920 4598; x_wconf 86' lang='lat' dir='ltr'><strong>sterile</strong></span> 
     </span>
    </p>
   </div>
   <div class='ocr_carea' id='block_1_92' title="bbox 329 4627 1912 4689">
    <p class='ocr_par' dir='ltr' id='par_1_92' title="bbox 329 4627 1912 4689">
     <span class='ocr_line' id='line_1_92' title="bbox 329 4627 1912 4689; baseline 0.004 -8"><span class='ocrx_word' id='word_1_658' title='bbox 329 4627 549 4684; x_wconf 86' lang='lat' dir='ltr'><strong>arenosi</strong></span> <span class='ocrx_word' id='word_1_659' title='bbox 599 4629 796 4685; x_wconf 88' lang='lat' dir='ltr'><strong>littoris</strong></span> <span class='ocrx_word' id='word_1_660' title='bbox 841 4640 1084 4686; x_wconf 85' lang='lat' dir='ltr'><strong>aratrum</strong></span> <span class='ocrx_word' id='word_1_661' title='bbox 1134 4633 1266 4688; x_wconf 84' lang='lat' dir='ltr'><strong>mihi</strong></span> <span class='ocrx_word' id='word_1_662' title='bbox 1315 4633 1382 4688; x_wconf 92' lang='lat' dir='ltr'><strong>de</strong></span> <span class='ocrx_word' id='word_1_663' title='bbox 1437 4633 1686 4688; x_wconf 86' lang='lat' dir='ltr'><strong>manibus</strong></span> <span class='ocrx_word' id='word_1_664' title='bbox 1738 4633 1912 4689; x_wconf 87' lang='lat' dir='ltr'><strong>tollas.</strong></span> 
     </span>
    </p>
   </div>
   <div class='ocr_carea' id='block_1_93' title="bbox 231 4717 1918 4794">
    <p class='ocr_par' dir='ltr' id='par_1_93' title="bbox 231 4717 1918 4794">
     <span class='ocr_line' id='line_1_93' title="bbox 231 4717 1918 4794; baseline 0.004 -21"><span class='ocrx_word' id='word_1_665' title='bbox 231 4773 243 4782; x_wconf 76' lang='grc'><em>,</em></span> <span class='ocrx_word' id='word_1_666' title='bbox 327 4717 445 4774; x_wconf 81' lang='lat' dir='ltr'><strong>Non</strong></span> <span class='ocrx_word' id='word_1_667' title='bbox 477 4719 626 4775; x_wconf 90' lang='lat' dir='ltr'><strong>enim</strong></span> <span class='ocrx_word' id='word_1_668' title='bbox 658 4729 743 4777; x_wconf 86' lang='lat' dir='ltr'><strong>est</strong></span> <span class='ocrx_word' id='word_1_669' title='bbox 787 4721 948 4790; x_wconf 88' lang='lat' dir='ltr'><strong>hujus</strong></span> <span class='ocrx_word' id='word_1_670' title='bbox 999 4723 1276 4793; x_wconf 86' lang='lat' dir='ltr'><strong>temporis.</strong></span> <span class='ocrx_word' id='word_1_671' title='bbox 1323 4731 1384 4778; x_wconf 94' lang='lat' dir='ltr'><strong>ut</strong></span> <span class='ocrx_word' id='word_1_672' title='bbox 1423 4724 1515 4794; x_wconf 90' lang='lat' dir='ltr'><strong>qui</strong></span> <span class='ocrx_word' id='word_1_673' title='bbox 1565 4723 1816 4794; x_wconf 88' lang='lat' dir='ltr'><strong>puritatis</strong></span> <span class='ocrx_word' id='word_1_674' title='bbox 1859 4734 1918 4779; x_wconf 92' lang='lat' dir='ltr'><strong>et</strong></span> 
     </span>
    </p>
   </div>
   <div class='ocr_carea' id='block_1_94' title="bbox 330 4812 1920 4879">
    <p class='ocr_par' dir='ltr' id='par_1_94' title="bbox 330 4812 1920 4879">
     <span class='ocr_line' id='line_1_94' title="bbox 330 4812 1920 4879; baseline 0.003 -14"><span class='ocrx_word' id='word_1_675' title='bbox 330 4812 661 4868; x_wconf 78' lang='lat' dir='ltr'><strong>innocentia:</strong></span> <span class='ocrx_word' id='word_1_676' title='bbox 719 4815 990 4869; x_wconf 79' lang='lat' dir='ltr'><strong>tramitem</strong></span> <span class='ocrx_word' id='word_1_677' title='bbox 1051 4823 1237 4870; x_wconf 86' lang='lat' dir='ltr'><strong>tenere</strong></span> <span class='ocrx_word' id='word_1_678' title='bbox 1295 4815 1606 4879; x_wconf 87' lang='lat' dir='ltr'><strong>desiderat,</strong></span> <span class='ocrx_word' id='word_1_679' title='bbox 1664 4814 1920 4870; x_wconf 74' lang='lat' dir='ltr'><strong>Ecclesiae</strong></span> 
     </span>
    </p>
   </div>
   <div class='ocr_carea' id='block_1_95' title="bbox 330 4892 1920 4974">
    <p class='ocr_par' dir='ltr' id='par_1_95' title="bbox 330 4892 1920 4974">
     <span class='ocr_line' id='line_1_95' title="bbox 330 4892 1920 4974; baseline 0.003 -18"><span class='ocrx_word' id='word_1_680' title='bbox 330 4892 577 4972; x_wconf 75' lang='lat' dir='ltr'><strong>baiulare</strong></span> <span class='ocrx_word' id='word_1_681' title='bbox 619 4905 856 4974; x_wconf 91' lang='lat' dir='ltr'><strong>regimen</strong></span> <span class='ocrx_word' id='word_1_682' title='bbox 903 4905 1215 4974; x_wconf 85' lang='lat' dir='ltr'><strong>acquiescat</strong></span> <span class='ocrx_word' id='word_1_683' title='bbox 1241 4923 1254 4957; x_wconf 90' lang='lat'><strong>:</strong></span> <span class='ocrx_word' id='word_1_684' title='bbox 1284 4919 1406 4960; x_wconf 91' lang='lat' dir='ltr'><strong>cum</strong></span> <span class='ocrx_word' id='word_1_685' title='bbox 1447 4904 1691 4960; x_wconf 90' lang='lat' dir='ltr'><strong>videlicet</strong></span> <span class='ocrx_word' id='word_1_686' title='bbox 1729 4921 1920 4962; x_wconf 86' lang='lat' dir='ltr'><strong>omnes</strong></span> 
     </span>
    </p>
   </div>
   <div class='ocr_carea' id='block_1_96' title="bbox 333 4993 1921 5065">
    <p class='ocr_par' dir='ltr' id='par_1_96' title="bbox 333 4993 1921 5065">
     <span class='ocr_line' id='line_1_96' title="bbox 333 4993 1921 5065; baseline 0.004 -21"><span class='ocrx_word' id='word_1_687' title='bbox 333 5006 470 5060; x_wconf 89' lang='lat' dir='ltr'><strong>pene</strong></span> <span class='ocrx_word' id='word_1_688' title='bbox 498 5006 599 5059; x_wconf 90' lang='lat' dir='ltr'><strong>per</strong></span> <span class='ocrx_word' id='word_1_689' title='bbox 636 4993 892 5047; x_wconf 88' lang='lat' dir='ltr'><strong>vitiorum</strong></span> <span class='ocrx_word' id='word_1_690' title='bbox 933 4995 1158 5063; x_wconf 89' lang='lat' dir='ltr'><strong>abrupta</strong></span> <span class='ocrx_word' id='word_1_691' title='bbox 1200 4994 1520 5065; x_wconf 64' lang='lat' dir='ltr'><strong>praecipites,</strong></span> <span class='ocrx_word' id='word_1_692' title='bbox 1566 5003 1620 5050; x_wconf 91' lang='lat' dir='ltr'><strong>et</strong></span> <span class='ocrx_word' id='word_1_693' title='bbox 1665 5004 1921 5065; x_wconf 89' lang='lat' dir='ltr'><strong>tanquam</strong></span> 
     </span>
    </p>
   </div>
   <div class='ocr_carea' id='block_1_97' title="bbox 335 5081 1924 5156">
    <p class='ocr_par' dir='ltr' id='par_1_97' title="bbox 335 5081 1924 5156">
     <span class='ocr_line' id='line_1_97' title="bbox 335 5081 1924 5156; baseline 0.004 -20"><span class='ocrx_word' id='word_1_694' title='bbox 335 5081 582 5138; x_wconf 80' lang='lat' dir='ltr'><strong>furentes</strong></span> <span class='ocrx_word' id='word_1_695' title='bbox 606 5084 728 5153; x_wconf 90' lang='lat' dir='ltr'><strong>equi</strong></span> <span class='ocrx_word' id='word_1_696' title='bbox 755 5100 850 5153; x_wconf 81' lang='lat' dir='ltr'><strong>per</strong></span> <span class='ocrx_word' id='word_1_697' title='bbox 870 5086 1203 5155; x_wconf 88' lang='lat' dir='ltr'><strong>voluptatum</strong></span> <span class='ocrx_word' id='word_1_698' title='bbox 1239 5101 1459 5140; x_wconf 87' lang='lat' dir='ltr'><strong>suarum</strong></span> <span class='ocrx_word' id='word_1_699' title='bbox 1489 5101 1708 5156; x_wconf 88' lang='lat' dir='ltr'><strong>cautpos</strong></span> <span class='ocrx_word' id='word_1_700' title='bbox 1746 5087 1924 5143; x_wconf 53' lang='lat' dir='ltr'><strong>feran-</strong></span> 
     </span>
    </p>
   </div>
   <div class='ocr_carea' id='block_1_98' title="bbox 339 5170 1922 5246">
    <p class='ocr_par' dir='ltr' id='par_1_98' title="bbox 339 5170 1922 5246">
     <span class='ocr_line' id='line_1_98' title="bbox 339 5170 1922 5246; baseline 0.003 -18"><span class='ocrx_word' id='word_1_701' title='bbox 339 5181 426 5228; x_wconf 89' lang='lat' dir='ltr'><strong>tur</strong></span> <span class='ocrx_word' id='word_1_702' title='bbox 455 5170 710 5227; x_wconf 66' lang='lat' dir='ltr'><strong>eﬁ‘renes.</strong></span> <span class='ocrx_word' id='word_1_703' title='bbox 750 5173 816 5227; x_wconf 87' lang='lat' dir='ltr'><strong>Et</strong></span> <span class='ocrx_word' id='word_1_704' title='bbox 846 5174 975 5244; x_wconf 89' lang='lat' dir='ltr'><strong>quid</strong></span> <span class='ocrx_word' id='word_1_705' title='bbox 1005 5175 1148 5230; x_wconf 88' lang='lat' dir='ltr'><strong>aliud</strong></span> <span class='ocrx_word' id='word_1_706' title='bbox 1188 5175 1329 5229; x_wconf 88' lang='lat' dir='ltr'><strong>inter</strong></span> <span class='ocrx_word' id='word_1_707' title='bbox 1353 5175 1467 5230; x_wconf 67' lang='lat' dir='ltr'><strong>haec</strong></span> <span class='ocrx_word' id='word_1_708' title='bbox 1496 5183 1574 5229; x_wconf 90' lang='lat' dir='ltr'><strong>tot</strong></span> <span class='ocrx_word' id='word_1_709' title='bbox 1594 5175 1922 5246; x_wconf 74' lang='lat' dir='ltr'><strong>flagitiorum</strong></span> 
     </span>
    </p>
   </div>
   <div class='ocr_carea' id='block_1_99' title="bbox 339 5263 1928 5336">
    <p class='ocr_par' dir='ltr' id='par_1_99' title="bbox 339 5263 1928 5336">
     <span class='ocr_line' id='line_1_99' title="bbox 339 5263 1928 5336; baseline 0.004 -20"><span class='ocrx_word' id='word_1_710' title='bbox 339 5263 479 5317; x_wconf 87' lang='lat' dir='ltr'><strong>mala</strong></span> <span class='ocrx_word' id='word_1_711' title='bbox 530 5265 948 5334; x_wconf 90' lang='lat' dir='ltr'><strong>perpendimus,</strong></span> <span class='ocrx_word' id='word_1_712' title='bbox 989 5266 1092 5321; x_wconf 91' lang='lat' dir='ltr'><strong>nisi</strong></span> <span class='ocrx_word' id='word_1_713' title='bbox 1131 5266 1257 5336; x_wconf 91' lang='lat' dir='ltr'><strong>quia</strong></span> <span class='ocrx_word' id='word_1_714' title='bbox 1298 5275 1527 5321; x_wconf 89' lang='lat' dir='ltr'><strong>venturo</strong></span> <span class='ocrx_word' id='word_1_715' title='bbox 1575 5267 1737 5322; x_wconf 87' lang='lat' dir='ltr'><strong>citius</strong></span> <span class='ocrx_word' id='word_1_716' title='bbox 1775 5268 1928 5322; x_wconf 80' lang='lat' dir='ltr'><strong>Atili-</strong></span> 
     </span>
    </p>
   </div>
   <div class='ocr_carea' id='block_1_100' title="bbox 339 5355 1925 5428">
    <p class='ocr_par' dir='ltr' id='par_1_100' title="bbox 339 5355 1925 5428">
     <span class='ocr_line' id='line_1_100' title="bbox 339 5355 1925 5428; baseline 0.003 -18"><span class='ocrx_word' id='word_1_717' title='bbox 339 5357 547 5411; x_wconf 88' lang='lat' dir='ltr'><strong>christo</strong></span> <span class='ocrx_word' id='word_1_718' title='bbox 573 5357 658 5410; x_wconf 88' lang='lat' dir='ltr'><strong>via</strong></span> <span class='ocrx_word' id='word_1_719' title='bbox 699 5355 812 5424; x_wconf 79' lang='lat' dir='ltr'><strong>jam</strong></span> <span class='ocrx_word' id='word_1_720' title='bbox 853 5357 1136 5420; x_wconf 87' lang='lat' dir='ltr'><strong>sternitur,</strong></span> <span class='ocrx_word' id='word_1_721' title='bbox 1169 5372 1271 5427; x_wconf 88' lang='lat' dir='ltr'><strong>per</strong></span> <span class='ocrx_word' id='word_1_722' title='bbox 1309 5373 1470 5428; x_wconf 88' lang='lat' dir='ltr'><strong>quam</strong></span> <span class='ocrx_word' id='word_1_723' title='bbox 1517 5357 1792 5414; x_wconf 78' lang='lat' dir='ltr'><strong>inofl’ensis</strong></span> <span class='ocrx_word' id='word_1_724' title='bbox 1834 5375 1925 5415; x_wconf 86' lang='lat' dir='ltr'><strong>ne-</strong></span> 
     </span>
    </p>
   </div>
   <div class='ocr_carea' id='block_1_101' title="bbox 341 5449 1924 5522">
    <p class='ocr_par' dir='ltr' id='par_1_101' title="bbox 341 5449 1924 5522">
     <span class='ocr_line' id='line_1_101' title="bbox 341 5449 1924 5522; baseline 0.004 -22"><span class='ocrx_word' id='word_1_725' title='bbox 341 5449 524 5517; x_wconf 81' lang='lat' dir='ltr'><strong>quitiae</strong></span> <span class='ocrx_word' id='word_1_726' title='bbox 545 5463 660 5501; x_wconf 76' lang='lat' dir='ltr'><strong>sua:</strong></span> <span class='ocrx_word' id='word_1_727' title='bbox 685 5449 926 5519; x_wconf 88' lang='lat' dir='ltr'><strong>vestigiis</strong></span> <span class='ocrx_word' id='word_1_728' title='bbox 947 5449 1260 5520; x_wconf 85' lang='lat' dir='ltr'><strong>gradiatur?</strong></span> <span class='ocrx_word' id='word_1_729' title='bbox 1288 5449 1419 5505; x_wconf 86' lang='lat' dir='ltr'><strong>Nam</strong></span> <span class='ocrx_word' id='word_1_730' title='bbox 1457 5453 1596 5506; x_wconf 87' lang='lat' dir='ltr'><strong>sicut</strong></span> <span class='ocrx_word' id='word_1_731' title='bbox 1623 5450 1755 5506; x_wconf 93' lang='lat' dir='ltr'><strong>dicit</strong></span> <span class='ocrx_word' id='word_1_732' title='bbox 1778 5453 1924 5522; x_wconf 83' lang='lat' dir='ltr'><strong>Apo-</strong></span> 
     </span>
    </p>
   </div>
   <div class='ocr_carea' id='block_1_102' title="bbox 343 5538 1925 5612">
    <p class='ocr_par' dir='ltr' id='par_1_102' title="bbox 343 5538 1925 5612">
     <span class='ocr_line' id='line_1_102' title="bbox 343 5538 1925 5612; baseline 0.002 -19"><span class='ocrx_word' id='word_1_733' title='bbox 343 5538 512 5593; x_wconf 89' lang='lat' dir='ltr'><strong>stolus</strong></span> <span class='ocrx_word' id='word_1_734' title='bbox 554 5556 568 5591; x_wconf 88' lang='lat'><strong>:</strong></span> <span class='ocrx_word' id='word_1_735' title='bbox 621 5557 641 5590; x_wconf 80' lang='grc' dir='ltr'><strong>ι</strong></span> <span class='ocrx_word' id='word_1_736' title='bbox 678 5539 990 5610; x_wconf 80' lang='lat' dir='ltr'><strong>Mysterium</strong></span> <span class='ocrx_word' id='word_1_737' title='bbox 1034 5540 1146 5609; x_wconf 85' lang='lat' dir='ltr'><strong>jam</strong></span> <span class='ocrx_word' id='word_1_738' title='bbox 1197 5551 1449 5611; x_wconf 87' lang='lat' dir='ltr'><strong>operatur</strong></span> <span class='ocrx_word' id='word_1_739' title='bbox 1490 5542 1793 5612; x_wconf 88' lang='lat' dir='ltr'><strong>iniquitatis</strong></span> <span class='ocrx_word' id='word_1_740' title='bbox 1839 5541 1925 5612; x_wconf 89' lang='grc'><strong>(11</strong></span> 
     </span>
    </p>
   </div>
   <div class='ocr_carea' id='block_1_103' title="bbox 346 5627 1922 5701">
    <p class='ocr_par' dir='ltr' id='par_1_103' title="bbox 346 5627 1922 5701">
     <span class='ocr_line' id='line_1_103' title="bbox 346 5627 1922 5701; baseline 0.002 -21"><span class='ocrx_word' id='word_1_741' title='bbox 346 5627 527 5682; x_wconf 77' lang='lat' dir='ltr'><strong>Thess.</strong></span> <span class='ocrx_word' id='word_1_742' title='bbox 547 5631 636 5698; x_wconf 87' lang='grc' dir='ltr'>ιι).</span> <span class='ocrx_word' id='word_1_743' title='bbox 654 5649 672 5682; x_wconf 78' lang='grc' dir='ltr'><strong>ι</strong></span> <span class='ocrx_word' id='word_1_744' title='bbox 699 5630 925 5685; x_wconf 79' lang='lat' dir='ltr'><strong>Mundus</strong></span> <span class='ocrx_word' id='word_1_745' title='bbox 953 5632 1215 5701; x_wconf 91' lang='lat' dir='ltr'><strong>siquidem</strong></span> <span class='ocrx_word' id='word_1_746' title='bbox 1233 5632 1406 5688; x_wconf 90' lang='lat' dir='ltr'><strong>lucem</strong></span> <span class='ocrx_word' id='word_1_747' title='bbox 1430 5633 1669 5688; x_wconf 89' lang='lat' dir='ltr'><strong>tenebris</strong></span> <span class='ocrx_word' id='word_1_748' title='bbox 1734 5642 1922 5698; x_wconf 89' lang='lat' dir='ltr'><strong>mutat,</strong></span> 
     </span>
    </p>
   </div>
   <div class='ocr_carea' id='block_1_104' title="bbox 342 5719 1925 5794">
    <p class='ocr_par' dir='ltr' id='par_1_104' title="bbox 342 5719 1925 5794">
     <span class='ocr_line' id='line_1_104' title="bbox 342 5719 1925 5794; baseline 0.001 -20"><span class='ocrx_word' id='word_1_749' title='bbox 342 5734 463 5774; x_wconf 88' lang='lat' dir='ltr'><strong>cum</strong></span> <span class='ocrx_word' id='word_1_750' title='bbox 487 5719 607 5790; x_wconf 86' lang='lat' dir='ltr'><strong>ejus</strong></span> <span class='ocrx_word' id='word_1_751' title='bbox 637 5721 748 5791; x_wconf 86' lang='lat' dir='ltr'><strong>jam</strong></span> <span class='ocrx_word' id='word_1_752' title='bbox 785 5722 1047 5776; x_wconf 90' lang='lat' dir='ltr'><strong>terminus</strong></span> <span class='ocrx_word' id='word_1_753' title='bbox 1080 5722 1492 5794; x_wconf 87' lang='lat' dir='ltr'><strong>appropinquat.</strong></span> <span class='ocrx_word' id='word_1_754' title='bbox 1522 5723 1588 5778; x_wconf 82' lang='lat' dir='ltr'><strong>Et</strong></span> <span class='ocrx_word' id='word_1_755' title='bbox 1614 5722 1756 5778; x_wconf 90' lang='lat' dir='ltr'><strong>velut</strong></span> <span class='ocrx_word' id='word_1_756' title='bbox 1785 5722 1925 5777; x_wconf 92' lang='lat' dir='ltr'><strong>inter</strong></span> 
     </span>
    </p>
   </div>
   <div class='ocr_carea' id='block_1_105' title="bbox 669 5814 1277 5881">
    <p class='ocr_par' dir='ltr' id='par_1_105' title="bbox 669 5814 1277 5881">
     <span class='ocr_line' id='line_1_105' title="bbox 669 5814 1277 5881; baseline 0.01 -8"><span class='ocrx_word' id='word_1_757' title='bbox 669 5814 943 5874; x_wconf 75' lang='grc' dir='ltr'><strong>ΡΑτιιοι..</strong></span> <span class='ocrx_word' id='word_1_758' title='bbox 1001 5817 1277 5881; x_wconf 80' lang='lat' dir='ltr'><strong>CXLIV.</strong></span> 
     </span>
    </p>
   </div>
   <div class='ocr_carea' id='block_1_106' title="bbox 2025 4533 3601 4608">
    <p class='ocr_par' dir='ltr' id='par_1_106' title="bbox 2025 4533 3601 4608">
     <span class='ocr_line' id='line_1_106' title="bbox 2025 4533 3601 4608; baseline 0.002 -18"><span class='ocrx_word' id='word_1_759' title='bbox 2025 4533 2337 4599; x_wconf 85' lang='lat' dir='ltr'><strong>sustollunt,</strong></span> <span class='ocrx_word' id='word_1_760' title='bbox 2366 4535 2492 4588; x_wconf 89' lang='lat' dir='ltr'><strong>dum</strong></span> <span class='ocrx_word' id='word_1_761' title='bbox 2514 4536 2838 4590; x_wconf 72' lang='lat' dir='ltr'><strong>sacriﬁcium</strong></span> <span class='ocrx_word' id='word_1_762' title='bbox 2865 4535 2976 4591; x_wconf 91' lang='lat' dir='ltr'><strong>Deo</strong></span> <span class='ocrx_word' id='word_1_763' title='bbox 3003 4538 3323 4608; x_wconf 87' lang='lat' dir='ltr'><strong>semetipsos</strong></span> <span class='ocrx_word' id='word_1_764' title='bbox 3347 4537 3601 4605; x_wconf 69' lang='lat' dir='ltr'><strong>olet-unt,</strong></span> 
     </span>
    </p>
   </div>
   <div class='ocr_carea' id='block_1_107' title="bbox 2025 4624 3293 4696">
    <p class='ocr_par' dir='ltr' id='par_1_107' title="bbox 2025 4624 3293 4696">
     <span class='ocr_line' id='line_1_107' title="bbox 2025 4624 3293 4696; baseline 0.002 -16"><span class='ocrx_word' id='word_1_765' title='bbox 2025 4641 2058 4680; x_wconf 87' lang='lat' dir='ltr'><strong>a</strong></span> <span class='ocrx_word' id='word_1_766' title='bbox 2089 4633 2288 4680; x_wconf 74' lang='lat' dir='ltr'><strong>mutua:</strong></span> <span class='ocrx_word' id='word_1_767' title='bbox 2309 4624 2613 4681; x_wconf 90' lang='lat' dir='ltr'><strong>dilectionis</strong></span> <span class='ocrx_word' id='word_1_768' title='bbox 2642 4625 2848 4696; x_wconf 87' lang='lat' dir='ltr'><strong>glutino</strong></span> <span class='ocrx_word' id='word_1_769' title='bbox 2877 4641 2982 4681; x_wconf 89' lang='lat' dir='ltr'><strong>non</strong></span> <span class='ocrx_word' id='word_1_770' title='bbox 3015 4631 3293 4683; x_wconf 86' lang='lat' dir='ltr'><strong>recedunt.</strong></span> 
     </span>
    </p>
   </div>
   <div class='ocr_carea' id='block_1_108' title="bbox 2095 4715 3610 4788">
    <p class='ocr_par' dir='ltr' id='par_1_108' title="bbox 2095 4715 3610 4788">
     <span class='ocr_line' id='line_1_108' title="bbox 2095 4715 3610 4788; baseline 0.007 -19"><span class='ocrx_word' id='word_1_771' title='bbox 2095 4715 2204 4786; x_wconf 68' lang='lat'><strong>32</strong></span> <span class='ocrx_word' id='word_1_772' title='bbox 2229 4715 2352 4772; x_wconf 69' lang='lat' dir='ltr'><strong>Rrec</strong></span> <span class='ocrx_word' id='word_1_773' title='bbox 2365 4717 2504 4788; x_wconf 85' lang='lat' dir='ltr'><strong>apud</strong></span> <span class='ocrx_word' id='word_1_774' title='bbox 2522 4725 2592 4782; x_wconf 87' lang='lat' dir='ltr'><strong>te,</strong></span> <span class='ocrx_word' id='word_1_775' title='bbox 2609 4719 2932 4775; x_wconf 76' lang='lat' dir='ltr'><strong>venerabilis</strong></span> <span class='ocrx_word' id='word_1_776' title='bbox 2953 4719 3130 4786; x_wconf 90' lang='lat' dir='ltr'><strong>Pater,</strong></span> <span class='ocrx_word' id='word_1_777' title='bbox 3147 4721 3214 4776; x_wconf 92' lang='lat' dir='ltr'><strong>de</strong></span> <span class='ocrx_word' id='word_1_778' title='bbox 3227 4722 3408 4776; x_wconf 91' lang='lat' dir='ltr'><strong>mundi</strong></span> <span class='ocrx_word' id='word_1_779' title='bbox 3427 4722 3610 4779; x_wconf 73' lang='lat' dir='ltr'><strong>turea-</strong></span> 
     </span>
    </p>
   </div>
   <div class='ocr_carea' id='block_1_109' title="bbox 2027 4807 3612 4882">
    <p class='ocr_par' dir='ltr' id='par_1_109' title="bbox 2027 4807 3612 4882">
     <span class='ocr_line' id='line_1_109' title="bbox 2027 4807 3612 4882; baseline 0.004 -20"><span class='ocrx_word' id='word_1_780' title='bbox 2027 4807 2096 4862; x_wconf 90' lang='lat' dir='ltr'><strong>tis</strong></span> <span class='ocrx_word' id='word_1_781' title='bbox 2109 4807 2315 4862; x_wconf 88' lang='lat' dir='ltr'><strong>insania</strong></span> <span class='ocrx_word' id='word_1_782' title='bbox 2329 4823 2654 4878; x_wconf 88' lang='lat' dir='ltr'><strong>conqueror,</strong></span> <span class='ocrx_word' id='word_1_783' title='bbox 2669 4825 2829 4878; x_wconf 87' lang='lat' dir='ltr'><strong>quem</strong></span> <span class='ocrx_word' id='word_1_784' title='bbox 2850 4818 2904 4864; x_wconf 91' lang='lat' dir='ltr'><strong>et</strong></span> <span class='ocrx_word' id='word_1_785' title='bbox 2922 4809 3153 4866; x_wconf 86' lang='lat' dir='ltr'><strong>tolerare</strong></span> <span class='ocrx_word' id='word_1_786' title='bbox 3167 4810 3410 4882; x_wconf 89' lang='lat' dir='ltr'><strong>quotidie</strong></span> <span class='ocrx_word' id='word_1_787' title='bbox 3419 4821 3474 4867; x_wconf 87' lang='lat' dir='ltr'><strong>et</strong></span> <span class='ocrx_word' id='word_1_788' title='bbox 3493 4811 3612 4868; x_wconf 42' lang='lat' dir='ltr'><strong>odie</strong></span> 
     </span>
    </p>
   </div>
   <div class='ocr_carea' id='block_1_110' title="bbox 2027 4897 3606 4968">
    <p class='ocr_par' dir='ltr' id='par_1_110' title="bbox 2027 4897 3606 4968">
     <span class='ocr_line' id='line_1_110' title="bbox 2027 4897 3606 4968; baseline 0.003 -15"><span class='ocrx_word' id='word_1_789' title='bbox 2027 4897 2418 4968; x_wconf 88' lang='lat' dir='ltr'><strong>recompellor.</strong></span> <span class='ocrx_word' id='word_1_790' title='bbox 2453 4897 2562 4954; x_wconf 86' lang='lat' dir='ltr'><strong>Nec</strong></span> <span class='ocrx_word' id='word_1_791' title='bbox 2575 4902 3112 4956; x_wconf 85' lang='lat' dir='ltr'><strong>accusatorisvereor</strong></span> <span class='ocrx_word' id='word_1_792' title='bbox 3135 4910 3340 4967; x_wconf 86' lang='lat' dir='ltr'><strong>notam,</strong></span> <span class='ocrx_word' id='word_1_793' title='bbox 3373 4902 3497 4957; x_wconf 90' lang='lat' dir='ltr'><strong>dum</strong></span> <span class='ocrx_word' id='word_1_794' title='bbox 3530 4902 3606 4957; x_wconf 90' lang='lat' dir='ltr'><strong>illi</strong></span> 
     </span>
    </p>
   </div>
   <div class='ocr_carea' id='block_1_111' title="bbox 2024 4988 3604 5064">
    <p class='ocr_par' dir='ltr' id='par_1_111' title="bbox 2024 4988 3604 5064">
     <span class='ocr_line' id='line_1_111' title="bbox 2024 4988 3604 5064; baseline 0.001 -20"><span class='ocrx_word' id='word_1_795' title='bbox 2024 4988 2447 5058; x_wconf 89' lang='lat' dir='ltr'><strong>delinquentium</strong></span> <span class='ocrx_word' id='word_1_796' title='bbox 2474 5005 2686 5061; x_wconf 78' lang='lat' dir='ltr'><strong>expono</strong></span> <span class='ocrx_word' id='word_1_797' title='bbox 2711 4989 3095 5064; x_wconf 81' lang='lat' dir='ltr'><strong>ﬂagitium,qui</strong></span> <span class='ocrx_word' id='word_1_798' title='bbox 3112 4991 3414 5059; x_wconf 74' lang='lat' dir='ltr'><strong>corrigendi</strong></span> <span class='ocrx_word' id='word_1_799' title='bbox 3438 5005 3604 5061; x_wconf 80' lang='lat' dir='ltr'><strong>prava</strong></span> 
     </span>
    </p>
   </div>
   <div class='ocr_carea' id='block_1_112' title="bbox 2023 5080 3605 5152">
    <p class='ocr_par' dir='ltr' id='par_1_112' title="bbox 2023 5080 3605 5152">
     <span class='ocr_line' id='line_1_112' title="bbox 2023 5080 3605 5152; baseline 0.001 -18"><span class='ocrx_word' id='word_1_800' title='bbox 2023 5094 2138 5150; x_wconf 74' lang='lat' dir='ltr'><strong>pra:</strong></span> <span class='ocrx_word' id='word_1_801' title='bbox 2157 5081 2373 5136; x_wconf 69' lang='lat' dir='ltr'><strong>caeteris</strong></span> <span class='ocrx_word' id='word_1_802' title='bbox 2388 5080 2593 5136; x_wconf 91' lang='lat' dir='ltr'><strong>obtinet</strong></span> <span class='ocrx_word' id='word_1_803' title='bbox 2607 5081 2988 5152; x_wconf 84' lang='lat' dir='ltr'><strong>principatum.</strong></span> <span class='ocrx_word' id='word_1_804' title='bbox 3016 5081 3130 5135; x_wconf 82' lang='lat' dir='ltr'><strong>Non</strong></span> <span class='ocrx_word' id='word_1_805' title='bbox 3158 5081 3303 5136; x_wconf 88' lang='lat' dir='ltr'><strong>enim</strong></span> <span class='ocrx_word' id='word_1_806' title='bbox 3329 5081 3605 5136; x_wconf 73' lang='lat' dir='ltr'><strong>detractor</strong></span> 
     </span>
    </p>
   </div>
   <div class='ocr_carea' id='block_1_113' title="bbox 2027 5171 3602 5244">
    <p class='ocr_par' dir='ltr' id='par_1_113' title="bbox 2027 5171 3602 5244">
     <span class='ocr_line' id='line_1_113' title="bbox 2027 5171 3602 5244; baseline 0.003 -18"><span class='ocrx_word' id='word_1_807' title='bbox 2027 5171 2117 5226; x_wconf 90' lang='lat' dir='ltr'><strong>ille</strong></span> <span class='ocrx_word' id='word_1_808' title='bbox 2165 5172 2427 5228; x_wconf 87' lang='lat' dir='ltr'><strong>dicendus</strong></span> <span class='ocrx_word' id='word_1_809' title='bbox 2473 5181 2579 5236; x_wconf 87' lang='lat' dir='ltr'><strong>est,</strong></span> <span class='ocrx_word' id='word_1_810' title='bbox 2629 5173 2719 5240; x_wconf 89' lang='lat' dir='ltr'><strong>qui</strong></span> <span class='ocrx_word' id='word_1_811' title='bbox 2768 5173 2815 5227; x_wconf 86' lang='lat' dir='ltr'><strong>ei</strong></span> <span class='ocrx_word' id='word_1_812' title='bbox 2868 5180 3024 5227; x_wconf 90' lang='lat' dir='ltr'><strong>curat</strong></span> <span class='ocrx_word' id='word_1_813' title='bbox 3067 5173 3366 5226; x_wconf 89' lang='lat' dir='ltr'><strong>errantium</strong></span> <span class='ocrx_word' id='word_1_814' title='bbox 3418 5183 3602 5244; x_wconf 82' lang='lat' dir='ltr'><strong>reatus</strong></span> 
     </span>
    </p>
   </div>
   <div class='ocr_carea' id='block_1_114' title="bbox 2028 5263 3604 5334">
    <p class='ocr_par' dir='ltr' id='par_1_114' title="bbox 2028 5263 3604 5334">
     <span class='ocr_line' id='line_1_114' title="bbox 2028 5263 3604 5334; baseline 0.001 -18"><span class='ocrx_word' id='word_1_815' title='bbox 2028 5277 2319 5332; x_wconf 83' lang='lat' dir='ltr'><strong>exponere,</strong></span> <span class='ocrx_word' id='word_1_816' title='bbox 2345 5264 2436 5334; x_wconf 91' lang='lat' dir='ltr'><strong>qui</strong></span> <span class='ocrx_word' id='word_1_817' title='bbox 2464 5263 2603 5318; x_wconf 87' lang='lat' dir='ltr'><strong>valet</strong></span> <span class='ocrx_word' id='word_1_818' title='bbox 2631 5279 2715 5326; x_wconf 88' lang='lat' dir='ltr'><strong>ea,</strong></span> <span class='ocrx_word' id='word_1_819' title='bbox 2740 5277 2859 5331; x_wconf 75' lang='lat' dir='ltr'><strong>qua:</strong></span> <span class='ocrx_word' id='word_1_820' title='bbox 2887 5271 3088 5318; x_wconf 86' lang='lat' dir='ltr'><strong>temere</strong></span> <span class='ocrx_word' id='word_1_821' title='bbox 3111 5274 3430 5332; x_wconf 72' lang='lat' dir='ltr'><strong>praesumpta</strong></span> <span class='ocrx_word' id='word_1_822' title='bbox 3456 5274 3604 5328; x_wconf 87' lang='lat' dir='ltr'><strong>sunt,</strong></span> 
     </span>
    </p>
   </div>
   <div class='ocr_carea' id='block_1_115' title="bbox 2032 5352 3606 5426">
    <p class='ocr_par' dir='ltr' id='par_1_115' title="bbox 2032 5352 3606 5426">
     <span class='ocr_line' id='line_1_115' title="bbox 2032 5352 3606 5426; baseline 0.002 -20"><span class='ocrx_word' id='word_1_823' title='bbox 2032 5353 2342 5406; x_wconf 90' lang='lat' dir='ltr'><strong>emendare.</strong></span> <span class='ocrx_word' id='word_1_824' title='bbox 2387 5353 2509 5408; x_wconf 65' lang='lat' dir='ltr'><strong>Ilaec</strong></span> <span class='ocrx_word' id='word_1_825' title='bbox 2556 5369 2716 5423; x_wconf 90' lang='lat' dir='ltr'><strong>porro</strong></span> <span class='ocrx_word' id='word_1_826' title='bbox 2761 5353 2893 5407; x_wconf 70' lang='lat' dir='ltr'><strong>Elia:</strong></span> <span class='ocrx_word' id='word_1_827' title='bbox 2943 5353 3105 5407; x_wconf 80' lang='lat' dir='ltr'><strong>verba</strong></span> <span class='ocrx_word' id='word_1_828' title='bbox 3151 5361 3282 5407; x_wconf 86' lang='lat' dir='ltr'><strong>sunt</strong></span> <span class='ocrx_word' id='word_1_829' title='bbox 3323 5352 3441 5422; x_wconf 87' lang='lat' dir='ltr'><strong>(III</strong></span> <span class='ocrx_word' id='word_1_830' title='bbox 3470 5353 3606 5426; x_wconf 78' lang='lat' dir='ltr'><strong>Reg.</strong></span> 
     </span>
    </p>
   </div>
   <div class='ocr_carea' id='block_1_116' title="bbox 2033 5442 3609 5512">
    <p class='ocr_par' dir='ltr' id='par_1_116' title="bbox 2033 5442 3609 5512">
     <span class='ocr_line' id='line_1_116' title="bbox 2033 5442 3609 5512; baseline 0 -15"><span class='ocrx_word' id='word_1_831' title='bbox 2033 5445 2184 5511; x_wconf 83' lang='lat' dir='ltr'><strong>xix):</strong></span> <span class='ocrx_word' id='word_1_832' title='bbox 2220 5463 2238 5494; x_wconf 84' lang='grc' dir='ltr'><strong>ι</strong></span> <span class='ocrx_word' id='word_1_833' title='bbox 2276 5443 2476 5497; x_wconf 82' lang='lat' dir='ltr'><strong>Altaria</strong></span> <span class='ocrx_word' id='word_1_834' title='bbox 2508 5453 2618 5510; x_wconf 88' lang='lat' dir='ltr'><strong>tua,</strong></span> <span class='ocrx_word' id='word_1_835' title='bbox 2663 5444 2910 5505; x_wconf 85' lang='lat' dir='ltr'><strong>Domine,</strong></span> <span class='ocrx_word' id='word_1_836' title='bbox 2959 5442 3370 5505; x_wconf 85' lang='lat' dir='ltr'><strong>destruxerunt,</strong></span> <span class='ocrx_word' id='word_1_837' title='bbox 3400 5450 3455 5496; x_wconf 94' lang='lat' dir='ltr'><strong>et</strong></span> <span class='ocrx_word' id='word_1_838' title='bbox 3486 5459 3609 5512; x_wconf 78' lang='lat' dir='ltr'><strong>pro-</strong></span> 
     </span>
    </p>
   </div>
   <div class='ocr_carea' id='block_1_117' title="bbox 2030 5531 3606 5606">
    <p class='ocr_par' dir='ltr' id='par_1_117' title="bbox 2030 5531 3606 5606">
     <span class='ocr_line' id='line_1_117' title="bbox 2030 5531 3606 5606; baseline -0.002 -17"><span class='ocrx_word' id='word_1_839' title='bbox 2030 5536 2224 5606; x_wconf 87' lang='lat' dir='ltr'><strong>phetas</strong></span> <span class='ocrx_word' id='word_1_840' title='bbox 2250 5544 2369 5589; x_wconf 92' lang='lat' dir='ltr'><strong>tuos</strong></span> <span class='ocrx_word' id='word_1_841' title='bbox 2394 5535 2710 5590; x_wconf 88' lang='lat' dir='ltr'><strong>occiderunt</strong></span> <span class='ocrx_word' id='word_1_842' title='bbox 2758 5533 2956 5604; x_wconf 85' lang='lat' dir='ltr'><strong>gladio,</strong></span> <span class='ocrx_word' id='word_1_843' title='bbox 2985 5541 3040 5587; x_wconf 91' lang='lat' dir='ltr'><strong>et</strong></span> <span class='ocrx_word' id='word_1_844' title='bbox 3071 5531 3292 5586; x_wconf 91' lang='lat' dir='ltr'><strong>relictus</strong></span> <span class='ocrx_word' id='word_1_845' title='bbox 3335 5548 3455 5587; x_wconf 89' lang='lat' dir='ltr'><strong>sum</strong></span> <span class='ocrx_word' id='word_1_846' title='bbox 3506 5547 3606 5602; x_wconf 76' lang='lat' dir='ltr'><strong>ego</strong></span> 
     </span>
    </p>
   </div>
   <div class='ocr_carea' id='block_1_118' title="bbox 2033 5623 3606 5692">
    <p class='ocr_par' dir='ltr' id='par_1_118' title="bbox 2033 5623 3606 5692">
     <span class='ocr_line' id='line_1_118' title="bbox 2033 5623 3606 5692; baseline -0.004 -10"><span class='ocrx_word' id='word_1_847' title='bbox 2033 5626 2197 5682; x_wconf 88' lang='lat' dir='ltr'><strong>solus.</strong></span> <span class='ocrx_word' id='word_1_848' title='bbox 2239 5645 2258 5677; x_wconf 72' lang='grc' dir='ltr'><strong>ι</strong></span> <span class='ocrx_word' id='word_1_849' title='bbox 2309 5625 2406 5680; x_wconf 86' lang='lat' dir='ltr'><strong>Cui</strong></span> <span class='ocrx_word' id='word_1_850' title='bbox 2463 5626 2721 5679; x_wconf 75' lang='lat' dir='ltr'><strong>Duiiiinus</strong></span> <span class='ocrx_word' id='word_1_851' title='bbox 2768 5645 2780 5679; x_wconf 80' lang='lat'><strong>-.</strong></span> <span class='ocrx_word' id='word_1_852' title='bbox 2839 5641 2858 5676; x_wconf 79' lang='grc' dir='ltr'><strong>ι</strong></span> <span class='ocrx_word' id='word_1_853' title='bbox 2910 5623 3328 5692; x_wconf 88' lang='lat' dir='ltr'><strong>Dereliuquam,</strong></span> <span class='ocrx_word' id='word_1_854' title='bbox 3399 5623 3606 5692; x_wconf 85' lang='lat' dir='ltr'><strong>inquit,</strong></span> 
     </span>
    </p>
   </div>
   <div class='ocr_carea' id='block_1_119' title="bbox 2031 5714 3608 5789">
    <p class='ocr_par' dir='ltr' id='par_1_119' title="bbox 2031 5714 3608 5789">
     <span class='ocr_line' id='line_1_119' title="bbox 2031 5714 3608 5789; baseline -0.008 -13"><span class='ocrx_word' id='word_1_855' title='bbox 2031 5719 2162 5776; x_wconf 90' lang='lat' dir='ltr'><strong>mihi</strong></span> <span class='ocrx_word' id='word_1_856' title='bbox 2203 5726 2406 5789; x_wconf 89' lang='lat' dir='ltr'><strong>septem</strong></span> <span class='ocrx_word' id='word_1_857' title='bbox 2461 5715 2625 5772; x_wconf 88' lang='lat' dir='ltr'><strong>millia</strong></span> <span class='ocrx_word' id='word_1_858' title='bbox 2670 5717 2721 5771; x_wconf 91' lang='lat' dir='ltr'><strong>in</strong></span> <span class='ocrx_word' id='word_1_859' title='bbox 2759 5714 2952 5781; x_wconf 88' lang='lat' dir='ltr'><strong>Israel,</strong></span> <span class='ocrx_word' id='word_1_860' title='bbox 3003 5729 3231 5784; x_wconf 87' lang='lat' dir='ltr'><strong>quorum</strong></span> <span class='ocrx_word' id='word_1_861' title='bbox 3277 5729 3448 5782; x_wconf 84' lang='lat' dir='ltr'><strong>genua</strong></span> <span class='ocrx_word' id='word_1_862' title='bbox 3503 5727 3608 5765; x_wconf 85' lang='lat' dir='ltr'><strong>uc-n</strong></span> 
     </span>
    </p>
   </div>
   <div class='ocr_carea' id='block_1_120' title="bbox 3205 5805 3244 5866">
    <p class='ocr_par' dir='ltr' id='par_1_120' title="bbox 3205 5805 3244 5866">
     <span class='ocr_line' id='line_1_120' title="bbox 3205 5805 3244 5866; baseline 0 0"><span class='ocrx_word' id='word_1_863' title='bbox 3205 5805 3244 5866; x_wconf 92' lang='lat'><strong>8</strong></span> 
     </span>
    </p>
   </div>
  </div>
