4088 6198
365 148 415 200 ’ξ

461 274 569 328 235

992 272 995 283 ί
1031 275 1087 331 S.
1124 275 1321 332 PETRI
1362 278 1638 332 DAMIA‘NI
1670 278 1824 334 OI‘P.
1859 279 2037 334 PARS
2077 281 2207 336 SEU
2245 282 2479 339 TOMUS
2506 284 2544 339 Ι.
2578 316 2644 325 -—
2685 286 2904 342 EPIST.
2943 287 3071 343 LIB.
3118 288 3245 345 VIII.

3610 296 3771 353 256.

458 421 588 467 sum
610 420 831 466 curvata
854 420 978 466 ante
1007 412 1150 466 Baal.
1196 432 1212 463 ι
1246 413 1379 467 Cum
1405 428 1533 483 ergo
1562 412 1829 482 propheta
1859 411 2012 467 solun

2139 410 2243 449 non
2274 397 2525 451 mentior.
2559 396 2615 452 Si
2641 413 2738 467 pro
2761 399 2862 453 hac
2894 399 3075 469 itaque
3098 401 3324 470 epistola
3360 408 3495 459 mori
3523 408 3715 477 debeo,

459 517 519 556 se
576 502 913 556 remansisse
962 502 1128 565 dicat,
1188 502 1508 557 Dominuse
1554 502 1769 556 diverso
1825 510 2033 571 septem

460 595 625 649 millia
667 609 948 662 superesse
976 594 1325 663 respondeat;
1360 594 1505 648 Elias
1538 602 1719 648 tamen
1763 594 2032 648 mendacii

458 702 565 738 nou
624 685 890 753 arguitur,
938 684 1061 751 quia
1114 682 1214 736 zeli
1258 683 1494 737 caelestis
1544 683 1666 752 igne
1721 696 2033 746 succensus,

459 791 600 840 esse,
627 776 767 844 quod
791 774 1057 843 perhibet,
1089 774 1360 843 opinatur.
1393 772 1448 827 Si
1497 772 1642 826 Elias
1695 772 1876 841 itaque
1928 786 2032 825 non

456 865 718 934 peccavit,
748 863 872 932 quia
914 878 1019 916 non
1043 863 1186 926 odio,
1212 864 1302 916 sed
1335 862 1449 917 zelo
1476 861 1692 915 modum
1730 860 2034 915 accusatio-

456 956 542 1009 nis
570 954 839 1009 excessit:
882 969 1011 1007 num
1048 968 1147 1022 ego
1181 952 1349 1006 debeo
1387 951 1819 1021 prasumptionis
1859 949 2031 1019 argui,

455 1044 545 1113 qui
580 1059 748 1113 pauca
775 1044 841 1096 de
874 1042 1121 1111 plurimis
1145 1042 1193 1094 ei
1220 1041 1578 1110 potissimum,
1610 1041 1699 1109 qui
1733 1038 1822 1109 jus
1859 1042 2033 1095 corri-

454 1138 611 1208 gendi
638 1136 1012 1206 principaliter
1034 1135 1299 1204 possidet,
1323 1134 1602 1188 intimavi?
1638 1133 1813 1188 Meum
1848 1133 2032 1200 itaque

452 1227 554 1282 luit
585 1228 756 1281 sacris
782 1227 1002 1280 auribus
1031 1226 1147 1279 haec
1187 1233 1462 1292 utcunque
1496 1237 1824 1294 suggerere;
1881 1231 2029 1275 tuum

450 1328 555 1384 est,
582 1329 743 1389 prout
772 1317 1000 1373 facultas
1031 1316 1294 1380 attulerit,
1333 1330 1605 1370 coercere.
1660 1313 2027 1382 Satagendum

453 1420 536 1463 est
567 1409 754 1476 igitur,
787 1416 841 1462 et
864 1407 1128 1461 instanter
1148 1404 1559 1467 elaborandum,
1581 1412 1640 1456 ut
1669 1403 1722 1457 in
1750 1403 2028 1457 trrmendo

451 1500 647 1554 summi
680 1498 912 1569 pastoris
951 1497 1217 1559 examine,
1252 1495 1335 1549 vel
1382 1510 1504 1548 cum
1564 1493 1681 1548 Elia
1723 1502 1778 1548 te
1808 1494 2027 1547 intimus

451 1589 550 1643 zeli
581 1588 763 1643 fervor
787 1600 1038 1652 excuset,
1072 1586 1155 1641 vel
1190 1601 1312 1639 cum
1340 1583 1521 1649 Petro,
1549 1583 1691 1653 quod
1738 1582 2026 1653 gloriosius

448 1689 552 1741 est,
579 1677 860 1746 multiplex
888 1676 1162 1731 commissi
1188 1674 1367 1746 gregis
1414 1673 1620 1729 fructus
1647 1682 1891 1727 exornet.
1923 1672 2020 1736 Ne,

2132 487 2301 541 tendo
2344 488 2610 542 cervicem
2640 529 2655 551 ,
2703 489 2995 558 imprimite
3041 493 3348 561 pugionem.
3395 495 3472 551 De
3518 512 3716 557 cetero

2138 584 2384 630 sanctum
2423 576 2678 631 Satanam
2713 594 2890 633 meum
2923 582 3198 636 humiliter
3230 584 3458 640 obsecro
3488 590 3625 659 (79),
3657 601 3714 645 ut

2137 682 2243 721 non
2290 669 2574 721 adversum
2605 685 2691 722 me
2722 679 3001 738 tantOpere
3042 674 3248 739 szeviat,
3276 690 3379 731 nec
3406 678 3524 748 ejus
3548 697 3713 736 vene-

2139 756 2306 809 randa
2335 758 2584 826 superbia
2638 768 2746 812 tam
2794 759 2966 829 longis
3010 776 3097 816 me
3130 765 3446 822 verberibus
3477 779 3714 837 atterat;

2135 847 2228 899 sed
2252 845 2474 916 jamjatn
2501 849 2644 902 circa
2682 864 2897 904 servum
2919 868 3076 907 suum
3102 856 3184 909 vel
3215 858 3408 911 satiata
3442 861 3713 917 mitescat.

2135 935 2390 991 Liventes
2438 935 2650 1007 quippe
2677 940 2912 1010 scapulae
2950 940 3063 1009 jam
3120 943 3399 1009 deficiunt,
3422 956 3475 1001 et
3503 948 3711 1003 sulcata

2138 1036 2214 1083 tot
2263 1028 2453 1099 plagis,
2489 1039 2674 1099 totque
2708 1040 2855 1102 terga
2902 1033 3167 1089 vibicibus
3222 1040 3573 1094 tumescentia
3605 1057 3711 1095 non

2133 1119 2453 1175 subsistunt.
2492 1119 2641 1175 Unde
2676 1123 2758 1183 vir
2806 1125 3025 1193 sapiens
3073 1143 3086 1177 :
3135 1144 3153 1176 ι
3190 1125 3447 1197 Flagelli,
3506 1130 3710 1200 inquit,

2131 1209 2284 1280 plaga
2341 1210 2565 1265 livorem
2612 1212 2763 1277 facit,
2813 1214 2967 1285 plaga
3022 1226 3201 1272 autem
3255 1218 3450 1290 lingua:
3488 1226 3715 1278 commi-

2132 1304 2250 1357 nuit
2277 1317 2399 1357 ossa
2448 1304 2638 1373 (Eccli.
2694 1309 2909 1376 xxvtu).
2944 1328 2962 1360 ι
2991 1309 3104 1380 Age
3147 1310 3329 1379 igitur,
3363 1322 3577 1383 tempus
3624 1325 3712 1371 est

2131 1392 2299 1458 enim,
2324 1402 2375 1446 ut
2401 1408 2500 1465 ego
2515 1393 2694 1462 jam...
2720 1396 2857 1468 (80).
2875 1397 2979 1454 Sed
3003 1401 3177 1456 adhuc
3189 1403 3437 1472 spiritum
3453 1408 3707 1477 reprimo,

2130 1483 2290 1539 labiis
2347 1486 2574 1557 digitum
2628 1504 2935 1560 superpono
2963 1510 2975 1545 :
3008 1502 3063 1547 et
3111 1493 3238 1548 licet
3291 1511 3490 1561 seram,
3529 1509 3710 1553 tamen

2128 1575 2304 1631 adhuc
2331 1577 2758 1634 misericordiam
2784 1597 2989 1651 quaero.
3023 1583 3174 1650 Quod
3200 1594 3380 1640 autem
3410 1603 3494 1642 me
3522 1590 3587 1642 ad
3614 1604 3712 1644 vos

2127 1668 2356 1723 Romam
2391 1672 2598 1735 venire,
2631 1672 2825 1727 deinde
2853 1675 3129 1730 vobiscum
3164 1677 3244 1732 ire
3275 1677 3547 1732 Mantuam
3574 1696 3712 1749 pra:—

447 1784 647 1839 quaeso,
673 1769 964 1833 miremini,
987 1768 1032 1823 si
1060 1777 1214 1822 tenor
1239 1765 1396 1833 hujus
1419 1764 1658 1832 epistohe
1679 1762 1818 1834 stylo
1842 1771 2027 1818 currat
2058 1749 2100 1808 Β
2129 1758 2349 1826 cepistis
2367 1798 2381 1823 ,
2412 1760 2696 1830 utriusque
2726 1762 2857 1817 mihi
2882 1762 3035 1819 labor
3060 1766 3273 1821 itineris
3295 1767 3450 1821 valde
3475 1767 3709 1824 difﬁcilis

447 1859 675 1925 inculto,
705 1860 829 1928 quia
871 1860 996 1913 dum
1034 1874 1227 1912 manus
1263 1856 1327 1911 ad
1344 1855 1630 1925 jaciemlos
1674 1856 1858 1925 apices
1902 1871 2021 1925 pro-

446 1958 621 2018 perat,
669 1950 797 2004 hinc
840 1948 1129 2013 Cadalous,
1182 1947 1344 2001 draco
1391 1946 1643 2001 videlicet
1697 1944 2023 2009 teterrimos,

445 2038 642 2098 sulllat.
681 2038 825 2092 illinc
848 2038 1113 2109 virulenta
1145 2036 1477 2105 serpentium
1509 2043 1689 2087 turma
1722 2034 1789 2088 de
1831 2047 2025 2088 caver-

446 2130 526 2183 nis
560 2128 676 2182 suis
700 2143 922 2198 egressa
968 2127 1281 2181 eonsibilat.
1328 2126 1493 2193 Quos,
1526 2124 1651 2194 quia
1688 2139 1795 2178 non
1830 2138 2023 2193 possu-

443 2234 564 2271 mus
612 2216 1079 2271 incantationibus
1127 2215 1399 2283 frangere,
1460 2228 1719 2283 paramus
1769 2227 2024 2282 squamea

442 2309 581 2363 colla
609 2309 803 2378 gladiis
826 2308 1172 2362 obtruncare.
1198 2306 1305 2361 Sed
1334 2307 1458 2375 quia
1489 2306 1727 2376 synodus
1749 2304 2019 2371 imminet,

439 2401 717 2469 pedestres
736 2400 898 2453 etiam
923 2398 1217 2452 versiculos
1247 2398 1450 2452 solido:

509 2490 666 2547 Sedis
687 2490 995 2559 apostolica:
1018 2491 1109 2559 qui
1134 2489 1249 2543 vult
1280 2489 1514 2543 retinuere
1535 2488 1802 2559 vigorem,

580 2584 758 2655 IEqua
776 2584 937 2639 libret
955 2584 1136 2655 rigida:
1161 2583 1398 2654 pondera
1416 2582 1662 2651 justitiae.

507 2677 653 2731 Juris
683 2676 827 2730 enim
861 2674 1059 2745 pariles
1086 2674 1258 2728 nescit
1285 2674 1614 2743 suspendere
1637 2672 1840 2736 lances.

576 2770 747 2834 Quem
782 2767 933 2820 favor
962 2764 1207 2829 inﬂectit,
1246 2780 1369 2833 spes
1401 2765 1484 2818 vcl
1509 2780 1669 2818 avara
1711 2764 1900 2821 trahit.

502 2856 814 2911 Muneribus
844 2855 1013 2924 plenae
1041 2854 1124 2908 cui
1157 2854 1345 2907 laxant
1369 2868 1465 2908 ora
1496 2868 1790 2919 crumena},

572 2945 786 3000 Justitia
813 2959 1037 2999 vacuam
1066 2943 1240 3011 perdit
1264 2943 1416 3013 inops
1445 2943 1702 2997 animam.

497 3039 629 3096 (Ζωιὶ
664 3038 831 3093 Roma
856 3052 1005 3092 seras
1028 3046 1196 3099 tenet,
1230 3045 1285 3091 et
1309 3036 1448 3107 regit
1472 3036 1622 3090 orbis
1660 3036 1933 3092 habenas:

575 3131 689 3197 llis,
718 3129 762 3184 si
787 3129 939 3199 plura
968 3127 1111 3191 velit,
1138 3136 1341 3181 tartara
1373 3126 1485 3182 sola
1516 3127 1669 3197 petit.

964 3216 1296 3273 EPISTOLA
1333 3216 1472 3271 XVI.

434 3329 504 3368 Δί)
557 3326 775 3367 ΕυΜϋι-Ζὶι
827 3323 1185 3364 Αιειλθωιιυιι
1232 3323 1291 3369 Il,
1351 3322 1602 3363 ROMANUI
1650 3324 2004 3376 PONTIFICIII,

499 3399 570 3437 ET
598 3394 1007 3435 BILDEBRANDUII
1058 3394 1104 3432 S.
1153 3394 1206 3432 Β.
1252 3392 1305 3431 Ε.
1353 3394 1691 3434 (ῖΑιιυιΝΑιειι
1730 3395 2011 3436 ARCHIDM-

497 3467 695 3508 CONUM.

424 3548 825 3613 Aacuuesruu.
864 3571 937 3581 —
964 3540 1345 3613 Reprehensos
1390 3543 1458 3596 ab
1487 3541 1797 3598 Alexandro
1828 3544 2005 3613 ponti-

497 3617 618 3679 lice,
644 3625 697 3669 et
729 3612 1097 3667 llildehrando
1123 3612 1520 3683 archidiacono,
1550 3613 1693 3683 quod
1717 3613 2002 3682 epistolam

490 3687 787 3755 quamdam
820 3683 1139 3755 scripsisset
1169 3681 1779 3755 Coloniensiantistiti,
1818 3698 2003 3738 exeru-

495 3751 612 3825 plar
646 3754 788 3825 illius
811 3752 1052 3825 epistola:
1076 3751 1141 3825 ad
1168 3753 1385 3825 eosdem
1416 3752 1598 3825 mittit.
1629 3753 1853 3818 Deinde,
1876 3755 2004 3823 quia

494 3821 714 3895 rogatus
738 3823 1040 3895 fucra_t_ab
1079 3822 1291 3886 iisdem,
1345 3821 1708 3895 ut_Romam,
1763 3832 1819 3895 et
1872 3821 2003 3895 inde

492 3891 788 3954 Mantuam,
858 3891 947 3945 ubi
991 3901 1289 3961 conventus
1353 3892 1727 3961 episcoporum
1799 3894 2004 3947 haben-

490 3966 592 4041 dus
608 3973 746 4026 erat,
766 3978 946 4016 secum
970 3959 1434 4041 proficisceretur:
1464 3959 1763 4014 Romanum
1783 3962 1999 4041 quidem

490 4036 615 4097 iter,
635 4044 887 4102 tanquam
918 4031 1091 4102 minus
1115 4031 1497 4102 necessarium,
1520 4039 1588 4102 et
1608 4046 1718 4085 sua:
1739 4033 1999 4087 senectuti

493 4105 658 4160 nimis
691 4098 1085 4156 incommodum
1128 4098 1487 4169 deprecatur;
1519 4099 1824 4156 Mantuanae
1873 4117 2000 4157 vero

529 4172 842 4227 refectionis
861 4170 1126 4231 laborem.
1151 4171 1293 4239 quod
1322 4185 1352 4223 e
1392 4186 1449 4224 re
1470 4171 1788 4225 Christianae
1821 4172 1998 4239 reipu-

529 4189 842 4227 rorecuoms
861 4189 1126 4231 iaoorem,
1151 4189 1293 4239 quou
1322 4189 1352 4223 e
1392 4189 1449 4224 re
1470 4189 1788 4225 unrisuance
1821 4189 1895 4224 rei
1940 4189 1996 4224 u-

478 4189 644 4297 ﬁlica:
671 4241 776 4312 33
797 4255 915 4312 esse
937 4240 1236 4304 videretur,
1260 4240 1479 4294 omnino
1501 4255 1619 4312 non
1631 4250 1862 4295 recusat.
1889 4189 1996 4295 ἕω

489 4326 660 4381 usque
680 4308 764 4365 'ad
791 4310 1079 4363 adventqu
1118 4311 1422 4381 utriusque,
1456 4310 1547 4379 qui
1572 4308 1847 4364 Mantuam
1873 4311 1997 4364 illac

485 4379 772 4437 transituri
796 4386 985 4445 erant,
1009 4388 1173 4433 tanta:
1202 4380 1280 4433 rei
1314 4379 1759 4435 deliberationem
1795 4382 1989 4450 rejicit.
2029 4402 2033 4450 ρ

2126 1848 2273 1902 visus
2312 1857 2417 1913 est,
2450 1859 2504 1905 et
2538 1866 2673 1905 mea:
2712 1854 2999 1913 senectuti.
3035 1855 3258 1908 nimium
3303 1858 3499 1925 gravis.
3551 1856 3707 1912 Unde

2126 1937 2353 1992 Romam
2375 1941 2583 2005 venire,
2613 1942 2757 2011 quod
2781 1944 2936 1999 vobis
2970 1946 3150 2000 minus
3181 1949 3479 2014 prodesset,
3504 1949 3663 2003 omisi
3686 1966 3701 2002 :

2124 2030 2520 2100 expeditionem
2570 2047 2698 2089 vero
2744 2034 3019 2089 Mantuani
3070 2036 3283 2091 itineris
3338 2039 3510 2107 magis
3549 2038 3706 2093 vobis

2124 2120 2488 2175 necessariam
2529 2121 2785 2191 judicavi.
2836 2122 2941 2178 Sed
2975 2125 3026 2177 in
3060 2125 3380 2179 destinando
3411 2127 3542 2180 mihi
3571 2142 3701 2180 san-

2123 2220 2223 2264 ctae
2278 2220 2471 2266 vestra:
2514 2211 2795 2283 legationis
2843 2215 3088 2279 oraculo,
3133 2217 3267 2271 satis
3306 2226 3530 2286 uterque
3560 2216 3704 2271 inter

2121 2317 2218 2356 vos
2256 2301 2597 2372 inthualiter
2642 2303 2929 2359 divisistis.
2976 2304 3264 2372 Nimirum,
3304 2315 3362 2361 ut
3392 2323 3529 2361 unus
3568 2308 3699 2361 mihi

2120 2393 2370 2447 videatur
2398 2393 2607 2461 paterni
2652 2392 2855 2450 favoris
2896 2395 3212 2452 ali‘abilitate
3240 2398 3533 2463 blanditus,
3562 2399 3701 2454 alter

2121 2480 2409 2539 hastilibus
2428 2482 2621 2555 iurgiis
2652 2486 2971 2542 terribiliter
3022 2490 3405 2544 comminatus.
3439 2489 3588 2545 Unus
3609 2505 3700 2545 ve-

2020 2608 2023 2609 ν
2118 2585 2289 2631 strum
2322 2591 2407 2630 me
2448 2585 2702 2646 tanquam
2752 2578 2830 2633 sol
2878 2594 3105 2635 corusco
3155 2580 3347 2635 fervidi
3388 2581 3698 2650 splendoris

2117 2665 2366 2730 irradiat,
2394 2666 2533 2723 alter
2565 2668 2710 2721 velut
2736 2669 2921 2725 furens
2953 2671 3149 2738 Aquilo
3182 2672 3431 2727 violentis
3462 2674 3698 2743 impetus

2116 2757 2200 2813 sui
2246 2757 2428 2814 llahris
2480 2762 2725 2817 exsulllat
2793 2762 2948 2818 Unde
3004 2765 3133 2819 illud
3164 2768 3228 2819 ad
3261 2777 3498 2821 mentem
3529 2767 3691 2831 redit,

2113 2849 2258 2918 quod
2308 2848 2543 2905 refertur
2589 2852 2643 2906 in
2699 2851 2915 2909 fabulis.
2965 2855 3171 2909 Dicitur
3208 2856 3374 2919 enim,
3404 2856 3532 2924 quia
3564 2855 3694 2909 dum

2114 2938 2335 3006 quidam
2384 2941 2607 2996 indutus
2654 2942 2939 3013 chlamyde
2984 2945 3159 2999 viator
3196 2945 3491 3013 incederet,
3523 2945 3694 3000 Solet

2113 3028 2290 3084 Eurus
2309 3044 2431 3084 eum
2460 3031 2616 3100 quasi
2663 3034 2950 3088 materiam
3002 3036 3105 3090 sibi
3140 3050 3470 3105 proposuere
3505 3048 3685 3091 certa-

2111 3118 2295 3185 minis,
2323 3119 2445 3189 quis
2465 3120 2716 3177 videlicet
2733 3138 2766 3179 e
2782 3121 2992 3181 duobus
3003 3122 3402 3196 cichlamydcm
3428 3125 3693 3195 potuisset

2112 3208 2346 3264 auferre.
2376 3210 2489 3266 Hoc
2514 3212 2699 3282 itaque
2736 3213 2882 3268 inter
2915 3229 3010 3270 eos
3057 3213 3263 3270 foedere
3285 3216 3603 3279 constituto,
3631 3224 3691 3269 ut

2111 3313 2235 3356 eum
2273 3301 2363 3369 qui
2394 3301 2564 3356 victor
2591 3303 2871 3370 existeret,
2910 3305 3091 3359 virens
3141 3305 3321 3358 laurea
3376 3316 3688 3371 coronaret,

2108 3390 2275 3459 cmpit
2300 3390 2474 3446 Eurus
2514 3392 2781 3448 violenter
2806 3394 3118 3459 infremere,
3160 3397 3380 3450 nubium
3415 3396 3688 3449 volumina

2108 3494 2482 3547 commovere;
2506 3497 2537 3537 e
2564 3492 2777 3550 contra,
2829 3485 3001 3538 viator
3029 3484 3363 3556 chlamydem
3397 3487 3685 3554 stringere,

2107 3582 2360 3639 seseque,
2427 3585 2495 3626 ne
2548 3582 2752 3628 vestem
2798 3575 3072 3643 perderet,
3110 3575 3346 3643 undique
3409 3576 3685 3644 constipa-

2106 3675 2187 3716 re.
2212 3660 2457 3732 Cumque
2486 3663 2781 3733 discipulus
2820 3664 2961 3719 ιιΕοιὶ
2992 3680 3145 3719 casso
3191 3665 3377 3720 labore
3405 3665 3685 3729 deﬁceret,

2106 3766 2336 3821 seseque
2352 3762 2587 3822 ceptum
2611 3768 2772 3823 posse
2791 3754 3054 3824 perficere
3080 3753 3326 3808 funditus
3344 3755 3682 3824 desperaret,

2105 3841 2249 3897 illico
2280 3842 2371 3897 Sol
2400 3858 2564 3897 aurea
2595 3846 2758 3914 erepit
2781 3861 2875 3899 ora
2901 3846 3179 3915 detegere,
3221 3846 3546 3900 micantibus
3580 3854 3685 3900 ter-

2101 3947 2217 3986 ram
2246 3932 2547 3989 fervoribus
2591 3935 2877 3991 illustrare.
2910 3935 3031 3990 Mox
3056 3936 3233 3992 viator
3259 3953 3379 3991 cum
3399 3935 3513 4004 jam
3538 3938 3684 3991 testi-

2105 4024 2207 4079 bus
2230 4026 2382 4080 uimii
2436 4025 2666 4082 fervoris
2696 4040 2987 4094 arcsceret,
3036 4031 3277 4099 ubcrque
3305 4031 3469 4084 sudor
3490 4030 3680 4084 hume-

2099 4114 2258 4169 factis
2309 4117 2608 4173 visceribus
2656 4119 2929 4185 ebulliret,
2980 4120 3589 4192 projecitchlamydem,
3620 4128 3682 4174 ut

2100 4206 2251 4260 nimii
2283 4209 2549 4263 eaumatis
2595 4218 2921 4278 temperaret
2952 4209 3225 4265 ardorem.
3275 4210 3365 4265 Ille
3394 4226 3524 4280 ergo
3549 4225 3682 4263 con-

2099 4296 2227 4351 dicti
2291 4299 2606 4354 certaminis
2662 4302 2962 4370 promeruit
3014 4301 3248 4372 palmam
3279 4341 3292 4365 ,
3337 4301 3429 4370 qui
3486 4301 3681 4354 leniter

2098 4389 2227 4460 egit,
2280 4404 2385 4443 non
2433 4389 2543 4462 34
2584 4393 2677 4461 qui
2716 4393 2932 4448 vincere
2978 4393 3228 4457 furendo,
3282 4404 3337 4448 et
3367 4392 3675 4448 violentiam

478 4472 635 4528 Patri
652 4480 718 4526 .et
744 4470 853 4526 lilio
875 4484 1027 4539 papae
1055 4478 1110 4525 et
1128 4469 1533 4535 archidiacono,
1563 4468 1781 4526 Penus
1801 4448 1994 4539 pecca-
2025 4448 2073 4508 Ι)
2100 4448 2388 4551 ίιξοοέεηιιο
2412 4448 2657 4539 laxavi}.

416 4572 504 4620 tor
528 4561 825 4618 monachus
857 4559 1193 4615 servitutem.

476 4651 800 4723 .Epistolam,
831 4650 897 4705 de
917 4665 1022 4718 qua
1054 4664 1140 4704 me
1172 4649 1577 4720 insuggillastis,
1599 4649 1667 4704 ad
1689 4665 1784 4705 ros
1814 4658 1988 4716 mitto,

412 4754 473 4800 ut
496 4743 745 4807 videatis,
770 4750 826 4797 et
870 4741 999 4810 quid
1038 4739 1101 4794 in
1135 4755 1200 4794 ea
1236 4741 1523 4794 adversum
1574 4756 1671 4796 vos
1691 4741 1893 4811 egerim
1920 4740 1989 4795 li-

410 4838 575 4908 quido
628 4834 1012 4904 comprobetis.
1043 4832 1196 4899 Quod
1255 4833 1299 4886 si
1340 4833 1500 4885 aliam
1538 4833 1597 4885 in
1645 4832 1764 4887 illas
1803 4841 1987 4901 partes

407 4926 690 4998 epistolam
744 4925 888 4989 misi,
921 4923 1005 4977 vel
1054 4925 1105 4977 iu
1159 4925 1261 4977 hac
1302 4924 1417 4993 ipsa
1469 4924 1672 4992 aliquid
1721 4938 1890 4993 usque
1917 4923 1985 4977 ad

410 5033 569 5071 unam
621 5017 878 5078 litteram,
908 5016 996 5068 ine
1027 5015 1255 5077 sciente,
1292 5023 1508 5067 auctum
1547 5022 1653 5080 est,
1700 5013 1783 5067 vel
1813 5013 1987 5066 itumi-

407 5116 622 5169 nutum,
659 5115 753 5159 aut
780 5105 961 5174 aliquo
1013 5104 1170 5159 uredo
1206 5112 1651 5168 trausmutatum,
1699 5114 1755 5157 et
1785 5105 1984 5159 nonad

407 5213 503 5252 vos
524 5208 608 5253 est
654 5200 974 5268 simpliciter
1001 5200 1188 5265 missa,
1230 5198 1373 5254 sicut
1419 5207 1546 5254 tunc
1572 5197 1790 5253 domino
1819 5196 1980 5253 Colo-

405 5289 582 5343 niensi
620 5290 859 5359 pontifici
910 5302 996 5346 est
1018 5292 1246 5358 directa,
1273 5290 1514 5344 Naaman
1540 5288 1662 5360 Syri
1714 5305 1800 5345 me
1828 5288 1976 5359 lepra

404 5375 511 5446 (IV
556 5378 679 5449 Reg.
712 5382 762 5449 v)
812 5381 1118 5450 perfundat,
1168 5382 1251 5437 vel
1299 5380 1523 5450 Barjesu
1578 5381 1793 5435 caecitas
1838 5380 1976 5449 (Art.

404 5468 524 5536 xm)
568 5467 755 5522 oculos
799 5485 932 5523 mea:
979 5470 1172 5525 frontis
1201 5472 1454 5525 obducat.
1487 5468 1671 5533 Jesum
1714 5477 1905 5533 testor,
1926 5476 1983 5522 et

401 5568 623 5614 sanctos
661 5558 879 5619 angelos
913 5558 1049 5626 ejus,
1083 5561 1207 5618 uuia
1253 5562 1306 5614 in
1336 5562 1437 5614 hac
1467 5576 1567 5630 ego
1609 5559 1980 5614 satisfactione

466 5694 585 5763 1179)
620 5694 1038 5752 lliltlebraudum
1069 5695 1127 5750 S.
1161 5695 1226 5748 R.
1264 5696 1322 5748 E.
1350 5696 1501 5748 arch.
1526 5693 1793 5762 intelligit.

2169 4571 2291 4627 Sed
2330 4582 2394 4628 ut
2431 4589 2462 4628 e
2504 4573 2804 4645 Scripturis
2856 4577 3026 4631 sacris
3057 4576 3337 4632 honestius
3365 4576 3677 4646 proferatur

2095 4660 2398 4730 exemplum
2426 4679 2439 4716 :
2469 4664 2512 4717 si
2539 4662 2776 4719 Roboam
2808 4679 2996 4719 senum
3027 4666 3268 4720 consiliis
3294 4667 3673 4734 acquiesccns,

2094 4752 2291 4821 populo
2334 4754 2484 4807 milia
2531 4756 2915 4824 respondisset,
2973 4767 3143 4812 totum
3191 4758 3351 4812 Israel
3412 4758 3491 4811 sui
3534 4756 3675 4827 juris

2095 4840 2327 4909 imperio
2376 4843 2739 4897 subdidisset:
2768 4846 2861 4899 sed
2909 4846 3033 4914 quia
3090 4861 3393 4901 ceterorum
3452 4860 3670 4897 suorum

2092 4931 2355 4999 superbia:
2375 4932 2623 4997 credidit,
2648 4934 2833 4989 divisis
2856 4950 2888 4989 a
2912 4951 2970 4990 se
2994 4937 3177 4991 decem
3212 4935 3473 5001 tribubus,
3501 4932 3668 4987 subli-

2090 5035 2231 5072 mem
2272 5021 2421 5090 regni
2454 5022 2751 5090 potentiam
2800 5024 3055 5079 humilem
3098 5024 3230 5080 fecit
3260 5021 3379 5096 (Ill
3390 5024 3516 5095 Reg.
3552 5040 3665 5087 xu;

2090 5109 2153 5164 11
2179 5111 2365 5164 Paral.
2416 5113 2493 5181 χ).
2528 5111 2861 5169 Rhinoceros
2900 5116 3088 5181 etiam,
3137 5116 3227 5186 qui
3275 5116 3457 5171 rabida
3486 5131 3642 5185 p-rse

2086 5201 2365 5271 quentium
2412 5216 2604 5256 caumu
2634 5219 2729 5260 ora
2760 5206 3040 5261 celerrima
3082 5208 3398 5275 pernicitate
3423 5217 3669 5262 conteru-

2089 5293 2189 5353 nit,
2212 5292 2328 5361 capi
2368 5307 2426 5347 se
2479 5295 2685 5362 gremio
2736 5295 2942 5353 blanda:
2987 5298 3213 5369 virginis
3265 5314 3370 5352 non
3398 5299 3664 5368 pavescit.

2089 5382 2193 5437 Sed
2215 5383 2306 5451 qui
2330 5392 2542 5449 cuncta,
2574 5400 2694 5454 qua:
2720 5396 2894 5441 vestra
2937 5398 3081 5451 sunt,
3119 5388 3346 5451 reddidi,
3369 5403 3467 5442 cur
3490 5387 3668 5441 adhuc

2086 5475 2515 5541 persecutionem
2573 5477 2783 5545 patior?
2820 5476 3144 5534 Naturarum
3196 5489 3345 5533 certe
3375 5476 3666 5548 perhibent

2086 5564 2373 5619 rimatores
2400 5564 2573 5635 (Pus.
2606 5566 2700 5621 lib.
2731 5584 2827 5634 xu,
2860 5584 2978 5640 cap.
3014 5570 3092 5638 l),
3118 5570 3299 5625 nescio
3328 5583 3505 5626 utrum
3533 5574 3663 5623 asti-

2155 5694 2268 5766 (80)
2296 5695 2656 5766 Aposiopesis.
