4078 6202
440 319 542 371 237

1635 332 1836 388 LIBER
1875 337 2152 404 PRIMUS,
2184 340 2395 396 EPIST.
2441 342 2531 396 XX

3585 361 3690 416 238

437 437 687 503 putentur
731 439 895 493 etiam
943 448 1252 508 venatores,
1303 459 1428 514 quia
1461 455 1641 501 castor
1669 450 1794 503 dum
1836 453 2017 508 nativo
2044 461 2092 519 Α
2123 472 2347 528 regnum
2393 458 2612 514 sibimet
2657 460 2954 530 pollicetur,
2988 465 3186 523 adhoc
3222 471 3693 547 quandoqucpro-

437 529 731 596 perpendat
750 529 963 600 ingenio
1007 547 1066 584 se
1094 549 1195 586 non
1219 533 1288 588 ob
1317 535 1457 588 aliud
1491 537 1763 602 inscctari,
1795 541 1894 594 nisi
1921 557 2019 610 pro

436 616 725 680 testiculis,
755 629 814 671 ut
860 619 1166 675 medicinali
1215 633 1500 678 serventur
1524 625 1797 682 industria:
1825 631 2015 698 praeci-

437 704 649 769 deudis,
682 707 747 759 ad
780 706 978 774 stipitis
1026 718 1277 764 truncum
1316 721 1536 778 repente
1559 716 1846 782 procurrit,
1877 732 2016 771 sese-

434 809 541 864 que
570 794 836 850 violenter
858 798 1180 868 impingens,
1215 802 1491 862 testiculos
1517 803 1746 873 proiicit.
1773 806 1889 860 Mox
1917 808 2015 862 ita-

428 902 536 955 que
562 885 774 956 longius
802 889 1110 956 provolans,
1143 906 1334 947 versus
1361 894 1426 948 ad
1460 905 1769 949 venatorem
1796 897 1848 951 in
1875 899 2011 953 duo-

428 976 530 1030 bus
575 992 635 1030 se
689 976 916 1046 pedibus
964 979 1140 1049 erigit,
1169 996 1266 1034 nec
1295 997 1354 1036 se
1374 982 1486 1052 jam
1533 984 1747 1049 habere,
1784 1002 1881 1056 pro
1906 1004 2012 1056 quo

428 1078 724 1136 quaeratur,
754 1069 1012 1123 ostendit.
1042 1069 1295 1139 Nunquid
1343 1088 1472 1141 ergo
1498 1074 1687 1128 durior
1709 1077 2010 1134 satisfactio

427 1157 692 1225 quaeritur
717 1158 784 1210 ab
813 1158 1051 1221 homine,
1077 1175 1238 1228 quam
1291 1162 1538 1232 exigatur
1591 1167 1658 1218 ab
1687 1167 2009 1226 animalibus

426 1242 637 1297 brutis?
668 1243 772 1298 Sed
803 1260 874 1300 ne
901 1246 1116 1300 modum
1169 1250 1398 1303 excedat
1433 1253 1724 1320 epistolare
1752 1271 2007 1327 compen-

423 1331 597 1400 dium,
631 1336 696 1389 ad
729 1337 843 1391 habe
868 1337 1258 1407 expostulanda
1299 1351 1540 1397 vestrum
1570 1344 1621 1398 in
1652 1354 1863 1402 nostras
1886 1365 2008 1418 par-

439 1431 519 1477 tes
550 1426 924 1494 przestolemur
953 1428 1265 1484 adventum.

948 1517 1281 1575 EPISTOLA
1324 1521 1484 1577 XVII.

818 1603 886 1641 AD
917 1603 1137 1644 Ευὶίυεὶί
1167 1606 1523 1649 ALEXANDRUM
1553 1610 1590 1648 ΙΙ

577 1652 839 1724 (Habetur
868 1667 993 1712 tom.
1021 1657 1140 1723 III,
1169 1670 1344 1731 estque
1377 1665 1684 1740 opusculum
1722 1668 1834 1740 25).

943 1746 1272 1804 EPISTOLA
1313 1738 1493 1807 XVIII.

1046 1833 1117 1872 ΑΙ)
1144 1834 1363 1875 EUMDEI

596 1881 861 1952 (Habetur
883 1896 1007 1940 tom.
1043 1886 1155 1950 111,
1183 1901 1358 1958 estque
1379 1894 1681 1960 apusculum
1703 1897 1816 1971 24).

946 1997 1275 2055 EPISTOLA
1319 2001 1460 2057 XIX.

416 2128 681 2199 (Βαθεῖαν
704 2142 829 2226 tam.
859 2133 942 2226 Il,
977 2086 1445 2226 ςειιῖἒξιῦξςῗῗὲξ
1477 2142 1740 2226 Redufplti
1767 2153 1994 2224 episcopi

721 2201 1011 2274 Eugubini,
1042 2201 1091 2260 et
1119 2209 1383 2266 Ποτιιὶιεὶσὶ
1407 2201 1683 2286 ιονὲοαιὶ).

956 2315 1285 2373 EPISTOLA
1328 2319 1446 2374 XX.

417 2394 488 2432 AD
535 2395 816 2437 ωωιοωι
862 2400 1150 2441 Εριεεορωι
1198 2404 1536 2458 νληκεκεεκ,
1587 2410 1677 2458 QUI
1727 2412 1796 2450 ΕΤ
1831 2414 1993 2454 110Νο-

935 2471 1055 2511 RIUS
1093 2473 1131 2511 ll
1172 2475 1454 2514 ΔΝΤΙΡΑΡΑ.

410 2551 896 2628 ηεωίεὲτωιειγ-
913 2543 1176 2628 Cadalous
1197 2546 1507 2628 Parmensis
1530 2554 1834 2628 episcopus,
1860 2574 1990 2628 pra»

483 2609 568 2689 ter.
592 2609 696 2663 alia
718 2611 905 2690 _vitia,_
949 2616 1151 2690 quaein
1183 2631 1248 2690 eo
1295 2609 1577 2690 complura
1610 2609 1988 2690 inerantrma-

518 2678 602 2732 nis
626 2681 939 2764 ambitionis
967 2678 1191 2764 :facibus
1228 2678 1614 2764 inﬂammatus,
1658 2678 1984 2764 ingenies'i—n

530 2750 1013 2823 ornana_Ecclesia
1075 2756 1260 2810 turbas
1323 2750 1636 2816 concitavit.
1681 2750 1987 2823 “evandro

477 2818 623 2899 enim
667 2818 904 2901 legitimo
945 2825 1466 2901 pontiﬁce__rejeet9,
1501 2818 1988 2901 largitionibus,ch

478 2888 736 2974 pessimis
768 2888 1084 2974 [quibusque
1127 2888 1651 2974 artibtt'scﬂ'ecitfut
1679 2888 1985 2974 ipseﬁa‘qui;

476 2957 703 3048 bujsdam
752 2957 1052 3048 ‘C’isalpitiis
1078 2966 1382 3048 “episcopis
1549 2957 1983 3048 'similibiusgr'3w5

475 3027 564 3118 {ad
594 3044 731 3098 quos
752 3027 931 3085 tamen
960 3027 1240 3090 electionis
1261 3027 1351 3103 jus
1383 3040 1603 3118 minime
1634 3027 1977 3118 pertinebat}:

476 3105 728 3186 tanqu'am
759 3115 917 3156 verus
937 3113 999 3186 ,ει
1033 3119 1322 3186 germanus
1348 3109 1585 3186 pontifex
1611 3105 1978 3186 promulgare;

476 3174 580 3251 tur.
630 3167 798 3238 Igitur
842 3167 1081 3227 scelestae
1109 3167 1421 3251 cupiditatis
1472 3167 1692 3250 compos
1729 3167 1975 3251 effectus,

471 3238 705 3318 scelera,
739 3255 860 3309 qua:
911 3252 1068 3297 antea
1124 3238 1389 3318 occultius
1438 3238 1708 3318 patrabal,
1765 3238 1978 3318 publice

466 3306 599 3375 jam,
618 3317 674 3361 et
693 3306 1065 3401 iu‘cqnspectu
1087 3315 1326 3401 omnium
1351 3306 1512 3401 edere
1541 3306 1730 3401 etrapit,1
1753 3306 1977 3401 astitit};

473 3380 980 3454 namque,_c2edibus
997 3391 1051 3435 et
1076 3383 1468 3454 direptionibus
1493 3380 1671 3442 omnia
1705 3380 1973 3452 fmdzibatt

469 3445 606 3521 bona
621 3445 1000 3521 ecclesiastica
1026 3445 1285 3508 militibus
1307 3457 1440 3521 suis,
1470 3467 1526 3512 et
1549 3445 1881 3518 satellitibus
1890 3445 1975 3518 di;

469 3516 709 3595 ripienda
741 3521 1070 3595 concedebat
1095 3539 1107 3574 :
1137 3523 1387 3595 denique,
1407 3516 1465 3580 ut
1487 3543 1592 3581 uno
1614 3533 1778 3585 verbo
1799 3516 1977 3587 absol-

468 3599 608 3672 vam,
633 3586 867 3668 humana
889 3599 948 3672 et_
959 3591 1139 3672 divina
1165 3586 1548 3672 permiscebat.
1565 3586 1973 3672 Leniterprimo

465 3655 806 3720 admonitus;
839 3668 893 3740 et
917 3661 1110 3742 deinde
1139 3655 1260 3718 eum
1296 3665 1398 3721 hac
1425 3667 1634 3742 ratione
1656 3655 1974 3742 uibil’proﬁ;

464 3737 705 3790 ceretur,
737 3738 818 3782 ter
847 3729 900 3782 in
929 3739 1144 3807 patrum
1195 3737 1552 3792 conventibus
1588 3729 1974 3807 publice'dam-

464 3804 661 3874 natus,_
684 3807 739 3851 et
781 3801 1106 3874 {catholica
1136 3807 1517 3874 communione
1567 3801 1869 3874 submotus,
1904 3814 1972 3867 ab

461 3867 696 3919 amentia
728 3877 783 3921 et
806 3867 990 3924 furore
1011 3887 1114 3924 non
1147 3873 1373 3929 destitit.
1404 3876 1486 3930 Ad
1522 3878 1666 3932 lmuc
1695 3867 1970 3936 hominem

465 3944 570 3987 tam
594 3936 863 4010 _i_mpium,
926 3949 1144 4010 tamque
1184 3945 1474 3999 obﬁrmato
1507 3949 1688 4003 animo
1712 3949 1970 4006 salutaria

459 4005 1082 4076 consilia’respuentem',
1110 4013 1300 4068 scribit
1324 4015 1382 4067 Β.
1419 4015 1613 4070 Petrus
1647 4019 1964 4076 Damiauus.

462 4074 525 4127 Et
551 4077 770 4154 quidem
804 4074 1087 4148 postquam
1112 4082 1620 4154 illi_sceleris,quod
1647 4074 1964 4154 admiserat,

459 4148 883 4229 magnitudinem
911 4160 1039 4229 ante
1086 4152 1272 4229 oculos
1301 4148 1510 4229 posuit,
1530 4167 1814 4229 postquam
1844 4148 1964 4229 qui;

454 4213 772 4285 buscuuque
819 4219 992 4286 potuit
1014 4213 1334 4286 rationibus,
1367 4224 1434 4277 ad
1479 4213 1768 4281 sanitatem
1811 4213 1967 4283 wive-

454 4299 578 4364 care
600 4295 828 4365 conatus
855 4299 958 4354 est,
985 4291 1134 4365 tristi
1159 4293 1374 4348 demum
1396 4295 1515 4365 ejus
1551 4298 1744 4352 mortis
1775 4299 1965 4359 vatici-

455 4353 544 4408 nio
575 4355 857 4424 epistolam
889 4353 1184 4415 cencludit.

453 4443 706 4500 Caeneo
758 4447 902 4502 dicto
947 4449 1220 4522 episcopo,
1250 4451 1465 4508 Perses
1489 4463 1744 4524 peccator
1773 4472 1956 4511 mona-
1990 4489 2039 4548 υ

378 4535 515 4587 chus
550 4537 692 4605 quod
723 4538 940 4608 dignum
981 4549 1038 4594 et
1053 4541 1258 4611 justum
1288 4551 1391 4597 est.

451 4624 550 4690 Qui
575 4642 684 4681 non
714 4629 940 4700 corripit
971 4645 1199 4699 puerum
1230 4649 1331 4686 ova
1378 4633 1671 4699 furantem,
1703 4651 1956 4704 maguum

375 4725 563 4784 postea
615 4717 881 4774 latronem
911 4723 1137 4791 patitur,
1169 4737 1430 4792 equorum
1483 4724 1692 4778 stabula
1722 4725 1958 4794 perfrin-

375 4815 613 4870 gcntem.
646 4805 702 4859 Si
741 4823 770 4860 a
805 4811 1078 4879 corynetis
1109 4809 1390 4881 [famulab.
1438 4811 1666 4884 credid.]
1692 4813 1804 4869 suis
1843 4831 1956 4868 tua-

377 4902 531 4948 trona
574 4907 768 4966 potens
803 4900 1026 4970 negligit
1068 4916 1256 4955 arcere
1280 4901 1572 4971 petulcum,
1598 4904 1726 4972 quid
1757 4904 1951 4958 mirum

371 4985 416 5038 si
450 4986 500 5038 in
524 5003 644 5041 eam
673 5005 887 5060 quoque
929 4991 1015 5044 ille
1063 4992 1402 5061 postmodum
1434 4993 1665 5046 vesaniae
1695 5009 1804 5047 suae
1830 5008 1955 5062 por-

371 5076 514 5144 rigat
558 5080 893 5146 appetitum?
921 5078 1099 5150 thue
1129 5081 1195 5134 de
1239 5081 1536 5149 Scripturis
1568 5082 1770 5151 aliquid
1812 5083 1953 5138 infe-

372 5183 528 5220 ram:
567 5168 735 5222 David
789 5186 902 5232 rex,
943 5173 1033 5240 qui
1082 5173 1132 5225 in
1180 5173 1416 5227 Absalon
1450 5171 1810 5227 fratricidium
1843 5191 1949 5229 non

368 5256 674 5321 ulciscitur,
719 5260 788 5312 ab
841 5261 957 5330 ipso
1012 5262 1265 5331 deinceps
1305 5254 1530 5331 ejectus,
1591 5263 1787 5333 regalis
1830 5263 1949 5318 solii

366 5347 634 5418 dignitate
684 5353 928 5419 privatur
985 5352 1071 5422 (ΙΙ
1124 5352 1246 5422 Reg.
1298 5353 1442 5418 va).
1495 5353 1752 5415 Adonias,
1807 5354 1947 5409 ﬁlius

363 5441 584 5508 Aggith,
619 5442 746 5495 dum
773 5443 826 5496 in
869 5446 1133 5513 superbiw
1159 5444 1356 5497 fastum
1389 5456 1670 5513 protervus
1696 5445 1942 5513 erigitur,

360 5531 490 5586 dum
534 5536 860 5590 connivente
910 5547 1084 5606 patre,
1131 5537 1335 5605 paratis
1387 5537 1541 5599 equis
1571 5545 1625 5591 et
1669 5537 1945 5603 curribus,

2117 549 2393 617 greditur,
2451 561 2508 604 ut
2553 551 2756 624 Abisag
2810 553 3200 615 Sunamitidem
3258 560 3312 614 in
3375 564 3686 636 coujugium

2117 651 2348 707 quarrat,
2381 657 2445 695 ac
2468 653 2724 711 paternos
2755 645 3019 702 incestare
3048 650 3314 706 thalamos
3340 660 3690 724 concupiscat

2117 726 2361 800 (lllReg.
2397 735 2456 799 I).
2496 734 2549 787 ln
2585 736 2768 792 multis
2793 738 2909 804 tibi,
2957 739 3143 804 frater,
3178 743 3420 802 Romana
3447 753 3692 818 pepercit

2114 820 2374 881 Ecclesia.
2431 825 2744 894 frequenter
2772 845 2800 883 a
2851 841 2903 885 te
2933 829 3156 902 legitimi
3211 837 3408 903 rigoris
3447 840 3692 896 cohibuit

2113 910 2475 980 disciplinam,
2529 916 2665 970 adeo
2710 928 2768 970 ut
2827 931 3095 985 asserant,
3143 925 3233 992 qui
3289 941 3348 978 se
3379 927 3690 986 interfuisse

2112 998 2371 1070 fatentur,
2406 1007 2548 1073 quod
2599 1008 2652 1061 in
2685 1010 2860 1064 tribus
2897 1009 3010 1078 jam
3043 1013 3292 1069 conciliis
3314 1019 3686 1087 synodalibus.

2111 1089 2360 1160 Papiensi
2390 1095 2616 1159 scilicet,
2641 1097 2932 1154 Mantuano
2953 1110 3007 1156 et
3031 1103 3364 1171 Florentino,
3401 1112 3683 1181 perspicua

2109 1182 2472 1240 damnationis
2524 1188 2575 1240 in
2609 1199 2660 1242 te
2695 1191 2962 1244 sententia
3013 1193 3244 1260 claruit;
3276 1197 3474 1268 ubique
3503 1211 3681 1258 tamen

2107 1272 2263 1326 sedes
2316 1276 2610 1342 apostolica
2666 1288 2920 1333 materuze
2950 1281 3169 1350 pietatis
3209 1284 3404 1342 aﬂ'ectu
3439 1290 3530 1343 tibi
3578 1292 3684 1346 cie-

2108 1372 2319 1417 menter
2367 1365 2606 1420 indulsit.
2650 1367 2755 1423 Sed
2803 1371 2926 1424 dqu
2984 1373 3070 1427 illa
3110 1376 3378 1432 studuerit
3405 1396 3676 1439 canonum

2105 1453 2248 1507 circa
2283 1463 2333 1508 te
2358 1470 2613 1512 coemere
2662 1459 2920 1529 vigorem,
2947 1472 3002 1516 tu
3035 1480 3139 1518 non
3174 1468 3381 1524 vereris
3419 1470 3681 1530 adversus

2104 1558 2224 1598 eam
2272 1544 2519 1601 hostilem
2570 1550 2852 1605 redhibere
2886 1556 3246 1623 tyrannidem.
3298 1560 3465 1615 Porro
3495 1573 3674 1620 autem

2103 1637 2147 1690 si
2171 1634 2466 1707 Scriptura:
2495 1640 2662 1695 series
2699 1641 2987 1713 diligenter
3017 1648 3338 1715 attenditur,
3373 1661 3454 1706 ter
3486 1665 3679 1712 unctus

2103 1723 2156 1778 in
2204 1741 2384 1796 regem
2432 1727 2602 1784 David
2661 1729 2828 1786 fuisse
2871 1736 3158 1802 reperitur.
3209 1737 3368 1795 Prius
3414 1742 3676 1800 sciliceta
3731 1767 3736 1774 ε

2025 1800 2073 1861 Β
2104 1813 2356 1871 Samuele
2405 1818 2456 1871 in
2501 1818 2797 1883 Bethleem,
2844 1825 3083 1880 secundo
3110 1841 3138 1878 a
3173 1828 3305 1882 viris
3325 1829 3460 1885 Juda
3494 1833 3546 1887 in
3571 1833 3676 1890 He-

2099 1902 2254 1967 bron,
2283 1905 2444 1960 tertio
2471 1922 2652 1960 coram
2673 1910 2940 1965 universis
2962 1913 3207 1969 tribubus
3229 1916 3391 1972 Israel
3413 1936 3600 1977 rursus
3619 1925 3671 1979 iu

2097 1991 2312 2048 Hebron
2346 1995 2398 2066 (I
2425 1996 2555 2067 Reg.
2583 2014 2705 2063 va;
2730 1999 2792 2053 ΙΙ
2815 1991 2947 2071 Reg.
2975 2019 3047 2068 II;
3079 2004 3141 2058 II
3173 2005 3299 2078 Reg.
3325 2009 3400 2078 v).
3433 2011 3498 2066 Et
3527 2023 3584 2066 ut
3605 2015 3692 2084 de.

2093 2083 2360 2151 piscatore
2384 2096 2588 2152 nostro,
2614 2089 2699 2143 cui
2727 2097 3004 2160 tantopere
3036 2095 3114 2150 vis
3141 2099 3455 2164 succedere,
3492 2103 3671 2159 simile

2093 2173 2220 2241 quid
2263 2177 2760 2243 perhibeam,.tres
2802 2180 2993 2236 Petrus
3037 2187 3196 2240 sedes
3245 2189 3479 2246 obtinuit
3512 2207 3528 2246 :
3559 2195 3674 2248 An-

2097 2263 2403 2320 tiochenam
2435 2269 2659 2334 scilicet,
2684 2271 2773 2324 ubi
2804 2281 3086 2342 postquam
3118 2276 3232 2345 ipse
3256 2293 3314 2333 se
3340 2279 3463 2336 fidei
3489 2286 3672 2352 posuit

2091 2351 2525 2422 fundamentum,
2550 2359 2812 2428 lguatium
2839 2363 2951 2433 (8|)
2980 2364 3094 2419 vice
3124 2382 3221 2422 sua
3249 2384 3374 2423 mox
3396 2351 3669 2431 ordinavit

2091 2444 2440 2514 episc0pum;
2498 2448 2917 2505 Alexandrinam
2982 2469 3227 2526 quoque,
3286 2458 3374 2514 ubi
3445 2473 3666 2520 sanctus

2090 2536 2423 2602 evangelista
2471 2537 2711 2604 Marcus,
2760 2550 3042 2612 postquam
3089 2560 3240 2601 nova:
3296 2550 3421 2604 ﬁdei
3476 2568 3662 2610 semen

2090 2626 2308 2692 sparsit,
2355 2641 2473 2680 eam
2521 2625 2581 2681 Β.
2616 2631 2857 2700 magistri
2888 2633 2971 2686 sui
3019 2633 3162 2689 l’etri
3188 2636 3424 2706 glorioso
3455 2644 3658 2699 nomini

2088 2714 2322 2770 ﬁdeliter
2343 2717 2641 2783 dedicavit;
2669 2733 2943 2788 postremo
2970 2722 3225 2780 Romanae
3248 2729 3365 2783 urbi
3392 2744 3488 2798 per
3506 2733 3661 2804 quiu-

2089 2819 2194 2873 que
2226 2822 2490 2861 annorum
2514 2807 2685 2863 lustra
2715 2812 2988 2880 praesedit,
3014 2814 3124 2885 36
3151 2831 3313 2885 quam
3343 2819 3506 2873 etiam
3535 2838 3658 2877 cum

2087 2897 2402 2965 coapostolo
2443 2913 2542 2953 suo
2577 2898 2743 2955 Paulo
2779 2904 3016 2971 pretioso
3047 2906 3388 2976 triumphalis
3418 2911 3660 2968 victoria:

2087 2986 2351 3054 sanguine
2395 2989 2728 3057 purpuravit.
2763 2990 2867 3046 Sed
2906 3007 3006 3047 cur
3033 3008 3133 3050 nos
3163 2995 3247 3049 vel
3289 2996 3435 3052 illum
3458 3009 3541 3055 ter
3561 3019 3654 3056 uu-

2085 3088 2253 3142 ctum,
2280 3080 2364 3134 vel
2410 3081 2576 3136 istum
2633 3092 2717 3137 ter
2768 3085 3145 3154 praesidentem
3186 3087 3239 3142 in
3280 3090 3656 3162 allegatiouem

2005 3144 2049 3204 (ἶ
2081 3167 2238 3234 hujus
2262 3169 2637 3238 disputationis
2666 3174 3003 3240 adducimus,
3036 3165 3144 3231 nisi
3174 3187 3233 3231 ut
3258 3189 3312 3234 tu
3346 3181 3563 3237 interim
3587 3187 3656 3240 ad

2078 3261 2466 3316 conscientiam
2518 3264 2728 3328 redeas,
2787 3273 2946 3336 teque
2987 3269 3207 3323 totidem
3259 3271 3486 3339 vicibus,
3553 3278 3652 3331 etsi

2077 3368 2182 3406 non
2225 3353 2435 3423 judicio
2487 3356 2850 3420 sacerdotum,
2889 3358 2982 3412 sed
3013 3375 3282 3415 canonum
3329 3366 3654 3422 auctoritate

2075 3443 2400 3512 depositum,
2447 3461 2608 3514 quam
2650 3446 2837 3514 procul
2883 3463 2912 3501 a
2944 3450 3149 3505 sanctis
3174 3451 3305 3506 viris
3332 3454 3430 3519 sis,
3454 3465 3510 3508 et
3539 3456 3654 3526 ipse

2075 3532 2417 3601 perpendas?
2444 3534 2598 3588 Licet
2621 3536 2764 3588 enim
2809 3535 3020 3590 illorum
3050 3539 3330 3608 utriusque
3363 3541 3500 3595 trina
3527 3559 3650 3613 pro-

2077 3622 2244 3676 motio
2277 3631 2533 3692 tanquam
2580 3639 2688 3678 una
2714 3624 2996 3690 duntaxat,
3046 3625 3252 3680 nullum
3277 3627 3363 3682 vel
3387 3631 3536 3700 regni
3559 3631 3642 3686 vel

2075 3713 2366 3768 sacerdotii
2409 3713 2578 3770 fuerit
2600 3714 3014 3779 incrementum,
3041 3715 3440 3785 quodammodo
3465 3730 3644 3774 tamen

2072 3802 2332 3873 plenioris
2379 3803 2484 3860 fuit
2531 3805 2835 3859 sanctitatis
2870 3806 3148 3862 indicium.
3193 3806 3346 3862 Sicut
3383 3809 3525 3864 enim
3559 3811 3647 3866 ille

2071 3895 2269 3966 pietate
2310 3895 2394 3950 vel
2436 3895 2645 3963 justitia
2705 3911 2879 3965 reges,
2930 3897 3009 3951 sic
3055 3905 3111 3951 et
3169 3897 3270 3952 iste
3313 3903 3650 3956 transcendit

2070 4000 2261 4040 omnes
2283 3985 2564 4056 privilegio
2609 3987 2942 4041 sacerdotes.
2971 3985 3107 4042 Hinc
3133 3997 3216 4041 est
3242 3989 3383 4056 quod
3409 4006 3531 4044 eum
3558 4007 3647 4047 re-

2068 4077 2231 4147 liquis
2262 4077 2464 4134 sanctis
2513 4079 2615 4133 hoc
2648 4093 2754 4132 non
2799 4077 3172 4147 impendimus,
3208 4081 3376 4136 solius
3413 4081 3472 4136 B.
3497 4082 3647 4140 Petri

2069 4164 2260 4220 festive
2281 4165 2594 4221 cathedram
2624 4166 2985 4222 celebramus.
3013 4165 3146 4222 Cum
3176 4169 3359 4239 itaque
3396 4175 3646 4229 sacerdo-

2067 4257 2201 4312 tium
2249 4265 2400 4311 tuum
2431 4264 2578 4312 tanta
2617 4255 2828 4312 laboret
2882 4255 3124 4322 infamia,
3173 4274 3280 4327 quo
3319 4274 3476 4330 pacto
3500 4277 3641 4332 prat-

2065 4349 2362 4417 sumpsisti,
2413 4348 2518 4413 vel,
2570 4356 2630 4402 ut
2663 4349 2846 4404 mitius
2893 4348 3103 4417 loquar,
3153 4351 3496 4419 acquiescere
3546 4369 3644 4424 po-

2066 4439 2237 4506 tuisti,
2298 4440 2580 4509 ignorante
2629 4440 2870 4495 Romana
2914 4440 3196 4505 Ecclesia,
3238 4440 3542 4498 Romanum
3589 4454 3642 4500 te

2064 4531 2373 4600 episcopum
2413 4529 2575 4601 eligi?
2632 4528 2933 4585 Taceamus
2971 4530 3187 4584 interim
3219 4531 3284 4585 de
3333 4541 3544 4594 senatu,
3572 4531 3641 4586 de

2064 4620 2336 4678 inferioris
2354 4622 2556 4675 ordinis
2588 4620 2754 4685 clero,
2796 4622 2860 4675 de
2888 4621 3103 4691 populo.
3139 4621 3277 4687 Quid
3307 4623 3399 4676 tibi
3429 4623 3497 4677 de
3517 4640 3640 4678 car-

2061 4711 2328 4764 diualibus
2367 4711 2581 4764 videtur
2631 4711 2937 4780 episcopis?
2966 4712 3055 4780 qui
3090 4711 3334 4765 videlicet
3357 4722 3412 4765 et
3435 4712 3636 4765 Roma-

2060 4817 2188 4854 num
2246 4800 2550 4870 pontiﬁcem
2592 4801 2962 4871 principaliter
2987 4802 3205 4872 eligunt,
3243 4809 3298 4855 et
3317 4802 3633 4871 quibusdam

2059 4892 2180 4946 aliis
2225 4892 2617 4961 prterogalivis,
2641 4907 2746 4945 non
2775 4893 2932 4947 modo
2973 4893 3336 4962 quorumlibet
3356 4894 3637 4964 episcopo-

2058 4998 2202 5047 rum,
2244 4983 2337 5036 sed
2391 4992 2445 5035 et
2505 4983 2958 5051 patriarcharum,
3008 4995 3170 5050 atque
3201 4981 3630 5051 primatumjura

2058 5075 2484 5129 transcendunt?
2532 5075 2696 5129 Salvo
2751 5076 2950 5145 quippe
3000 5073 3324 5128 universalis
3376 5073 3633 5130 Ecclesia:

2057 5160 2421 5228 Sacramento,
2483 5167 2572 5220 isti
2619 5176 2747 5220 sunt
2791 5165 2930 5220 oculi
2987 5166 3146 5218 unius
3195 5164 3405 5234 lapidis,
3457 5162 3528 5220 id
3551 5177 3638 5221 est

2055 5257 2316 5313 Romana:
2365 5258 2649 5318 Ecclesiae,
2680 5257 2746 5311 de
2788 5257 2982 5324 quibus
3013 5270 3110 5324 per
3156 5254 3472 5309 Zachariam
3501 5256 3634 5310 dici-

2058 5358 2186 5402 tur:
2235 5367 2252 5398 ι
2293 5347 2453 5410 Ecce,
2508 5347 2699 5415 inquit,
2753 5345 2888 5414 lapis
2930 5361 3089 5415 quem
3130 5346 3251 5400 dedi
3291 5362 3475 5401 coram
3503 5345 3631 5402 Jesu

2055 5427 2241 5508 (Zrich.
2286 5437 2400 5508 ιιι).
2435 5457 2452 5489 ›
2507 5436 2680 5506 Super
2738 5435 2968 5507 lapidem
3020 5451 3184 5490 unum
3234 5447 3438 5507 septem
3490 5437 3632 5492 oculi

2054 5541 2199 5585 sunt.
2225 5529 2330 5599 lpsi
2355 5529 2587 5584 lucerna:
2616 5529 2774 5583 unius
2813 5526 3144 5593 candelabri,
3169 5528 3236 5582 de
3270 5529 3464 5596 quibus
3490 5537 3634 5597 post-

434 5707 551 5782 (81)
579 5707 695 5764 lmo
732 5709 1019 5776 Evodium,
1052 5720 1112 5767 ut
1143 5711 1379 5781 lgnatius
1419 5717 1532 5782 ipse
1580 5715 1631 5767 in
1681 5715 1840 5786 epist.
1891 5721 1944 5765 et
1983 5711 2072 5765 alii
2107 5718 2392 5765 testantur.
