4078 6202
380 321 486 378 2.39

881 316 939 372 S.
979 314 1183 371 PETRI
1224 311 1506 367 DAMIANI
1546 310 1696 367 OPP.
1738 308 1920 364 PARS
1959 305 2089 363 SEU
2131 302 2369 361 ’I’OMUS
2404 301 2443 356 I.
2486 329 2554 342 —-
2587 299 2808 387 EPIS'I.
2846 297 2971 352 LIB.
3012 296 3145 351 VIII.

3541 290 3647 345 2M!

329 463 331 467 ι
387 437 604 492 modum
635 432 871 502 loquitur
895 432 1081 487 dicens
1111 447 1125 483 :
1157 448 1173 480 ι
1205 428 1325 484 Vidi
1346 435 1401 482 et
1421 441 1550 482 ecce
1576 425 1961 480 candelabrum
1990 471 2000 484 Α

2105 451 2191 496 tus
2221 455 2340 494 sum
2389 437 2542 508 quasi
2577 435 2662 490 vir
2695 434 2898 497 ebrius,
2927 442 2983 488 et
3025 445 3179 500 quasr
3206 431 3371 485 homo
3403 429 3652 482 madidus

385 541 610 583 aureum
644 535 835 588 totum,
860 532 918 577 et
948 523 1153 591 lampas
1176 519 1293 590 ejus
1317 532 1480 590 super
1505 526 1668 587 caput
1694 517 1882 586 ipsius,
1911 523 1968 570 et

382 627 590 688 septem
626 617 862 671 lucerna:
888 628 1050 682 super
1079 611 1207 666 illud
1239 609 1427 680 (Zach.
1458 607 1556 677 tv).
1587 628 1605 660 ι
1631 608 1737 678 lpsi
1765 615 1890 662 sunt
1913 614 1970 660 et

385 707 733 768 candelabra,
781 705 835 758 in
887 717 1117 774 quormn
1170 700 1346 754 medio
1397 698 1576 764 Jesus,
1620 698 1775 767 juxta
1824 695 1967 751 beati

387 798 611 854 Joannis
637 795 797 851 verba
845 794 1027 864 (Apoc.
1066 793 1127 862 ι).
1187 790 1466 854 discurrit,
1515 798 1569 843 et
1595 789 1738 843 hunc
1764 802 1973 842 sermo-

391 889 659 959 nem,-qui
691 888 798 941 illic
827 895 1024 957 praesto
1055 883 1420 953 subjungitur,
1453 882 1504 935 in
1529 890 1582 934 te
1612 880 1969 950 quodammo-

391 983 460 1037 do
488 978 803 1050 specialiter
843 975 1066 1046 dirigit:
1110 992 1128 1024 ι
1161 972 1366 1028 Memor
1410 979 1549 1036 esto,
1596 969 1790 1038 inquit,
1833 967 1974 1022 unde

392 1069 680 1134 excideris,
714 1077 770 1122 et
805 1082 905 1137 age
933 1063 1306 1134 pmnitentiam
1337 1061 1523 1133 (Apoc.
1560 1061 1644 1130 tt).
1681 1080 1700 1113 ι
1736 1057 1902 1113 Plane
1928 1057 1973 1112 si

394 1162 714 1236 poenitentia
757 1159 881 1228 jure
931 1157 1247 1228 plectendos
1272 1163 1355 1209 est
1375 1154 1621 1224 quisquis
1646 1151 1865 1207 cuilibet
1898 1151 1974 1204 ir-

396 1264 552 1327 rogat
589 1253 842 1324 injuriam
885 1249 1176 1314 sacerdoti,
1215 1262 1319 1318 qua
1367 1255 1423 1302 tu
1473 1247 1741 1302 sententia
1785 1245 1978 1314 dignus

398 1363 476 1413 es,
503 1348 597 1417 qui
633 1345 740 1401 illis
760 1341 1129 1415 pra-judicium
1167 1339 1539 1396 sacerdotibus
1567 1337 1813 1402 intulisti,
1843 1351 1980 1406 quo-

401 1456 522 1495 rum
560 1437 786 1495 consilio
830 1445 887 1491 et
933 1435 1136 1505 judicio
1177 1442 1353 1488 status
1391 1445 1456 1486 ac
1501 1431 1785 1502 disciplina
1820 1429 1983 1486 debet

402 1531 568 1586 totius
589 1527 847 1584 Ecclesia:
897 1523 1177 1579 catholicze
1211 1521 1542 1592 gubernari?
1565 1519 1632 1574 Et
1669 1535 1792 1574 cum
1816 1533 1983 1573 cano-

403 1623 521 1678 nica
547 1622 806 1676 decernat
830 1616 1148 1680 auctoritas,
1173 1622 1231 1668 ut
1253 1613 1339 1667 vel
1366 1613 1585 1668 humilis
1613 1610 1985 1681 cujuscunque

405 1713 660 1767 Ecclesia:
684 1709 830 1765 clero
857 1708 1017 1762 liccat
1037 1706 1268 1762 liberum
1313 1705 1380 1759 de
1409 1705 1520 1769 illo,
1549 1704 1638 1774 qui
1663 1703 1765 1759 sibi
1796 1701 1988 1772 przefe-

2072 547 2102 586 a
2133 532 2262 585 vino‘
2290 547 2319 584 a
2353 528 2492 584 facie
2541 525 2773 589 Domini,
2815 531 2869 578 et
2893 539 2923 577 a
2956 521 3097 577 facie
3121 521 3407 577 verborum
3439 529 3652 574 sancto-

2070 641 2188 680 rum
2216 621 2331 692 ejus
2357 621 2494 690 (Jer.
2523 619 2702 687 nm).
2730 637 2747 670 ι
2770 617 2878 671 Cur
2898 622 3076 668 autent
3096 623 3244 668 tanto
3267 611 3468 667 doloris
3495 611 3656 665 ttedio

2074 715 2443 779 contabescat,
2485 720 2732 783 protinus
2759 708 2953 779 aperit,
2986 723 3110 761 cum
3150 703 3453 776 subjungit:
3484 702 3654 770 (Quia

2073 805 2359 862 adulteriis
2394 803 2552 874 plena
2581 810 2665 856 est
2691 809 2859 866 terra,
2885 799 3010 869 quia
3033 812 3070 850 'a
3097 795 3233 851 facie
3259 792 3657 850 maledictionis

2074 898 2210 952 luxit
2261 906 2402 951 terra
2436 914 2448 950 :
2483 893 2722 948 arefacta
2782 899 2905 946 sunt
2963 903 3093 942 arva
3125 886 3323 942 deserti
3380 882 3593 957 (lbid.).
3631 902 3650 936 ι

2077 989 2230 1057 Quod
2272 997 2453 1044 autem
2504 1001 2673 1058 genus
2703 983 2982 1038 hominum
3011 981 3112 1035 hoc
3140 987 3416 1050 perpetrat
3451 976 3662 1054 adulte-

2077 1085 2243 1161 rium,
2275 1082 2419 1136 unde
2447 1089 2502 1136 et
2529 1088 2670 1135 terra
2694 1077 2894 1146 lugeat,
2923 1082 2978 1128 et
3007 1073 3170 1128 corda
3201 1071 3479 1126 hominum
3511 1069 3659 1123 velut

2079 1190 2206 1230 arva
2233 1171 2431 1228 deserti
2463 1171 2530 1224 ab
2563 1167 2915 1222 inundatione
2945 1161 3346 1233 praedicationis
3373 1167 3660 1223 arescant,

2080 1263 2252 1336 aperit
2283 1262 2444 1325 illico,
2477 1277 2599 1315 cum
2625 1265 3021 1327 consequenter
3045 1255 3288 1326 adjungit
3313 1273 3327 1308 :
3352 1274 3370 1305 ι
3395 1253 3662 1322 Propheta

2081 1367 2317 1424 namque
2345 1363 2399 1406 et
2428 1350 2682 1405 sacerdos
2716 1347 2905 1418 polluti
2956 1355 3102 1412 sunt,
3155 1355 3210 1400 et
3254 1345 3307 1398 in
3339 1343 3499 1397 domo
3548 1358 3664 1395 mea

2082 1447 2259 1502 inveni
2314 1443 2513 1511 malum
2542 1456 2752 1506 eorum,
2783 1440 2917 1494 dicit
2957 1437 3216 1492 Dominus
3248 1434 3464 1507 (lbid.).
3507 1453 3524 1484 ι
3561 1432 3667 1488 Sed

2083 1536 2212 1607 quid
2237 1535 2443 1591 eisdem
2484 1532 2746 1586 adulteris
2784 1527 3160 1585 sacerdotibus
3189 1525 3547 1604 et-prOphetis
3573 1523 3665 1577 im-

2085 1627 2326 1688 mineat,
2374 1640 2495 1678 mox
2536 1621 2914 1690 subsequendo
2953 1619 3238 1673 declarat:
3271 1636 3288 1668 ι
3339 1615 3543 1672 Idcirco
3581 1615 3669 1669 via

2088 1733 2276 1774 eorum
2306 1717 2414 1772 erit
2443 1715 2599 1784 quasi
2622 1713 2893 1767 lubricum
2933 1711 2987 1764 in
3021 1709 3293 1772 tenebris;
3325 1708 3670 1778 impellentur

407 1802 606 1857 rendus
651 1808 755 1864 cst,
789 1797 992 1852 habere
1023 1795 1321 1864 judicium;
1371 1809 1477 1865 qua
1507 1795 1733 1849 tumoris
1762 1793 1987 1848 audacia
2017 1791 2065 1852 B
2091 1809 2236 1865 enim
2269 1817 2325 1863 ει
2368 1814 2626 1863 corruant
2667 1804 2720 1858 in
2768 1818 2832 1857 ea
2869 1801 3132 1856 macram
3181 1801 3325 1856 enim
3374 1814 3537 1868 super
3583 1813 3691 1851 ρος,

407 1908 460 1948 ιιι
480 1891 880 1966 ἰιι-τεειιιιιρεὶειί
901 1897 953 1944 te
973 1889 1239 1943 violenter
1260 1887 1366 1943 illis
1389 1887 1658 1958 ingerere,
1675 1885 1766 1955 qui
1791 1893 1990 1954 praeter

406 2000 746 2042 communem
794 1983 1050 2039 Ecclesia:
1095 1981 1354 2051 regulam,
1401 1995 1561 2049 super
1596 1979 1741 2048 ipsos
1773 1991 1990 2048 quoque

405 2077 690 2152 pontifices
728 2076 1098 2130 authenticam
1151 2072 1447 2144 praevalent
1475 2070 1832 2143 ,promulgare
1864 2065 1991 2124 cen-

406 2170 626 2227 suram?
669 2167 780 2223 Cur
815 2182 923 2236 per.
942 2165 1294 2220 ambitionem
1347 2161 1680 2232 adipiscendi
1718 2159 1990 2224 culminis,

408 2259 910 2328 inaccessibilisque
953 2256 1178 2327 fastigii,
1239 2262 1410 2309 totum
1457 2251 1572 2308 fere
1631 2252 1892 2306 mundum
1939 2250 1992 2304 in

409 2353 881 2412 condemnationis
913 2359 1014 2405 tua:
1029 2348 1266 2419 jurgium
1314 2345 1634 2401 concitasti?
1658 2344 1728 2399 Ut
1752 2343 1881 2398 illud
1907 2341 1996 2397 Je-

385 2430 598 2502 iremia:
634 2447 911 2517 propheta:
962 2440 1361 2514 quodammodo
1415 2438 1776 2494 vociferantes
1815 2435 1994 2491 excla-

408 2548 600 2595 ment:
640 2558 657 2588 ι
696 2537 888 2600 Terra,
941 2544 1110 2599 terra,
1163 2542 1332 2596 terra,
1385 2531 1508 2585 audi
1545 2544 1851 2585 sermonem
1886 2529 1995 2584 Do-

411 2632 542 2685 mini
586 2647 600 2684 :
655 2628 780 2684 llaec
821 2626 952 2680 dicit
995 2625 1302 2680 Dominus:
1352 2621 1543 2677 Scribe
1594 2621 1772 2674 virum
1828 2620 1994 2674 istum

412 2720 871 2785 sterilem,virum
907 2716 998 2786 qui
1055 2716 1109 2770 in
1143 2714 1334 2769 diebus
1380 2713 1494 2768 suis
1551 2728 1656 2767 non
1709 2726 1997 2782 prospera-

412 2813 561 2865 bitur
585 2809 720 2878 (Jer.
748 2807 904 2874 xm).
943 2826 960 2857 ι
987 2807 1052 2860 Ει
1083 2814 1135 2859 tu
1165 2821 1195 2860 e
1227 2814 1417 2859 contra
1444 2801 1690 2872 ejusdem
1718 2802 1998 2871 propheta:

415 2901 595 2954 verbis
643 2909 768 2969 apte
823 2897 1003 2951 valeas
1053 2893 1416 2965 respondere:
1453 2912 1472 2944 ι
1509 2889 1598 2946 Vae
1638 2890 1792 2956 mihi,
1830 2897 2001 2944 mater

415 2992 565 3046 mea!
600 3004 768 3060 quare
810 3002 896 3042 me
927 2985 1158 3059 genuisti
1216 2985 1391 3039 virum
1451 2984 1612 3049 rixae,
1660 2982 1836 3036 virum
1884 2980 1998 3034 dis-

416 3083 617 3139 cordia:
671 3079 722 3134 in
764 3079 1017 3133 universa
1049 3075 1230 3132 terra?
1268 3075 1386 3131 Non
1435 3074 1718 3138 fmtteravi,
1749 3086 1850 3128 nec
1894 3070 2000 3124 fte-

2095 1900 2256 1965 mala,
2302 1914 2501 1954 annum
2545 1895 2874 1951 visitationis
2931 1909 3143 1948 eorum.
3201 1892 3600 1962 Prophetabant
3623 1891 3674 1944 in

2093 1989 2246 2056 Baal,
2277 1998 2336 2045 et
2373 1987 2717 2058 decipiebant
2766 1985 3020 2057 populum
3070 1997 3248 2036 meum
3304 1980 3486 2046 Israel,
3543 1988 3600 2035 et
3626 1984 3676 2036 En

2095 2081 2373 2152 prophetis
2414 2077 2714 2144 Jerusalem
2766 2076 2873 2131 vidi
2927 2075 3333 2130 similitudinem
3373 2073 3681 2129 adulteran-

2096 2171 2257 2236 tium,
2293 2179 2348 2224 et
2379 2170 2484 2223 iter
2513 2166 2780 2222 mendacii
2807 2163 2994 2236 (lbid.)
3029 2183 3048 2216 ι
3087 2163 3255 2218 Audis
3276 2163 3678 2218 similitudinem

2098 2260 2542 2324 adulterantium,
2567 2257 2722 2310 audis
2741 2257 2848 2310 iter
2879 2253 3181 2309 mendacii?
3206 2254 3450 2307 Alterum
3475 2251 3683 2310 scilicet

2101 2352 2303 2422 pendet
2322 2365 2387 2404 ex
2419 2349 2612 2402 altero.
2645 2348 2691 2400 Α
2718 2347 2937 2400 tramite
2962 2345 3158 2413 quippe
3180 2343 3424 2398 veritatis
3444 2341 3679 2408 aberrat,

2100 2443 2190 2513 qui
2220 2457 2318 2510 per
2338 2437 2664 2494 luxuriantis
2696 2435 3145 2504 concupiscentia:
3171 2433 3430 2486 ambitum
3465 2432 3687 2486 castitao

2099 2535 2168 2590 tis
2207 2531 2592 2589 ecclesiastica:
2617 2529 2934 2585 munditiam
2962 2526 3150 2581 findat.
3185 2525 3336 2580 Nunc
3361 2525 3684 2589 Ecclesianv,

2099 2627 2234 2699 proh
2263 2625 2448 2681 dolor!
2501 2638 2671 2692 usque
2715 2621 2780 2676 ad
2814 2620 3072 2675 verticem
3111 2627 3515 2687 constupratam
3547 2615 3690 2670 dole-

2100 2733 2241 2784 mus,
2273 2715 2418 2787 quod
2466 2712 2766 2769 Jerusalem
2828 2712 3026 2766 dudum
3079 2708 3342 2764 Jeremias
3395 2706 3689 2777 contigisse

2099 2809 2470 2880 conqueritur.
2521 2824 2538 2857 ι
2569 2805 2711 2870 Filii,
2745 2805 2948 2874 inquit,
2980 2801 3290 2871 Mcmpheos
3331 2808 3387 2853 et
3435 2797 3689 2868 Taplmes

2103 2905 2592 2969 constupraveruut
2639 2905 2690 2948 tc
2733 2909 2903 2963 usque
2952 2891 3021 2946 ad
3073 2889 3331 2944 verticem
3377 2885 3512 2958 (Jer.
3551 2900 3631 2939 lli.
3665 2905 3684 2938 ι

2105 2993 2405 3050 Jerusalem
2432 3003 2664 3059 namque
2703 3001 2876 3058 usque
2902 2987 2969 3040 ad
2997 2984 3256 3038 verticem
3285 2989 3688 3049 constupratur,

2106 3086 2322 3158 quando
2377 3099 2407 3136 a
2449 3081 2687 3137 minimis
2729 3080 3033 3150 quibusque
3081 3074 3340 3130 Ecclesiis
3393 3087 3565 3141 usque
3622 3069 3691 3123 ad

417 3174 624 3228 beravit
677 3170 805 3225 mihi
866 3169 1189 3240 quisquam,
1230 3181 1420 3222 omnes
1471 3149 1803 3220 meledicunt
1864 3162 1996 3217 mihi
2026 3137 2071 3200 θ
2102 3137 2451 3247 ξιξίξέίδίίεωη
2476 3173 2682 3236 sedem.
2710 3137 2830 3240 (λίπει,
2875 3137 3118 3223 (minium
3169 3173 3331 3235 εερυι
3373 3137 3690 3218 canem-

418 3265 552 3334 (Jer.
581 3263 692 3329 xv).
726 3281 744 3314 ι
777 3261 985 3314 Rursus
1008 3259 1136 3313 illud
1164 3273 1316 3326 :eqne
1337 3257 1715 3327 propheticum
1749 3271 1793 3308 τι
1835 3253 2001 3308 Male-

419 3357 561 3409 dicta
612 3353 748 3416 dies,
805 3353 857 3406 iu
893 3367 997 3421 qua
1049 3360 1208 3404 natus
1262 3364 1414 3412 sum;
1458 3348 1591 3410 dies,
1650 3346 1703 3401 in
1753 3359 1860 3415 qua
1909 3359 2002 3415 pe-

416 3445 559 3518 perit
605 3444 712 3516 37
767 3458 852 3496 mc
896 3449 1070 3495 mater
1112 3455 1248 3503 mea,
1306 3454 1413 3493 non
1444 3438 1513 3493 sit
1547 3437 1830 3493 benedicta
1864 3434 1998 3506 (Jer.

424 3515 554 3610 sx);
585 3557 603 3588 ι
638 3536 727 3590 ubi
768 3543 967 3605 praesto
1005 3532 1285 3604 sulijungit
1319 3545 1336 3583 :
1371 3550 1388 3582 ι
1423 3529 1737 3585 Maledictus
1780 3527 1864 3582 vir
1910 3515 2004 3597 qui

421 3626 765 3686 annuntisvit
797 3625 932 3696 patri
987 3639 1130 3692 meo,
1175 3624 1360 3677 dicens
1396 3619 1603 3675 :Natus
1642 3619 1841 3676 esttibi
1872 3632 2006 3688 puer

421 3718 717 3783 masculus,
743 3726 797 3772 et
823 3715 978 3786 quasi
1006 3715 1206 3784 gaudio
1232 3709 1530 3768 ltetilicavit
1553 3725 1700 3766 eum.
1731 3710 1816 3764 Sit
1843 3709 2006 3764 homo

419 3814 536 3879 ille,
566 3822 627 3867 ut
670 3819 796 3866 sunt
835 3809 1101 3874 civitates,
1157 3823 1292 3877 quas
1341 3806 1606 3862 subvertit
1652 3804 1931 3869 Dominus,
1953 3809 2008 3857 et

424 3920 532 3957 non
567 3900 821 3972 pmnituit
849 3915 993 3952 eum.
1042 3897 1244 3951 Audiat
1273 3895 1565 3951 clamorem
1598 3908 1780 3960 mane,
1804 3901 1859 3947 et
1888 3892 2008 3946 ulu-

423 3994 592 4047 latum
627 3991 678 4046 in
712 4000 952 4058 tempore
982 3987 1309 4052 meridiano,
1355 3987 1444 4057 qui
1477 4002 1590 4042 non
1616 4001 1704 4040 me
1737 3983 2012 4040 interfecit

423 4099 456 4136 a
498 4081 676 4144 vulva,
732 4089 789 4133 ut
826 4079 978 4133 fieret
1028 4077 1160 4132 mihi
1213 4088 1384 4131 mater
1429 4092 1546 4131 mea
1595 4076 1924 4147 sepulcrum,
1956 4084 2013 4132 et
2059 4089 2062 4092 ‘

411 4175 582 4227 ‘vulva
613 4171 729 4240 ejus
755 4180 1046 4238 conceptus
1067 4178 1301 4223 azternus
1330 4167 1542 4238 (Ibid.).
1579 4187 1596 4218 ι
1631 4166 1746 4222 Non
1771 4168 1879 4229 hic,
1897 4167 2012 4224 dies

431 4263 540 4325 illa,
591 4261 645 4315 in
683 4275 787 4330 qua
835 4266 993 4311 natus
1037 4267 1122 4311 est
1162 4257 1345 4320 homo,
1373 4256 1743 4321 maledicitur;
1769 4257 1860 4311 sed
1890 4271 2013 4325 pro-

431 4356 667 4426 speritas
692 4352 890 4423 potius,
927 4365 1031 4420 qua
1058 4349 1398 4404 lenocinante
1430 4350 1482 4403 in
1515 4357 1794 4420 peccatmn
1829 4348 2012 4419 lapsus

431 4455 534 4510 est,
563 4444 972 4501 condemnatur.
1019 4440 1074 4494 In
1123 4455 1228 4510 qua
1266 4439 1518 4494 videlicet
1555 4439 1640 4494 die
1672 4451 1725 4493 tu
1753 4439 2014 4509 quodam-~

437 4537 596 4594 modo
643 4534 933 4589 morereris
977 4533 1028 4585 in
1075 4531 1254 4596 vulva,
1282 4531 1326 4585 si
1355 4531 1423 4585 ab
1450 4546 1538 4595 ea,
1568 4545 1731 4600 quam
1767 4544 2012 4599 ceperas,

432 4632 543 4686 imo
573 4629 626 4683 in
651 4642 756 4698 qua
803 4623 941 4679 male
969 4623 1309 4689 nascebaris,
1336 4621 1632 4678 desisteres
1671 4621 1846 4692 culpa.
1879 4621 2013 4677 Cum

435 4736 488 4779 te
537 4720 786 4776 videlicet
835 4716 1021 4785 alieni,
1051 4724 1108 4772 et
1136 4732 1241 4771 non
1286 4716 1380 4770 filii
1407 4715 1716 4786 apostolica:
1740 4716 1884 4771 sedis
1915 4715 2015 4770 eli-

434 4823 646 4887 gerent,
677 4821 733 4866 et
777 4809 845 4863 ab
889 4823 952 4863 ea
998 4807 1196 4879 potius,
1234 4822 1394 4876 quam
1424 4807 1665 4871 tenebas,
1695 4807 1824 4862 sede
1855 4807 2018 4877 depo-

436 4895 648 4965 nerent,
695 4917 857 4972 quam
889 4899 955 4953 ad
1012 4899 1193 4962 aliam,
1240 4913 1345 4954 non
1369 4913 1464 4968 per
1488 4898 1774 4968 judicium,
1796 4899 1889 4954 sed
1921 4913 2019 4968 per

441 4995 723 5065 strepitum
754 5001 1160 5062 promoverent,
1193 4989 1332 5044 sicut
1362 4988 1622 5059 scriptum
1654 4999 1740 5044 est
1771 5005 1784 5042 :
1814 5007 1832 5040 ι
1857 4987 2014 5056 Deje-

439 5087 560 5141 cisti
591 5102 686 5140 eos
716 5086 842 5139 dum
873 5082 1237 5137 allevarentur
1267 5077 1440 5153 (Psal.
1492 5080 1687 5150 Lxxu).
1731 5099 1750 5132 ι
1784 5079 2022 5134 Saecula-

443 5192 526 5230 res
555 5192 583 5228 a
637 5175 913 5229 liminibus
964 5173 1218 5228 Ecclesia:
1247 5186 1586 5236 coercemus,
1643 5171 1736 5242 qui
1782 5169 2021 5226 dimissis

442 5266 700 5320 uxoribus
721 5265 972 5334 propriis,
1003 5264 1281 5319 extraneis
1307 5263 1669 5329 foederantur;
1695 5265 1788 5319 sed
1817 5273 2019 5333 quanto

440 5359 678 5413 deterius
701 5357 1021 5412 adulterium
1054 5358 1144 5414 ille
1171 5357 1481 5422 committit,
1499 5357 1590 5427 qui
1624 5357 1826 5427 absque
1856 5371 2020 5426 syno-

443 5449 549 5503 dali
598 5442 886 5508 Sententia.
943 5448 1130 5502 relicta
1170 5463 1287 5513 sua,
1342 5447 1502 5503 alieni
1533 5445 1673 5516 juris
1720 5447 2016 5502 Ecclesium

444 5554 594 5593 more
639 5538 909 5608 przedonis
964 5539 1205 5594 invadit?
1255 5538 1368 5593 Iloc
1415 5539 1738 5593 adulterium
1777 5539 2020 5608 deplorat

443 5633 723 5702 propheta,
770 5647 890 5687 cum
939 5631 1104 5686 dicit:
1144 5631 1500 5686 rContritum
1523 5640 1604 5685 est
1631 5647 1727 5686 cor
1756 5647 1932 5684 meum
1969 5632 2022 5684 in

446 5726 622 5780 medio
655 5724 778 5790 mei,
811 5735 864 5780 et
893 5732 1334 5779 contremuerunt
1378 5723 1556 5778 omnia
1592 5738 1714 5779 ossa
1747 5739 1885 5777 mea.
1923 5723 2026 5776 Fa-

2101 3272 2302 3327 siarum
2334 3310 2349 3335 ,
2408 3268 2620 3322 luxuria
2681 3263 2987 3320 venalitatis
3035 3261 3360 3318 extenditur.
3421 3258 3527 3314 Sed
3588 3258 3694 3312 hu-

2099 3361 2188 3433 jus
2241 3358 2493 3415 adulterii
2553 3356 2780 3411 dulcedo
2834 3355 2887 3409 in
2940 3362 3197 3423 quantam
3247 3359 3491 3406 vertatur
3537 3363 3692 3402 ama-

2105 3452 2436 3515 ritudinem,
2484 3448 2628 3502 illico
2677 3461 2782 3500 vox
2851 3444 3030 3500 divina
3089 3441 3406 3513 subjungit:
3443 3459 3461 3491 ι
3517 3439 3693 3503 Ecce,

2107 3542 2309 3612 inquit,
2371 3553 2470 3610 ego
2521 3535 2715 3592 cibabo
2761 3551 2854 3591 eos
2906 3535 3195 3596 absinthio,
3253 3541 3310 3587 et
3355 3531 3553 3602 potabo
3601 3541 3696 3584 eos

2105 3633 2232 3690 felle
2281 3631 2414 3701 (Jcr.
2460 3629 2559 3700 Ix).
2597 3647 2616 3681 ι
2662 3627 2770 3682 Fac
2820 3628 3022 3696 itaque,
3075 3623 3264 3690 frater,
3310 3625 3462 3695 juxta
3506 3637 3694 3678 vocem

2105 3725 2382 3797 propheta:
2431 3719 2702 3776 dicentis:
2745 3735 2764 3769 ι
2820 3717 3042 3781 Redite,
3093 3715 3564 3786 praevaricatores.
3626 3713 3695 3768 ad

2108 3809 2584 3884 cor(Isa.va1).
2635 3829 2654 3863 ι
2691 3807 2946 3873 Discute,
2993 3806 3253 3871 obsecro,
3306 3806 3696 3860 conscientiam

2109 3905 2221 3976 38
2259 3913 2422 3966 tuam,
2446 3909 2502 3957 et
2527 3900 2823 3970 prudenter
2866 3898 3138 3963 examina,
3168 3912 3274 3966 qua
3327 3897 3533 3966 quiete,
3587 3909 3698 3963 quo

2113 3993 2396 4066 refrigerio
2425 3991 2629 4061 potitus
2668 4006 2748 4053 es,
2783 4001 3071 4060 postquam
3113 3997 3166 4043 te
3215 3989 3341 4042 huic
3393 3985 3700 4059 periculoso

2113 4086 2349 4157 negotio,
2385 4093 2641 4154 tanquam
2697 4081 2937 4154 Scyllam:
2979 4081 3250 4152 voraginis
3296 4079 3548 4136 fluctibus
3596 4080 3699 4133 im-

2115 4177 2373 4234 tnersisti.
2406 4175 2782 4246 Dilapidantur
2813 4190 2921 4229 azra
2952 4174 3254 4244 cupidinis,
3307 4172 3703 4228 exhauriuntur

2117 4269 2270 4325 folles
2299 4267 2494 4323 diversi
2525 4266 2739 4337 generis
2774 4265 2992 4320 metallo
3039 4253 3351 4335 turgentes;
3411 4263 3704 4334 proﬂigan-

2117 4370 2207 4416 tur
2227 4363 2279 4414 in
2303 4373 2506 4414 cuneos
2530 4357 2762 4414 militum
2785 4357 3071 4427 eroganda:
3099 4355 3425 4426 pauperibus
3446 4355 3703 4410 Ecclesia:

2121 4449 2431 4506 facultates.
2479 4447 2811 4520 Cunctisque
2862 4448 3138 4520 subjectus
3196 4448 3582 4519 obtemperas,
3645 4456 3705 4500 ut

2120 4545 2332 4600 cunctis
2364 4545 2416 4597 in
2449 4542 2713 4614 dignitate
2752 4540 3048 4612 praecellas,
3083 4553 3132 4596 et
3189 4540 3413 4596 ambitio
3454 4540 3704 4594 domina-

2123 4632 2284 4687 tionis
2325 4629 2450 4700 jure
2486 4639 2539 4685 te
2589 4630 2862 4700 mancipat
2915 4629 3213 4684 servitutis.
3278 4628 3451 4684 Unum
3495 4639 3546 4683 te
3596 4643 3702 4682 non

2123 4721 2310 4785 lateat,
2341 4721 2467 4790 quia
2499 4720 2747 4790 quisquis
2792 4719 3046 4775 Ecclesia:
3079 4735 3177 4791 per
3221 4720 3564 4775 venalitatem
3618 4736 3706 4776 se-

2123 4813 2229 4868 mel
2253 4812 2555 4882 irrepserit,
2585 4812 2757 4866 donec
2793 4810 2864 4865 illi
2918 4810 3219 4881 praefuerit,
3278 4813 3547 4866 redimere
3594 4827 3701 4866 non

2123 4904 2384 4959 cessabit.
2407 4892 2560 4958 J'usto
2589 4903 2789 4973 quippe
2820 4903 2913 4957 Dei
2956 4903 3163 4973 judicio
3203 4904 3401 4974 agitur,
3442 4911 3502 4958 ut
3553 4891 3700 4973 quis-

2118 4998 2242 5066 quis
2309 4995 2546 5064 regimen
2627 4993 2881 5049 Ecclesia:
2947 4995 3278 5048 mmdinatus
3350 4995 3701 5066 aggreditur,

2119 5087 2316 5159 quietis
2344 5085 2427 5141 vel
2453 5085 2742 5155 opulentim
2767 5085 3110 5139 commodum
3134 5126 3149 5149 ,
3177 5085 3320 5157 quod
3367 5093 3702 5155 speraverat,

2122 5181 2188 5236 de
2232 5195 2330 5235 suo
2393 5178 2721 5234 connnercio
2767 5193 2872 5233 non
2927 5179 3186 5243 lucretur,
3239 5177 3333 5232 sed
3401 5175 3597 5231 sedens
3651 5175 3703 5229 in

2122 5273 2379 5330 cathedra
2410 5271 2731 5342 pestilentia:
2759 5270 2980 5327 fabriles
3007 5285 3223 5341 semper
3253 5267 3478 5324 malleos
3503 5278 3704 5335 versat,

2126 5375 2183 5421 et
2204 5365 2495 5420 immunda:
2524 5363 2856 5435 praelationis
2885 5364 3036 5419 rivus
3067 5377 3162 5433 per
3198 5360 3416 5416 sordida
3461 5377 3704 5416 convexa

2127 5457 2444 5521 decurrens,
2467 5455 2610 5510 unde
2639 5453 2884 5510 funestus
2907 5453 3173 5516 oboritur,
3200 5465 3298 5506 suo
3327 5465 3543 5519 semper
3573 5449 3706 5504 fonti

2129 5547 2469 5616 respondeat.
2517 5545 2805 5599 Enimvero
2852 5559 2974 5598 cum
3008 5542 3291 5612 religiosus
3338 5542 3570 5612 quisque
3625 5541 3709 5596 vir

2129 5636 2312 5690 subire
2344 5644 2449 5688 tam
2493 5634 2774 5692 laboriosa:
2813 5633 2956 5688 sedis
2979 5646 3117 5686 onus
3143 5632 3456 5696 abhorreat,
3491 5630 3711 5702 illicque

2131 5725 2386 5782 constitui
2438 5725 2524 5778 vix
2577 5725 2700 5780 ullis
2739 5725 3019 5779 hominum
3075 5724 3326 5794 precibus
3374 5722 3712 5793 acquiescat,
