4078 6202
415 320 513 391 ιιι

1575 346 1777 402 LIBER
1811 347 2090 416 PRIMUS,
2126 351 2343 408 EPIST.
2388 353 2503 411 XX.

3560 358 3678 414 ξιξ

412 469 512 510 cur
531 464 588 508 tu
615 467 756 509 onus
792 467 1047 533 onerum,
1092 463 1154 512 ut
1176 465 1397 515 sanctus
1422 459 1532 515 Leo
1576 476 1715 533 papa
1758 464 1992 533 dicebat,
2019 474 2069 532 Α
2098 467 2201 522 hoc
2227 477 2331 535 est,
2358 470 2449 540 qui
2491 486 2616 525 cum
2674 486 2725 526 .u
2770 487 2877 540 quo
2912 471 3001 528 ille
3040 481 3251 544 regnat,
3305 481 3361 527 et
3415 470 3665 543 imperat,

379 599 383 603 _
413 561 518 600 non
550 547 711 600 modo
736 560 841 599 non
866 562 1028 617 paras
1068 548 1345 621 aufugere‘,
1386 552 1481 607 sed
1510 553 1654 609 ultro
1680 554 1844 617 etiam
1870 572 1993 626 pre-

415 648 523 694 κε.
553 642 610 689 et
644 635 879 703 pretium
927 634 1204 693 oll‘erendo
1237 639 1397 695 anxie
1453 649 1506 697 te
1553 643 1768 699 conaris
1812 645 1991 700 intru-

413 725 577 780 dere?
603 725 673 782 Ut
703 725 909 795 liquido
930 727 1178 784 videatur
1205 730 1299 785 tibi
1320 732 1590 788 sententia
1618 733 1707 788 illa
1732 750 1995 806 coagme-

415 830 493 879 re,
524 820 687 884 quam
709 831 805 884 per
838 816 1177 874 Ezechielem
1214 820 1477 876 adversus
1494 819 1796 879 Jerusalem
1844 823 1990 880 divi-

380 919 515 959 nus
552 900 736 959 sermo
767 906 1127 973 pronuntiat:
1180 926 1200 960 ι
1248 908 1544 977 Omnibus,
1592 912 1696 977 ait,
1740 914 1994 970 meretri-

410 991 566 1046 cibus
591 992 788 1048 dantur
810 996 1120 1063 mercedes;
1156 1006 1212 1054 ιιι
1256 1008 1437 1056 autem
1477 1000 1673 1057 dedisti
1708 1004 1990 1061 mercedes

406 1083 625 1138 cunctis
651 1085 990 1141 amatoribus
1035 1087 1164 1143 tuis.
1215 1089 1274 1143 In
1303 1105 1370 1145 eo
1398 1092 1544 1147 enim
1600 1092 1745 1164 quod
1794 1086 1990 1152 dedisti

414 1173 711 1238 mercedes,
739 1183 796 1230 et
822 1177 1101 1233 mercedes
1125 1194 1233 1234 non
1254 1182 1535 1251 accepisti,
1579 1181 1783 1240 factum
1810 1193 1896 1241 est
1933 1186 1990 1242 in

411 1272 465 1318 te
492 1265 830 1321 contrarium
860 1266 1082 1336 (Each.
1109 1268 1245 1340 xvr).
1284 1290 1305 1323 ι
1335 1270 1626 1338 Praeterea,
1649 1274 1694 1329 si
1712 1289 1817 1331 eos
1848 1277 1990 1332 sacri

412 1368 648 1408 canones
675 1355 960 1412 haereticos
988 1366 1182 1413 notant
1208 1360 1299 1430 qui
1330 1375 1459 1417 cum
1489 1362 1732 1419 Romana
1748 1358 1991 1423 Ecclesia

412 1460 518 1513 ιιριι
568 1447 929 1513 concordant,
984 1464 1092 1520 qua
1146 1458 1201 1505 tu
1239 1450 1574 1520 judicaberis
1621 1456 1818 1527 dignus
1868 1474 1991 1515 esse

410 1536 699 1600 sententia,
734 1538 825 1608 qui
853 1538 956 1595 sibi
984 1542 1279 1605 resistenti,
1313 1552 1372 1599 et
1394 1544 1822 1604 obstinatissime
1847 1549 1991 1607 reluo

411 1626 603 1692 ctanti,
634 1642 740 1682 non
769 1638 976 1699 pastor,
1005 1632 1101 1688 sed
1135 1642 1396 1703 tyrannus
1432 1634 1731 1707 ingereris;
1760 1653 1991 1711 eamque

413 1732 573 1785 quam
599 1733 761 1789 supra
786 1729 992 1791 petram
1017 1723 1142 1778 ﬁdei
1178 1723 1371 1782 Petrus
1419 1728 1746 1797 pmdicator
1787 1733 1987 1798 erexit,

2094 575 2402 618 commoves
2430 563 2705 633 populum.
2740 564 3022 634 Sceptrum
3051 565 3172 622 Filii
3203 566 3293 621 Dei
3317 574 3401 621 est
3424 565 3666 621 Ecclesia

2094 654 2381 720 catholica,
2412 656 2526 710 ha-c
2552 668 2797 726 reginam,
2823 657 2937 711 haec
2960 664 3042 712 est
3069 669 3122 713 et
3152 658 3316 712 nostri
3340 655 3668 722 Redempto-

2066 741 2171 797 .ris
2198 742 2501 813 imperium,
2530 754 2691 813 quam
2719 755 2774 800 tu
2807 761 3024 801 movere
3067 749 3260 802 merito
3290 746 3515 811 diceris,
3540 744 3666 805 dum

2090 846 2211 886 cam
2232 846 2433 889 vexare
2464 844 2518 887 et
2557 837 2884 890 conturbare
2914 837 3210 891 contendis.
3261 836 3373 891 Non
3413 845 3498 891 est
3536 836 3666 891 mihi

2092 925 2426 995 propositum
2483 927 2756 996 propheta:
2815 929 2976 982 verba
3044 944 3191 983 more
3250 926 3671 983 commentantis

2091 1028 2385 1085 exponere,
2416 1025 2475 1071 ut
2501 1010 2725 1072 debeam
2777 1017 2844 1073 de
2887 1018 3049 1089 lignis
3096 1035 3332 1089 quoque,
3376 1017 3520 1073 unde
3546 1027 3672 1088 post

2092 1118 2278 1159 arcam
2312 1103 2424 1160 Noe
2464 1120 2607 1162 nunc
2650 1107 2946 1163 fabricatur
3000 1109 3277 1176 Ecclesia,
3330 1108 3606 1179 disputare
3650 1127 3664 1164 :

2091 1193 2320 1249 suiﬁciat
2341 1196 2473 1251 mihi
2501 1198 2765 1252 duntaxat
2806 1198 2895 1252 illa
2950 1202 3330 1272 perstringere,
3388 1214 3510 1269 quae
3563 1208 3670 1253 tum

2093 1281 2382 1338 videantur
2423 1287 2656 1341 vesanite
2707 1288 3016 1343 convenire.
3066 1288 3235 1344 Porro
3283 1297 3486 1352 autem,
3539 1289 3670 1359 quia

2092 1386 2319 1429 conatus
2346 1383 2469 1431 tuus
2498 1377 2601 1431 iste
2644 1393 2918 1447 nunquam
2970 1382 3251 1450 perveniet
3296 1383 3363 1436 ad
3392 1380 3666 1455 effectum,

2088 1463 2188 1517 sed
2211 1463 2502 1519 infaustum
2534 1474 2808 1536 postremo
2849 1469 3201 1525 concludetur
3230 1471 3282 1523 in
3329 1471 3566 1535 exitum;
3614 1478 3673 1524 et

2090 1552 2183 1622 qui
2207 1552 2469 1610 Romanis
2492 1556 2712 1611 arcibus
2750 1561 3014 1628 superbus
3058 1559 3350 1623 iuveheris,
3382 1561 3447 1613 ad
3495 1558 3669 1615 solmn

2088 1642 2369 1712 proprium
2425 1659 2548 1699 cum
2600 1646 2893 1717 ignominia
2943 1649 3271 1713 reverteris,
3339 1649 3459 1702 audi
3525 1648 3670 1718 quod

2090 1734 2357 1806 sequitur.
2408 1736 2543 1791 Nam
2602 1746 2885 1808 postquam
2938 1740 3114 1794 divina
3172 1753 3277 1794 vox
3330 1740 3407 1817 ait
3434 1738 3669 1811 (Ibid.):

415 1814 468 1857 tu
496 1819 632 1898 cum
650 1805 972 1898 satellitibus
997 1807 1216 1866 Satanae
1236 1826 1409 1885 novus
1429 1813 1701 1884 praaliator
1751 1818 1989 1879 evertis?
2017 1823 2065 1883 Β
2096 1840 2117 1875 ι
2159 1805 2369 1889 Macro,
2404 1805 2616 1889 mucro,
2637 1805 2862 1898 evagina
2906 1837 2957 1882 te
3002 1829 3072 1881 ad
3092 1805 3480 1893 occidendum;
3540 1805 3668 1880 lima

413 1903 464 1948 et
510 1902 569 1949 ut
621 1896 947 1953 immeritum
980 1901 1215 1969 pastoris
1267 1918 1465 1960 nomen
1509 1905 1792 1974 obtineas,
1818 1908 1991 1980 ipsam

418 1984 787 2053 confundere;
802 2002 868 2043 ac
892 1988 1192 2047 dilacerare
1214 2007 1472 2062 pascuam
1514 2011 1640 2053 cum
1673 1997 1789 2054 suis
1815 1982 1993 2071 gregi-

415 2076 519 2132 bus
539 2092 643 2132 non
672 2078 971 2136 formidas?
997 2081 1105 2151 Sed
1135 2084 1262 2139 audi
1290 2085 1420 2155 quid
1452 2086 1548 2143 tibi
1578 2089 1795 2160 tuisque
1836 2090 1988 2147 sitni-

414 2163 556 2221 libus
577 2165 839 2224 Dominus
860 2184 957 2240 per
980 2173 1300 2242 prophetam
1326 2174 1473 2231 dicat
1502 2194 1517 2230 :
1561 2195 1581 2229 ι
1621 2175 1712 2235 Va:
1752 2180 1991 2249 pastori-

413 2259 511 2310 b'IS
554 2257 644 2327 qui
700 2258 1021 2329 disperdunt
1073 2272 1124 2318 et
1171 2265 1475 2321 dilacerant
1514 2283 1735 2340 gregem
1774 2284 1993 2340 pascua:

418 2361 570 2412 mete,
602 2347 728 2403 dicit
757 2349 1033 2407 Dominus.
1075 2352 1200 2408 Ideo
1230 2355 1345 2412 haec
1373 2356 1505 2412 dicit
1549 2357 1812 2417 Dominus
1849 2359 1992 2416 Deus

415 2431 578 2490 Israel
624 2438 692 2493 ad
737 2448 989 2509 pastores
1037 2443 1127 2512 qui
1176 2453 1406 2514 pascunt
1454 2446 1710 2519 populum
1763 2462 1988 2505 meum:

416 2523 519 2581 Vos
558 2528 893 2599 dispersistis
917 2547 1137 2603 gregem
1179 2550 1380 2601 meum,
1410 2546 1467 2595 et
1493 2539 1889 2617 ejecistis_eos,
1936 2550 1994 2596 et

413 2634 517 2671 non
545 2619 808 2678 visitastis
832 2638 957 2689 eos;
985 2639 1114 2681 ecce
1141 2641 1242 2696 ego
1273 2627 1502 2683 visitabo
1525 2644 1688 2700 super
1706 2645 1804 2685 vos
1832 2630 1991 2687 mali-

413 2714 540 2768 tiam
565 2716 869 2772 studiorum
899 2728 1202 2775 vestrorum
1232 2720 1368 2792 (Jer.
1400 2721 1581 2791 χχιιι).
1618 2743 1640 2776 ι
1670 2722 1782 2779 Hoc
1809 2732 1991 2779 autem

413 2807 553 2873 quod
586 2817 640 2860 tu
666 2823 810 2863 nunc
846 2809 1080 2877 moliris,
1113 2827 1220 2867 non
1245 2823 1329 2869 est
1364 2829 1587 2885 gregem
1616 2814 1829 2869 Domini
1861 2816 1992 2871 visi-

413 2904 549 2963 tare,
586 2897 680 2951 sed
725 2899 905 2966 potius
943 2900 1117 2956 instar
1151 2903 1423 2973 prtedonis
1469 2919 1534 2959 ac
1578 2904 1732 2969 furis,
1764 2904 1994 2975 perdere

412 3000 466 3043 et
491 2996 750 3047 mactare.
810 2991 965 3048 Sicut
1018 2992 1072 3049 in
1129 2995 1422 3065 Evangelio
1471 2994 1732 3051 Dominus
1784 2995 1918 3051 dicit
1975 3013 1989 3049 :

418 3097 435 3128 ι
468 3078 578 3133 Fur
599 3095 708 3135 non
731 3082 881 3138 venit
906 3082 1009 3138 nisi
1038 3094 1097 3138 ut
1122 3082 1353 3151 foretur,
1389 3093 1444 3140 et
1469 3094 1695 3151 mactet,
1719 3092 1775 3140 et
1800 3084 1995 3156 perdat

415 3168 597 3239 (Joan.
643 3171 724 3240 ι).
767 3190 789 3225 ι

482 3261 737 3332 Nunquid
784 3261 855 3317 ad
885 3261 993 3317 hoc
1028 3271 1192 3320 natus
1222 3279 1305 3331 es,
1348 3277 1409 3320 ut
1447 3266 1712 3323 mundum
1749 3266 1808 3323 in
1848 3266 1992 3323 bella

416 3352 720 3411 concutias,
759 3346 1131 3414 apostolorum
1175 3344 1392 3401 labores
1432 3356 1486 3401 et
1527 3363 1693 3421 opera
1732 3350 2000 3417 destruat,

414 3451 691 3511 totamque
735 3438 940 3495 Christi
980 3436 1316 3503 Ecclesium,
1368 3447 1494 3503 tua,
1546 3441 1706 3498 unius
1751 3442 2002 3500 videlicet

413 3534 687 3597 hominis,
734 3530 1031 3587 ambitione
1088 3528 1435 3584 confundas?
1472 3539 1541 3583 .et
1602 3532 1718 3585 haec
1770 3530 2002 3590 fortasse

413 3622 648 3678 turbatio
682 3622 757 3677 tui
796 3621 1034 3676 nominis
1071 3628 1154 3675 est
1199 3620 1466 3675 intentata
1506 3621 1790 3692 przesagio.
1834 3622 2002 3680 Cada-

409 3716 525 3771 lous
551 3715 753 3785 quippe
782 3713 1016 3768 vocaris.
1040 3712 1288 3783 (Consule
1307 3711 1522 3768 Scholia
1548 3713 1618 3766 ad
1647 3713 1841 3769 calcem
1870 3731 2003 3784 opu-

391 3791 585 3875 ἐειιιί.)
620 3806 688 3860 Ει
720 3805 894 3874 prima
934 3803 1150 3874 quidem
1188 3818 1313 3873 pars
1351 3802 1512 3871 hujus
1550 3804 1786 3859 nominis
1818 3807 1998 3862 mani-

409 3897 542 3953 feste
564 3897 847 3951 denuntiat
870 3910 1081 3958 casum,
1109 3895 1347 3951 secunda
1377 3894 1657 3965 populum,
1681 3897 1801 3960 λαὸς
1827 3898 1997 3969 siqui.

406 3993 525 4048 dem
558 3988 780 4054 Graece,
821 3987 1015 4042 Latine
1056 3984 1308 4056 populant
1356 3996 1535 4041 sonat.
1582 3987 1649 4040 Et
1685 3990 1814 4057 quid
1851 3988 1997 4045 aliud

408 4084 460 4137 in
511 4083 617 4138 hoc
668 4080 998 4152 exprimitur
1048 4078 1310 4144 nomine,
1366 4078 1469 4133 nisi
1523 4079 1666 4147 quod
1716 4073 2045 4150 Scriptura“

405 4179 537 4233 dicit
571 4175 790 4248 (Ezech.
827 4174 926 4246 vn)
959 4192 972 4229 :
1004 4172 1141 4243 Quia
1174 4173 1424 4229 videlicet
1466 4174 1619 4228 ruina
1655 4176 1836 4246 populi
1867 4180 2002 4232 sttnt'

404 4271 714 4326 sacerdotes
742 4268 906 4337 mali?
940 4267 1053 4323 Hoc
1091 4267 1275 4339 itaque
1313 4268 1500 4331 modo,
1537 4268 1627 4337 qui
1661 4277 1867 4324 sancta:
1892 4270 1998 4326 Ec-

403 4365 581 4418 eles':e
610 4361 791 4417 fueras
823 4360 992 4425 illius,
1024 4360 1286 4414 adversus
1316 4374 1436 4413 eam
1468 4358 1646 4414 factus
1673 4374 1734 4414 es
1757 4359 1989 4428 gladius.

2017 3166 2064 3229 C

2094 1922 2149 1969 te
2176 1923 2237 1969 ιιι
2277 1915 2573 1973 interficias
2609 1928 2665 1973 et
2721 1918 2949 1989 fulgeas:
2981 1938 3001 1970 ι
3036 1919 3194 1989 paulo
3227 1927 3351 1988 post
3381 1917 3624 1985 sequitur
3651 1935 3665 1973 :

2096 2024 2117 2059 ι
2163 2007 2457 2065 Revertere
2480 2009 2547 2064 ad
2576 2011 2825 2080 vaginam
2866 2020 3015 2067 tuam
3046 2052 3060 2071 .
3113 2011 3166 2066 in
3224 2010 3399 2066 locmn
3460 2011 3513 2066 in
3563 2025 3674 2080 qu.)

2091 2089 2414 2154 creatuses.
2446 2098 2503 2154 In
2553 2109 2696 2156 terra
2748 2102 3046 2157 nativitatis
3078 2109 3183 2157 [me
3223 2100 3478 2170 judicabo
3510 2111 3581 2167 te,
3615 2109 3671 2155 et

2090 2185 2364 2243 effundam
2411 2204 2573 2261 super
2605 2200 2657 2245 te
2685 2190 3111 2261 indignationem
3153 2194 3359 2254 meam,
3389 2197 3444 2244 et
3490 2191 3669 2259 ignem

2092 2274 2293 2334 furoris
2317 2279 2425 2335 mei
2461 2277 2685 2335 suﬁlabo
2725 2279 2781 2334 in
2828 2288 2896 2335 te.
2941 2299 2959 2331 ι
3015 2279 3191 2336 Habes
3236 2296 3377 2334 nunc
3440 2279 3667 2333 forsitan

2091 2367 2332 2432 mitram,
2384 2367 2573 2434 habes,
2624 2367 2779 2438 juxta
2830 2382 3035 2424 morem
3086 2370 3314 2425 Romani
3375 2368 3666 2439 pontificis,

2093 2454 2315 2511 rubrum
2348 2471 2606 2528 cappam;
2634 2472 2769 2513 cave
2790 2472 2860 2513 nc
2882 2458 3022 2513 hanc
3053 2459 3338 2513 adversum
3368 2468 3419 2512 tc
3458 2466 3671 2512 senten-

2092 2546 2223 2602 tiam
2250 2547 2466 2604 divinus
2485 2564 2583 2619 per
2622 2550 2872 2605 eumdem
2898 2550 3213 2622 prophetam
3255 2565 3436 2605 sermo
3477 2550 3669 2605 decer-

2093 2644 2230 2693 nat:
2283 2658 2305 2691 ι
2355 2639 2437 2694 Tu
2483 2649 2704 2706 autem,
2750 2641 3009 2712 profane,
3056 2641 3220 2710 impie
3288 2641 3396 2695 dux
3463 2639 3666 2701 lsrael,

2063 2727 2246 2799 -cujus
2282 2728 2432 2784 venit
2460 2728 2577 2785 dies
2617 2729 2674 2784 in
2726 2738 2969 2800 tempore
3018 2730 3318 2799 iniquitatis
3368 2728 3665 2800 prrefiuita;

2093 2819 2208 2874 haec
2238 2819 2369 2875 dicit
2403 2817 2666 2877 Domin‘us
2693 2812 2835 2877 Deus
2867 2839 2881 2877 :
2913 2820 3082 2878 A‘ufer
3126 2822 3381 2883 cidarim.
3412 2822 3539 2877 tolle
3582 2836 3667 2875 co-
3766 2896 3769 2897 ν

2091 2927 2314 2980 ronam;
2355 2928 2532 2969 nonne
2562 2916 2677 2972 haec
2702 2924 2809 2979 est,
2841 2930 2962 2986 quae
2983 2914 3235 2970 humilem
3257 2912 3579 2977 sublevavit,
3612 2919 3667 2967 et

2091 3003 2376 3060 sublimem
2400 3005 2700 3061 humiliavit
2713 3006 2764 3076 (1
2769 3004 2901 3077 bid.)
2915 3007 2968 3061 ἲ»
2984 3006 3061 3062 A‘c
3081 3006 3127 3061 si
3145 3012 3389 3076 patenter
3400 2999 3665 3064 enuntiet,

2091 3095 2218 3166 quia
2241 3094 2489 3170 quisquis
2528 3096 2597 3151 ad
2650 3096 2792 3152 hanc
2833 3095 3085 3161 cidarim,
3137 3094 3221 3149 vel
3277 3089 3666 3149 sacerdotalem

2093 3199 2353 3241 coronam
2391 3194 2711 3257 arroganter
2755 3185 2990 3247 anhelat.
3014 3186 3138 3257 jure
3180 3184 3540 3254 deprimitur:
3574 3183 3666 3253 qui

2092 3283 2274 3331 autem
2307 3275 2583 3345 indignum
2611 3289 2672 3331 se
2700 3274 3003 3331 vociferans
3042 3273 3235 3337 renuit,
3263 3274 3460 3328 merito
3498 3271 3666 3326 subli-

2092 3374 2293 3421 matur.
2323 3365 2547 3420 Multum
2586 3379 2719 3421 sane
2763 3364 3017 3430 Iretitlcat,
3068 3365 3213 3435 quod
3267 3361 3574 3431 hujusmodi
3615 3369 3669 3415 te

2093 3453 2374 3524 pontifices
2398 3453 2695 3525 elegerunt,
2726 3452 3070 3508 Placentinus
3096 3453 3347 3508 videlicet
3368 3462 3425 3505 et
3444 3449 3665 3505 Vercel-

2094 3544 2254 3607 linus,
2290 3544 2380 3613 qui
2419 3544 2673 3598 nimirum
2731 3543 2957 3598 multum
3007 3542 3203 3613 petulci
3258 3557 3323 3598 ac
3369 3540 3662 3611 proletarii,
3748 3534 3753 3537 ’

2090 3635 2233 3690 sicut
2272 3642 2472 3689 norunt
2516 3634 2792 3704 disputare
2842 3636 2908 3690 de
2960 3635 3140 3703 specie
3182 3633 3528 3698 letuinarum,
3584 3632 3665 3686 sic

2092 3726 2300 3781 utinam
2350 3726 2652 3796 potuissent
2681 3726 2734 3780 in
2785 3727 3032 3797 eligendo
3074 3725 3326 3797 pontifice
3375 3724 3664 3794 perspicax

2084 3817 2292 3875 habere
2312 3814 2594 3885 judicium.
2640 3817 2778 3873 Ecca
2827 3817 3022 3873 iterum
3071 3816 3180 3872 duo
3224 3830 3384 3870 senes
3435 3815 3533 3880 illi,
3589 3814 3660 3868 de

2090 3908 2285 3977 quibus
2311 3907 2524 3965 locutus
2571 3917 2657 3964 est
2709 3908 2971 3964 Dominus
3013 3927 3027 3962 :
3070 3928 3090 3959 ι
3123 3907 3259 3975 Quia
3309 3920 3523 3977 egressa
3580 3915 3667 3960 est

2086 3996 2348 4067 iniquitas
2367 3997 2433 4052 de
2463 3997 2734 4069 Babylone
2754 4014 2783 4052 a
2811 3998 3034 4055 senibus
3053 3997 3343 4069 iudicibus,
3371 3998 3462 4066 qui
3490 3995 3664 4050 svide-

2087 4085 2288 4141 bantur
2309 4102 2495 4158 regere
2523 4086 2776 4158 populum
2802 4087 2966 4159 (Dan.
3015 4088 3164 4159 xui).
3204 4107 3223 4139 ι
3276 4088 3415 4142 Ecce
3467 4087 3662 4141 ltermn

2091 4172 2335 4229 Susanna
2364 4176 2417 4229 in
2443 4175 2708 4246 judicium
2736 4188 2991 4232 accusata
3020 4175 3338 4248 producitur
3364 4194 3378 4230 :
3410 4190 3541 4231 ecce
3568 4175 3667 4230 fal-

2088 4278 2209 4320 sum
2233 4265 2508 4324 innocenti
2528 4267 2735 4324 crimen
2765 4268 3084 4334 intenditur,
3106 4277 3160 4325 et
3182 4268 3667 4339 sanguisinnoxius

2086 4356 2502 4415 condemnatur.
2562 4356 2669 4414 Sed
2726 4358 2965 4428 nunquid
3024 4359 3199 4415 deerit
3236 4358 3401 4414 etiam
3456 4357 3668 4421 Daniel,

400 4455 508 4526 39
529 4454 596 4509 Ει
634 4452 776 4508 forte
818 4459 871 4505 tu
899 4451 986 4504 ille
1017 4466 1078 4506 es
1102 4448 1315 4521 gladius
1350 4449 1416 4504 de
1439 4464 1548 4518 quo
1575 4448 1825 4504 Ezechiel
1862 4466 1991 4519 pro-
2014 4501 2064 4526 “
2089 4447 2244 4517 cujus
2308 4458 2528 4520 repente
2600 4449 2827 4519 spiritus
2890 4450 3185 4505 suscitetur
3211 4489 3227 4511 ,
3298 4449 3666 4517 falsorumque

400 4548 561 4614 pheta
587 4544 720 4599 dicit
751 4560 765 4598 :
795 4563 814 4594 ι
847 4530 1093 4607 Gladius,
1122 4541 1331 4609 gladius
1359 4550 1620 4596 exacutus
1646 4550 1732 4596 cst
1757 4551 1814 4596 et
1839 4543 1996 4597 lima-

402 4650 487 4693 tus
514 4636 736 4707 (Ezeelt.
767 4635 905 4706 XXI).
943 4653 963 4687 ι
997 4633 1109 4689 Cur
1142 4642 1322 4688 autem
1355 4632 1462 4687 duo
1497 4633 1611 4687 haec
1650 4633 1752 4688 iste
1780 4633 1993 4703 gladius

400 4730 627 4790 habeat,
662 4727 765 4781 hoc
802 4735 915 4789 est,
959 4733 1017 4778 ut
1053 4724 1272 4778 limatus
1313 4723 1385 4777 sit
1417 4731 1476 4779 et
1507 4731 1728 4787 acutus,
1769 4733 1990 4781 secutus

396 4815 615 4885 exponit
671 4830 685 4867 :
732 4832 751 4864 ι
800 4810 867 4867 Ut
917 4812 1116 4873 caedat,
1170 4811 1372 4879 iuqttit,
1425 4810 1676 4865 victimas
1725 4827 1991 4867 cxacutus

381 4915 505 4970 'est,
548 4914 610 4958 ut
645 4904 929 4975 splendeat
967 4902 1184 4957 limatus
1217 4910 1304 4972 est
1338 4899 1549 4973 (lbid.).
1585 4922 1605 4952 ι
1640 4900 1825 4957 Nonne
1852 4903 1906 4956 iu
1935 4913 1989 4957 te

396 4998 649 5053 videntur
668 4996 773 5050 ista
801 5009 1121 5065 congruere,
1151 4993 1243 5063 qni
1272 4992 1522 5048 videlicet
1552 5000 1611 5047 ιιι
1633 4993 1782 5048 solus
1805 4994 1987 5050 valeas

394 5091 659 5160 dignitate
690 5085 1007 5156 splendere,
1044 5094 1212 5139 totum
1247 5099 1472 5154 regnum
1510 5083 1724 5139 laboras
1760 5083 1813 5138 in
1842 5099 1985 5154 pra:-

394 5180 552 5246 lium,
580 5177 729 5233 velut
755 5175 1047 5233 occisionis
1069 5175 1316 5231 victimas
1348 5174 1714 5246 congregare?
1742 5175 1849 5230 Sed
1882 5175 1983 5229 ad-

393 5275 496 5329 huc
526 5272 653 5327 audi
680 5272 824 5339 quod
863 5279 1063 5340 praesto
1092 5268 1365 5341 subiungit
1389 5266 1580 5341 (lbid.)
1616 5286 1629 5322 :
1672 5286 1692 5320 ι
1728 5267 1831 5335 Qui
1863 5285 1981 5325 mo-

392 5381 485 5421 ves
516 5374 797 5436 sceptrum
836 5362 931 5416 lilii
974 5362 1078 5417 mei
1099 5402 1114 5427 ,
1149 5362 1429 5418 suecidisti
1464 5375 1627 5437 otune
1661 5360 1888 5430 lignum,
1925 5369 1983 5417 et

395 5461 515 5515 dedi
545 5475 676 5517 eum
705 5461 774 5515 ad
809 5458 1172 5531 levigandum,
1198 5466 1259 5513 ut
1283 5466 1534 5514 teneatur
1558 5474 1739 5513 manu.
1774 5476 1794 5508 ι
1824 5458 1981 5514 Dein-

391 5555 456 5607 de
485 5553 735 5622 sequitur
764 5569 779 5606 :
818 5570 837 5604 ι
871 5551 981 5608 Iste
1012 5560 1277 5608 exacutus
1304 5554 1396 5607 est
1422 5549 1661 5623 gladius,
1693 5559 1749 5605 et
1779 5550 1826 5605 is
1849 5565 1880 5604 e
1909 5549 1977 5606 li.

392 5654 570 5700 matus
606 5652 720 5709 est,
751 5654 812 5699 ut
845 5644 919 5700 sit
953 5644 1008 5699 iu
1048 5659 1210 5698 manu
1249 5642 1639 5700 interﬁcientis.
1683 5662 1705 5694 ι
1742 5640 1820 5695 Τιι
1851 5656 1975 5711 ιιιι)⁴

394 5733 556 5799 lecto,
571 5744 628 5788 ιιι
651 5734 739 5790 ille
756 5750 816 5790 es
841 5735 1071 5804 gladius,
1093 5735 1184 5805 qui
1206 5734 1326 5792 Filii
1348 5733 1440 5791 Dei
1465 5748 1650 5791 nmves
1668 5741 1968 5803 sceptrum.

562 5878 605 5890 ρ

2056 4788 2061 4795 ,
2086 4719 2251 4791 pheta

2090 4539 2309 4595 testium
2350 4540 2617 4609 nequitias
2682 4539 3014 4595 ulciscatur?
3066 4540 3255 4595 Aderit
3303 4539 3523 4607 utique,
3572 4537 3675 4590 ad—

2089 4626 2380 4696 erit_vcrus
2410 4628 2499 4684 ille
2554 4629 2637 4682 vir
2677 4628 3097 4692 desideriorum,
3123 4628 3193 4683 de
3219 4641 3328 4695 quo
3361 4625 3489 4679 dicit
3542 4638 3667 4692 pro—

2302 4736 2317 4774 :
2364 4737 2384 4772 ι
2428 4720 2571 4776 Ecce
2611 4721 2789 4776 veniet
2845 4720 3185 4776 desideratus
3234 4725 3445 4774 cunctis
3488 4714 3662 4785 gentio

2085 4808 2188 4866 bus
2242 4810 2443 4881 (Aggtet'
2491 4809 2577 4879 ιι).
2624 4830 2643 4862 ι
2681 4811 2901 4877 Aderit,
2937 4810 3193 4879 inquam,
3246 4807 3517 4878 potentior
3572 4804 3663 4859 ille

2084 4902 2196 4976 ω
2218 4902 2443 4968 Daniel,
2468 4904 2559 4974 qui
2591 4912 2646 4958 et
2674 4903 2869 4973 impios
2894 4918 3052 4957 senes
3080 4916 3360 4973 perperam
3389 4898 3663 4966 judicasse

2090 4995 2401 5060 convincat,
2429 5003 2486 5050 et
2515 4995 2816 5051 Susaunam
2849 5003 3088 5048 nostram
3115 4993 3184 5046 ab
3211 4989 3421 5059 injustas
3443 4996 3664 5044 senten-

2089 5088 2163 5143 tia
2208 5088 2572 5144 damnationis
2620 5088 2884 5143 absolvat.
2924 5087 3000 5141 Dc
3037 5085 3191 5155 cujus
3220 5082 3502 5153 repentino
3529 5080 3667 5152 judi-

2089 5178 2175 5234 cio
2202 5178 2340 5233 alius
2368 5180 2628 5250 propheta
2647 5179 2814 5233 dicit:
2844 5196 2862 5228 ι
2896 5177 3036 5233 Ecce
3066 5177 3226 5232 turbo
3254 5174 3549 5231 ῐὶοιιιίιιίοιιι
3577 5174 3665 5228 in-

2086 5269 2415 5341 dignationis
2434 5271 2762 5340 egredietur,
2784 5278 2841 5324 et
2867 5279 3163 5338 tempestas
3191 5282 3481 5347 erumpens
3503 5279 3667 5336 super

2088 5370 2252 5431 eaput
2272 5362 2556 5430 impiorum
2579 5362 2759 5417 veniet
2791 5380 2804 5415 :
2838 5378 2943 5416 non
2977 5371 3278 5417 revertetur
3301 5359 3454 5414 furur
3484 5357 3663 5413 Domi.

2089 5451 2145 5506 ni
2174 5464 2343 5519 usque
2370 5449 2497 5504 dum
2523 5451 2705 5515 faciat,
2733 5461 2789 5506 et
2816 5467 2987 5522 usque
3014 5452 3140 5505 dum
3170 5450 3441 5518 compleat
3460 5447 3665 5518 cogita-

2091 5542 2292 5596 tionem
2338 5540 2515 5595 cordis
2566 5540 2648 5594 sui
2675 5540 2809 5611 (Jer.
2838 5542 3016 5610 unt).
3053 5560 3071 5594 ι
3119 5539 3279 5595 Salva
3316 5540 3473 5608 plane
3502 5537 3662 5605 digna

2090 5631 2393 5688 reverentia
2436 5629 2651 5700 regibus
2704 5632 2906 5687 nostris
2958 5629 3192 5700 (consule
3228 5628 3436 5692 δώσω,
3466 5624 3663 5694 quibus

2089 5724 2433 5795 utiquc'sive
2480 5739 2578 5795 pro
2625 5740 2808 5790 sexus,
2853 5726 2964 5780 sive
3004 5738 3106 5794 pro
3142 5722 3319 5779 anatis
3344 5719 3663 5775 inﬁrmitate
