4078 6202
371 316 479 374 245

872 322 930 385 S,
970 323 1174 383 PETRI
1213 327 1495 385 DAMIANI
1534 332 1684 389 OPP.
1720 333 1897 389 PARS
1941 332 2072 391 SEU
2113 333 2349 391 TOMUS
2387 337 2429 391 l.
2466 365 2537 377 —
2562 327 2777 396 EPIST.
2804 339 2934 396 LIB.
2968 339 3082 397 Vlll

3525 343 3634 399 ιιι

375 435 580 507 subripi
627 440 838 506 potuit:
871 448 1067 507 praeter
1094 441 1260 507 'illos,
1314 444 1621 515 quicunque
1677 455 1729 501 te
1752 449 1818 501 ad
1850 448 1952 503 hoc
1983 452 2029 509 Α
2058 453 2174 501 tate
2198 447 2554 517 plectendus?
2588 450 2782 506 Ulrum
2823 451 2931 516 ille,
2959 452 3049 520 qui
3081 453 3220 507 sacri
3252 451 3442 507 altaris
3463 452 3636 507 lucer-

371 527 632 599 ﬂagitium
672 531 1029 600 impulerunt,
1070 534 1165 589 filii
1212 535 1453 605 Caiphae,
1495 540 1842 609 primogeniti
1876 541 1956 595 di-

372 621 527 675 cendi
559 630 685 676 sunt
710 622 945 689 Satante,
975 625 1249 694 adjutores
1267 629 1607 693 Antichristi,
1656 634 1955 688 adversarii

376 712 641 766 veritatis.
673 713 857 783 Itaque
886 714 1018 769 libet
1045 715 1447 781 exclamare:0
1473 721 1701 777 coelum!
1731 738 1765 777 ο
1789 726 1949 779 terra!

374 817 495 855 cum
512 798 705 870 quibus
728 804 1005 859 scilicetet
1028 808 1209 862 omnia
1229 809 1495 866 turbanda
1520 822 1645 867 sunt
1665 812 1953 870 elementa.

374 889 418 942 0
466 891 726 959 tragadia
757 893 1007 949 omnibus
1049 906 1177 950 ante
1224 913 1322 952 nos
1348 900 1557 955 sarculis
1589 901 1862 956 inaudita!
1898 913 1957 958 ut

377 982 586 1038 alienus
610 985 916 1056 episcopus,
945 991 1162 1059 propria
1180 992 1310 1046 sede
1326 1005 1653 1064 contempta,
1675 997 1955 1066 ignorante

370 1073 500 1140 Deo,
552 1076 826 1131 nesciente
879 1078 1060 1144 Petro,
1106 1083 1383 1138 nesciente
1410 1083 1653 1140 Romana
1690 1087 1951 1152 Ecclesia,

372 1183 537 1238 super
582 1170 877 1225 Romanam
908 1174 1276 1230 constituatur
1318 1177 1657 1232 Ecclesiam?
1701 1189 1756 1233 et
1809 1181 1953 1249 quod

372 1277 476 1315 non
528 1261 632 1317 fert
667 1263 904 1318 Ecclesia
939 1266 1224 1335 cujuslibet
1250 1268 1450 1322 infima:
1485 1270 1784 1339 dignitatis,
1833 1287 1956 1341 per-

370 1353 513 1406 ferat
539 1353 650 1416 illa,
682 1369 801 1422 qum
828 1364 1000 1409 mater
1027 1366 1111 1411 est
1131 1365 1187 1411 et
1220 1358 1476 1428 magistra
1505 1358 1667 1413 totius
1690 1360 1955 1414 Christia-

371 1456 452 1494 nae
483 1440 800 1511 religionis?
827 1442 931 1497 Sed
956 1444 1224 1514 quispiam
1251 1444 1501 1501 fortassis
1540 1447 1783 1518 ohjiciat,
1811 1449 1954 1504 inor-

369 1529 567 1583 diuata:
596 1530 723 1586 huic
766 1532 1097 1588 ordinationi
1136 1535 1372 1604 aliquem
1417 1535 1731 1593 interfuisse
1756 1538 1954 1593 [torna-

370 1634 518 1673 num.
567 1620 866 1677 Erubescat
908 1625 976 1678 ad
1030 1624 1146 1679 hmc
1191 1625 1371 1693 lingua
1398 1627 1732 1695 phrenetica,
1756 1637 1811 1682 et
1836 1643 1955 1698 quae

369 1712 544 1765 nescit
579 1727 699 1766 esse
754 1713 1006 1779 facunda,
1058 1717 1232 1773 discat
1283 1734 1405 1773 esse
1439 1720 1520 1774 vel
1556 1730 1703 1774 mnta
1736 1740 1749 1776 :
1781 1721 1954 1776 nescit

367 1802 569 1874 aliquid
620 1808 825 1863 utiliter
881 1810 1094 1876 dicere‘,
1151 1813 1289 1867 sciat
1346 1813 1537 1868 saltem
1596 1815 1711 1869 sine
1753 1815 1953 1869 damno

368 1902 571 1949 tacere.
614 1896 878 1952 Nimirum
920 1914 1041 1953 cum
1091 1900 1287 1956 electio
1329 1902 1416 1956 illa
1447 1918 1545 1973 per
1570 1904 1949 1973 episcoporum

365 1984 724 2040 cardinalium
742 1986 857 2042 fieri
877 1990 1069 2044 debeat
1092 1992 1690 2062 principalejmlicium,
1715 1995 1952 2049 secundo

367 2071 487 2128 loco
505 2072 629 2141 jure
671 2077 912 2144 praebeat
938 2078 1115 2135 clerus
1161 2096 1464 2147 assensum,
1492 2085 1649 2138 tertio
1677 2084 1952 2154 popularis

365 2161 520 2217 favor
565 2165 776 2221 attollat
822 2169 1137 2238 applausum
1167 2188 1180 2224 :
1213 2173 1398 2243 sicque
1447 2176 1820 2244 suspendenda
1867 2186 1952 2232 est

364 2266 550 2318 causa,
583 2269 753 2324 usque
773 2256 900 2310 dum
946 2258 1107 2329 regiae
1136 2259 1474 2318 celsitudinis
1510 2264 1827 2319 consulatur
1852 2281 1948 2320 au-

365 2344 597 2399 ctoritas
630 2362 642 2397 :
675 2346 800 2410 nisi,
833 2347 973 2403 sicut
1007 2364 1177 2418 nuper
1205 2351 1463 2421 contigit,
1494 2353 1792 2421 periculum
1835 2353 1949 2409 for-

369 2433 534 2486 tassis
578 2433 887 2497 immineat,
937 2440 1078 2506 quod
1119 2454 1233 2494 rem
1273 2443 1598 2515 quantocius
1645 2443 1952 2500 accelerare

368 2521 675 2590 compellat.
694 2523 862 2579 Porro
888 2536 1068 2580 autem
1099 2527 1240 2582 sicut
1262 2529 1508 2586 diabolus
1534 2532 1716 2588 divino
1744 2534 1950 2589 nomini

365 2608 631 2679 pluralem
688 2628 970 2668 numerum
1030 2615 1258 2683 indidit,
1310 2628 1370 2674 ut
1409 2620 1614 2677 diceret
1668 2624 1879 2679 mulieri
1930 2640 1943 2676 :

372 2720 391 2753 ι
430 2703 596 2759 Eritis
642 2705 785 2760 sicut
811 2707 905 2773 dii,
959 2708 1195 2766 scientes
1245 2712 1444 2768 bonum
1474 2726 1529 2771 et
1564 2717 1762 2771 malum
1791 2718 1952 2789 (Gen.

370 2795 489 2865 tu);
528 2814 547 2848 ι
581 2795 652 2850 ita
682 2806 734 2851 tu
765 2800 1241 2868 grammaticorum
1283 2804 1483 2876 regulis
1523 2822 1722 2862 novum
1746 2809 1948 2880 aliquid

374 2886 651 2950 addidisti,
680 2897 741 2942 ut
770 2889 822 2942 in
849 2889 1212 2947 declinatione
1247 2892 1361 2964 jam
1403 2896 1557 2966 pueri
1587 2898 1769 2953 dicant
1798 2915 1950 2969 papa;

369 2991 649 3045 paparum.
682 2977 786 3033 Per
815 2986 868 3033 te
890 2978 1073 3050 itaque
1101 2997 1267 3037 senex
1286 2983 1401 3054 jam
1427 2987 1661 3041 mundus
1697 2990 1947 3059 addiscit,

366 3066 510 3134 quod
540 3067 802 3123 hactenus
823 3068 1106 3139 ignoravit.
1137 3072 1203 3127 Et
1228 3074 1370 3129 sicut
1390 3073 1547 3143 juxta
1580 3077 1733 3133 Pauli
1758 3095 1947 3136 vocem

371 3153 559 3225 (Hebr.
613 3158 713 3228 ix),
757 3174 1002 3216 summus
1052 3163 1292 3231 pontifex
1341 3166 1396 3220 in
1447 3178 1632 3224 sancta
1656 3185 1753 3240 per
1775 3187 1949 3229 annos

370 3249 610 3320 singulos
638 3251 1041 3320 ingrediebatur
1068 3256 1121 3309 in
1153 3258 1416 3327 sanguine
1442 3261 1657 3328 alieno;
1690 3264 1770 3318 sic
1797 3273 1853 3319 et
1892 3276 1948 3320 tu

371 3357 514 3395 nunc
558 3342 879 3398 miserorum
925 3346 1227 3415 hominum,
1276 3351 1421 3406 velut
1455 3368 1742 3422 porcorum
1772 3359 1947 3411 succi-

368 3430 515 3485 dium
545 3429 699 3497 facis,
733 3442 788 3488 et
806 3436 1124 3505 sanguinem
1155 3437 1360 3504 fundis,
1391 3452 1450 3495 ut
1473 3443 1540 3497 ad
1566 3442 1627 3496 B.
1655 3442 1797 3500 Petri
1824 3461 1949 3501 san-

371 3526 637 3579 ctuarium
682 3537 940 3583 cruentus
986 3530 1331 3602 ingrediaris.
1374 3533 1538 3598 Cave,
1568 3537 1754 3601 frater,
1792 3554 1945 3607 cave,

370 3630 436 3670 ne
466 3616 615 3670 velut
661 3618 834 3674 hostis
886 3621 1134 3694 insurgas
1186 3635 1295 3679 tam
1326 3628 1730 3697 praecipitanter
1757 3631 1811 3685 in
1842 3631 1947 3687 Pe-

370 3715 534 3775 trum,
568 3709 660 3777 qui
704 3722 851 3767 certe
877 3721 932 3767 et
972 3714 1236 3770 Ananiam
1269 3730 1391 3771 cum
1414 3720 1642 3792 conjuge
1688 3722 1838 3778 verbi
1862 3725 1946 3780 sui

377 3794 483 3847 telo
513 3797 738 3853 confolit
767 3803 902 3869 (Act.
937 3812 1010 3871 ν),
1058 3818 1111 3862 et
1141 3811 1418 3867 Simonem
1455 3826 1774 3886 arroganter
1798 3825 1943 3874 astra

371 3891 663 3952 petentem,
710 3889 763 3943 in
793 3893 1005 3960 gehenn
1025 3914 1054 3949 η
1088 3899 1352 3967 profunda
1379 3903 1660 3961 demersit.

437 3977 591 4047 Quod
648 3981 781 4038 mihi
830 3999 861 4038 a
905 3984 1211 4042 senioribus
1246 3987 1550 4044 intimatqu
1593 3999 1696 4057 est,
1726 3991 1943 4049 refero:

362 4068 422 4123 In
448 4069 753 4143 Babyloniae
781 4075 1026 4144 partibus
1042 4079 1436 4147 possessionem
1464 4085 1758 4151 apostolica
1787 4089 1944 4144 sedes

364 4161 637 4229 habebat,
670 4165 813 4219 unde
862 4176 1070 4222 tantum
1103 4171 1328 4226 balsami
1364 4175 1596 4230 reditum
1636 4193 1733 4247 per
1773 4197 1945 4237 annos

364 4252 605 4324 singulos
633 4254 916 4324 capiebat,
940 4262 1080 4327 quod
1112 4261 1443 4319 indeﬁcienti
1467 4265 1655 4323 fomite
1674 4270 1947 4327 sufﬁceret

365 4340 625 4412 lampadi,
658 4360 779 4414 quae
811 4347 1061 4405 videlicet
1106 4359 1231 4406 ante
1276 4353 1447 4411 altare
1487 4356 1631 4412 beati
1679 4362 1945 4429 apostolo-

365 4447 484 4485 rum
527 4434 787 4505 principis
822 4438 1080 4493 rutilabat
1134 4456 1392 4511 appensa.
1446 4445 1617 4511 Quam
1647 4452 1942 4516 possessio-
1974 4484 2018 4543 ο

365 4535 486 4575 nem
542 4533 762 4595 accepta
817 4529 1044 4596 pecunia
1096 4545 1232 4601 papa
1263 4532 1531 4599 distraxit,
1575 4552 1943 4610 canonemqne

364 4613 649 4677 aromatis,
696 4630 857 4684 quem
889 4618 1128 4688 recipere
1155 4620 1383 4690 solebat,
1416 4625 1619 4680 amisit.
1655 4628 1943 4698 Aliquanto

364 4710 517 4771 post,
558 4720 680 4759 cum
726 4705 865 4761 idem
901 4723 1036 4779 papa
1081 4712 1338 4780 praedicto
1377 4714 1727 4773 sacrosancto
1761 4712 1941 4787 altai-i,

362 4795 521 4863 quasi
567 4796 794 4852 devotus
851 4801 1131 4856 assisteret
1180 4812 1235 4857 et
1288 4816 1490 4871 oraret,
1551 4824 1678 4865 ecce
1724 4812 1940 4879 quidam

365 4888 624 4943 terribilis
691 4898 746 4945 et
800 4894 1123 4961 grandazvns
1174 4912 1371 4960 senex,
1434 4899 1487 4953 in
1557 4903 1711 4971 cujus
1777 4905 1938 4959 etiam

364 4976 502 5032 facie
547 4980 908 5037 barbirasium
960 4985 1271 5052 videbatur,
1314 4988 1732 5047 elatosbrachio
1793 4994 1941 5048 cola-

363 5068 530 5135 plmm
570 5071 672 5125 sibi
726 5074 1077 5129 vehementer
1116 5076 1375 5142 incussit,
1411 5089 1466 5132 et
1493 5081 1568 5134 ait
1606 5098 1620 5135 :
1658 5100 1676 5132 ι
1714 5082 1792 5136 Tu
1849 5100 1946 5138 ex-

361 5158 601 5213 stinxiin
644 5160 747 5231 41
785 5163 1058 5220 lucernam
1101 5182 1273 5222 meam
1315 5177 1578 5235 anteme,
1621 5180 1676 5225 et
1704 5186 1805 5242 ego
1838 5188 1933 5227 ex-

362 5247 632 5318 stinguam
682 5252 958 5309 lucernam
1003 5265 1149 5312 tuam
1183 5268 1309 5313 ante
1357 5259 1526 5316 Deum
1567 5280 1579 5311 :
1631 5283 1650 5314 ι
1708 5280 1941 5333 moxque

365 5338 647 5408 disparuit.
692 5341 780 5397 Ille
822 5360 951 5399 vero
984 5349 1228 5414 protinus
1256 5351 1483 5414 corruit,
1514 5361 1568 5404 et
1612 5353 1772 5419 paulo
1819 5366 1963 5417 post

363 5424 506 5479 diem
545 5428 737 5483 clausit
775 5442 1100 5486 extremum.
1152 5434 1245 5490 Sic
1287 5438 1366 5490 sic
1403 5439 1658 5491 nimirum
1699 5450 1940 5494 meretur

361 5518 590 5588 corripi,
619 5521 709 5590 qui
751 5522 827 5577 illi
865 5539 923 5577 se
953 5525 1157 5593 przebet
1186 5527 1494 5592 adversum,
1525 5530 1614 5597 qui
1662 5530 1784 5584 caeli
1833 5541 1940 5583 ter-

363 5623 547 5680 rzeque
592 5612 799 5683 primus
846 5627 1027 5684 pastor
1084 5616 1291 5670 obtinet
1337 5619 1719 5687 principatum.
1782 5621 1934 5687 Quis,

364 5717 480 5769 oro,
518 5705 742 5762 duorum
769 5721 1030 5776 paparum
1081 5706 1282 5761 duriori
1325 5708 1418 5762 tibi
1458 5709 1673 5763 videtur
1709 5712 1937 5765 austeri-

2056 554 2181 593 nam
2234 541 2577 609 praesumpsit
2625 543 3009 612 exstinguere;
3060 559 3127 597 an
3189 554 3275 610 tu,
3326 546 3416 614 qui
3469 554 3637 599 totam

2054 628 2414 684 universalem
2471 631 2769 687 Ecclesiam
2824 648 2935 705 pne
3002 633 3218 703 furtivze
3275 638 3638 706 promo‘tionis

2053 719 2336 774 exordium
2369 720 2560 776 niteris
2587 723 2919 779 obscurare?
2944 724 3044 791 Qui
3065 724 3388 786 euim,iuxta
3416 728 3634 782 Verita—

2057 810 2125 865 tis
2158 826 2371 876 vocem,
2399 812 2566 867 intrat
2594 830 2692 884 per
2720 816 2942 880 ostium,
2974 825 3164 885 pastor
3192 826 3275 872 est
3299 819 3511 883 ovium;
3544 820 3635 888 qui

2054 911 2235 959 autem
2263 904 2430 958 intrat
2452 905 2693 969 aliunde,
2718 906 2804 961 fur
2838 916 2923 962 est
2959 918 3015 963 et
3044 908 3183 964 latro
3211 909 3391 980 (Jaan.
3417 909 3493 981 x).
3528 910 3637 967 Sed

2055 994 2194 1048 sicut
2222 1008 2320 1063 per
2348 995 2584 1064 pastoris
2614 997 2813 1051 ostium
2853 998 2944 1067 qui
2982 995 3098 1066 jam
3130 999 3318 1069 utique
3357 1000 3633 1068 praasidet,

2055 1084 2235 1138 domui
2267 1082 2447 1138 lumen
2492 1084 2823 1151 infunditur;
2870 1087 2943 1141 ita
2976 1103 3071 1156 per
3100 1097 3248 1143 tuum
3281 1089 3515 1155 aliunde,
3555 1091 3639 1145 ni-
3684 1143 3703 1170 Α,

2054 1169 2129 1223 hil
2158 1169 2326 1237 aliud,
2358 1172 2461 1228 nisi
2502 1172 2700 1241 fumus,
2734 1184 2898 1245 atque
2928 1177 3119 1248 caligo,
3151 1178 3337 1245 chaos,
3361 1189 3415 1233 et
3442 1181 3638 1235 horror

2055 1262 2319 1332 ingeritur
2365 1264 2736 1320 tenebrarum.
2788 1265 2905 1322 lluc
2947 1269 3179 1335 accedit,
3227 1272 3351 1338 quia
3401 1270 3529 1325 dum
3580 1271 3637 1325 in

2057 1352 2180 1407 imis
2214 1342 2309 1407 est
2348 1354 2641 1423 quispiam,
2674 1356 2790 1425 ejus
2828 1358 3228 1426 quodammodo
3264 1361 3397 1414 vitia
3447 1361 3637 1416 delite-

2055 1453 2247 1510 scunt;
2282 1452 2407 1500 cum
2446 1462 2577 1502 vero
2606 1449 2673 1501 ad
2715 1449 2992 1519 dignitatis
3020 1451 3232 1506 culmrn
3274 1456 3639 1519 ascenditgiu

2053 1534 2392 1603 superficiem
2417 1551 2541 1590 mox
2567 1547 2861 1608 erumpunt
2888 1557 2903 1594 :
2935 1549 2985 1595 el
3018 1556 3139 1609 quae
3167 1541 3384 1597 fuerant
3408 1554 3637 1600 eatenus
3672 1558 3675 1563 λ

2056 1620 2316 1688 inaudita,
2356 1622 2467 1691 jam
2508 1639 2607 1694 per
2636 1640 2731 1680 ora
2772 1628 3082 1698 remigeruli
3122 1631 3300 1699 populi
3346 1634 3475 1687 trita
3512 1633 3629 1687 vul-

2054 1722 2268 1783 gantur.
2301 1714 2443 1781 Quot
2468 1716 2747 1773 hominum
2783 1720 2949 1775 millia
2981 1737 3126 1776 nunc
3170 1734 3259 1777 tua
3293 1725 3433 1779 facta
3482 1727 3637 1782 dinu-

1983 1790 2032 1851 Β
2060 1815 2293 1871 merant,
2325 1808 2417 1877 qui
2454 1824 2623 1878 usque
2652 1811 2719 1865 ad
2750 1812 2853 1865 hoc
2890 1820 3100 1882 tempus
3124 1828 3185 1868 ea
3213 1814 3456 1871 funditus
3488 1819 3639 1889 igno-

2055 1899 2295 1953 rabant?
2341 1899 2476 1954 Nam
2540 1902 2952 1970 przebendarum
3015 1906 3270 1961 Ecclesia:
3336 1917 3477 1976 tuae,
3547 1913 3637 1967 vel

2052 1988 2419 2044 Ecclesiarum
2462 1990 2770 2047 damnanda
2818 1996 3168 2059 commercia,
3219 1998 3434 2068 aliaque
3478 2000 3636 2072 longe

2053 2080 2315 2149 turpiora,
2354 2095 2474 2149 qua:
2502 2096 2601 2136 nos
2630 2082 3005 2140 erubescimus
3031 2085 3234 2153 dicere,
3285 2088 3546 2145 hactenus
3574 2091 3632 2147 in

2055 2179 2145 2223 tuo
2188 2178 2394 2224 tantum
2442 2173 2808 2227 narrabantur
2851 2175 3104 2245 oppidulo
3139 2194 3153 2229 :
3196 2192 3338 2232 nunc
3381 2178 3518 2234 alter
3563 2182 3633 2237 ad

2050 2252 2280 2314 alterum
2319 2261 2518 2331 ubique
2552 2264 2701 2333 regni
2733 2264 2915 2335 hujus,
2951 2275 3004 2322 et
3037 2276 3372 2325 mercatores
3399 2268 3634 2341 loquun-

2054 2359 2144 2404 tur
2172 2352 2223 2405 in
2254 2351 2393 2418 foro,
2421 2362 2477 2408 et
2506 2354 2740 2409 fossores
2782 2357 2835 2410 in
2877 2372 3027 2426 agro.
3060 2358 3243 2423 Pueri,
3275 2361 3367 2429 qui
3397 2363 3633 2417 rhetori-

2051 2448 2248 2495 cantur
2274 2441 2327 2495 in
2354 2442 2576 2508 scholis,
2609 2444 2755 2500 cives
2791 2447 2883 2516 qui
2923 2447 3296 2516 glomerantur
3329 2450 3383 2503 in
3427 2451 3631 2517 triviis.

2050 2545 2239 2586 omnes
2262 2547 2398 2602 pene
2422 2542 2473 2589 te
2493 2534 2758 2602 lacerant,
2796 2547 2954 2608 teque
2979 2540 3296 2609 dijudicant.
3323 2541 3436 2597 Hoc
3461 2544 3630 2613 siqui-

2050 2618 2172 2674 dem
2203 2621 2297 2676 tibi
2326 2623 2621 2694 contigisse
2648 2630 3055 2697 comprobatur,
3074 2632 3216 2699 quod
3243 2635 3630 2704 transgressori

2051 2709 2275 2767 cuilibet
2318 2728 2415 2783 per
2444 2713 2736 2771 Jeremiam
2775 2719 2977 2773 dicitur
3006 2735 3020 2773 :
3058 2739 3083 2772 ι
3116 2721 3346 2792 Pmptcr
3377 2725 3625 2780 multitu-

2051 2798 2229 2855 dinem
2254 2801 2673 2873 iniquitatistme
2696 2809 2929 2865 revelata
2958 2820 3084 2865 sunt
3107 2815 3498 2871 verecnndiora
3515 2826 3629 2882 tua,

2050 2891 2267 2961 polluta:
2291 2904 2415 2949 sunt
2440 2897 2639 2966 planta:
2667 2908 2771 2954 tua:
2797 2902 2931 2974 (Jer.
2958 2904 3101 2976 xm).
3136 2925 3154 2959 ι
3197 2906 3294 2960 Cui
3320 2908 3481 2977 paulo
3508 2920 3633 2980 post

2054 2984 2222 3039 etiam
2263 2987 2461 3042 dicitur
2503 3007 2515 3041 :
2558 3008 2577 3041 ‹
2626 2990 2753 3057 Haec
2788 3009 2906 3049 sors
2945 3003 3061 3060 tua,
3094 3013 3328 3068 parsque
3363 3015 3630 3058 mensurae

2052 3083 2156 3130 tua:
2186 3078 2326 3146 apud
2360 3094 2465 3144 me,
2500 3081 2629 3136 dicit
2663 3083 2940 3151 Dominus,
2973 3087 3097 3156 quia
3128 3088 3292 3143 oblita
3318 3104 3379 3145 es
3405 3092 3530 3156 mei,
3574 3102 3631 3147 et

2052 3165 2255 3220 conlisa
2278 3182 2337 3221 es
2366 3168 2419 3222 in
2452 3171 2751 3225 mendacio.
2784 3173 2936 3228 Unde
2966 3184 3023 3229 et
3048 3190 3148 3245 ego
3176 3178 3371 3232 nudavi
3418 3178 3627 3236 femora

2051 3266 2141 3310 tua
2172 3266 2357 3311 contra
2391 3259 2583 3315 faciem
2617 3270 2784 3327 tuam,
2820 3272 2875 3318 et
2914 3267 3162 3335 apparuit
3198 3268 3486 3338 ignominia
3515 3282 3625 3337 tua,

2048 3357 2103 3402 et
2134 3347 2396 3403 adulteria
2436 3360 2546 3415 tua,
2583 3361 2638 3406 et
2670 3353 2912 3409 hinnitus
2941 3364 3087 3422 tuus,
3118 3359 3294 3414 scelus
3321 3360 3630 3416 fornicatio-

2049 3437 2134 3493 nis
2172 3447 2276 3495 tuae
2316 3440 2491 3512 (ibid.)
2528 3462 2547 3495 ι
2586 3441 2971 3501 Verumtamen
3002 3449 3046 3503 si
3082 3465 3183 3520 ego
3216 3463 3267 3505 te
3302 3454 3629 3508 convenien-

2048 3529 2174 3583 dum
2230 3544 2350 3585 esse
2396 3532 2767 3599 decernerem,
2822 3536 3011 3607 hisque
3058 3540 3109 3593 in
3164 3556 3226 3595 os
3284 3543 3628 3598 sermonibus

2046 3619 2385 3691 obiurgarem
2417 3637 2431 3676 :
2462 3637 2643 3679 nonne
2672 3636 2749 3691 tn,
2778 3642 2897 3695 qua:
2918 3629 3086 3697 gratis
3113 3631 3387 3686 offerenda
3417 3643 3542 3687 sunt
3570 3634 3626 3689 in

2047 3715 2287 3770 Ecclesia
2317 3717 2655 3773 distraxisti?
2678 3719 2864 3777 Nonne
2895 3724 3029 3789 haec,
3059 3735 3111 3780 et
3146 3727 3257 3792 illa,
3287 3729 3425 3783 caelo
3451 3740 3627 3784 terra-

2048 3819 2153 3874 que
2184 3806 2435 3872 testibus,
2462 3809 2813 3864 commisisti?
2852 3810 2982 3878 Qua:
3020 3814 3271 3870 videlicet
3315 3818 3361 3871 si
3401 3834 3499 3888 ego
3527 3819 3625 3873 tibi

2046 3894 2305 3962 dicerem,
2334 3911 2442 3951 non
2473 3912 2559 3952 me
2596 3898 2745 3963 latet,
2778 3902 3030 3969 quoniam
3078 3904 3202 3957 dum
3246 3921 3442 3975 negare
3485 3908 3623 3974 haec,

2046 3987 2245 4042 mundo
2273 3997 2432 4053 teste,
2464 4004 2570 4044 non
2610 4005 2815 4060 posses,
2849 3994 3098 4061 protinus
3124 3996 3189 4049 ad
3227 3996 3419 4051 futura!
3443 4014 3632 4053 corre-

2046 4076 2242 4133 ctionis
2272 4080 2632 4149 patrocinium
2675 4084 3012 4140 convolares.
3045 4086 3283 4154 Quilibet
3315 4091 3460 4144 enim
3502 4090 3622 4145 cul-

2047 4170 2210 4226 minis
2247 4173 2517 4241 appetitor
2559 4174 2685 4228 dum
2714 4177 2782 4230 de
2826 4187 3096 4233 transacta
3130 4180 3256 4245 vita,
3297 4183 3625 4237 conscientia

2048 4262 2408 4328 remordente,
2453 4263 2818 4332 confunditur,
2848 4271 3278 4325 emendationem
3310 4273 3528 4329 sibimet
3572 4276 3625 4329 in

2046 4360 2323 4419 posterum
2367 4353 2682 4423 pollicetur;
2731 4358 2826 4411 sed
2866 4360 2992 4413 dum
3035 4362 3246 4417 culmen
3291 4365 3627 4421 celsitudinis

2046 4443 2263 4498 occasio
2291 4443 2351 4499 fit
2387 4448 2662 4515 peccandi,
2692 4453 2960 4519 quomodo
2989 4469 3086 4523 per
3122 4458 3386 4525 scapulosi
3428 4461 3628 4514 montis

2046 4543 2315 4601 praerupta
2351 4548 2457 4588 non
2491 4534 2746 4603 oﬂendet,
2779 4525 2869 4608 qui
2907 4557 3004 4611 per
3039 4543 3195 4612 plana
3232 4547 3490 4616 gradiens
3526 4552 3625 4602 im-

2045 4621 2337 4693 pingebat?
2381 4623 2601 4680 Possem
2652 4638 2911 4696 praeterea
2954 4633 3298 4701 rcSpondere,
3342 4637 3484 4704 quod
3531 4653 3630 4706 per

2044 4714 2362 4783 prophetam
2404 4714 2660 4770 Dominus
2704 4720 2819 4783 tibi,
2868 4722 3083 4791 tuisque
3126 4724 3393 4781 similibus
3429 4727 3562 4781 dicit
3610 4746 3624 4781 :

2050 4821 2067 4853 ι
2105 4804 2159 4857 Si
2194 4814 2401 4858 mutare
2429 4815 2607 4875 potest
2647 4808 2895 4878 Aithiops
2923 4812 3114 4880 pellem
3157 4829 3334 4879 suam,
3363 4825 3458 4870 aut
3498 4832 3627 4885 par-

2045 4894 2144 4947 dus
2180 4896 2494 4948 varietatem
2534 4912 2709 4963 suam,
2763 4908 2817 4953 et
2864 4916 2960 4955 vos
2997 4902 3241 4971 poteritis
3283 4905 3625 4973 benefacere,

2049 4996 2168 5034 cum
2200 4984 2497 5037 didiceritis
2533 4986 2733 5041 malum
2765 4987 2900 5059 (Jer.
2944 4993 3087 5061 χιιι).
3129 5012 3149 5045 ι
3202 4993 3275 5047 De
3310 5010 3414 5063 qua
3446 4998 3625 5050 varie-

2053 5083 2160 5127 tate
2185 5085 2237 5127 e:
2260 5074 2384 5133 alibi
2418 5076 2551 5130 dicit
2580 5096 2594 5130 :
2635 5097 2654 5129 ‹
2686 5079 2937 5150 Nunquid
2969 5085 3085 5139 avis
3114 5085 3354 5139 discolor
3396 5088 3628 5143 haeredi-

2053 5174 2132 5216 tas
2178 5165 2339 5218 mea?
2391 5164 2641 5236 Nunquid
2690 5172 2806 5226 avis
2853 5174 3019 5227 tincta
3066 5190 3162 5244 per
3210 5186 3381 5231 totum
3456 5178 3622 5248 (Ibid.

2052 5252 2181 5318 xu)?
2216 5273 2232 5305 ι
2273 5253 2379 5309 Sed
2405 5257 2574 5326 culpae
2616 5261 2849 5315 varietas
2878 5271 3073 5331 praesto
3106 5264 3372 5319 subinfert
3413 5277 3627 5322 senten-

2050 5341 2175 5394 tiam
2199 5343 2415 5401 ultionis
2442 5364 2454 5399 :
2488 5367 2505 5397 ι
2530 5348 2739 5414 Venite,
2773 5352 2966 5421 inquit,
2989 5357 3415 5424 congregamini,
3439 5374 3627 5413 omnes

2046 5434 2233 5489 bestiae
2274 5449 2450 5505 terrae,
2499 5455 2786 5511 properate
2820 5446 2885 5497 ad
2932 5447 3303 5501 devorandum
3354 5450 3553 5520 (ibid)
3599 5470 3618 5504 ι

2052 5527 2255 5594 Quibus
2289 5544 2466 5589 autem
2493 5524 2602 5608 42
2633 5538 2788 5606 hujus
2819 5540 3216 5594 animadversio
3252 5543 3624 5598 devorationis

2048 5621 2351 5687 immineat,
2383 5624 2522 5679 illico
2576 5630 2853 5682 subdendo
2889 5628 3203 5683 manifestat
3248 5649 3259 5683 :

2047 5712 2199 5765 multi
2242 5712 2477 5770 demoliti
2524 5727 2649 5772 sunt
2690 5720 2901 5773 vineam
2943 5735 3141 5785 meam,
3170 5722 3618 5776 (Oncula'atcrnnt

3315 5651 3333 5681 ι
3370 5631 3624 5687 Pastores
3706 5653 3717 5664 ο
