4078 6202
426 323 533 380 245

1600 319 1803 376 LIBER
1840 317 2120 386 PRIMUS,
2153 316 2371 374 EPIST.
2410 313 2529 372 XX.

3577 313 3686 371 Siti

426 445 637 512 partem
669 446 866 497 meam,
897 430 1164 488 dederunt
1189 430 1497 502 portionem
1526 446 1706 489 meam
1731 433 2006 489 desidera-
2034 438 2084 494 Α
2110 446 2176 485 ac
2196 431 2439 500 spiritale
2469 429 2950 502 pr0pugnaculum,
2976 432 3120 502 quod
3142 431 3376 488 custodit
3397 429 3584 490 lsrael.
3613 433 3685 490 Ut

426 530 588 586 bilem
613 525 665 580 in
691 524 967 579 desertum
1000 523 1328 590 solitudinis,
1352 534 1649 595 posuerunt
1673 540 1793 580 eam
1821 525 1873 579 in
1897 525 2007 580 dis-

426 615 750 685 sipationem
779 610 974 684 (ibid.).
1010 630 1029 664 ι
1062 612 1191 680 Quae
1214 612 1466 669 videlicet
1490 615 1670 669 omnia
1699 614 1831 669 nihil
1862 614 2005 668 aliud

426 700 613 776 utique
637 705 997 774 designantia,
1026 703 1128 758 nisi
1162 702 1462 760 Ecclesiam
1505 720 1536 758 a
1580 705 1739 760 malis
1768 706 2005 775 pastori-

425 794 527 851 bus
557 794 895 864 dissipatam,
933 807 1163 864 quorum
1191 802 1244 848 et
1273 801 1326 848 te
1349 794 1454 849 hoc
1481 809 1640 849 nosse
1665 795 1853 858 credo.
1876 793 2005 848 dum

427 883 608 939 verbis
655 881 901 952 pluribus
946 896 1056 935 non
1103 881 1398 952 indigeant,
1449 898 1553 937 non
1607 895 1838 952 expono.
1892 879 2007 938 lloc

427 982 636 1027 tantum
667 982 720 1026 te
742 972 909 1028 latere
937 986 1043 1026 non
1071 972 1266 1041 patior,
1292 972 1416 1042 quia
1439 981 1496 1028 et
1519 981 1596 1037 tu,
1619 983 1673 1028 et
1696 973 2006 1043 quicunque

427 1063 524 1119 tibi
547 1061 818 1126 similiter,
846 1077 942 1131 per
967 1062 1317 1116 ambitionem
1359 1062 1619 1119 Ecclesia:
1665 1064 1880 1120 culmen
1911 1078 2008 1134 ap-

424 1153 634 1222 petitis,
659 1153 825 1208 Deum
847 1151 1039 1222 procul
1063 1151 1226 1206 dubio
1256 1153 1582 1216 nescientes,
1613 1152 1907 1207 Ecclesium
1930 1153 2009 1207 la-

425 1242 645 1296 ceratis.
680 1239 833 1296 Unde
875 1249 932 1294 et
967 1255 1062 1309 per
1106 1241 1354 1296 eumdem
1400 1243 1720 1312 prophetam
1763 1243 2003 1298 dicitur:

431 1351 448 1382 ι
490 1330 628 1398 Quia
664 1330 830 1385 stulte
868 1339 1098 1400 egerunt
1143 1339 1411 1400 pastores,
1455 1341 1510 1386 et
1560 1330 1847 1386 Dominum
1899 1347 2006 1386 non

425 1423 756 1492 quaesierunt
791 1437 807 1477 :
851 1430 1136 1491 propterea
1163 1437 1270 1476 non
1305 1421 1712 1487 intellexerunt,
1745 1434 1799 1478 ct
1829 1423 2009 1478 omnis

425 1534 555 1589 grex
579 1532 767 1572 eorum
804 1515 1081 1586 dispersus
1115 1524 1200 1571 est
1221 1514 1356 1586 (ler.
1391 1517 1469 1575 xl.
1503 1536 1520 1567 ι
1552 1517 1799 1586 Spondes
1827 1517 2008 1585 itaque

426 1624 570 1663 nunc
595 1607 1058 1673 emendationem,
1091 1615 1153 1660 ut
1183 1607 1527 1677 concupitam
1557 1607 1805 1661 obtineas
1832 1606 2008 1677 digni-

427 1706 610 1751 tatem.
643 1695 935 1750 Humiliter
963 1695 1227 1766 loqueris,
1260 1705 1320 1751 ut
1363 1696 1432 1751 ad
1476 1696 1852 1752 celsitudinem
1883 1711 2009 1765 pro—

2111 525 2276 594 igitur
2307 523 2413 596 43
2443 523 2842 594 expositoribus
2877 532 3072 578 cmtera
3104 524 3493 594 relinquamus,
3537 522 3688 578 sum-

2109 617 2213 670 ciat
2246 615 2333 670 hic
2363 615 2588 686 intelligi
2633 631 2738 668 non
2777 615 3068 669 vindictam
3109 617 3300 684 stupri,
3338 617 3437 702 sed
3473 629 3686 684 perem-

2109 715 2322 777 ptorum
2355 705 2553 761 Christi
2586 705 2871 776 sacrilegia
2917 707 3287 762 condentnari.
3318 706 3489 774 Quam
3523 705 3684 775 plane

2107 793 2398 848 vindictam
2441 792 2626 848 Judith
2673 809 2888 863 quoque
2933 793 3044 849 Deo
3075 794 3323 864 placitam
3357 795 3563 858 docuit,
3605 794 3686 850 di-

2107 895 2276 936 cens:
2311 901 2327 932 ι
2372 881 2598 936 Domine
2631 881 2774 937 Deus
2810 883 2981 952 patris
3027 883 3130 938 mei
3174 883 3416 952 Simeon,
3460 886 3551 955 qui
3590 887 3688 944 de-

2108 973 2233 1028 disti
2287 973 2364 1027 illi
2420 972 2658 1043 gladium
2713 973 2767 1028 in
2812 973 3182 1029 defensionem
3226 976 3683 1048 alienigenarum,

2107 1064 2197 1132 qui
2237 1064 2522 1118 violatores
2547 1065 2876 1119 exstiterunt
2914 1064 2966 1120 in
3010 1064 3453 1134 coinquinatione
3480 1086 3602 1137 sua,
3629 1079 3684 1128 et

2108 1153 2515 1209 denudaverunt
2559 1153 2736 1210 femur
2785 1154 3010 1224 virginis
3068 1155 3121 1210 in
3172 1158 3579 1227 confusionem,
3629 1172 3687 1218 et

2109 1245 2301 1299 dedisti
2331 1245 2582 1304 mulieres
2608 1246 2824 1300 illorqu
2849 1247 2902 1301 in
2932 1247 3195 1317 praedam,
3236 1260 3292 1305 et
3324 1250 3462 1307 filias
3493 1268 3680 1309 eorum

2110 1335 2161 1389 in
2206 1337 2592 1405 captivitatem,
2637 1349 2690 1394 et
2731 1355 2948 1395 onmem
2985 1341 3224 1410 praedam
3270 1344 3323 1398 in
3366 1343 3684 1401 divisionem

2109 1429 2278 1483 servis
2313 1430 2439 1496 tuis,
2467 1431 2557 1501 qui
2581 1432 2891 1486 zelaveruut
2915 1432 3088 1488 zelum
3114 1442 3263 1489 tuum
3287 1434 3496 1506 (Iudith
3532 1438 3629 1509 rx).
3662 1458 3681 1492 ι

2108 1518 2282 1576 Porro
2303 1530 2607 1576 autemnon
2639 1537 2699 1577 es
2721 1532 3006 1578 contentus
3035 1540 3286 1579 mensura
3315 1526 3567 1592 hominis,
3594 1531 3685 1583 sed

2109 1607 2164 1662 in
2194 1609 2434 1663 humano
2459 1625 2656 1681 genere
2679 1623 2836 1664 mons
2857 1611 3025 1664 videri
3050 1613 3278 1681 appetis,
3307 1621 3361 1668 et
3385 1616 3538 1684 quasi
3564 1632 3689 1686 pro-

2110 1701 2438 1756 montorium
2479 1701 2743 1771 superbiae
2787 1702 2840 1755 in
2880 1700 3080 1772 fastigii
3127 1712 3178 1758 te
3213 1703 3426 1760 culmen
3460 1707 3684 1762 attollis.

420 1788 658 1843 veharis.
694 1785 983 1842 Humilitas
1015 1789 1131 1842 hme
1151 1788 1277 1860 quia
1307 1787 1374 1843 de
1397 1789 1579 1843 radice
1609 1788 1876 1858 superbiae
1904 1805 2005 1843 ua-
2037 1781 2086 1844 Β
2111 1789 2224 1846 Non
2253 1792 2332 1846 vis
2356 1805 2477 1846 esse
2503 1792 2570 1846 de
2597 1792 2850 1856 vallibus,
2874 1793 2938 1847 de
2960 1793 3159 1862 quibus
3185 1795 3382 1850 dicitur
3407 1814 3420 1849 :
3453 1817 3470 1847 ‹
3506 1795 3687 1854 Valles

430 1879 622 1944 scitur,
656 1878 725 1932 ad
763 1873 1204 1933 satisfaciendum
1249 1878 1439 1934 idonea
1470 1895 1575 1935 non
1609 1880 1843 1934 videtur.
1871 1880 2008 1936 illud

423 1963 643 2020 interim
674 1967 743 2022 ad
772 1966 1092 2023 memoriam
1119 1969 1280 2034 redit,
1321 1970 1463 2039 quod
1488 1970 1540 2024 in
1570 1969 1695 2025 libri
1729 1970 2008 2027 Geneseos

423 2060 694 2128 reperitur
737 2059 961 2114 historia
1004 2056 1160 2132 (Gen.
1212 2059 1424 2132 XXXIV).
1473 2061 1607 2130 Quia
1657 2063 1848 2117 Dinam
1897 2063 2008 2118 Liaa

423 2146 589 2200 filiam
617 2163 738 2202 cum
761 2149 985 2204 vidisset
1011 2147 1234 2214 Sichen,
1261 2148 1402 2204 filius
1424 2145 1626 2206 Hemor
1648 2150 1827 2206 l-levaei
1856 2153 2006 2220 prin-

428 2253 555 2308 ceps
585 2249 745 2294 terrae
773 2238 936 2302 illius,
981 2240 1278 2304 adamavit,
1315 2249 1372 2296 et
1402 2241 1604 2311 rapuit,
1646 2251 1701 2297 et
1747 2243 2008 2298 dormivit

421 2346 545 2384 cum
584 2345 671 2395 ea,
720 2331 774 2384 vi
819 2331 1133 2400 opprimens
1173 2332 1442 2401 virginem
1480 2349 1494 2386 :
1540 2343 1595 2387 et
1635 2333 2004 2405 conglutinata

419 2432 506 2477 est
530 2424 712 2476 anima
747 2421 863 2489 ejus
892 2439 1013 2477 cum
1054 2438 1140 2488 ea,
1182 2423 1501 2493 tristemque
1543 2423 1822 2479 blanditiis
1867 2423 2004 2478 deli-

420 2514 558 2567 nivit
589 2532 600 2566 :
628 2528 856 2582 eamque
881 2523 988 2566 tam
1017 2513 1366 2582 impatienter
1388 2513 1609 2577 amavit,
1634 2522 1819 2568 utnon
1846 2514 2006 2568 modo

421 2619 500 2666 se,
527 2604 620 2658 sed
648 2613 702 2657 et
727 2618 916 2658 omnes
948 2619 1060 2658 suae
1091 2605 1329 2658 civitatis
1359 2604 1627 2660 masculos
1654 2604 2008 2660 circumcidea

422 2705 528 2760 ret,
565 2704 623 2748 ut
652 2693 768 2761 ejus
794 2697 1056 2750 duntaxat
1093 2696 1357 2764 potuisset
1394 2694 1702 2765 conjugium
1735 2694 2000 2750 obtinere.

421 2789 528 2844 Sed
561 2789 678 2844 haec
707 2786 1005 2844 satisfactio
1051 2803 1154 2842 non
1201 2789 1314 2842 Deo
1356 2787 1574 2858 placuit.
1621 2801 1728 2840 non
1775 2785 2002 2841 fratrum

419 2882 565 2938 illius
589 2881 751 2936 corda
795 2881 1029 2950 placavit
1063 2898 1075 2934 :
1120 2881 1249 2949 quia
1292 2896 1398 2936 non
1429 2880 1497 2934 ob
1525 2878 1864 2950 religionem,
1908 2879 2002 2933 sed

2111 1879 2460 1938 abundabunt
2486 1867 2955 1954 frumentou(Psal.
2983 1885 3150 1956 utv).
3181 1905 3200 1937 ι
3234 1885 3338 1942 Sed
3369 1888 3511 1952 audi,
3542 1889 3686 1958 quod

2111 1974 2207 2029 tibi
2240 1975 2500 2030 Dominus
2529 1989 2626 2043 per
2654 1974 2969 2044 prophetam
3000 1975 3146 2030 dicat
3189 1994 3203 2030 :
3259 1995 3278 2027 ι
3313 1977 3452 2033 Ecce
3490 1994 3590 2050 ego
3619 1983 3686 2034 ad

2110 2075 2184 2130 te,
2212 2080 2366 2120 mons
2396 2065 2640 2135 pestifer,
2681 2065 2758 2118 ait
2789 2065 3068 2130 Dominus,
3099 2066 3191 2136 qui
3223 2069 3530 2138 corrumpis
3561 2069 3684 2123 uni-

2109 2168 2322 2209 versam
2355 2163 2582 2216 terram,
2619 2161 2678 2207 ut
2708 2152 2994 2208 extendam
3043 2169 3262 2208 manum
3302 2171 3476 2209 meam
3524 2172 3689 2228 super

2110 2254 2181 2310 te,
2212 2254 2266 2299 et
2291 2243 2515 2299 avellem
2557 2251 2608 2298 te
2640 2244 2706 2297 de
2742 2244 2930 2312 petris,
2976 2253 3028 2299 et
3068 2245 3207 2300 dabo
3253 2255 3304 2301 te
3347 2247 3399 2301 in
3446 2259 3684 2303 montem

2109 2333 2606 2393 comlmstionis.-et
2636 2347 2740 2386 non
2766 2332 2951 2387 tollent
2976 2334 3042 2386 de
3071 2341 3121 2388 te
3159 2334 3390 2404 lapidem
3430 2336 3482 2390 in
3518 2353 3686 2408 augu-

2107 2425 2240 2489 lum,
2271 2435 2326 2480 et
2380 2425 2609 2494 lapidem
2659 2425 2712 2479 in
2766 2423 3147 2488 fundamenta.
3198 2429 3291 2482 sed
3337 2431 3581 2498 perditus
3634 2433 3686 2486 in

2106 2523 2369 2568 aeternum
2386 2512 2643 2584 eris(Jer.
2670 2515 2766 2582 ιι).
2786 2513 2886 2567 »Ει
2917 2514 3112 2568 iterum
3141 2534 3153 2568 :
3184 2533 3203 2567 ι
3233 2516 3374 2572 Ecce
3398 2533 3497 2588 ego
3517 2521 3584 2574 ad
3599 2530 3687 2586 ,te,

2107 2608 2358 2676 superbe,
2387 2607 2517 2662 dicit
2548 2607 2830 2674 Dominus,
2862 2607 2986 2678 quia
3015 2607 3194 2663 veniet
3227 2609 3342 2663 dies
3369 2618 3512 2673 tuus,
3546 2619 3685 2665 tem-

2105 2711 2208 2765 pus
2238 2697 2564 2751 visitationis
2597 2705 2701 2752 tua:
2727 2715 2740 2751 :
2769 2705 2825 2752 et
2850 2699 3009 2752 cadet
3049 2697 3336 2766 superbus,
3362 2707 3417 2752 et
3445 2708 3684 2764 corruet,

2106 2795 2162 2842 et
2187 2801 2292 2841 non
2316 2786 2423 2840 erit
2450 2787 2540 2856 qui
2563 2786 2792 2842 suscitet
2811 2802 2934 2842 eum
2968 2787 3100 2857 (Jcr.
3134 2786 3208 2859 L).
3251 2807 3270 2841 ι
3303 2787 3608 2843 Tantumne
3629 2788 3688 2842 in

2105 2887 2157 2932 te
2184 2877 2544 2932 damnationis
2569 2878 2730 2932 ardor
2759 2878 3058 2932 inferbuit?
3079 2877 3317 2934 Haecine
3341 2893 3392 2934 te
3413 2878 3682 2949 superbia

420 2973 490 3028 ad
530 2971 840 3043 patiendam
875 2972 1058 3027 carnis
1094 2971 1236 3027 facta
1265 2979 1350 3027 est
1385 2972 1739 3042 voluptatem.
1782 2969 2004 3025 Fratres
2102 2966 2295 3032 fastus,
2317 2976 2372 3021 et
2393 2967 2731 3022 celsitudinis
2755 2967 2977 3023 ambitio
3001 2969 3331 3037 provocavit,
3359 2978 3420 3022 ut
3445 2968 3693 3040 reginam

420 3065 565 3118 enim
597 3062 742 3116 illius
778 3063 1065 3117 srevientes
1093 3061 1164 3117 ob
1207 3070 1477 3130 stuprum,
1521 3076 1730 3125 omnes,
1773 3059 1866 3131 qui
1897 3059 2001 3113 cir-

2104 3058 2496 3124 Ecclesiarnm,
2522 3059 2656 3124 sive,
2690 3066 2748 3112 ut
2788 3058 2858 3112 ita
2892 3057 3087 3124 fatear,
3128 3075 3414 3130 regnorum
3440 3060 3682 3114 omnium

421 3155 648 3210 cumcisi
685 3154 923 3220 fuerant,
977 3153 1172 3224 gladiis
1209 3160 1580 3222 peremerunt.
1627 3151 1709 3206 Tu
1749 3165 1901 3220 ergo,
1943 3160 1997 3205 tu
2027 3147 2074 3210 C
2106 3157 2401 3205 temerares
2429 3149 2751 3220 imperium?
2778 3148 2886 3202 Sed
2916 3169 2934 3200 ί
2965 3150 3212 3221 despexit
3241 3160 3312 3214 te,
3335 3149 3690 3204 subsannavit

418 3258 592 3299 novus
615 3258 680 3313 es
697 3244 919 3309 Sichen,
948 3253 1236 3312 corruptor
1258 3242 1426 3306 Dinze,
1464 3241 1695 3296 violator
1723 3241 1998 3296 Ecclesiae.

421 3333 778 3389 Circumcidis
806 3348 1048 3396 carnem,
1092 3341 1150 3388 ut
1183 3333 1368 3388 carnis
1409 3333 1592 3388 valeas
1623 3331 1840 3401 explere
1881 3332 2003 3387 libi-

423 3423 625 3479 dinem.
661 3423 866 3478 Pravos
892 3433 944 3478 te
970 3423 1242 3492 polliceris
1277 3438 1455 3478 mores
1487 3423 1828 3486 abscindere,
1861 3433 1920 3477 ut
1950 3424 2002 3476 in

419 3514 1075 3583 pravitatepostmodum
1115 3512 1335 3583 impune
1367 3522 1419 3568 te
1467 3514 1630 3568 liceat
1659 3525 2000 3583 permanere.

424 3605 528 3659 Sed
557 3619 688 3660 ecce
729 3604 949 3660 Simeon
989 3615 1044 3660 et
1085 3604 1214 3659 Levi
1255 3604 1452 3660 Sicben
1483 3605 1676 3676 gladiis
1717 3605 2002 3673 impetunt,

421 3696 546 3764 quia
593 3695 758 3750 Vetus
804 3705 858 3751 et
904 3694 1112 3750 Novum
1155 3677 1584 3762 Testamentum,
1620 3695 1746 3749 dum
1792 3694 1908 3750 suis
1952 3703 2005 3749 te

421 3788 710 3843 sententiis
739 3788 1019 3854 damnant,
1048 3786 1202 3858 quasi
1235 3787 1455 3842 totidem
1487 3797 1540 3842 te
1576 3786 1770 3856 gladiis
1805 3787 2002 3841 armati

425 3883 620 3936 fratres
661 3883 1008 3937 obtruncant.
1044 3881 1170 3936 Sive
1200 3890 1259 3934 ut
1295 3879 1538 3936 vindices
1575 3880 1797 3950 propius
1825 3879 2006 3948 aequi-

424 3983 650 4039 rantur,
682 3972 874 4028 Petrus
899 3979 955 4027 et
997 3971 1218 4037 Paulus,
1261 3971 1353 4041 qui
1387 3972 1570 4028 mundi
1601 3981 1729 4026 sunt
1765 3968 2003 4038 judices,

424 4065 526 4132 ipsi
543 4079 760 4134 quoque
775 4063 908 4118 fiant
924 4073 1028 4118 tua:
1050 4063 1498 4135 transgressionis
1524 4061 1749 4118 ultores.
1778 4061 2018 4118 Fmdam.

423 4153 568 4206 enim
605 4169 719 4208 rem
753 4163 1008 4226 operatus
1054 4169 1113 4210 es
1143 4154 1196 4208 in
1227 4153 1413 4209 Israel.
1448 4152 1556 4209 Sed
1601 4169 1669 4208 ne
1708 4153 1831 4222 quis
1873 4153 2004 4209 mibi

422 4242 678 4299 fortassis
700 4244 940 4312 objiciat,
978 4247 1121 4314 quod
1157 4244 1534 4301 interfectores
1559 4243 1632 4299 illi
1663 4245 1884 4310 Sichen,
1915 4245 2002 4300 Si-

424 4353 584 4392 meou
619 4337 872 4392 videlicet
907 4346 963 4393 et
1003 4337 1154 4402 Levi,
1195 4339 1429 4394 abeunte
1458 4337 1768 4408 patriarcha
1813 4335 2004 4402 Jacob,

429 4430 830 4498 reprobationis
860 4446 1104 4486 meruere
1138 4431 1498 4496 sententiam;
1527 4430 1666 4486 sciat
1693 4430 1802 4485 illic
1825 4446 1855 4484 a
1883 4446 2006 4499 pro-

423 4520 645 4589 pbetico
689 4520 882 4589 spiritu
926 4520 1160 4574 futuram
1209 4520 1388 4590 potius
1429 4529 1660 4574 mortem
1708 4519 2004 4574 Salvatoris

422 4610 654 4675 attendi,
699 4625 894 4680 quanv
912 4619 1188 4679 peractam
1253 4611 1414 4679 digne
1460 4619 1696 4681 stragem
1741 4609 2004 4665 luxuriosi

424 4701 663 4757 hominis
687 4703 1061 4756 condemnari.
1091 4703 1168 4757 De
1213 4701 1434 4756 Simeon
1461 4703 1605 4758 enim
1635 4701 1829 4757 scribae
1876 4711 2004 4756 sunt

421 4790 765 4859 Judzeorum;
797 4792 864 4847 de
895 4792 1025 4847 Levi
1060 4807 1190 4848 vero
1221 4793 1388 4857 tribu,
1431 4793 1706 4864 principes
1750 4793 2007 4848 sacerdo-

422 4891 559 4936 tum.
586 4883 666 4937 De
689 4883 887 4952 quibus
918 4885 1101 4951 utique
1133 4883 1394 4953 scriptum
1421 4892 1508 4939 est
1539 4897 1554 4938 :
1591 4903 1610 4936 ι
1649 4883 1788 4950 Quia
1818 4886 2003 4939 consl-

418 4969 553 5026 lium
580 4971 830 5027 fecerunt
853 4984 912 5026 ut
933 4973 1116 5028 Jesum
1144 4975 1267 5030 dolo
1305 4984 1572 5040 tenerent,
1613 4985 1669 5030 et
1694 4975 2008 5031 occiderent

421 5061 642 5130 (Matth.
677 5065 849 5131 xxvi).
891 5083 910 5115 ι
944 5065 1016 5120 De
1049 5081 1158 5134 quo
1195 5065 1422 5122 consilio
1447 5066 1650 5121 dicitur
1678 5084 1691 5120 :
1729 5085 1748 5118 ε
1782 5065 1840 5120 ln
1870 5081 2006 5121 eon-

420 5151 545 5206 silio
567 5167 760 5207 eorum
787 5168 893 5208 non
920 5154 1104 5208 veniat
1132 5156 1313 5210 anima
1347 5171 1463 5212 mea
1491 5173 1504 5210 :
1539 5165 1596 5211 et
1619 5157 1672 5211 in
1695 5165 1840 5211 cmtu
1881 5155 2006 5211 illo-

423 5257 544 5295 rum
593 5258 700 5296 non
750 5243 823 5297 sit
856 5243 1025 5314 gloria
1069 5259 1210 5300 mea.
1261 5245 1419 5313 Quia,
1474 5247 1671 5317 inquit,
1733 5247 1787 5301 in
1819 5246 2007 5303 furore

420 5345 522 5384 suo
546 5331 866 5387 occiderunt
899 5334 1098 5399 virum,
1131 5343 1186 5390 et
1230 5335 1284 5390 in
1325 5337 1604 5392 voluntate
1634 5350 1731 5391 sua
1769 5336 2004 5392 suffode-

421 5431 553 5476 runt
589 5437 804 5478 murum
836 5421 990 5493 (Gen.
1025 5425 1214 5496 nix):
1248 5445 1267 5477 ι
1299 5428 1472 5481 virum
1500 5427 1708 5482 scilicet
1743 5427 1911 5487 illum.
1938 5428 2006 5482 de

419 5526 531 5580 quo
570 5510 848 5580 Sapientia
889 5514 967 5566 ait
1011 5532 1024 5566 :
1077 5532 1096 5564 ι
1143 5514 1526 5583 Opprimamus
1564 5516 1738 5569 virum
1770 5513 2002 5582 justum,

423 5601 551 5667 quia
579 5602 887 5656 contrarius
906 5612 989 5657 est
1009 5604 1266 5673 operibus
1297 5607 1499 5661 nostris
1536 5606 1688 5677 (Sep.
1725 5609 1808 5679 ιι).
1844 5627 1863 5658 ι
1886 5607 2001 5661 Mu-

422 5704 544 5744 rum
575 5698 755 5745 autem
791 5690 1147 5764 sull'oderunt,
1193 5694 1293 5749 hoc
1338 5705 1440 5761 cst,
1475 5695 1612 5750 illud.
1645 5695 2009 5750 fortissimum.

2106 3250 2160 3296 te
2187 3241 2339 3311 virgo
2370 3240 2478 3296 filia
2508 3241 2669 3308 Sion;
2704 3251 2825 3311 post
2856 3251 2905 3295 te
2934 3251 3097 3312 caput
3126 3243 3294 3298 movit
3319 3241 3427 3296 lilia
3457 3240 3680 3297 Jerusa-

2105 3332 2234 3387 lem.
2268 3331 2364 3387 Cui
2393 3333 2754 3403 exprobrasti,
2789 3342 2844 3387 et
2870 3348 3030 3402 quem
3059 3333 3483 3402 blasphemasti?
3507 3333 3693 3403 Supen

2105 3437 2264 3490 quem
2300 3421 2551 3476 exaltasti
2582 3437 2792 3484 vocem,
2821 3431 2877 3476 et
2904 3422 3093 3476 levasti
3124 3423 3464 3477 altitudinem
3493 3423 3682 3477 oculo-

2106 3526 2231 3565 rum
2257 3512 2511 3566 tuorum?
2534 3512 2614 3565 Ad
2644 3520 2892 3566 sanctum
2931 3511 3134 3566 Israel?
3190 3511 3246 3566 in
3310 3499 3703 3577 multitudinea:

2107 3601 2379 3670 inquiens,
2417 3600 2800 3672 quadrigarum
2832 3616 3074 3656 mearum
3115 3616 3214 3671 ego
3241 3602 3533 3656 ascendam
3563 3603 3685 3656 alti.

2106 3694 2344 3751 tudinem
2361 3693 2643 3756 montium,
2661 3691 2793 3763 juga
2819 3692 3007 3747 Libani
3031 3693 3166 3765 (Isa.
3192 3696 3418 3763 xxxvii),
3445 3715 3462 3746 ι
3485 3695 3681 3749 Itoma-

2108 3798 2233 3837 nam
2265 3781 2516 3837 videlicet
2556 3781 2873 3848 Ecclesiam,
2922 3783 2974 3836 in
3023 3785 3212 3839 mundi.
3247 3786 3416 3838 totius
3448 3785 3690 3841 culmine

2108 3873 2479 3937 constitutam,
2517 3883 2572 3928 et
2601 3872 2777 3928 nitore
2806 3873 3086 3944 virginalis
3114 3873 3385 3945 pudicitiae
3431 3875 3683 3930 candida»

2109 3971 2240 4018 tam.
2283 3959 2390 4016 Sed
2441 3961 2563 4014 audi
2609 3961 2738 4030 quid
2792 3961 2886 4016 tibi
2935 3975 3030 4031 per
3068 3962 3316 4026 eumdem
3366 3964 3688 4032 prophetam

2107 4050 2286 4105 divina
2319 4063 2420 4102 vox
2467 4049 2608 4102 dicat
2640 4049 2814 4119 (ibid.)
2850 4063 2865 4104 :
2911 4067 2931 4101 ‹
2968 4048 3365 4105 Habitatiouem
3417 4062 3582 4116 tuam,
3627 4061 3683 4106 et
3739 4113 3741 4116 g

2108 4154 2382 4208 egressum
2415 4147 2584 4200 tuum,
2612 4146 2668 4192 et
2693 4139 2974 4193 introitum
3001 4147 3148 4193 tuum
3170 4141 3417 4210 cognovi,
3447 4151 3502 4194 et
3532 4142 3689 4196 iusa-

2108 4232 2253 4285 niam
2285 4239 2432 4284 tuam
2468 4238 2657 4284 contra
2690 4245 2970 4295 me;cum
2991 4229 3201 4285 faceres
3263 4232 3549 4286 adversum
3597 4247 3692 4287 me

2109 4326 2365 4395 superbia
2391 4332 2480 4378 tura
2513 4323 2762 4378 ascendit,
2781 4324 2832 4377 in
2857 4339 3016 4378 aures
3041 4340 3210 4380 meas.
3248 4343 3268 4378 ι
3304 4325 3534 4395 Moxque
3560 4341 3682 4380 sen-

2112 4415 2336 4470 tentiam
2369 4414 2422 4468 in
2453 4412 2797 4468 conclusione
2823 4413 3094 4468 subnectit
3129 4414 3304 4484 (ibid.)
3343 4431 3358 4470 :
3412 4433 3430 4466 ‹
3484 4413 3684 4467 Ponant

2037 4497 2237 4576 Dergo
2283 4503 2544 4560 circulum
2592 4503 2644 4557 iu
2721 4503 2942 4558 naribus
2984 4506 3112 4569 tuis,
3157 4515 3210 4560 et
3253 4506 3465 4560 frenum
3511 4505 3564 4558 in
3610 4505 3690 4558 la-

2108 4597 2214 4652 biis
2263 4596 2413 4660 tuis,
2456 4603 2516 4649 et
2560 4594 2814 4650 reducam
2861 4604 2914 4650 te
2960 4595 3013 4649 in
3068 4597 3150 4650 via
3245 4611 3342 4667 per
3385 4612 3549 4665 quam
3595 4611 3685 4650 ve-

2110 4687 2261 4743 nisti.
2301 4704 2320 4738 ι
2625 4667 2632 4678 ’
2761 4743 2778 4756 ,

2183 4777 2288 4834 Sed
2317 4793 2445 4833 ecce
2467 4792 2570 4833 nos.
2587 4777 2756 4833 multa
2776 4778 2951 4832 adhuc
2972 4775 3147 4846 plura,
3176 4778 3411 4832 dictante
3434 4777 3692 4842 materia,

2112 4872 2342 4928 necdum
2369 4870 2702 4941 explevimus
2739 4880 2955 4937 votum;
2987 4880 3043 4925 et
3085 4871 3195 4942 jam
3225 4870 3536 4925 excedimus
3576 4870 3689 4939 epio

2112 4962 2312 5018 stolare
2355 4963 2752 5032 compendium.
2805 4963 3096 5032 Rogandus
3139 4972 3220 5016 est
3261 4977 3396 5032 ergo.
3424 4963 3688 5018 duntaxat

2106 5055 2448 5126 onmipotens
2499 5055 2666 5120 Deus,
2701 5063 2761 5109 ut
2801 5064 2857 5110 et
2903 5056 2972 5110 ad
3021 5065 3072 5109 te
3099 5055 3418 5109 humilitatis
3468 5065 3694 5110 revocet

2105 5148 2392 5217 spiritum;
2415 5157 2471 5202 et
2492 5149 2681 5216 sopitis
2701 5148 2978 5202 erroribus
3007 5146 3341 5201 simultatum
3368 5147 3420 5200 in
3443 5146 3685 5203 Ecclesia

2106 5235 2386 5306 sua.pacis
2442 5244 2606 5304 atque
2643 5236 2966 5297 concordiae,
2999 5250 3117 5304 qum
3156 5250 3255 5304 per
3295 5243 3348 5290 te
3379 5238 3548 5291 scissa
3579 5247 3684 5302 est,

2107 5325 2345 5380 stabiliat
2378 5323 2782 5378 fundamentum
2818 5343 2830 5378 :
2863 5325 2916 5378 iu
2947 5325 3052 5379 fine
3079 5324 3208 5381 libet
3233 5326 3348 5384 haec
3390 5327 3693 5399 plangere:

2385 5427 2495 5482 Heu
2523 5430 2536 5481 !
2565 5429 2723 5482 sedes
2753 5429 3064 5497 apostolica,

2454 5518 2613 5571 Orbis
2638 5517 2766 5570 olim
2797 5519 2988 5587 gloria,

2449 5606 2624 5672 Nunc,
2657 5609 2788 5678 proh
2809 5611 2822 5663 !
2855 5609 3086 5668 eﬂiceris

2456 5699 2672 5755 Ollicina
2703 5700 2974 5758 Simonis..
