4078 6202
393 340 498 394 Ξίῡ

1547 345 1751 401 LIBER
1779 345 2060 415 PRIMUS,
2101 350 2313 408 EPIST.
2351 352 2490 412 XXI.

3543 369 3652 426 250

397 454 641 508 feruntur
663 468 694 508 e
716 453 1206 525 Iocu~lis,tanqnam
1230 455 1392 526 gladii
1419 457 1702 512 vibrentur
1721 473 1752 514 e
1774 459 1968 514 thecis.
1998 465 2047 520 A
2076 462 2260 531 (Joan.
2295 469 2434 532 xix),
2454 475 2510 520 et
2541 475 2596 522 tu
2625 467 2679 522 in
2719 467 2856 524 duos
2883 484 3052 541 papas
3079 473 3403 530 catholicam
3426 479 3651 546 partiris

395 544 694 614 Pbalangas
746 544 922 614 plane,
969 561 1088 614 quae
1125 557 1178 602 te
1225 558 1545 616 sequuntur,
1589 549 1655 602 ad
1685 558 1791 603 tum
1821 550 1974 621 signa

394 636 602 690 militiae
624 652 728 689 non
755 644 866 689 tam
895 636 1046 704 litui,
1067 639 1329 703 buccinae,
1357 639 1442 694 vel
1465 640 1604 694 tubae
1629 639 1853 710 clangor
1873 653 1973 694 ex-

392 728 550 792 citat,
583 741 744 796 quam
789 742 924 780 vena
957 728 1160 782 metalli
1197 729 1463 785 vibrantis
1513 730 1725 784 invitat.
1755 729 1976 786 Habens

392 816 561 878 enim,
607 824 663 869 ut
705 818 857 870 aiunt
907 817 1127 882 rustici,
1163 816 1422 888 pugillom
1464 833 1719 882 aureum,
1767 817 1974 890 frangis

391 921 606 961 murum
643 903 900 961 ferreum.
927 907 1034 961 Sed
1052 915 1179 962 sunt
1223 927 1242 960 ι
1290 907 1511 972 divitiae,
1561 926 1581 960 ι
1618 916 1679 963 ιιι
1718 907 1972 964 Salomon

390 995 488 1059 ait,
517 1012 540 1048 ι
567 1005 901 1050 conservata:
923 996 976 1050 in
1002 996 1202 1051 malum
1241 997 1443 1052 domini
1475 998 1558 1053 sui
1588 997 1785 1070 (Eccle.
1830 1001 1909 1068 v).
1948 1019 1968 1053 ι

390 1085 528 1154 Quid
545 1084 688 1140 enim
707 1084 1104 1155 profuitaurum
1119 1086 1428 1155 Ptolomaeo,
1455 1089 1566 1160 regi
1593 1090 1800 1146 scilicet
1809 1089 1976 1164 Egy-

390 1178 464 1248 pti
489 1177 779 1248 (Eua-non,
805 1176 947 1232 Hist.
975 1177 1126 1233 Rom.
1154 1178 1251 1234 lib.
1274 1195 1353 1246 vt,
1376 1181 1430 1236 in
1455 1180 1592 1254 tim),
1614 1183 1705 1252 qui
1728 1192 1850 1254 post
1873 1200 1970 1239 na-

391 1267 512 1322 vale
539 1266 764 1335 bellum,
792 1269 936 1338 quod
957 1269 1102 1326 Julio
1130 1269 1330 1327 Ctesari
1354 1273 1594 1343 perﬁdus
1619 1289 1686 1330 ac
1706 1276 1972 1346 superbus

390 1362 674 1429 intulerat,
709 1373 967 1421 enecatus
995 1363 1266 1430 ﬂuctibus,
1294 1367 1618 1437 neglectus,
1669 1378 1833 1440 atque
1877 1371 1974 1427 de-

394 1465 615 1525 spectus
641 1456 695 1511 in
724 1457 907 1514 littore
932 1459 1051 1514 sine
1071 1459 1295 1516 custode
1313 1460 1557 1531 jacebat,
1586 1477 1687 1519 nec
1710 1464 1872 1520 aliter
1890 1475 1976 1523 est

390 1548 536 1604 inter
585 1558 815 1605 caeteros
846 1551 1086 1621 agnitus,
1133 1551 1237 1607 nisi
1286 1553 1413 1621 quia
1463 1569 1627 1610 aurea
1649 1564 1775 1611 erat
1800 1557 1970 1613 lorica

390 1643 722 1712 praecinctus
747 1643 772 1696 ?
801 1642 990 1698 Melius
1017 1643 1067 1698 ei
1101 1642 1282 1698 fuerat
1309 1645 1413 1700 sub
1458 1661 1703 1716 pannoao
1734 1649 1972 1719 tegmine

387 1731 595 1801 vivere,
623 1747 783 1802 quam
810 1732 864 1788 in
895 1749 1154 1804 purpura,
1178 1734 1263 1790 vel
1285 1750 1420 1791 auro
1440 1737 1642 1806 perire.
1671 1737 1972 1808 Imperator

2077 554 2373 612 Ecclesiam
2410 558 2538 613 illli
2587 562 2872 630 pendentis
2913 565 2968 618 in
3001 580 3163 621 cruce
3191 567 3494 624 Salvatoris
3523 588 3648 626 ossa

2077 663 2182 701 non
2219 648 2506 720 frangunt;
2545 660 2599 706 et
2630 661 2684 706 tu
2715 655 2880 710 sectis
2924 654 3181 712 Ecclesiae
3214 661 3489 721 membris,
3533 679 3650 729 qua-

2074 737 2450 805 proculdubio
2495 755 2691 810 corpus
2740 741 2857 810 ejus
2900 755 3004 809 eSt,
3053 759 3449 802 sacramentum
3484 753 3650 804 violas

2075 826 2299 882 unitatis
2324 828 2348 881 ?
2374 828 2595 898 Captam
2625 832 2768 887 bello
2817 849 3000 889 arcam
3029 836 3122 892 Dei
3155 839 3340 902 Israel,
3372 839 3650 895 Pbilistbi-

2073 931 2264 972 norum
2289 919 2561 993 principes
2596 930 2869 978 temerare
2897 939 3004 980 non
3043 930 3259 992 audent,
3286 932 3377 984 sed
3404 933 3644 988 clausam

2074 1008 2698 1083 tmdiqueillibatamqne
2719 1027 3041 1072 conservant
3063 1018 3114 1090 (1
3141 1019 3268 1090 Reg.
3294 1021 3382 1091 v);
3413 1032 3468 1076 tu
3495 1023 3652 1078 Chri-

2072 1100 2263 1156 stianae
2293 1103 2512 1173 pietatis
2547 1121 2828 1174 arcanum,
2861 1118 2918 1164 et
2943 1124 3050 1165 non
3079 1104 3411 1183 lapidearum
3442 1115 3651 1170 tabula-

2073 1205 2212 1252 rum.
2270 1193 2364 1248 sed
2424 1196 2575 1251 verbi
2616 1197 2710 1252 Dei
2758 1199 2884 1266 vivi,
2925 1210 2982 1255 et
3013 1205 3386 1271 permanentis
3429 1205 3651 1261 ctrleste

2072 1282 2388 1350 mysterium
2430 1298 2651 1346 vexa-re.
2692 1301 2756 1342 ac
2792 1289 3001 1345 solvere
3053 1291 3246 1346 niteris
3298 1291 3647 1348 frementium

2071 1370 2259 1426 cuneis
2287 1371 2652 1430 bellatorum?
2675 1375 2732 1432 Si
2761 1374 2870 1432 Oza
2926 1381 3173 1446 moritur,
3202 1383 3329 1452 quia
3358 1384 3646 1440 humerum

2071 1462 2344 1532 supponit,
2375 1479 2444 1520 ne
2464 1480 2590 1521 arca
2617 1467 2830 1523 Domini
2859 1480 3080 1526 corruat
3105 1467 3197 1542 (II
3209 1472 3335 1544 Reg.
3371 1483 3484 1540 vi);
3517 1476 3647 1545 quid
3684 1517 3692 1530 .

2071 1550 2149 1606 illi
2181 1554 2377 1610 merito
2421 1555 2540 1623 ﬁet,
2585 1559 2677 1627 qui
2709 1574 2770 1614 se
2813 1575 2978 1631 super
3009 1559 3306 1618 Ecclesiam
3337 1563 3559 1629 Christi,
3587 1575 3649 1620 ut

2069 1640 2124 1695 in
2151 1642 2271 1712 ejus
2289 1643 2446 1699 ruina
2489 1645 2604 1716 ipse
2642 1648 2894 1704 sublimis
2929 1650 3198 1715 videatur,
3223 1652 3476 1707 exaltat?
3511 1654 3648 1708 Audi

2071 1733 2198 1802 quid
2232 1733 2326 1788 tibi
2357 1749 2454 1805 per
2483 1736 2714 1793 Abdiam
2739 1740 2918 1794 divina
2945 1755 3050 1795 vox
3075 1742 3220 1797 dicat
3241 1742 3398 1812 (Abd.
3447 1744 3501 1808 5,
3537 1745 3594 1815 4)
3634 1763 3650 1800 z

389 1819 533 1876 Nero
563 1822 766 1876 retibus
787 1824 969 1878 aureis
993 1823 1305 1894 piscabatur
1325 1825 1615 1896 (Ευτιιοιι,
1645 1826 1785 1882 Hist.
1815 1827 1967 1883 Rom.
2000 1809 2047 1868 Β
2079 1842 2098 1877 ι
2133 1825 2395 1896 Superbia
2425 1830 2606 1885 cordis
2638 1831 2714 1884 tui
2755 1832 2950 1887 extulit
2985 1842 3038 1888 te
3067 1809 3399 1890 habitantem
3429 1836 3483 1890 in
3517 1809 3658 1891 scis-

390 1911 484 1966 lih.
513 1913 634 1981 vn),
656 1927 850 1983 eaque,
879 1923 938 1969 ut
965 1915 1209 1971 historiae
1239 1917 1478 1981 tradunt,
1516 1917 1764 1975 blattinis
1786 1934 1818 1974 e
1847 1935 1976 1990 gur-

397 2003 501 2072 gite
532 2003 753 2059 funibus
778 2004 1118 2070 extrahebat,
1147 2005 1244 2062 sed
1282 2022 1404 2062 eum
1451 2008 1758 2064 nullatenus
1784 2020 1974 2080 potue-

397 2105 522 2149 runt
557 2097 626 2151 ab
649 2096 951 2152 imminenti
983 2098 1320 2167 discrimine,
1344 2116 1522 2172 neque
1546 2102 1769 2167 divitiae,
1797 2117 1974 2173 neque

395 2189 607 2242 deliciae
652 2189 904 2245 liberare.
955 2190 1088 2245 Nam
1123 2206 1248 2246 cum
1278 2193 1599 2267 aIRomanis
1635 2208 1734 2266 pro
1766 2196 1976 2251 incom-

393 2280 656 2348 parabilis
690 2283 1018 2337 enormitate
1042 2281 1230 2353 ﬂagitii
1270 2285 1336 2339 ad
1358 2285 1680 2356 supplicium
1704 2302 1975 2356 quaerere-

393 2385 496 2434 tur,
513 2371 825 2438 pavefactus
845 2388 874 2426 e
893 2373 1096 2443 palatio
1116 2374 1350 2445 fugiens,
1380 2376 1493 2445 ipse
1508 2377 1746 2440 lsibimet
1774 2378 1828 2432 in
1853 2377 1975 2432 sub-

391 2463 549 2515 urbio
599 2463 880 2517 conscivit
911 2465 1209 2519 interitum.
1231 2464 1489 2521 Justinus
1510 2467 1824 2536 gimperator
1858 2478 1976 2522 tan-

392 2560 500 2605 tam
516 2553 759 2606 thesauri
785 2553 993 2623 c0piam
1008 2555 1316 2624 possidebat
1342 2556 1528 2625 (PAUL.
1560 2573 1728 2622 cum,
1743 2556 1820 2610 De
1839 2565 1970 2628 gest.

392 2641 627 2711 Longob.
659 2643 694 2695 l.
741 2659 823 2707 Ill,
857 2660 906 2698 c.
936 2645 1046 2714 ti),
1078 2655 1135 2700 ut
1169 2647 1236 2701 ad
1281 2661 1443 2714 opum
1484 2647 1788 2702 custodiam
1837 2663 1976 2702 uxor

389 2735 506 2800 ejus
534 2749 693 2789 arcas
717 2733 922 2789 ferreas
953 2736 1273 2803 fabricaret;
1307 2739 1400 2792 sed
1431 2738 1771 2807 postmodum
1801 2739 2000 2807 impos»

389 2824 587 2877 mentis
605 2823 850 2889 etfectus,
875 2825 999 2878 dum
1024 2840 1082 2879 se
1097 2826 1356 2895 perdidit,
1373 2827 1537 2881 etiam
1559 2842 1806 2897 possessa
1827 2844 1976 2898 quae-

390 2911 523 2966 libet
558 2928 682 2966 cum
732 2914 861 2983 ipsis
909 2930 1126 2984 quoque
1179 2917 1449 2987 regalibus
1498 2919 1732 2988 sceptris
1765 2919 1970 2975 amisit.

391 3001 545 3058 Unde
570 3006 709 3058 bene
730 3020 826 3073 per
848 3007 1168 3074 prophetam
1203 3008 1403 3062 dicitur
1434 3022 1448 3062 :
1491 3027 1511 3060 ι
1551 3011 1846 3077 Argentum
1875 3024 1971 3065 eo-

387 3108 512 3146 rum
542 3093 693 3147 foras
730 3093 1066 3163 projicietur,
1107 3104 1162 3150 et
1195 3110 1388 3150 aurum
1433 3111 1622 3154 eorum
1657 3099 1710 3154 in
1738 3098 1976 3168 sterqui-

2076 1918 2219 1972 suris
2240 1929 2544 1989 petrarum,
2595 1921 2926 1980 exaltantem
2955 1924 3149 1979 solium
3174 1936 3346 1981 tuum.
3377 1925 3479 1994 Qui
3517 1926 3655 1980 dicis

2076 2005 2131 2061 in
2161 2008 2324 2063 corde
2355 2018 2486 2064 tuo:
2512 2009 2656 2078 'Quis
2690 2011 2938 2068 detrahet
2978 2029 3063 2068 me
3107 2015 3160 2069 in
3191 2024 3396 2070 terram
3434 2016 3458 2069 7
3491 2033 3510 2068 ι
3547 2015 3648 2072 Ubi

2075 2113 2199 2152 mox
2224 2099 2468 2168 sequitur
2503 2118 2515 2154 :
2561 2119 2580 2152 ι
2615 2099 2676 2156 Si
2707 2102 2977 2159 oxaltatus
3007 2104 3176 2160 fueris
3201 2114 3260 2159 ut
3282 2105 3482 2174 aquila,
3521 2114 3576 2161 et
3606 2106 3653 2162 si

2075 2188 2217 2244 inter
2240 2191 2415 2246 sidera
2441 2194 2687 2262 posueris
2708 2193 2894 2248 nidum
2921 2204 3094 2260 tuum,
3125 2195 3247 2250 inde
3268 2197 3551 2250 detraham
3575 2207 3650 2261 te,

2075 2279 2204 2334 dicit
2242 2280 2520 2336 Dominus.
2561 2301 2581 2333 ι
2615 2281 2761 2338 Luce
2808 2283 3010 2338 clarius
3054 2293 3289 2349 constat,
3319 2286 3446 2355 quia
3483 2285 3650 2340 David

2076 2368 2130 2422 in
2161 2383 2341 2438 regem
2387 2386 2488 2440 per
2538 2371 2808 2427 Samuelis
2843 2374 3200 2429 ministerium
3250 2376 3494 2444 ungitur,
3520 2374 3654 2430 Saul

2074 2472 2204 2512 vero
2233 2458 2397 2514 divini
2432 2458 2623 2527 judicii
2653 2463 2924 2517 sententia
2958 2464 3302 2532 reprobatur.
3334 2464 3440 2519 Sed
3479 2465 3653 2520 donec

2076 2546 2206 2601 Saul
2251 2546 2477 2610 advixit,
2537 2564 2638 2604 nec
2681 2552 3029 2622 perexiguam
3072 2553 3290 2622 quidem
3319 2554 3465 2624 regni
3489 2554 3658 2623 parti-

2075 2636 2250 2690 cuiam
2280 2637 2444 2692 David
2471 2637 2690 2692 sibimet
2715 2654 2976 2708 usurpare
3005 2642 3368 2709 prtesumpsit.
3398 2639 3502 2696 Sed
3524 2642 3656 2711 quid

2077 2726 2335 2791 dicimus,
2387 2717 2531 2797 quod
2577 2727 2773 2791 David,
2801 2729 3016 2783 vivente
3044 2729 3188 2791 Saul,
3240 2730 3372 2800 regii
3405 2729 3657 2785 culminis

2076 2818 2285 2888 apicem
2338 2832 2442 2872 non
2475 2819 2719 2873 ascendit
2747 2818 2770 2872 ?
2799 2834 2920 2873 cum
2963 2831 3105 2876 eteo
3127 2822 3290 2876 etiam
3321 2821 3434 2891 jam
3461 2820 3654 2877 defun-

2075 2916 2184 2971 cto,
2217 2921 2559 2977 nequaquam
2613 2924 2737 2964 mox
2767 2908 2835 2963 ad
2873 2909 3164 2966 obtinenda
3208 2893 3409 2980 regalia
3437 2921 3655 2981 sceptra

2075 3011 2135 3052 se
2165 2996 2395 3052 contulit
2421 3013 2435 3064 ;
2468 2997 2560 3052 sed
2589 3006 2768 3052 utrum
2789 2997 2877 3066 jus
2899 2999 3089 3054 saltem
3120 3000 3398 3055 habitandi
3431 3002 3484 3056 in
3515 3017 3652 3072 qua-

2076 3087 2205 3143 libet
2234 3088 2389 3160 regni
2413 3089 2548 3144 urbe
2573 3098 2898 3155 mereretur,
2925 3091 3204 3145 humiliter
3228 3092 3527 3161 inqulsivit,
3559 3093 3647 3147 di-

388 3182 581 3235 linium
615 3158 759 3248 erit;
791 3158 1075 3252 argentum
1095 3200 1307 3249 eorum,
1335 3195 1393 3241 et
1419 3202 1610 3241 aurum
1636 3203 1742 3242 non
1774 3158 1975 3242 valebit
2001 3158 2045 3221 ο
2076 3193 2206 3234 cens
2233 3158 2320 3250 (Ii
2347 3177 2478 3250 Reg.
2506 3179 2568 3251 η)
2599 3197 2613 3235 :
2651 3199 2670 3232 ι
2708 3179 2846 3235 Num
2876 3182 3164 3237 ascendam
3212 3183 3265 3236 in
3297 3198 3459 3237 unam
3487 3185 3555 3238 de
3577 3183 3656 3238 ci-

389 3271 630 3327 liberare
673 3287 771 3327 eos
828 3274 882 3327 iu
912 3274 999 3329 die
1044 3273 1243 3330 furoris
1270 3275 1516 3342 Domini;
1559 3279 1795 3332 animam
1818 3291 1974 3332 suam

391 3375 500 3414 non
523 3361 870 3428 saturabunt,
902 3371 959 3417 et
987 3373 1206 3419 ventres
1227 3379 1415 3421 eorum
1442 3381 1548 3422 non
1573 3367 1971 3435 implebantur;

389 3451 520 3522 quia
548 3452 865 3506 scandalum
896 3453 1202 3522 iniquitatis
1229 3469 1417 3509 eorum
1444 3454 1649 3510 factum
1671 3462 1779 3534 est,
1809 3465 1864 3510 et
1885 3471 1976 3511 or-

2074 3269 2332 3325 vitatibus
2375 3268 2510 3325 Juda
2555 3270 2579 3325 ΐ
2631 3289 2652 3323 ι
2707 3270 2805 3326 Cui
2842 3287 2964 3326 cum
3014 3273 3272 3328 divinitus
3325 3273 3595 3328 diceretur
3636 3289 3652 3328 :

2083 3377 2102 3412 ι
2131 3361 2410 3427 Ascende;
2441 3380 2460 3413 ι
2495 3377 2602 3417 non
2630 3377 2777 3428 mox,
2804 3362 2858 3417 in
2885 3377 3047 3432 quam
3079 3363 3183 3419 sibi
3215 3363 3404 3418 melius
3443 3363 3657 3417 videre-

2075 3461 2186 3520 tur,
2218 3454 2453 3509 credidit
2489 3451 2888 3510 ascendendum
2914 3471 2929 3520 ;
2958 3457 3052 3510 sed
3079 3457 3320 3525 geminat
3345 3455 3657 3524 inquisitio-

391 3552 650 3597 namenta
701 3545 983 3599 monilium
1012 3561 1235 3600 suorum
1259 3547 1314 3601 in
1345 3548 1654 3618 superbiam
1679 3558 1976 3619 posuerunt
2076 3560 2222 3610 nem,
2246 3553 2306 3600 ut
2334 3547 2513 3614 capiat
2537 3546 2939 3601 certitudinem.
2967 3545 3199 3615 lnquirit
3225 3546 3402 3600 adhuc
3423 3560 3532 3615 quo
3553 3560 3653 3614 po-

392 3633 614 3704 (Eaech.
646 3635 767 3705 vn).
810 3654 830 3687 ι
862 3623 1298 3692 Gothorum’dux
1331 3638 1604 3703 Alaricus,
1642 3648 1702 3692 ut
1746 3640 1977 3694 authen-
2074 3636 2346 3692 tissimum
2397 3636 2689 3691 ascendere
2735 3637 2948 3702 debeat,
2987 3651 3053 3690 ne
3073 3636 3335 3706 judicium
3382 3651 3440 3689 se
3469 3635 3655 3704 dispo-

392 3727 497 3781 tica
521 3728 990 3783 testaturbistoria
1025 3728 1468 3799 (Joauanoes,De
1485 3729 1643 3786 Goth.
1666 3729 1973 3801 orig.c.'50),
2020 3726 2256 3793 .nentis
2301 3725 2355 3780 in
2400 3725 2580 3792 aliquo
2629 3724 2715 3780 vel
2762 3726 3007 3789 minimo,
3034 3726 3177 3794 quod
3211 3726 3370 3787 absit,
3397 3723 3652 3779 oiI'cndat.

391 3818 520 3872 dum
545 3819 852 3888 inopinatas
879 3835 940 3875 se
963 3821 1243 3890 possidere
1271 3821 1490 3877 divitias
1514 3822 1804 3892 gloriatur,
1833 3821 1976 3891 apud
2081 3832 2101 3866 ι
2131 3814 2265 3881 Quo,
2313 3814 2513 3884 inquit,
2556 3814 2878 3869 ascendam?
2898 3835 2916 3867 ι
2964 3815 3054 3869 Ait
3093 3813 3348 3870 Dominus
3378 3832 3434 3866 τι
3461 3813 3516 3867 In
3546 3813 3653 3868 ile—
3762 3885 3768 3892 ι

392 3907 702 3964 Consentia
726 3913 1002 3980 regionem
1027 3913 1211 3967 summ
1246 3921 1424 3968 moue
1448 3913 1782 3985 defungitur.
1813 3913 1974 3970 Gothi
2075 3903 2237 3960 bron.
2275 3923 2295 3956 ›
2327 3904 2496 3958 David
2531 3917 2662 3975 ergo
2708 3919 2803 3959 rex
2842 3904 2896 3959 in
2925 3919 3090 3974 regno
3120 3906 3220 3959 sibi
3260 3905 3519 3960 divinitus
3550 3913 3659 3959 tra-

392 4014 526 4052 vero
575 4001 826 4070 protinus
879 4001 1176 4057 Barentum
1231 4018 1450 4058 amnem
1499 4019 1531 4059 a
1571 4018 1671 4059 suo
1699 4002 1852 4059 alveo
1879 4017 1974 4072 per

2077 3995 2217 4060 dito,
2271 4009 2377 4050 non
2413 3995 2574 4050 modo
2631 4008 2878 4064 regnare,
2909 3996 3004 4050 sed
3053 4011 3122 4050 ne
3159 3995 3374 4065 quidem
3403 3995 3654 4048 habitare

394 4092 564 4146 alium
594 4096 863 4149 tramitem
887 4095 1222 4165 captivorum
1249 4095 1434 4151 labore
1453 4095 1774 4151 deﬂectunt:
1793 4095 1974 4165 sicque

2076 4084 2376 4157 praesumit,
2400 4084 2504 4140 nisi
2523 4085 2721 4140 divinae
2737 4084 3000 4152 jussionis
3029 4085 3206 4140 adhuc
3234 4094 3524 4139 renovetur
3552 4085 3654 4138 im-

392 4185 670 4240 Alaricum
726 4201 852 4241 cum
897 4187 1082 4242 multis
1127 4187 1321 4256 opibus
1352 4187 1405 4241 in
1443 4188 1631 4242 eodem
1655 4185 1808 4244 alveo
1837 4201 1977 4256 aqua
2076 4177 2326 4248 ρβτίιιηις
2353 4184 2408 4232 ει
2437 4191 2552 4241 ηοεν
2582 4176 2674 4245 qui
2701 4177 3010 4232 εειοεηιοιθε
3035 4177 3286 4239 ἀίοίηιυνι
3319 4174 3524 4230 alienas
3555 4175 3654 4229 EC‘

393 4277 683 4332 δεθείεηιε
712 4277 999 4347 “penum,
1051 4292 1283 4348 moxque
1311 4278 1530 4334 ίιανίυηι
1580 4279 1802 4348 proprio
1823 4293 1977 4335 mea-
2078 4266 2274 4322 clesias
2293 4264 2605 4335 pra‘donum
2626 4277 2788 4336 atque
2806 4275 3078 4336 raptorum
3103 4282 3252 4322 more
3285 4266 3650 4336 pervadimus,

396 4368 474 4422 tui
497 4367 654 4436 juxta
704 4368 1150 4424 consuetudinem
1183 4367 1454 4435 reddunt;
1478 4383 1544 4424 ac
1575 4382 1647 4424 ne
1671 4370 1795 4438 quis
1819 4369 1974 4424 addi-

2079 4371 2279 4425 easque
2310 4357 2510 4411 mundo
2541 4365 2810 4425 stupente,
2841 4356 2953 4412 Deo
2982 4357 3320 4426 prohibente,
3351 4367 3540 4412 contra
3565 4357 3658 4411 de-

394 4472 552 4512 scere
601 4457 776 4512 locum
823 4464 1025 4527 posset,
1068 4457 1315 4526 captivos
1339 4473 1550 4524 ornnes,
1593 4459 1686 4529 qui
1719 4458 1979 4514 interrae.
2007 4455 2228 4529 “creta
2282 4445 2487 4516 legum,
2541 4456 2728 4500 contra
2789 4447 3088 4501 sententias
3139 4461 3429 4510 canonum,
3479 4446 3656 4501 venali

566 4506 976 4601 εξεῖιιῖὲεῖιῖιζῖί
2002 4506 2057 4568 D
2081 4506 2408 4590 Commercio
2438 4534 2706 4589 redimere
2732 4534 3071 4590 festinamus.
3091 4534 3168 4590 De
3179 4537 3378 4604 quibus
3389 4539 3487 4590 sub
3501 4535 3658 4589 adul-

394 4637 544 4689 niam
569 4644 693 4690 tuus
728 4637 893 4690 etiam
925 4636 1078 4691 miles
1103 4636 1392 4703 infoderet,
1436 4652 1507 4693 ne
1544 4651 1810 4708 peream,
1835 4640 1978 4696 sicut
2079 4633 2320 4680 ῑθΐοτυω
2365 4625 2546 4692 εβθοίθ
2587 4639 2683 4694 Per
2711 4621 3000 4678 ’e'emiam
3049 4625 3246 4679 diem"
3292 4642 3307 4679 ³
3349 4646 3366 4676 ⁸
3404 4625 3654 4687 δειιυτθνί

388 4727 504 4796 jam
531 4726 716 4795 coepit,
746 4734 922 4780 status
948 4726 1203 4782 Ecclesiae
1240 4728 1514 4798 deperiret
1543 4730 1558 4781 l
1601 4735 1660 4782 ut
1695 4729 1839 4798 quod
1863 4744 1979 4783 ma-

394 4817 572 4886 gistro
603 4824 702 4871 tuo
722 4816 926 4871 dictum
957 4816 1179 4886 legitur,
1210 4817 1308 4874 tibi
1359 4831 1578 4888 quoque
1611 4817 1809 4873 merito
1831 4819 1980 4874 dice-

393 4916 554 4961 retur
597 4925 612 4960 :
669 4925 691 4959 ι
748 4906 983 4962 Pecunia
1037 4917 1127 4962 tua
1177 4916 1354 4963 tecum
1398 4909 1472 4962 sit
1518 4909 1571 4964 in
1613 4908 1993 4979 perditionem'

392 4995 539 5064 (Act.
571 4996 713 5064 vni).
747 5015 766 5048 ι
799 4995 997 5052 Habuit
1021 5011 1186 5067 porro
1216 5008 1391 5052 mater
1415 4997 1625 5062 Michae,
1664 4999 1806 5055 sicut
1828 4999 1883 5055 in
1911 4999 1978 5055 li-

392 5085 498 5140 bro
542 5083 793 5139 Iudicum
840 5084 1042 5156 legitur
1070 5086 1461 5158 (Judic..xvn),
1501 5099 1810 5157 argentum,
1835 5089 1977 5144 unde

391 5173 687 5232 conﬂatum
701 5176 809 5248 67
826 5186 908 5231 est
921 5176 1145 5243 idolum,
1166 5178 1260 5232 sed
1282 5179 1440 5240 absit,
1467 5186 1528 5232 ut
1543 5186 1752 5230 tantum
1773 5191 1841 5232 ex
1861 5178 1974 5244 illa,

392 5274 660 5336 quantum
686 5265 754 5320 de
783 5275 874 5320 tua
901 5267 1151 5336 pecunia,
1183 5267 1450 5336 prodierit
1493 5267 1860 5337 sacrilegium.
1891 5267 1973 5323 Ex

392 5357 490 5410 illa
519 5357 718 5426 quippe
731 5371 944 5411 summa
974 5357 1029 5410 in
1057 5371 1160 5410 una
1184 5366 1392 5412 tantum
1416 5358 1556 5413 tribu
1584 5357 1747 5412 Israel
1767 5357 1970 5413 factum

392 5456 481 5501 est
528 5445 846 5501 scandalum
871 5463 888 5513 ;
943 5454 1034 5500 tua
1061 5461 1190 5503 vero
1211 5447 1437 5516 pecunia
1463 5446 1785 5502 Christiana:
1820 5446 1970 5512 fidei,

392 5547 450 5593 et
477 5539 644 5592 totius
667 5546 870 5593 sancta:
898 5537 1150 5592 Ecclesia:
1173 5537 1362 5592 nititur
1385 5547 1632 5592 evertere
1653 5536 1972 5595 fundamen-

394 5639 534 5684 tum.
563 5628 648 5692 Et,
679 5628 909 5683 oscelus
937 5628 1236 5682 inauditum
1268 5627 1281 5680 l
1313 5625 1696 5696 Pilatigmilites
1721 5627 1977 5683 inconsu-

396 5722 558 5775 tile'm
605 5720 819 5776 Domini
879 5736 986 5775 non
1041 5728 1375 5791 praesumunt
1433 5719 1680 5776 scindere
1733 5720 1971 5775 tunicam

2080 4729 2199 4782 eos,
2228 4723 2283 4769 et
2325 4713 2581 4768 mwchati
2611 4721 2762 4778 sunt,
2809 4724 2864 4769 et
2889 4713 2943 4768 in
2975 4715 3137 4770 domo
3165 4716 3467 4770 meretricis
3499 4715 3655 4768 luxu-

2080 4806 2362 4862 riabantur
2395 4825 2410 4860 :
2441 4805 2566 4874 equi
2593 4814 2865 4860 amatores
2898 4820 2952 4859 tn
2977 4806 3206 4861 feminas
3225 4806 3490 4860 emissarii
3521 4805 3652 4861 facti

2079 4907 2226 4964 sunt,
2249 4899 2620 4970 unusquisque
2645 4899 2714 4954 ad
2745 4914 2967 4953 uxorem
3003 4899 3235 4968 proximi
3255 4899 3338 4953 sui
3377 4898 3656 4952 biuniebat

2078 4987 2215 5058 (Jer.
2245 4987 2324 5059 v).
2358 5007 2378 5040 ι
2411 4988 2562 5045 Unde
2613 4997 2668 5044 et
2699 4989 2987 5059 sequitur:
3029 5006 3048 5040 ι
3105 4987 3355 5058 Nunquid
3377 5001 3539 5058 super
3568 4988 3657 5044 his

2077 5091 2185 5132 non
2235 5076 2486 5143 visitabo,
2527 5077 2657 5132 dicit
2691 5075 2996 5132 Dominus?
3028 5087 3084 5129 et
3127 5077 3179 5130 in
3227 5087 3442 5145 gentem
3491 5075 3652 5130 talem

2077 5184 2186 5224 non
2215 5168 2507 5224 ulciscetur
2529 5168 2706 5223 anima
2737 5166 2902 5222 mea?
2933 5186 2953 5219 ι
2981 5165 3156 5238 (ibid.)
3179 5165 3335 5221 Enim
3384 5167 3656 5222 verosicut

2078 5274 2174 5329 per
2218 5259 2441 5312 auxesin
2490 5257 2690 5312 dicitur
2718 5256 2916 5311 Sancta
2961 5263 3301 5320 sanctorum,
3341 5267 3397 5312 et
3427 5253 3650 5310 Cantica

2075 5350 2442 5415 canticorum;
2471 5349 2551 5404 sic
2595 5348 2896 5404 Romanam
2925 5346 3225 5404 Ecclesiam
3252 5349 3514 5405 venaliter
3542 5347 3656 5403 disc

2049 5432 2243 5506 'trahi,
2298 5449 2574 5511 peccatum
2608 5449 2695 5496 est
2738 5440 2923 5510 utique
2954 5450 3318 5512 peccatorum.
3349 5440 3656 5509 Quamlibet

2077 5537 2396 5610 “quippe
2416 5534 2712 5590 Ecclesiam
2735 5534 3026 5599 redimens,
3050 5533 3390 5590 Simoniacus
3417 5544 3528 5600 est;
3560 5533 3655 5603 qui
3743 5598 3754 5609 ο

2079 5636 2260 5682 autem
2282 5625 2581 5680 Romanam
2619 5623 2915 5683 Ecclesiam
2939 5626 3007 5679 ad
3049 5625 3377 5680 taxationem
3415 5623 3658 5693 pecunia

2081 5717 2300 5791 redigit,
2319 5717 2446 5789 quid
2469 5716 2632 5784 aliud,
2660 5731 2821 5790 quam
2848 5731 3038 5774 omnes
3063 5732 3160 5788 per
3173 5719 3358 5774 orbem
3385 5725 3657 5771 terrarum
