4088 6198
430 324 531 380 2M

963 323 1019 378 S.
1062 321 1263 379 PETRI
1305 319 1584 375 DAMIANI
1619 318 1768 375 OPP.
1795 313 1975 372 PARS
2015 310 2153 368 εει]
2191 312 2425 372 TOMUS
2456 316 2495 371 l.
2535 345 2602 356 -—
2640 316 2856 372 EPIST.
2895 315 3024 371 LIB.
3063 313 3199 371 Vlll.

3573 315 3680 369 252

432 435 732 498 Ecclesias,
782 437 975 503 qmbus
1005 433 1091 486 illa
1139 432 1358 502 praelata
1388 440 1471 486 est
1499 470 1515 495 ,
1548 430 1808 486 venaliter
1842 444 1999 482 usur-
2022 430 2075 487 Α
2100 425 2231 482 Cum
2264 431 2600 502 paterMagni
2631 432 2968 487 Constantini
2994 431 3366 495 Constantius,
3391 441 3553 501 atque
3576 432 3682 486 Ga-

429 543 560 597 pare
590 526 904 582 contendit?
935 525 1079 579 Sane
1119 525 1259 587 sicut
1301 524 1519 591 triginta
1548 524 1785 577 denariis
1831 520 2001 577 Judas

429 621 688 674 lscariuth
714 614 1278 677 Dominumveudidit,
1315 616 1385 668 ita
1406 615 1624 686 triginta
1650 613 2001 667 nihilominus

431 708 835 761 maledictiones
864 706 980 774 ejus
1007 705 1351 774 reperiuntur
1378 705 1431 758 in
1464 704 1691 773 psalmo,
1716 719 1875 772 quem
1900 704 1999 757 ad-

428 812 614 851 versus
637 811 757 850 eum
790 795 1057 863 Propheta
1102 795 1405 864 descripsit.
1442 794 1572 861 Quae
1593 794 1803 847 scilicet
1832 792 2001 847 male-

426 889 688 943 dictiones
711 887 777 940 ah
806 902 870 941 eo
899 885 1165 941 versiculo
1194 887 1499 956 incipiunt,
1528 887 1617 940 ubi
1666 887 1873 941 dictum
1914 894 2001 940 est

426 979 596 1052 (Psal.
630 980 781 1050 cvm)
810 1022 820 1034 .
852 998 871 1032 ι
901 979 1179 1034 Constitue
1214 995 1377 1049 super
1398 994 1519 1033 eum
1552 987 1893 1049 peccatorem
1919 995 1933 1031 ι
1972 996 1991 1028 ι

423 1071 532 1125 illic
558 1080 735 1125 autem
765 1070 1056 1135 desinunt,
1084 1068 1175 1123 ubi
1202 1068 1544 1135 subjunctum
1597 1078 1682 1122 est
1726 1084 1741 1121 :
1780 1086 1799 1119 ι
1860 1066 1998 1136 Ope-

422 1160 627 1214 riantur
655 1160 795 1214 sicut
816 1158 1048 1229 diploide
1071 1157 1382 1213 confusione
1406 1172 1523 1212 sua.
1563 1176 1582 1210 ι
1604 1158 1660 1212 Si
1688 1171 1819 1227 ergo
1839 1154 1994 1222 juxta

419 1251 623 1319 peccati
656 1251 891 1311 modum,
930 1248 1317 1303 maledictiouis
1336 1249 1449 1303 sive
1477 1247 1839 1301 damnationis
1861 1260 2001 1315 pon-

420 1340 643 1394 deratur
661 1340 912 1410 elogium,
945 1348 1162 1409 quantae
1188 1339 1477 1408 perditioni
1517 1339 1775 1393 Romana:
1808 1337 1994 1391 Eccle-

418 1430 513 1483 siae
540 1439 808 1485 mercator
838 1431 941 1485 erit
970 1430 1259 1494 obnoxius,
1292 1430 1385 1498 qui
1415 1430 1540 1483 dum
1567 1444 1728 1482 uuam
1752 1429 1993 1498 negotia-

384 1524 387 1527 '
417 1533 527 1584 tur,
559 1536 749 1576 omnes
771 1521 927 1576 simul
959 1519 1230 1574 Ecclesias
1268 1535 1587 1590 comparare
1607 1518 1992 1574 convincitur?

417 1611 777 1687 Quamobrem
810 1627 916 1665 non
948 1611 1128 1666 subdit
1153 1612 1306 1681 .hanc
1343 1612 1394 1665 in
1428 1620 1479 1665 te
1531 1610 1834 1664 redundare
1863 1624 1994 1663 sen-

418 1701 640 1754 tentiam
663 1741 678 1766 ,
710 1716 870 1769 quam
917 1716 1012 1770 per
1039 1701 1373 1757 Ezechielem
1417 1700 1675 1755 Dominus
1720 1687 1984 1764 intentat,

2104 518 2601 594 lerius'creareutur
2622 524 2841 593 Augusti
2867 524 3150 593 (Emme,
3180 522 3322 577 Hist.
3357 523 3449 578 lib.
3481 526 3538 591 ι)
3572 524 3681 577 Ro—

2103 626 2294 665 manus
2325 613 2464 666 inter
2490 612 2600 683 49
2621 606 2713 667 eos
2748 615 2818 667 ita
2843 615 3046 666 divisus
3069 621 3153 667 est
3174 612 3341 675 orbis,
3365 622 3424 667 ut
3448 613 3674 673 Gallias.

2102 702 2326 767 Italiam,
2363 704 2703 772 Africamque
2750 704 3124 765 Constantius;
3158 696 3448 773 Illyricum,
3489 704 3675 759 Asiam

2101 774 2261 845 simul
2307 801 2360 845 et
2406 791 2679 847 Orientem
2705 792 2951 846 Galerius
2979 793 3264 846 obtineret.
3312 792 3675 847 AtConstan-

2101 880 2208 935 tius
2259 882 2479 951 Augusti
2528 884 2787 936 duntaxat
2840 899 2961 937 cum
3012 884 3199 939 Galliis
3236 885 3497 955 dignitate
3549 900 3675 940 cou—

2103 979 2311 1035 tentus,
2353 972 2518 1026 Italiae
2559 975 2716 1028 simul
2770 983 2823 1028 et
2867 975 3061 1030 Africae
3099 977 3536 1031 administrandae
3571 979 3674 1032 sul-

2098 1060 2430 1115 licitudinetn
2476 1064 2761 1116 recusavit.
2818 1064 2913 1117 Vir
2955 1065 3119 1118 etiam
3161 1064 3248 1119 ille
3292 1066 3570 1135 egregius,
3623 1075 3677 1120 et

2099 1154 2558 1222 prazstantissimze
2598 1155 2902 1218 civilitatis,
2949 1156 3075 1209 dum
3119 1157 3478 1225 privatorum.
3512 1170 3674 1228 atque

2097 1243 2506 1312 provincialium
2550 1243 2752 1298 divitiis
2798 1244 3034 1309 studuit,
3089 1246 3201 1300 ﬁsci
3244 1250 3525 1302 commoda
3564 1264 3669 1301 non

2095 1334 2381 1388 admodum
2410 1334 2681 1389 affectavit
2711 1353 2725 1389 :
2754 1337 2953 1405 melius
2984 1335 3231 1405 judicans
3272 1340 3513 1408 publicas
3540 1355 3673 1408 opes

2096 1440 2125 1478 a
2172 1425 2395 1494 privatis
2442 1426 2662 1491 haberi,
2714 1427 2875 1496 'quam
2906 1429 3045 1482 intra
3094 1430 3270 1483 aerarii
3302 1432 3459 1483 unius
3505 1447 3670 1500 angu-

2093 1516 2228 1571 stias
2274 1518 2559 1570 reservari.
2598 1517 2772 1588 Reges
2813 1534 2942 1588 ergo
2977 1520 3215 1589 gentium
3266 1531 3485 1589 propter
3513 1537 3669 1576 cura-

2095 1624 2212 1663 rum
2267 1609 2629 1679 ingruentium
2668 1611 2882 1664 taedium
2928 1612 3202 1682 amplioris
3242 1614 3517 1682 regimiuis
3545 1615 3667 1683 jura

2093 1707 2480 1762 contemnunt,
2511 1699 2864 1768 imperialium
2886 1701 3203 1771 dignitatum
3227 1703 3407 1772 apices
3429 1703 3666 1771 fugiunt;

414 1792 598 1845 dicens
631 1808 644 1843 :
681 1811 698 1843 ‹
741 1791 897 1846 Venit
953 1802 1184 1861 tempus,
1222 1806 1388 1860 prope
1418 1801 1501 1845 est
1531 1793 1645 1846 dies
1676 1791 1985 1855 occisionis,
2017 1781 2066 1843 Β
2094 1797 2146 1843 et
2189 1790 2496 1844 sacerdotes
2546 1787 2674 1853 Dei,
2730 1790 2822 1859 qui
2867 1792 2973 1845 hoc
3024 1792 3328 1861 specialiter
3377 1794 3669 1861 praedicare

413 1894 468 1937 ct
496 1899 600 1938 non
621 1886 802 1956 gloria:
824 1886 1104 1941 montium.
1135 1886 1286 1941 Nunc
1310 1886 1376 1940 de
1397 1887 1696 1956 propinquo
1715 1884 1985 1940 ellundam

414 1974 551 2028 iram
599 1992 771 2029 meant
803 1991 965 2045 super
996 1985 1047 2030 te
1072 2016 1085 2038 ,
1115 1986 1170 2030 et
1204 1976 1481 2044 complebo
1520 1975 1759 2030 furorem
1809 1990 1986 2029 meum

412 2065 465 2118 in
500 2076 569 2129 te,
602 2064 927 2133 etjudicabo
951 2065 1171 2132 tejuxta
1198 2065 1314 2120 vias
1345 2074 1483 2130 tuas,
1510 2074 1564 2119 et
1595 2065 1866 2133 imponam
1893 2064 1987 2117 tibi

412 2158 594 2210 munia
616 2159 821 2212 scelera
849 2167 938 2211 tua
973 2176 986 2212 :
1017 2168 1072 2213 et
1102 2174 1207 2213 non
1239 2168 1426 2228 parcet
1446 2158 1636 2213 oculus
1668 2174 1840 2221 meus,
1893 2172 1987 2211 ne-

409 2264 513 2315 que
540 2248 860 2310 miserebor,
891 2250 983 2303 sed
1009 2250 1122 2304 vias
1153 2258 1271 2304 tuas
1300 2250 1574 2318 imponam
1601 2249 1694 2303 tibi
1723 2288 1738 2312 ,
1775 2256 1832 2302 et
1857 2250 1988 2301 abo-

413 2336 737 2390 minationes
779 2346 883 2391 tua:
927 2338 979 2391 in
1012 2338 1190 2392 medio
1230 2340 1304 2392 tui
1338 2348 1540 2393 erunt:
1574 2350 1630 2392 et
1671 2340 1810 2393 scies
1861 2340 1987 2407 quia

411 2442 510 2497 ego
539 2444 655 2482 sum
698 2429 956 2484 Dominus
982 2432 1288 2498 percutiens
1329 2441 1381 2486 te
1408 2432 1625 2503 (Ezeclt.
1656 2434 1775 2503 vu).
1816 2452 1833 2483 ι
1884 2433 1989 2487 De-

410 2520 595 2574 functo
645 2520 855 2576 Caesare
902 2522 1184 2592 Augusto,
1233 2538 1340 2592 quo
1388 2524 1637 2578 videlicet
1684 2525 1983 2593 imperante

408 2607 659 2663 Salvator
681 2612 863 2665 mundi
888 2613 1033 2666 nasci
1062 2612 1310 2682 dignatus
1324 2621 1425 2677 est,
1445 2626 1681 2668 maerens
1704 2612 1980 2669 Romanus

407 2701 633 2769 populus
663 2700 886 2771 lugubre
913 2702 1268 2756 clamitabat:
1308 2722 1325 2754 ι
1376 2701 1591 2757 Utinam
1628 2713 1851 2758 autnon
1892 2720 1980 2757 na-

407 2800 669 2855 sceretur,
702 2800 797 2844 aut
817 2807 921 2845 non
945 2801 1249 2846 moreretur
1283 2792 1587 2863 (Martyrol.
1614 2792 1763 2846 Rom.
1792 2794 1858 2848 ad
1881 2810 1976 2849 vut

404 2878 522 2931 Kal.
542 2876 661 2933 Jan.
681 2888 734 2933 et
761 2879 831 2934 ibi
860 2882 1006 2934 card.
1035 2880 1232 2936 BARON.
1251 2882 1513 2944 Eurnor.,
1539 2881 1679 2935 Hist.
1698 2881 1791 2936 lib.
1808 2883 1925 2953 vn).
1954 2901 1972 2933 ι

405 2969 480 3021 De
510 2979 562 3021 te
591 2977 791 3033 autem,
814 2968 1067 3033 Cudaloe,
1098 2971 1291 3025 merito
1315 2970 1545 3026 dicimus
1580 2989 1594 3024 :
1630 2970 1847 3027 Utinam
1883 2980 1977 3026 aut

404 3072 510 3110 non
538 3059 870 3123 nascereris,
895 3069 987 3114 aut
1012 3059 1155 3114 illico
1191 3061 1506 3115 morereris.
1533 3060 1748 3115 Fuisset
1790 3062 1975 3130 utique

2093 1880 2387 1935 debuerant
2406 1921 2419 1941 .
2447 1881 2501 1935 in
2528 1881 2793 1950 superbia:
2821 1897 2880 1935 se
2914 1881 3166 1936 cornibus
3208 1883 3448 1946 elevant,
3477 1894 3532 1938 et
3562 1900 3667 1938 non

2095 1968 2519 2033 sacerdotalem,
2568 1970 2661 2024 sed
2727 1969 2998 2039 regalem,
3054 1972 3162 2025 imo
3209 1973 3538 2043 tyrannicam
3593 1973 3669 2027 fe-

2095 2060 2267 2114 rulam
2328 2063 2569 2131 arripere
2623 2074 2785 2131 super
2851 2063 3144 2116 humanum
3180 2079 3350 2133 genus
3391 2065 3664 2119 anhelant.

2092 2150 2171 2203 llli
2220 2167 2471 2206 concessa
2504 2153 2679 2207 ordini
2710 2169 2808 2207 suo
2859 2169 3009 2206 arma
3058 2154 3361 2223 deponunt,
3408 2165 3466 2210 ut
3512 2158 3668 2226 quie-

2095 2243 2164 2296 tis
2221 2244 2331 2298 otio
2390 2243 2797 2312 perfruantur:
2851 2244 2942 2299 isti
3010 2246 3295 2314 constipati
3372 2246 3669 2318 legionibus

2092 2344 2468 2399 armatorum,
2531 2336 2671 2389 velut
2733 2336 2968 2389 hostium
3038 2347 3215 2391 castra
3246 2379 3261 2401 ,
3314 2338 3514 2393 Christi
3562 2339 3665 2394 Ec-

2089 2424 2283 2479 clcsias
2335 2427 2626 2494 impetum,
2666 2437 2721 2482 et
2754 2427 2931 2497 gladio
2975 2430 3341 2483 corruentium
3383 2431 3663 2500 sanguine,

2089 2526 2341 2586 tauquam
2391 2518 2674 2571 brutorum
2724 2519 3035 2572 animalium
3065 2521 3386 2590 pinguedine
3413 2524 3667 2593 saginan-

2088 2618 2195 2663 tur.
2230 2609 2374 2664 Strix
2420 2610 2661 2667 maleﬁca
2704 2613 2913 2667 etiamsi
2943 2614 3174 2669 alienqu
3206 2616 3517 2684 sanguinem
3546 2617 3667 2670 fun-

2086 2700 2194 2764 dit,
2241 2701 2353 2755 suis
2413 2710 2588 2756 tamen
2646 2704 2956 2773 pignoribus
3004 2707 3177 2776 parcit
3211 2707 3414 2777 (Ovro.,
3442 2709 3534 2762 lib.
3586 2726 3661 2772 vt,

2084 2788 2286 2851 Fam).
2320 2790 2585 2846 Saturnus
2614 2794 2737 2846 dum
2781 2795 3052 2864 propriutn
3082 2796 3341 2851 devorare
3386 2797 3549 2852 ﬁlium
3579 2800 3663 2853 ni-

2086 2883 2245 2949 titur,
2296 2882 2350 2936 in
2382 2884 2492 2937 suis
2516 2899 2574 2938 se
2608 2883 2873 2940 dentibus.
2898 2886 3135 2941 Abbadir
3171 2887 3403 2963 [Ἃϐαήρ.
3433 2891 3548 2945 Lat.
3583 2903 3662 2946 te-

2090 2972 2228 3036 nuis,
2259 2971 2512 3045 minutus]
2535 2974 2774 3029 invenire
2802 2977 3044 3029 miratur.
3072 2977 3345 3033 Romanos
3366 2990 3513 3035 certe
3544 2991 3663 3036 tuos

2089 3070 2209 3110 esse
2254 3055 2394 3111 ﬁlios
2450 3059 2776 3124 asserebas,
2835 3074 2969 3129 quos
3016 3070 3193 3114 tamen
3245 3063 3296 3116 in
3348 3079 3443 3118 ore
3499 3066 3659 3135 gladii

401 3153 553 3218 juxta
576 3148 1079 3220 Scripturam(.ler.
1107 3150 1224 3221 xx),
1257 3168 1275 3201 ‹
1298 3161 1588 3220 conceptus
1610 3161 1753 3218 tuus,
1787 3168 1980 3207 conce-
2012 3118 2056 3179 Ο
2088 3146 2350 3201 devorare
2399 3164 2503 3202 nOII
2551 3158 2611 3202 υι
2658 3162 2842 3219 paler,
2881 3152 2973 3205 sed
3014 3160 3266 3223 tanquam
3317 3157 3549 3212 crudelis
3584 3160 3661 3213 vi—

403 3250 526 3309 ptus
549 3234 809 3294 aeternus:
834 3260 853 3293 ι
883 3241 1172 3296 abortisset
1195 3251 1367 3296 mater
1388 3254 1495 3308 tua,
1519 3260 1624 3299 non
1640 3246 1937 3314 peperisset
1962 3264 1975 3300 :

405 3339 461 3384 et
484 3331 732 3384 abortum
748 3332 927 3401 potius
948 3332 1213 3397 funderet,
1238 3349 1399 3402 quam
1424 3335 1661 3389 sobolem
1681 3338 1975 3405 genuisset.

408 3408 603 3473 Narrat
629 3420 922 3491 Eutropius
972 3422 1137 3493 (Hist.
1166 3424 1260 3479 lib.
1292 3426 1366 3493 tv)
1396 3465 1410 3487 ,
1457 3427 1582 3495 quia
1630 3428 1790 3497 paulo
1819 3438 1977 3483 ante-

404 3526 566 3580 quam
588 3509 871 3581 Saguntini
901 3512 1239 3568 abAnnibale
1255 3513 1409 3568 famis
1434 3517 1607 3585 inopia
1632 3527 1974 3587 caperentur,

400 3616 464 3654 ac
491 3601 694 3656 ultimis
719 3613 1041 3672 cogerentur
1064 3603 1284 3659 interire
1309 3606 1604 3675 suppliciis,
1633 3623 1755 3661 cum
1784 3609 1978 3663 mulier

401 3694 646 3761 qmedam
690 3694 803 3763 jam
855 3709 991 3762 pene
1041 3693 1232 3749 fuisset
1277 3696 1434 3750 enixa
1464 3737 1479 3762 ,
1532 3697 1707 3752 infans
1754 3708 1976 3768 repente

404 3798 684 3852 regressus
709 3785 760 3838 in
776 3794 1009 3849 uterum,
1038 3786 1183 3842 illius
1198 3788 1432 3841 civitatis
1446 3790 1972 3857 portenditexitium.

401 3871 724 3941 Optaremus
746 3877 932 3939 etiam,
962 3885 1023 3929 ut
1054 3885 1110 3930 tu
1140 3892 1355 3945 quoque
1384 3878 1437 3932 in
1468 3880 1679 3934 viscera
1726 3892 1970 3937 materna

401 3979 698 4036 regressus,
725 3982 887 4037 super
904 3968 1091 4023 urbem
1117 3984 1277 4023 unam
1303 3969 1479 4039 potius
1507 3971 1657 4027 triste
1672 3972 1970 4043 prodigium

401 4056 721 4121 intentares,
752 4073 912 4126 quam
936 4059 1001 4112 ad
1040 4060 1215 4114 aetatis
1244 4061 1577 4116 incrementa
1617 4064 1967 4132 perveniens,

396 4160 560 4204 totam
598 4151 892 4207 Ecclesiam
927 4154 1246 4208 catholicam
1283 4170 1389 4209 non
1409 4154 1522 4223 jam
1550 4156 1966 4226 signiﬁcatione,

397 4243 490 4294 sed
510 4242 630 4294 viva
662 4243 838 4312 potius
866 4244 1179 4312 operatione
1212 4245 1540 4299 destrueres.
1572 4245 1653 4300 Ad
1686 4246 1790 4301 hoc
1822 4248 1966 4301 enim

396 4340 449 4385 te
481 4328 678 4385 furiosa
700 4332 1005 4385 dominandi
1036 4333 1221 4398 libido,
1248 4341 1303 4388 et
1335 4348 1438 4388 non
1461 4334 1773 4403 appetenda;
1800 4335 1964 4391 subli-

2087 3235 2254 3289 tricus
2277 3235 2580 3292 decrevisti.
2611 3238 2667 3291 In
2692 3238 2921 3293 fortibus
2949 3241 3164 3310 quidem
3209 3243 3351 3297 velut
3397 3245 3657 3315 lapideam

2083 3328 2330 3396 reperisti
2379 3330 2668 3393 duritiam,
2715 3332 2807 3385 sed
2851 3346 2915 3385 ex
2966 3334 3211 3398 miseris,
3260 3344 3422 3404 atque
3469 3338 3659 3392 debili-

2080 3417 2182 3471 bus
2211 3418 2425 3486 gavisus
2459 3433 2519 3472 es
2545 3420 2918 3489 triumphalem
2964 3432 3237 3491 reportare
3265 3422 3566 3480 victoriam.
3600 3426 3656 3481 ln

2080 3524 2188 3577 quo
2233 3511 2394 3580 plane
2436 3513 2736 3568 certamine
2775 3526 2827 3569 et
2877 3525 2929 3568 tu
2990 3517 3130 3588 regis
3178 3516 3364 3572 Totilae
3399 3518 3659 3588 judicaris

2080 3618 2335 3672 superare
2388 3606 2756 3675 tyrannidem,
2805 3617 2861 3662 et
2891 3618 3010 3664 tuus
3056 3612 3209 3666 miles
3234 3612 3531 3689 Gothorum
3558 3629 3654 3669 ex-

2078 3695 2222 3749 cedit
2265 3695 2673 3753 immanitatem.
2705 3699 2795 3754 llle
2836 3716 3099 3771 namque,
3131 3705 3270 3759 sicut
3317 3716 3441 3762 uota
3471 3718 3653 3761 narrat

2077 3787 2301 3844 historia
2333 3790 2517 3858 (PAUL.
2566 3793 2743 3856 Duc”
2784 3793 2923 3848 Hist.
2966 3795 3117 3850 Rom.
3164 3798 3233 3850 ad
3281 3797 3502 3869 Eutrop.
3555 3800 3649 3855 lib.

2075 3895 2185 3934 xvu
2224 3881 2278 3935 in
2306 3883 2424 3953 ﬁn.)
2445 3922 2460 3947 ,
2491 3900 2613 3938 cum
2640 3885 2860 3939 Romam
2889 3887 3230 3943 circumfusis
3268 3889 3529 3945 militibus
3555 3892 3654 3946 ob-

2079 3970 2312 4037 sideret,
2342 3981 2399 4027 et
2447 3973 2686 4029 inclusus
2717 3976 2941 4045 populus
2972 3986 3116 4032 tanta
3151 3978 3421 4034 laboraret
3452 3981 3649 4047 inedia,

2075 4070 2136 4115 ut
2164 4061 2276 4132 jam
2303 4065 2585 4133 pignorum
2628 4082 2850 4122 suorum
2883 4079 3084 4124 matres
3110 4070 3476 4128 decrevissent
3500 4082 3651 4128 artus

2074 4154 2388 4223 absumere,
2424 4158 2637 4212 tandem
2660 4174 2758 4228 per
2779 4158 3081 4215 Ostiensem
3110 4163 3385 4233 ingressus
3410 4173 3488 4219 est
3519 4179 3645 4233 por-

2070 4253 2181 4300 tam
2213 4260 2229 4300 :
2258 4252 2349 4315 qui
2387 4261 2610 4316 parcere
2641 4248 2899 4305 Romanis
2929 4252 3133 4306 civibus
3156 4253 3379 4322 cupiens
3398 4295 3412 4317 ,
3435 4268 3532 4323 per
3562 4263 3644 4307 to-

2072 4346 2181 4389 tam
2232 4344 2445 4391 noctem
2501 4337 2748 4409 clangere
2788 4341 2966 4395 tubam
3010 4340 3310 4409 jussit,ut
3350 4343 3474 4397 dum
3508 4343 3647 4396 irru-

395 4422 600 4476 mitatis
624 4423 977 4496 praecipitavit
1028 4423 1237 4477 insania
1264 4464 1278 4489 ,
1312 4433 1372 4477 ut
1418 4426 1578 4480 unius
1624 4426 1965 4496 episcopatus
1989 4458 2045 4520 Β
2072 4427 2214 4497 pisse
2258 4426 2467 4482 hostem
2504 4428 2727 4484 buccina
2774 4430 2974 4484 diutius
3017 4432 3323 4493 intonante,
3360 4449 3645 4501 pernosce-

393 4529 497 4567 non
530 4513 604 4568 sis
635 4528 885 4568 mensura
908 4522 1195 4569 contentus
1218 4555 1231 4574 ,
1265 4515 1357 4568 sed
1403 4530 1564 4584 super
1608 4517 1963 4573 universalem

394 4602 688 4658 Ecclesiam
719 4603 1023 4673 generalem
1050 4604 1255 4659 ambias
1277 4606 1634 4675 principatum
1662 4626 1675 4661 :
1703 4617 1757 4663 et
1783 4617 1843 4663 ut
1873 4625 1960 4665 so-

391 4692 473 4747 lus
498 4692 739 4747 emineas
763 4732 778 4755 ,
816 4702 984 4747 totum
1015 4694 1199 4749 orbem
1233 4695 1286 4748 in
1318 4697 1670 4766 przecipitium
1719 4713 1965 4770 mergere

394 4802 497 4841 non
546 4786 826 4841 formidas.
857 4785 1020 4841 Plane
1051 4787 1415 4843 Diocletianus
1448 4789 1743 4859 imperator
1766 4832 1781 4857 ,
1822 4793 1965 4848 sicut

394 4880 749 4935 Historiarum
781 4879 945 4933 tradit
964 4879 1257 4949 antiquitas
1282 4880 1568 4952 (Eunom,
1596 4882 1958 4954 Hist.lib.tx),

390 4971 589 5042 regalis
620 4957 817 5042 fastigii
850 4969 1060 5039 insigne
1088 4969 1356 5040 deposuit,
1380 4980 1433 5027 et
1463 4987 1567 5027 non
1594 4973 1782 5043 procul
1810 4990 1838 5029 a
1863 4975 1962 5030 Sa-

390 5062 529 5117 lonis
556 5078 650 5131 per
677 5077 866 5117 novem
900 5061 1015 5118 fere
1063 5077 1235 5118 annos
1276 5078 1446 5133 usque
1476 5064 1541 5118 ad
1571 5065 1777 5119 obitum
1803 5106 1818 5132 ,
1850 5067 1961 5136 pri-

388 5159 543 5206 vatus
574 5152 625 5205 in
650 5153 1119 5209 ammuavirentis
1154 5153 1355 5208 hortuli
1393 5153 1609 5216 cultura
1638 5158 1955 5223 permansit.

390 5241 490 5306 Qui
522 5242 646 5295 dum
683 5243 750 5297 ab
776 5243 1026 5299 llerculio
1055 5253 1215 5315 atque
1240 5244 1455 5302 Galerio
1492 5248 1557 5302 ad
1592 5248 1955 5317 recipiendum

387 5322 587 5392 tibuixe
660 5341 942 5400 rogaretur
970 5334 1251 5404 imperium
1281 5377 1296 5401 ,
1328 5345 1580 5406 tanquam
1610 5349 1815 5407 pestem
1867 5341 1960 5394 ali-

391 5436 551 5489 quam
576 5423 1008 5493 perhorrescens,
1032 5426 1135 5482 hoc
1166 5427 1336 5483 fertur
1364 5430 1580 5485 dedisse
1603 5445 1955 5500 responsum:

399 5532 417 5564 ι
456 5512 671 5569 Utinam
699 5512 908 5567 Salonae
938 5518 1170 5584 possetis
1198 5518 1347 5574 olera
1373 5520 1548 5575 visere
1594 5523 1795 5576 nostris
1845 5536 1960 5576 ma-

394 5604 554 5657 nibus
584 5603 853 5668 instituta,
888 5605 1131 5675 profecto
1163 5623 1434 5678 nunquam
1457 5609 1774 5677 iudicaretis
1818 5612 1959 5667 hanc

390 5694 659 5750 sarcinam
689 5694 888 5749 uostris
917 5695 1111 5752 iterum
1151 5698 1451 5754 cervicibus
1490 5701 1881 5771 imponeudam.
1935 5722 1951 5755 ι

2073 4529 2221 4584 rent,
2268 4535 2298 4574 a
2356 4520 2655 4576 Gothorum
2710 4538 2768 4577 se
2818 4523 3009 4592 gladiis
3057 4525 3383 4594 quibuslibet
3429 4526 3643 4579 interim

2067 4612 2304 4668 latibulis
2322 4612 2655 4669 occultarent
2682 4615 2963 4685 (Pnocmn,
2984 4615 3059 4669 De
3080 4615 3211 4670 bello
3234 4615 3386 4670 Goth.
3423 4616 3515 4670 lib.
3538 4618 3640 4687 Ill).

2067 4702 2147 4756 Tu
2189 4712 2404 4768 autem,
2451 4704 2712 4774 milesque
2753 4714 2907 4770 tuus,
2943 4714 3145 4759 tantam
3180 4706 3354 4774 plebis
3396 4705 3644 4759 invalida:

2066 4800 2232 4862 atque
2281 4794 2542 4863 imperita:
2583 4794 2844 4849 bellorum
2875 4803 3108 4865 stragem
3158 4795 3416 4857 dedistis,
3452 4804 3506 4848 ut
3539 4812 3640 4847 (rt!!—

2064 4897 2246 4937 sorum
2274 4897 2535 4938 numerus
2563 4883 2858 4953 ignoretur.
2896 4883 3053 4938 Certe
3080 4884 3203 4937 dum
3235 4883 3520 4951 Pompeius
3548 4884 3643 4936 ad.

2061 4987 2252 5027 versus
2299 4972 2567 5027 Cmsarem
2617 4974 2760 5028 civili
2810 4974 2993 5042 praelio
3023 4974 3303 5027 dimicaret
3354 4974 3637 5051 (Eurum.,

2063 5060 2203 5116 Hist.
2233 5061 2326 5116 lib.
2348 5062 2466 5131 'vr),
2508 5063 2649 5117 inter
2674 5063 3000 5117 horrendum
3021 5104 3036 5127 ,
3077 5063 3274 5131 cuique
3297 5073 3502 5115 tantum
3530 5063 3642 5115 aie-

2060 5155 2198 5209 bat:
2236 5170 2256 5205 ε
2294 5152 2461 5207 Parce
2502 5154 2727 5209 civibus.
2770 5172 2788 5204 ι
2820 5154 2950 5208 Cum
2989 5154 3169 5209 Caesar
3200 5169 3231 5207 c
3257 5155 3533 5208 contrario
3559 5154 3642 5206 in-

2059 5244 2306 5307 sisteret,
2336 5243 2583 5311 inquiens
2612 5260 2627 5297 :
2663 5262 2682 5295 ‹
2714 5243 2864 5298 Miles
2884 5284 2899 5309 ,
2929 5245 3117 5297 faciem
3145 5243 3264 5298 feri.
3306 5262 3324 5294 ι
3357 5242 3433 5295 Tu
3460 5244 3640 5312 itaque

2059 5333 2319 5389 Caesareae
2356 5332 2686 5387 crudelitatis
2732 5333 3021 5395 instinctu,
3063 5334 3187 5387 dum
3230 5332 3484 5385 accendis
3519 5332 3638 5384 ani-

2060 5443 2206 5483 mosa
2242 5428 2404 5483 corda
2434 5427 2757 5495 satellitum,
2790 5426 3016 5481 retulisti
3046 5425 3355 5487 manubias,
3382 5435 3434 5477 et
3464 5424 3637 5492 spolia

2059 5518 2126 5572 de
2162 5517 2512 5572 cadaveribus
2548 5524 2979 5585 peremptorum,
3020 5526 3079 5569 ut
3126 5517 3191 5569 de
3227 5524 3280 5568 te
3317 5527 3411 5584 per
3455 5513 3642 5566 simili-

2060 5608 2297 5661 tudinem
2356 5606 2481 5660 illud
2527 5606 2630 5660 dici
2678 5606 2849 5675 possit
2896 5624 2908 5658 :
2964 5623 2982 5657 ε
3040 5606 3105 5659 Et
3142 5606 3209 5659 de
3245 5604 3442 5674 pra-liis
3488 5601 3639 5656 Judze

2062 5696 2355 5751 narrabant
2404 5710 2592 5751 omnes
2621 5703 2807 5764 gentes
2858 5695 2907 5767 (Ι
2956 5693 3133 5749 Much.
3171 5696 3289 5764 ut);
3328 5715 3345 5746 ι
3375 5704 3427 5748 et
3466 5695 3518 5747 iu
3550 5693 3637 5747 his
