4078 6202
353 379 468 436 233

1510 380 1713 436 LIBER
1753 380 2144 452 SECUNDUS,
2181 384 2400 443 EPIST.
2440 385 2482 442 1.

3531 403 3639 459 εει

353 493 608 550 omnibus
633 489 707 546 nil
743 491 887 547 aliud
921 491 1134 557 niteris,
1167 491 1270 548 nisi
1308 499 1367 547 ut
1396 495 1680 564 praesulem
1727 508 1944 568 aposto-
1974 507 2024 566 Α
2051 497 2269 570 dignam
2314 516 2485 571 usque
2529 500 2596 555 ad
2640 501 2801 557 ﬁnem
2859 519 3252 574 prosequamur
3307 509 3585 580 historiam
3615 557 3633 583 ,

353 589 475 643 lica!
499 587 642 642 sedis
669 588 860 656 ejicias
877 626 893 650 ,
923 596 978 640 et
1005 587 1318 643 cathedram
1345 603 1450 644 non
1477 600 1758 644 vacantem
1783 591 1944 646 alieni

346 678 489 749 juris
521 679 736 730 iuvasor
773 677 1043 731 obtineas.
1095 677 1202 731 Sed
1254 685 1314 731 ut
1366 679 1611 742 noveris,
1652 679 1780 749 quia
1831 696 1946 734 mo-

352 771 521 826 limen
545 771 647 824 boc
687 785 1026 838 nequaquam
1059 769 1155 825 tibi
1192 768 1424 824 faustum
1452 772 1711 826 concedet
1748 773 1800 826 in
1827 773 1944 827 exi-

349 872 466 917 tum
485 900 502 925 ,
552 862 618 915 de
647 861 890 930 proxima
937 861 1063 925 tibi,
1095 871 1257 930 atque
1281 863 1532 933 contigua
1562 863 1779 932 regione
1806 879 1943 934 prae-

351 953 580 1008 beamus
603 951 931 1020 exemplum.
1233 953 1244 970 ‘

423 1045 532 1116 50
571 1044 910 1099 Convicanea
959 1053 1138 1098 autem
1182 1045 1284 1098 tibi
1316 1045 1464 1116 regio
1511 1045 1783 1102 Placentia
1825 1055 1937 1114 est,

347 1135 502 1204 cujus
525 1133 938 1204 episcopus(82)
954 1151 1058 1188 non
1073 1134 1162 1188 diu
1176 1144 1304 1188 ante
1321 1148 1562 1191 nostram
1585 1146 1796 1192 aetatem
1817 1138 1940 1192 sub-

346 1225 485 1278 dola:
534 1223 848 1278 calliditatis
897 1225 1093 1278 artifex
1149 1227 1394 1290 exSIitit,
1434 1237 1491 1282 et
1515 1229 1582 1282 ad
1606 1231 1780 1283 instar
1817 1231 1934 1296 tui,

342 1315 698 1371 sublimitatis
727 1357 742 1380 ,
799 1326 854 1370 et
907 1317 1090 1387 gloriae
1146 1317 1279 1372 satis
1327 1334 1596 1389 superque
1643 1320 1937 1375 ambitiosae

341 1404 615 1474 ﬂagravit,
652 1406 787 1460 adeo
835 1416 894 1460 ut
933 1400 1084 1476 prius
1133 1414 1260 1462 ante
1311 1424 1369 1464 se
1417 1411 1761 1480 gestandum,
1795 1411 1936 1467 sicut

340 1507 397 1551 et
445 1507 500 1552 tu
553 1514 698 1553 nunc
737 1513 898 1570 agere
947 1500 1179 1565 diceris,
1226 1515 1440 1555 crucem
1485 1512 1797 1572 argenteam
1836 1504 1936 1557 im-

338 1600 610 1660 petraret;
667 1592 758 1660 qui
805 1591 968 1646 etiam
1020 1606 1144 1645 cum
1205 1593 1580 1661 imperatrice,
1634 1609 1754 1664 qua:
1807 1603 1934 1650 tunc

337 1689 458 1734 erat
482 1721 498 1746 ,
538 1681 776 1736 obsctnni
809 1681 1006 1751 negotii
1040 1683 1321 1736 dicebatur
1349 1684 1549 1738 habere
1589 1685 1928 1756 mysterium,

335 1770 532 1824 deinde
579 1773 780 1825 sensim
836 1773 900 1826 ad
951 1771 1154 1840 majora
1203 1773 1520 1842 prosiliens,
1556 1775 1772 1829 tandem
1805 1791 1927 1845 apo-

2051 599 2334 660 postqnam
2393 591 2618 645 Romani
2663 592 2766 657 ita,
2801 606 2861 647 ut
2905 596 3104 649 dictmn
3151 607 3268 662 est,
3320 604 3630 670 respondis-

2048 689 2170 735 sent
2221 679 2284 753 [Ι.
2332 682 2728 754 rependissent]
2802 685 3078 754 pontiﬁci;
3135 703 3259 742 mox
3312 700 3434 743 ante
3489 707 3632 747 retro

2046 785 2366 827 conversum
2415 773 2468 826 in
2505 773 2675 827 asello
2717 775 3004 844 gloriosum
3044 779 3274 846 equitem
3307 793 3628 849 posuerunt,

2049 871 2430 933 tenentemque
2469 865 2550 918 sui
2587 866 2818 919 vectoris
2860 866 2912 919 in
2962 869 3209 922 manibus
3254 873 3478 924 caudam
3536 889 3633 942 per

2042 954 2312 1024 publicam
2349 956 2514 1010 totius
2559 954 2708 1010 urbis
2734 957 2875 1009 viam
2896 999 2911 1022 ,
2944 958 3054 1010 haec
3074 999 3090 1020 ,
3125 969 3179 1012 ut
3208 971 3465 1014 cauerent
3485 1003 3498 1023 ,
3529 963 3631 1016 im-

2042 1043 2297 1113 pulerunt
2340 1059 2356 1098 :
2411 1063 2431 1095 ι
2481 1045 2642 1110 Tale,
2703 1047 2908 1114 inquit,
2961 1047 3280 1116 supplicium
3349 1051 3626 1119 patiatur,

2040 1134 2133 1203 qui
2164 1134 2468 1190 Romanum
2511 1151 2702 1205 papam
2735 1137 2802 1192 de
2839 1153 2934 1191 sua
2969 1141 3096 1193 sede
3130 1140 3327 1208 pellere
3353 1141 3562 1194 nititur.
3603 1161 3620 1192 ο

2038 1225 2237 1281 Audiat
2264 1227 2425 1297 igitur
2455 1227 2557 1282 hoc
2587 1229 2812 1297 quilibet
2839 1229 3095 1284 Ecclesia:
3123 1229 3418 1286 fornicator
3442 1247 3625 1286 exerit-

2038 1320 2207 1390 plutn.
2264 1319 2597 1389 Expavescat
2649 1320 2879 1389 idipsum
2931 1322 3196 1392 hodieque
3245 1337 3407 1392 super
3441 1339 3500 1378 se
3544 1325 3626 1377 di¢
3673 1326 3678 1330 ’

2036 1410 2175 1463 vina:
2201 1409 2509 1464 severitatis
2533 1408 2816 1478 invigilare
2839 1411 3119 1480 judicium.
3145 1412 3342 1465 Audiat
3368 1413 3496 1481 quid
3526 1428 3626 1482 per

2036 1499 2286 1553 eumdem
2322 1498 2663 1570 prophetam
2707 1499 2809 1554 sibi
2855 1501 3034 1554 divina
3089 1517 3188 1554 vox
3230 1503 3375 1556 dicat
3415 1519 3430 1555 :
3462 1521 3479 1553 ι
3517 1503 3626 1555 Νο-

2033 1591 2345 1654 vissimum,
2399 1590 2605 1659 inquit,
2665 1600 2817 1646 tuum
2867 1592 3216 1646 devorabitur
3263 1592 3406 1662 igni,
3455 1601 3511 1646 et
3537 1593 3627 1645 dea

2034 1683 2313 1744 nudabunt
2353 1691 2404 1737 te
2435 1683 2776 1738 vestimentis
2820 1685 2954 1748 tttis,
2986 1692 3040 1739 et
3065 1685 3252 1738 tollent
3284 1699 3407 1738 vasa
3439 1683 3623 1754 gloria:

2035 1784 2140 1828 tua:
2172 1793 2186 1829 :
2217 1784 2273 1830 et
2312 1775 2657 1846 requiescere
2707 1773 2901 1829 faciam
2953 1775 3129 1830 scelus
3172 1785 3318 1829 tuum
3368 1790 3396 1827 a
3454 1784 3538 1838 te,
3567 1783 3620 1846 et

333 1861 587 1915 stolicam
635 1863 815 1916 sedem
866 1861 1150 1917 faudliaris
1186 1863 1286 1917 sibi
1335 1865 1576 1934 pecuniae
1624 1867 1926 1934 patrocinio
1961 1858 2006 1919 Β
2036 1860 2448 1922 fornicationem
2476 1878 2623 1922 tuam
2654 1869 2722 1923 de
2751 1878 2894 1922 terra
2923 1867 3168 1939 Egypti;
3201 1869 3327 1938 quia
3352 1869 3467 1922 haec
3491 1838 3641 1921 dicit.

333 1950 609 2004 violentus
653 1951 949 2005 invaderet.
1004 1951 1193 2020 Ejecto
1242 1955 1424 2022 itaque
1471 1953 1768 2024 Gregorio,
1820 1957 1927 2010 itit-

332 2042 604 2109 peratoris
631 2041 845 2095 0.tonis
870 2041 1054 2110 utique
1081 2045 1481 2114 consanguineo
1499 2086 1513 2109 ,
1544 2045 1798 2101 Romanis
1823 2046 1927 2100 Ec-

331 2131 514 2186 clesiae
555 2132 904 2197 cathedram,
957 2149 1063 2186 non
1113 2142 1171 2188 ut
1219 2135 1474 2189 sacerdos
1519 2151 1782 2205 magnus,
1833 2139 1927 2191 sed

331 2234 394 2278 ut
442 2224 562 2289 fur,
603 2234 764 2293 atque
804 2233 1064 2295 tyrannus
1108 2226 1374 2292 obtinuit;
1433 2227 1528 2282 sed
1583 2227 1740 2296 paulo
1772 2239 1925 2298 post,

329 2316 690 2386 resipiscente
710 2316 974 2384 Quiritum
1000 2317 1226 2385 populo,
1257 2325 1420 2386 atque
1463 2317 1515 2371 in
1548 2317 1720 2372 zelum
1753 2317 1926 2388 dignae

329 2407 556 2462 ultionis
586 2407 916 2462 unanimiter
963 2407 1382 2472 exardeseeute,
1422 2409 1690 2463 irruentes
1719 2409 1770 2462 in
1801 2423 1926 2463 eum

331 2513 530 2552 manus
577 2498 862 2568 injiciunt,
915 2498 1098 2553 oculos
1150 2509 1390 2563 eruunt,
1445 2515 1604 2554 aures
1659 2514 1926 2569 naresque

329 2589 650 2658 praecidunt.
697 2588 961 2660 Expertus
989 2602 1072 2645 est
1101 2591 1314 2660 itaque,
1352 2592 1497 2660 quod
1527 2599 1582 2644 et
1631 2600 1759 2645 tunc
1787 2591 1922 2656 sibi,

328 2689 384 2734 et
435 2697 579 2736 nunc
631 2682 727 2736 tibi
781 2697 876 2751 per
923 2683 1261 2740 Ezechielem
1298 2685 1612 2752 prophetam
1666 2684 1926 2737 Dominus

331 2772 701 2825 comminatur
747 2772 931 2827 dicens
970 2788 984 2825 :
1032 2793 1050 2824 ι
1092 2770 1318 2828 Venient
1362 2789 1526 2843 super
1575 2782 1626 2827 te
1674 2772 1924 2827 instructi

329 2878 530 2927 curru,
591 2873 647 2917 et
703 2874 820 2918 rota
877 2865 1194 2934 popu'orum
1247 2865 1564 2929 multitudo;
1622 2863 1818 2927 lorica,
1871 2871 1928 2918 et

328 2955 552 3024 clypeo.
601 2963 656 3009 et
700 2955 851 3024 galea
904 2956 1260 3008 armabuntnr
1312 2965 1499 3010 contra
1548 2964 1599 3008 te
1647 2953 1919 3024 undique,

260 3057 266 3064 “
327 3059 382 3104 et
441 3051 584 3104 dabo
629 3065 814 3104 coram
867 3049 946 3104 eis
979 3049 1270 3124 judicium,
1320 3057 1375 3102 et
1405 3047 1726 3118 judicabnnt
1759 3056 1808 3102 te
1828 3045 1923 3114 ju-

325 3140 485 3194 diciis
534 3141 648 3194 suis
695 3158 708 3192 :
755 3149 810 3193 ct
852 3154 1046 3209 ponam
1099 3138 1272 3192 zelum
1321 3152 1498 3192 meum
1535 3138 1587 3191 in
1615 3146 1716 3200 4e,
1763 3151 1924 3204 quem

2031 1960 2336 2015 Dominus:
2380 1960 2520 2016 Ecce
2564 1976 2666 2032 ego
2715 1963 2920 2015 tradam
2973 1971 3023 2014 te
3067 1961 3122 2015 in
3169 1977 3361 2016 mamts
3407 1976 3618 2024 eorum,

2029 2067 2166 2121 quos
2192 2051 2352 2106 odisti
2383 2069 2395 2105 :
2431 2053 2484 2106 in
2518 2068 2742 2118 tuanus,
2793 2053 2860 2107 de
2886 2053 3082 2122 quibus
3107 2053 3296 2107 satiata
3328 2062 3415 2107 est
3437 2053 3616 2106 anima

2030 2150 2140 2196 tua.
2185 2141 2253 2196 Et
2300 2151 2463 2210 agent
2509 2151 2684 2198 tecum
2733 2143 2786 2198 in
2835 2143 2993 2208 odio,
3026 2152 3080 2198 et
3113 2143 3300 2198 tollent
3327 2158 3514 2197 omnes
3543 2143 3620 2195 la-

2028 2230 2190 2284 bores
2233 2239 2386 2296 tuos,
2423 2240 2479 2285 et
2509 2232 2785 2286 dimittent
2839 2241 2889 2287 te
2941 2233 3181 2298 nudum,
3223 2241 3280 2286 et
3320 2232 3616 2301 ignominia

2027 2321 2276 2390 plenum,
2308 2332 2365 2376 et
2391 2322 2715 2378 revelabitur
2736 2325 3027 2396 ignominia
3058 2322 3472 2378 fornicationum
3500 2332 3618 2375 tua-

2030 2427 2169 2465 rum.
2229 2411 2419 2468 Scelus
2463 2421 2649 2478 tuum,
2699 2423 2752 2468 et
2790 2413 3174 2467 fornicationes
3225 2421 3325 2465 tua:
3371 2409 3619 2464 fecerunt

2030 2504 2146 2558 huic
2171 2503 2263 2558 tibi
2300 2502 2517 2574 (Ezech.
2545 2504 2727 2577 xxut).
2761 2525 2780 2557 ι
2807 2505 3086 2575 Propriam
3109 2504 3304 2574 quippe
3321 2503 3632 2592 dimittere,.

2027 2603 2084 2648 et
2131 2595 2292 2648 aliam
2346 2595 2642 2650 Ecclesiam
2694 2595 3021 2652 Simoniacis
3069 2595 3618 2650 contaminationibus

2028 2684 2352 2754 profanare,
2406 2694 2763 2754 perextremze
2809 2685 3181 2742 fornicationis
3229 2699 3401 2754 genus
3449 2699 3621 2753 agnos

2027 2776 2214 2830 scitur.
2255 2775 2427 2830 Porro
2457 2786 2636 2829 autem
2685 2775 2730 2830 si
2771 2785 2826 2829 tu
2867 2774 3078 2830 culmen
3132 2773 3443 2842 apostolica
3471 2773 3616 2827 sedis

2030 2866 2229 2929 fueris,
2259 2865 2370 2919 Deo
2402 2866 2662 2920 mundttm
2691 2865 3028 2936 negligente,
3063 2865 3315 2927 sortitus,
3347 2864 3611 2933 gliscunt.

2028 2966 2085 3012 et
2129 2955 2407 3011 exsultant
2452 2971 2642 3011 omnes
2675 2954 2927 3024 reprobi,
2972 2971 3157 3010 omnes
3185 2953 3506 3009 Christiana:
3535 2968 3616 3007 re-

2027 3049 2243 3118 ligionis
2277 3048 2576 3119 tripudiant
2599 3048 2802 3102 inimici
2830 3065 2842 3101 :
2877 3062 2907 3102 e
2938 3056 3154 3110 contra,
3183 3046 3490 3116 quicunque
3519 3043 3611 3098 Dei

2023 3141 2292 3210 justitiam
2323 3140 2625 3195 esurientes
2670 3139 2896 3204 sitiunt,
2925 3139 3012 3207 qni
3063 3138 3280 3207 pietatis
3307 3150 3467 3205 opera
3498 3149 3613 3189 cer-

325 3229 658 3284 exercebunt
705 3238 880 3284 tecum
910 3229 960 3282 in
993 3228 1206 3296 furore,
1237 3243 1427 3284 nasum
1461 3239 1610 3282 tuum
1630 3269 1644 3292 ,
1677 3235 1732 3282 et
1761 3241 1922 3282 aures
1949 3217 1993 3276 C
2026 3243 2156 3284 nere
2180 3229 2603 3298 concupiscunt,
2630 3236 2680 3281 te
2710 3243 2888 3282 rerum
2912 3227 3121 3281 culmen
3142 3227 3424 3295 adeptum,
3448 3223 3612 3278 totius

325 3329 450 3373 tuas
495 3320 819 3389 praecident,
854 3329 909 3374 et
943 3335 1064 3389 quze
1107 3320 1501 3385 remanserint,
1554 3318 1734 3389 gladio
1789 3333 1920 3372 con-

324 3412 510 3467 eident
556 3412 773 3483 (Ezech.
820 3417 998 3483 χχιιι).
1037 3431 1056 3465 ι
1094 3413 1161 3467 Et
1212 3420 1270 3466 ut
1302 3412 1602 3467 attentione
1664 3419 1752 3464 tua
1785 3424 1918 3464 con-

2024 3318 2280 3376 Eeclesia:
2318 3318 2670 3389 praecipitium
2700 3319 2949 3373 credunt.

395 3542 511 3613 (82)
545 3541 702 3599 Joan.
732 3543 1014 3614 episcopus
1044 3543 1418 3610 Placentinus,
1452 3543 1705 3614 antipapa
1726 3584 1742 3609 ,
1767 3543 1834 3599 de
1860 3555 1967 3613 quo
2000 3541 2151 3596 card.
2203 3539 2330 3594 Bar.
2375 3554 2467 3594 an.
2511 3536 2656 3592 Eccl.
2690 3537 2778 3590 ιο.

1281 3675 2060 3706 —..—.——l—_~———.

1447 3795 1810 3883 LIBER
1872 3791 2523 3883 SECUNDUS.

1321 3983 1417 4040 AD
1455 3981 1513 4040 S.
1555 3985 1621 4040 Β.
1661 3983 1728 4040 Ε.
1764 3980 2133 4040 EPISCOPOS
2169 3979 2625 4039 CARDINALES.

644 4270 931 4342 51—52
969 4269 1298 4326 EPISTOLA
1341 4270 1593 4338 PRIMA,

588 4398 660 4437 AD
696 4399 743 4437 8.
787 4400 841 4436 ﬂ.
885 4399 937 4436 ε.
977 4397 1258 4438 εριεεοροε
1293 4396 1639 4436 οΑιιυιιιΑιεε.

309 4494 714 4548 Αιιιιιιηιιτιιιι.
740 4524 807 4532 -
831 4491 1147 4548 Cardinales
1173 4491 1457 4560 episcopos
1476 4530 1490 4554 ,
1527 4489 1590 4544 ad
1615 4488 1908 4560 quosscri-

387 4565 512 4624 bit,
561 4564 856 4625 hortatur,
915 4572 973 4616 ut
1026 4563 1078 4616 in
1139 4558 1248 4615 tam
1303 4558 1560 4630 corrupto
1613 4558 1810 4630 steculo
1855 4567 1910 4630 et

387 4643 538 4686 tanta
590 4634 832 4687 omnium
872 4633 1084 4686 vivendi
1129 4631 1378 4694 licentia,
1430 4628 1508 4684 ita
1555 4630 1724 4682 vitam
1757 4628 1910 4682 insti-

385 4713 562 4765 tuant,
587 4711 648 4756 ut
673 4718 767 4757 eos
790 4702 968 4757 caueri
1000 4716 1188 4755 omnes
1213 4708 1466 4768 tanquam
1491 4715 1698 4753 morum
1721 4712 1908 4768 exem-

382 4773 505 4840 plar
539 4775 870 4835 intueantur,
900 4781 955 4826 et
984 4771 1274 4825 imitandos
1300 4767 1403 4823 sibi
1433 4779 1752 4840 proponant.
1776 4767 1907 4821 Bre-

382 4839 637 4911 viterque
685 4843 921 4896 ostendit
952 4882 966 4904 ,
1015 4850 1217 4912 quanta
1269 4841 1344 4912 sit
1389 4839 1819 4912 sacerdotibus,
1854 4847 1911 4891 et

382 4907 689 4982 praesertim
722 4907 1368 4982 episcopisfnecessitas
1417 4909 1618 4982 indicta
1668 4907 1908 4975 probita-

381 4979 491 5046 tis,
534 4991 719 5050 utpote
755 4979 886 5035 'cum
910 4979 1112 5035 eorum
1163 4994 1356 5050 munus
1406 4979 1478 5050 sit
1520 4987 1906 5050 peccatorum,

381 5063 441 5107 et
495 5048 778 5120 culparum
837 5053 1051 5104 veniam
1105 5066 1204 5120 pro
1255 5049 1475 5120 reliquis
1519 5048 1827 5102 hominibus
1876 5063 1906 5099 a

383 5125 495 5177 Deo
542 5119 864 5192 deprecari:
898 5133 1061 5192 quam
1112 5119 1162 5174 'si
1198 5119 1382 5192 volunt
1433 5119 1750 5192 impetrare,
1807 5129 1908 5192 ne:

382 5208 540 5247 cesse
594 5184 676 5246 est
731 5203 788 5244 ut
836 5184 935 5260 Ipsi
981 5191 1049 5244 ab
1097 5189 1244 5260 omni
1297 5184 1522 5257 prorsus
1557 5187 1819 5260 crimine,
1860 5184 1906 5238 si

383 5263 503 5317 fieri
551 5272 763 5331 potest,
816 5255 1054 5331 integros
1086 5273 1145 5314 se
1176 5255 1548 5327 itnniunesqne
1581 5255 1904 5310 custodiant.

383 5373 804 5429 Venerabilibus
836 5373 886 5426 in
925 5373 1142 5429 Christo
1191 5371 1394 5425 sanctis
1431 5369 1650 5439 cpiscop
1674 5382 1700 5420 s
1747 5365 1906 5419 Late-

306 5467 563 5522 ranensis
611 5465 870 5520 Ecclesiae
919 5462 1286 5520 cardinalihus
1318 5502 1334 5527 ,
1383 5459 1600 5514 Penus
1655 5457 1905 5527 indignus

307 5560 519 5614 intima
557 5557 865 5612 devotionis
891 5554 1163 5609 affectum.

379 5649 758 5704 Castrensium
794 5645 1170 5716 speculamur,
1201 5643 1497 5696 turriumve
1523 5641 1806 5704 custodes,
1847 5649 1901 5693 ιιι

307 5753 369 5793 se
415 5739 718 5808 promptius
761 5737 1086 5800 exhibeant,
1145 5733 1464 5803 intempesta
1524 5739 1681 5784 nocte
1721 5728 1900 5798 pervi-

310 5826 486 5897 giles,
535 5827 800 5882 clamosas
835 5825 1051 5881 sibimet
1099 5823 1326 5878 invicem
1373 5836 1513 5893 saepe
1540 5820 1781 5890 dirigunt
1810 5833 1901 5874 vo-

1938 4257 1993 4318 Ῑ)
2016 4287 2108 4328 ces
2134 4290 2147 4326 :
2179 4271 2260 4326 sic
2305 4271 2488 4340 itaque
2516 4269 2642 4323 dum
2687 4268 2821 4323 alios
2847 4267 3120 4333 excitant,
3148 4265 3466 4336 semetipsos
3493 4265 3603 4321 uti-

2011 4378 2117 4432 que
2161 4361 2228 4416 ad
2271 4361 2603 4430 peragendas
2647 4358 2902 4413 excubias
2950 4357 3316 4427 vigilantiores
3357 4366 3597 4412 servant.

2010 4450 2123 4520 Ego
2171 4465 2416 4520 quoque,
2467 4449 2559 4519 qui
2601 4465 2699 4518 pro
2741 4450 2934 4503 castris
2976 4447 3362 4503 ecclesiasticae
3392 4447 3601 4502 militia:

2009 4540 2270 4596 stantium
2302 4547 2575 4608 utcunque
2613 4541 2883 4608 particeps
2929 4553 3049 4593 esse
3076 4546 3297 4592 coactus
3341 4552 3462 4590 sum
3482 4575 3498 4600 ,
3527 4536 3596 4589 ad

2008 4647 2138 4697 vos,
2184 4629 2523 4685 venerabiles
2556 4629 2774 4693 Patres,
2829 4630 2930 4684 ista
2979 4627 3295 4691 conscribo,
3342 4635 3397 4680 et
3426 4626 3616 4695 impo-.

2010 4726 2104 4780 lito
2153 4724 2293 4795 stylo
2343 4724 2498 4793 quasi
2548 4723 2728 4777 raucis
2773 4722 2994 4777 vocibus
3041 4731 3362 4791 perstrepo:
3397 4734 3504 4774 non
3538 4727 3597 4772 ut

2008 4833 2105 4873 vos
2152 4832 2314 4886 sopor
2357 4815 2609 4880 deserat,
2659 4823 2842 4884 utpote
2891 4827 3107 4868 strenue
3154 4813 3471 4884 vigilantes,
3502 4809 3596 4865 sed

2009 4921 2066 4962 ut
2120 4924 2206 4962 me
2257 4907 2436 4976 potius
2484 4907 2756 4968 excitem,
2804 4906 2902 4959 sub
2934 4915 3149 4975 torpore
3195 4904 3413 4957 desidia:
3443 4902 3595 4972 igno-

2009 4998 2253 5052 rabiliter
2282 4999 2627 5053 oscitantem.
2678 4997 2832 5065 Saepe
2878 5009 3110 5064 namque
3153 4993 3348 5048 melius
3384 4992 3486 5061 ipsi
3515 4990 3596 5044 di-

2007 5091 2240 5153 scimus,
2291 5090 2418 5143 dutn
2450 5089 2740 5151 docemus,
2789 5096 2844 5141 et
2871 5102 3024 5156 quast
3076 5085 3295 5154 proprio
3323 5098 3418 5139 ore
3445 5097 3594 5136 com-

2004 5183 2254 5253 pellimur
2282 5182 2538 5252 exsequi,
2578 5183 2719 5251 quod
2749 5181 2868 5234 aliis
2910 5179 3272 5242 inculcamus,
3305 5175 3595 5232 Salomone

2005 5282 2298 5328 attestante
2318 5313 2332 5336 ,
2363 5273 2452 5341 qui
2482 5274 2557 5326 ait
2587 5289 2600 5323 :
2634 5291 2653 5324 ι
2683 5271 2872 5324 Anima
2905 5268 3198 5322 laborantis
3229 5267 3440 5322 laborat
3467 5267 3590 5332 sibi,

2003 5362 2094 5432 qui
2143 5360 2416 5430 compellit
2459 5375 2579 5415 eum
2632 5375 2694 5411 ns
2745 5374 2896 5410 suum
2951 5357 3130 5426 (Prov.
3162 5347 3339 5426 xVI.)i

2076 5453 2281 5507 Videtis
2325 5452 2536 5520 itaque,
2582 5449 2948 5512 dilectissimi,
3001 5449 3123 5520 quia
3175 5457 3316 5500 totus
3356 5447 3592 5501 mundus

2002 5557 2205 5612 pronus
2253 5541 2307 5594 in
2356 5542 2552 5594 malum
2599 5554 2695 5607 per
2726 5537 2929 5592 lubrica
2979 5539 3230 5591 vitiorum
3270 5537 3322 5590 in
3352 5551 3594 5607 praeceps

2009 5633 2161 5687 ruit:
2192 5641 2246 5686 et
2288 5642 2489 5700 quanto
2536 5630 2626 5685 fini
2673 5647 2770 5685 suo
2812 5627 3033 5697 jamjam
3063 5629 3272 5684 vicinus
3301 5628 3592 5698 appropin-
3657 5639 3666 5650 ’

2009 5711 2167 5793 quat,
2202 5732 2351 5777 tanto
2378 5722 2684 5792 graviorum
2727 5735 2889 5790 super
2917 5735 2974 5774 se
3018 5719 3258 5790 quotidie
3301 5717 3586 5772 criminum

2005 5813 2174 5869 moles
2199 5821 2505 5883 exaggerct.
2537 5810 2904 5868 Ecclesiastici
2930 5810 3192 5871 siquidem
3218 5806 3357 5874 genii
3389 5803 3587 5873 ubique
