4078 6202
428 340 532 395 9.53

965 336 1022 393 S.
1065 337 1269 393 PETRI
1307 334 1590 392 DAbllANl
1630 333 1780 390 OPP.
1818 331 2001 387 PARS
2030 328 2160 385 SEU
2200 327 2436 384 TOMUS
2477 327 2514 381 Ι.
2553 356 2621 366 -—
2660 325 2879 380 EPlST.
2922 328 3051 380 LIB.
3092 323 3228 380 V'lll.

3586 322 3694 378 256

424 470 565 524 pene
608 453 889 538 disciplina
931 453 1252 525 negligitur,
1309 453 1488 508 debita
1523 453 1895 508 sacerdotibus
1925 465 2010 504 τε-
2037 454 2084 510 Α
2111 442 2432 514 Apocalypsi
2462 458 2520 497 se
2545 442 2799 497 didicisse
2841 457 2946 496 non
2979 441 3162 504 tacuit,
3212 440 3298 496 cui
3341 439 3544 494 dictum
3571 450 3691 496 est:

424 545 664 601 verentia
712 563 818 600 non
851 546 1154 615 prmbetur,
1203 544 1476 599 canonica:
1506 543 1804 596 sanctionis
1853 540 2012 594 iusti-

427 642 538 692 tuta
576 635 885 701 sulcantur,
941 647 1000 689 et
1039 634 1136 690 soli
1190 643 1418 690 terrena:
1467 634 1532 705 Lf.
1578 632 1892 688 substantia:
1937 631 2013 685 vel

426 727 742 811 cupiditati,
786 726 861 780 uel
893 727 1018 796 quid
1053 725 1221 780 simile
1248 725 1400 798 add.]
1440 725 1714 779 iuhianter
1739 722 2044 794 explendae.

427 818 582 882 digna
634 818 743 871 Deo
791 830 920 870 cura
969 816 1222 872 servitur.
1252 814 1309 870 ln
1342 815 1668 871 faederandis
1696 830 1859 885 porro
1886 829 2016 868 con-

425 905 587 976 jngiis
631 906 900 976 legitimus
945 908 1077 962 ordo
1107 907 1456 962 confunditur
1487 924 1500 959 :
1539 914 1623 970 et,
1660 921 1694 961 ο
1730 905 1914 960 nefas!
1946 904 2015 960 ab

428 996 506 1047 eis
547 996 600 1048 in
625 995 854 1050 veritate
890 993 1113 1050 Judaice
1141 996 1372 1071 vivitur,
1419 995 1515 1063 qui
1545 994 1830 1064 superﬁcie
1859 1005 2015 1048 tenus

428 1085 736 1140 Christiano
777 1086 1038 1141 vocabulo
1084 1085 1394 1156 palliantur.
1453 1085 1745 1141 Enimvero
1790 1086 1876 1139 ubi
1930 1101 2018 1138 ra-

427 1176 569 1246 pina:
611 1177 850 1233 desunt?
879 1179 966 1233 ubi
999 1178 1140 1234 furta
1175 1189 1434 1236 caventur
1453 1180 1476 1221 ν
1501 1180 1591 1250 qui
1625 1179 1900 1248 perjuria?
1922 1180 2016 1249 qui

429 1263 740 1320 lenocinia?
764 1267 854 1336 qui
895 1267 1174 1338 sacrilegia
1206 1263 1493 1324 metuunt?
1517 1269 1610 1338 qui
1637 1269 1868 1338 denique
1898 1285 2018 1338 per-

427 1362 641 1423 petrare
665 1356 914 1424 quaelibet
938 1359 1274 1414 atrocissima
1296 1361 1524 1426 crimina
1563 1359 2018 1430 perhorrescunt?

426 1442 752 1500 iamdudum
792 1447 950 1515 plane
1001 1449 1259 1504 virtutum
1303 1451 1497 1506 studiis
1539 1450 1818 1520 repudium
1861 1451 2018 1506 dedi-

430 1550 584 1598 nms,
633 1537 984 1607 omniumque
1019 1541 1434 1607 perversitatum
1479 1550 1693 1610 pestes,
1730 1541 1876 1596 velut
1911 1541 2018 1596 im-

433 1635 557 1694 petu
608 1626 751 1683 facto
774 1669 790 1688 .
821 1624 1061 1685 feraliter
1100 1645 1459 1689 emerserunt.
1505 1634 1612 1690 Sed
1661 1650 1731 1690 ne
1761 1644 2018 1705 tanquam

430 1717 736 1774 cothurnati
770 1723 1086 1791 tragoediam
1124 1726 1402 1780 videamur
1447 1728 1690 1784 attollere
1721 1769 1737 1794 ,
1790 1728 2020 1784 solliciat

2119 558 2139 592 ι
2174 538 2483 608 Mysterium
2513 545 2717 606 septem
2764 534 3064 598 stellarum,
3107 549 3242 604 quas
3282 533 3458 587 vidisti
3489 534 3541 586 in
3569 533 3695 586 dex-

2117 637 2230 683 tera
2283 643 2437 692 mea,
2494 636 2549 682 et
2611 632 2813 695 septem
2865 623 3184 679 candelabra
3238 637 3436 701 aurea;
3490 632 3696 690 septem

2115 719 2304 784 stellae,
2330 719 2504 787 angeli
2533 727 2657 773 sunt
2691 726 2894 786 septem
2920 717 3316 778 Ecclesiarum;
3353 726 3408 770 et
3448 715 3698 769 candela-

2114 815 2212 866 bra
2241 820 2471 879 septem,
2502 818 2706 878 septem
2740 808 2995 862 Ecclesiae
3023 817 3146 860 sunt
3175 807 3358 876 (Apoc.
3387 807 3446 876 l).
3482 825 3500 856 ι

2189 900 2312 955 Haec
2338 901 2500 968 igitur
2526 900 2592 954 ad
2635 899 2892 953 honorem
2927 898 3142 951 condita
3177 897 3231 951 S.
3265 896 3560 950 Salvatoris
3599 895 3701 949 Ec-

2115 991 2278 1049 clesia
2319 991 2534 1046 culmen
2577 1006 2641 1045 ac
2681 990 2966 1045 summitas
3011 989 3173 1042 totius
3219 987 3536 1042 Christiana:
3573 987 3699 1040 reli-

2115 1083 2291 1154 gionis
2317 1080 2530 1146 eﬂ'ecta,
2557 1090 2616 1135 ut
2651 1081 2722 1134 ita
2761 1079 3010 1142 dixerim,
3042 1078 3279 1132 Ecclesia
3314 1087 3394 1131 est
3432 1076 3703 1130 Ecclesia-

2119 1189 2273 1233 rum,
2332 1181 2388 1227 et
2429 1181 2620 1227 sancta
2675 1179 3005 1224 sanctorum.
3063 1167 3236 1222 Habet
3291 1177 3468 1220 autem
3519 1165 3701 1218 altrin-

2117 1278 2275 1318 secus
2303 1263 2585 1316 beatorum
2619 1259 2985 1330 apostolorum
3016 1257 3158 1312 Petri
3197 1265 3252 1312 et
3283 1255 3434 1309 Pauli
3471 1254 3704 1309 diversis

2116 1353 2334 1422 quidem
2378 1351 2514 1406 locis
2555 1350 2878 1404 constitutas
2930 1348 3239 1410 Ecclesias,
3284 1348 3376 1401 sed
3426 1349 3506 1399 sui
3554 1361 3702 1398 com-

2117 1459 2254 1514 page
2283 1443 2629 1505 sacramenti,
2656 1441 2782 1510 quia
2807 1440 3052 1494 videlicet
3086 1440 3137 1492 in
3183 1439 3414 1508 quodam
3449 1436 3702 1490 ineditqu

2119 1533 2194 1588 lio
2225 1533 2418 1602 posita,
2463 1531 2617 1601 quasi
2661 1539 2823 1599 caput
2869 1529 3127 1583 membris
3169 1525 3574 1596 supereminet,
3623 1524 3705 1577 iu-

2119 1623 2436 1678 diﬂ'erenter
2492 1621 2693 1675 unitas.
2743 1619 2838 1674 llis
2890 1619 3071 1687 itaque
3136 1626 3390 1686 tanquam
3451 1615 3706 1683 expansis

2122 1720 2318 1774 divinae
2361 1716 2745 1774 misericordiae
2767 1714 3001 1769 brachiis
3029 1728 3234 1767 summa
3273 1711 3381 1774 illa,
3405 1720 3461 1764 et
3489 1705 3708 1763 univcr-
3757 1756 3764 1761 .

421 1794 584 1860 “nbis
627 1811 918 1878 apostolica
967 1813 1227 1868 duntaxat
1256 1830 1420 1884 super
1464 1817 1547 1871 his
1583 1818 1763 1873 verba.
1790 1817 2014 1873 referre,
2047 1803 2093 1861 B
2121 1812 2249 1866 salis
2278 1810 2513 1866 Ecclesia
2563 1824 2778 1864 omnem
2821 1807 3082 1861 ambitum
3128 1804 3292 1859 totius
3328 1801 3475 1854 orbis
3502 1801 3707 1868 ample-

431 1895 564 1950 Nam
617 1899 760 1953 velut
807 1893 1101 1970 prophetia:
1136 1906 1740 1973 depromitoraculum,
1781 1906 2010 1964 dicens:

435 2003 455 2036 ί
489 1985 603 2040 Hoc
629 1996 806 2041 autem
837 1991 974 2044 scito
993 2029 1008 2055 ,
1052 1994 1193 2060 quod
1227 1994 1279 2047 in
1309 1995 1620 2050 novissimis
1642 1996 1831 2050 diebus
1858 2006 2018 2050 erunt

433 2082 671 2143 tempora
700 2075 996 2144 periculosa
1024 2097 1037 2132 :
1064 2091 1119 2135 et
1139 2092 1298 2136 erunt
1319 2084 1568 2138 homines
1596 2085 1802 2155 seipsos
1830 2099 2017 2140 aman-

434 2171 551 2229 tes,
603 2168 814 2237 cupidi,
871 2172 1130 2238 superbi,
1176 2172 1510 2242 blasphemi,
1560 2177 1874 2245 parentibus
1910 2193 2014 2230 non

433 2255 776 2324 obedientes,
835 2260 1062 2327 ingrati,
1103 2265 1351 2330 scelesti,
1383 2266 1500 2320 sine
1545 2266 1861 2332 affectione,
1898 2269 2017 2322 sine

433 2361 606 2415 pace,
648 2349 1045 2415 criminatores,
1083 2353 1480 2410 incontinentes
1507 2397 1521 2419 ,
1582 2357 1820 2413 immites
1853 2399 1866 2424 ,
1899 2359 2018 2412 sine

431 2437 798 2509 benignitate,
857 2443 1198 2511 proditores,
1251 2447 1528 2514 protervi.
1591 2449 1821 2514 tumidi,
1871 2448 2016 2504 volu-

432 2524 637 2594 ptatum
677 2541 946 2586 amatores
991 2535 1166 2602 magis
1201 2552 1362 2605 quam
1404 2537 1497 2592 Dei
1543 2554 1556 2590 :
1599 2539 1860 2594 habentes
1900 2539 2019 2608 qui-

434 2616 554 2697 dem
587 2616 691 2688 53
719 2619 951 2690 speciem
995 2625 1330 2691 sanctitatis,
1379 2627 1635 2681 virtutem
1679 2638 1859 2683 autem
1902 2628 2018 2697 ejus

432 2707 764 2777 abuegantes
791 2711 877 2782 (II
912 2713 1046 2766 Tim.
1073 2718 1177 2784 nr).
1221 2735 1239 2767 ι
1272 2715 1418 2772 Inter
1449 2719 1563 2774 lucc
1595 2734 1724 2789 ergo
1765 2729 1872 2774 tam
1894 2736 2018 2789 pro-

435 2798 598 2854 funda
650 2801 1004 2870 periclitantis
1061 2807 1242 2862 mundi
1287 2808 1608 2880 naufragosa
1663 2812 2015 2879 discrimina,

435 2887 579 2942 inter
605 2899 688 2944 .tot
716 2892 952 2948 immane
972 2904 1220 2964 patentes
1244 2899 1562 2966 perditionis
1587 2902 1836 2957 humana:
1860 2919 2018 2958 vora-

434 2979 612 3047 gines,
663 2981 854 3038 unicus
898 2993 953 3039 et
997 2986 1287 3054 singularis
1341 3001 1528 3058 portus
1573 2992 1815 3048 Romana
1869 3004 2018 3064 patet

435 3070 714 3127 Ecclesia:
745 3083 816 3139 et,
843 3083 901 3128 ut
924 3076 995 3130 ita
1033 3077 1220 3144 fatear,
1264 3084 1572 3151 pauperculi
1611 3086 1896 3154 piscatoris
1923 3096 2016 3144 est

2119 1907 2306 1961 ctitur.
2367 1904 2570 1960 Omnes
2621 1903 2711 1974 qui
2757 1902 2952 1956 salvari
2995 1908 3287 1970 appetunt,
3341 1898 3393 1950 in
3450 1905 3705 1950 maternae

2118 1997 2334 2066 pietatis
2360 1996 2566 2066 gremio
2605 1994 2854 2049 confovet
2880 2001 2935 2047 et
2965 2001 3164 2046 tuetur.
3207 1989 3316 2042 liae
3355 1987 3529 2048 Jcsus,
3559 2001 3705 2038 Sillll-

2120 2105 2240 2143 nius
2289 2088 2540 2142 videlicet
2587 2085 2862 2156 pontifex,
2909 2098 3034 2138 arce
3094 2081 3386 2142 subnixus,
3436 2087 3602 2130 tutam
3651 2076 3702 2128 in

2119 2178 2250 2230 orbe
2301 2186 2568 2232 terrarum
2615 2175 2908 2229 Ecclesium
2947 2188 3100 2228 suam
3133 2173 3185 2225 in
3227 2166 3551 2226 sacramenti
3583 2166 3704 2218 uni-

2123 2277 2233 2321 tate
2262 2266 2617 2327 confaaderat,
2649 2275 2708 2318 ut
2733 2279 2870 2319 unus
2913 2263 3188 2326 sacerdos,
3213 2278 3318 2314 una
3358 2260 3551 2312 merito
3585 2267 3702 2310 ere»

2119 2359 2278 2411 datur
2306 2357 2563 2411 Ecclesia.
2592 2356 2745 2411 Unde
2775 2371 2871 2424 per
2897 2353 3214 2423 prophetam
3242 2351 3442 2406 dicitur
3467 2365 3480 2400 :
3511 2368 3527 2398 ι
3565 2347 3704 2400 Ecce

2119 2448 2201 2502 vir
2228 2448 2422 2504 Oriens
2457 2462 2650 2501 nomen
2698 2445 2838 2514 ejus,
2885 2453 2941 2498 et
2983 2443 3171 2499 subter
3215 2457 3336 2496 eum
3378 2440 3604 2500 orietur,
3649 2444 3706 2490 et

2119 2539 2407 2593 aedilicabit
2455 2537 2708 2606 templum
2753 2537 3001 2596 Domino,
3043 2543 3096 2588 et
3138 2535 3253 2602 ipse
3286 2539 3529 2587 exstruct
3570 2539 3708 2583 tem-

2119 2630 2286 2699 plum,
2315 2639 2368 2681 et
2394 2628 2626 2698 portabit
2659 2627 2906 2697 gloriam,
2948 2634 3003 2680 et
3049 2624 3278 2687 sedebit,
3305 2631 3358 2678 et
3397 2620 3704 2675 dominabi—

2119 2727 2204 2771 t'ur
2231 2729 2394 2787 super
2413 2717 2603 2770 solium
2631 2730 2810 2781 suum,
2856 2723 2910 2769 et
2951 2716 3057 2768 erit
3097 2715 3350 2767 sacerdos
3377 2725 3540 2779 super
3569 2708 3706 2762 solio

2119 2825 2217 2863 suo
2242 2807 2428 2878 (ZttC/l.
2453 2808 2548 2878 vt).
2585 2827 2604 2859 ι
2644 2806 2750 2861 Sed
2773 2807 2896 2876 quia
2928 2805 3081 2860 nobis
3113 2820 3217 2858 non
3263 2813 3345 2858 est
3374 2801 3706 2872 propositum

2119 2908 2310 2953 cuncta
2357 2898 2650 2968 ﬁgurarum
2702 2895 2958 2966 mysteria
3012 2895 3153 2948 illius
3205 2892 3704 2962 comprehendere,

2119 2986 2231 3059 δή
2255 2987 2367 3040 haec
2395 2986 2515 3040 aliis
2543 2985 2933 3040 consideranda
2981 2983 3358 3052 relinquimus,
3397 2982 3462 3034 ad
3509 2981 3708 3035 exhor-

2118 3083 2339 3137 tationis
2387 3097 2516 3136 vero
2566 3081 2785 3146 seriem,
2835 3080 2978 3134 sicut
3024 3078 3377 3140 instituimus,
3419 3074 3716 3129 articulum

436 3175 622 3231 parata
655 3181 875 3236 sagcna,
901 3184 1022 3237 qua:
1048 3185 1236 3227 omnes
1261 3173 1327 3227 ad
1367 3190 1427 3229 se
1469 3176 1679 3233 sincere
1706 3181 2017 3250 confugien-

2123 3170 2485 3226 reﬂectatnus.

437 3260 519 3306 tes
547 3254 613 3308 de
635 3257 989 3322 procellarum
1019 3259 1490 3317 intmnescentium
1537 3265 1789 3322 ﬂuctibus
1834 3270 2015 3339 eripit,

438 3350 494 3395 et
522 3343 573 3395 in
602 3343 782 3399 littore
805 3347 1098 3404 salutifera:
1120 3351 1317 3420 quietis
1340 3357 1579 3424 exponit.
1607 3357 1745 3412 Hinc
1767 3368 1849 3413 est
1874 3362 2016 3429 quod

439 3433 552 3501 ipsa
603 3435 840 3492 Ecclesia
893 3440 1364 3499 excellentioribus
1422 3461 1531 3514 prae
1598 3448 1810 3502 caeteris
1857 3450 2020 3504 totius

438 3528 587 3583 orbis
633 3529 888 3586 ECclesiis
939 3534 1128 3588 nititur
1171 3535 1483 3606 privilegiis,
1541 3541 1633 3594 sed
1679 3549 1734 3594 et
1781 3543 2021 3612 mysticis

439 3619 600 3672 etiam
631 3621 872 3678 instituta
901 3632 1062 3694 atque
1087 3626 1342 3696 disposita
1371 3645 1478 3684 non
1509 3631 1802 3703 ambigitur
1840 3648 2026 3690 sacra-

443 3713 659 3766 mentis.
706 3711 862 3778 Nam,
925 3726 984 3770 ut
1035 3718 1101 3772 de
1144 3719 1386 3787 pluribus
1431 3737 1599 3789 pauca
1641 3725 2022 3796 perstringam,

445 3803 823 3861 Laterauensis
849 3807 1113 3876 Ecclesia,
1143 3811 1285 3866 sicut
1311 3812 1606 3870 Salvatoris
1646 3825 1730 3872 est
1769 3817 2025 3888 insignita

442 3895 727 3958 vocabulo,
757 3898 847 3966 qui
877 3899 1131 3954 nimirum
1155 3903 1394 3957 omnium
1417 3914 1578 3973 caput
1601 3914 1686 3960 est
1709 3906 2026 3974 electorum,

446 3985 518 4038 ita
557 3997 750 4050 mater,
797 3997 852 4043 et
889 3989 1106 4058 quidam
1147 3985 1307 4061 ape'x,
1351 4002 1406 4048 et
1443 4003 1631 4050 vertex
1664 4007 1746 4052 est
1785 3999 2026 4053 omnium

444 4089 542 4142 per
604 4074 789 4129 orbem
841 4077 1220 4136 Ecclesiarum.
1278 4079 1402 4137 Haec
1464 4094 1670 4153 septem
1725 4086 2030 4144 cardinales

446 4162 609 4216 habet
667 4166 984 4235 episcopos,
1035 4170 1232 4238 quibus
1289 4172 1421 4226 solis
1475 4183 1596 4244 post
1641 4176 2029 4246 apustolicum,

445 4260 852 4305 sacrosanctum
887 4253 1012 4308 illud
1058 4256 1231 4312 altare
1268 4257 1393 4314 licet
1433 4261 1728 4328 accedere,
1771 4280 1835 4320 ac
1865 4266 2030 4321 divini

447 4339 626 4395 cultus
650 4343 904 4412 mysteria
946 4334 1241 4403 celebrare.
1279 4348 1336 4404 in
1359 4367 1466 4421 quo
1495 4353 1747 4407 nimirum
1775 4355 1901 4409 illud
1931 4355 2032 4411 Za-

447 4433 646 4488 chariae
691 4437 1002 4491 continetur
1047 4439 1326 4495 evidenter
1372 4441 1646 4497 oraculum
1700 4462 1713 4498 :
1771 4464 1791 4496 ε
1847 4423 2027 4514 Ecce,

448 4522 645 4594 inquit,
671 4523 826 4596 lapis,
852 4533 1009 4597 qnem
1040 4529 1160 4585 dedi
1192 4546 1374 4586 coram
1411 4531 1539 4588 'Jesu
1565 4553 1578 4588 :
1609 4550 1770 4604 super
1799 4536 2028 4608 lapidem

450 4629 613 4668 unum
639 4625 843 4688 septem
870 4619 1010 4674 oculi
1039 4628 1163 4675 sunt
1191 4621 1376 4693 (Zach.
1462 4625 1565 4695 nt).
1610 4645 1630 4678 ι
1663 4625 1824 4697 Lapis
1851 4639 2027 4684 autem

452 4709 554 4765 iste
585 4709 671 4764 illa
700 4711 885 4780 procul
911 4710 1073 4768 dubio
1115 4724 1264 4784 petra
1309 4725 1412 4782 est,
1455 4716 1522 4771 de
1555 4733 1657 4787 qna
1685 4733 1848 4772 verus
1873 4718 2031 4775 Jesus

449 4797 610 4854 Petro
634 4799 937 4869 pollicetur,
964 4802 1148 4858 dicens
1177 4820 1191 4856 :
1223 4821 1242 4853 ι
1279 4802 1454 4873 Super
1491 4805 1630 4860 hanc
1670 4817 1875 4875 petram
1903 4807 2033 4862 redi-

453 4889 624 4943 licaho
650 4890 946 4962 Ecclesiam
971 4907 1146 4947 meam
1168 4892 1385 4962 (Matth.
1415 4895 1546 4965 xvr).
1580 4915 1598 4947 ι
1630 4895 1845 4966 Septem
1867 4897 2031 4968 igitur

450 4981 635 5035 oculos
665 4981 828 5037 habet
856 4983 970 5038 haec
997 4991 1172 5052 petra,
1198 4984 1324 5052 quia
1354 4985 1572 5040 totidem
1599 4988 1772 5042 sancti
1800 4987 2032 5057 Spiritus

453 5075 610 5127 donis
654 5083 839 5128 sancta
891 5074 1170 5143 praefulget
1220 5074 1485 5140 Ecclesia,
1534 5076 1730 5145 quibus
1776 5077 2030 5131 nimirum

455 5164 600 5215 velut
635 5164 1021 5218 candelabrum
1064 5179 1286 5218 aureum
1342 5165 1849 5236 inexstiuguibiliter
1893 5165 2029 5219 ruti-

457 5256 596 5319 lans,
624 5255 937 5326 ignorantiae
967 5258 1216 5314 tenebras
1245 5257 1464 5328 eli‘ngat,
1493 5267 1548 5314 et
1573 5262 1638 5314 ad
1663 5259 2032 5328 contemplan-

457 5348 584 5400 dum
609 5346 831 5414 justitize
872 5350 1036 5403 solem
1078 5349 1354 5404 hominum
1404 5359 1608 5405 mentes
1655 5350 1907 5404 illustrat.
1955 5350 2031 5403 De

458 5453 565 5506 quo
613 5437 752 5490 idem
800 5439 1106 5508 propheta:
1144 5459 1162 5491 ι
1200 5440 1340 5503 Vidi,
1373 5441 1467 5506 ait,
1516 5450 1571 5494 et
1616 5455 1743 5495 ecce
1785 5438 2033 5495 candela-

460 5526 615 5581 brum
659 5542 878 5581 aureum
928 5537 1120 5595 totum,
1153 5536 1208 5583 et
1251 5529 1458 5598 lampas
1501 5528 1616 5597 ejus
1663 5545 1823 5595 super
1873 5535 2033 5596 caput

462 5618 649 5689 ipsius,
693 5626 749 5672 et
795 5627 994 5687 septem
1041 5618 1274 5673 lucerna:
1319 5620 1436 5689 ejus
1470 5633 1632 5687 super
1671 5619 1798 5672 illud
1845 5616 2031 5685 (Zaclz.

464 5709 569 5776 tv).
602 5729 620 5764 ι
648 5709 799 5778 Quod
842 5707 1027 5781 utique
1076 5723 1474 5765 sacramentum
1519 5725 1572 5763 ει
1607 5708 1664 5761 Β.
1705 5707 1941 5762 Joannes
1979 5707 2032 5760 in

2191 3263 2298 3316 Nos
2330 3263 2533 3330 itaque,
2567 3261 2762 3315 fratres
2794 3261 2919 3323 mei,
2950 3269 3010 3313 ut
3053 3266 3108 3314 et.
3147 3273 3231 3312 me
3261 3258 3412 3310 vobis
3445 3257 3681 3308 audente

2121 3354 2474 3410 interfcram:
2511 3369 2631 3416 nos,
2677 3353 2921 3420 inquam,
2949 3351 3039 3419 qni
3089 3360 3345 3416 tanquam
3386 3356 3590 3414 septem
3620 3361 3683 3398 su

2121 3462 2243 3501 mus
2270 3448 2408 3500 oculi
2441 3463 2604 3515 super
2651 3445 2878 3514 lapidem
2928 3461 3114 3507 unum,
3142 3444 3230 3513 qui
3266 3442 3540 3495 stellartnn
3584 3455 3706 3508 por-

2124 3543 2300 3588 tamus
2344 3536 2654 3605 imaginem,
2710 3534 2799 3604 qui
2846 3533 3153 3600 angelorum
3203 3542 3446 3584 ten’entus
3493 3545 3586 3597 per
3611 3546 3701 3581 an-

2127 3624 2480 3678 nuntiationis
2529 3622 2757 3677 cilicium
2804 3623 3155 3692 dignitatem,
3204 3621 3502 3680 videamus,
3531 3617 3704 3686 splen-

2123 3715 2368 3778 deamus,
2423 3723 2478 3769 et
2508 3715 2670 3769 verba
2707 3715 2831 3766 vita:
2881 3713 3098 3782 populis
3126 3727 3229 3765 non
3262 3709 3431 3763 solum
3463 3705 3708 3768 vocibus,

2127 3809 2223 3862 sed
2268 3816 2325 3862 et
2373 3807 2615 3861 moribus
2666 3806 3000 3859 nuntiemus.
3066 3803 3380 3856 Sermonem
3442 3797 3706 3866 siquidem

2127 3898 2535 3967 prmdicantium
2569 3897 2746 3963 lingua
2775 3894 2991 3962 quidem
3026 3893 3255 3952 nuntiat,
3282 3890 3376 3944 sed
3418 3889 3523 3941 vita
3554 3902 3706 3939 com-

2129 3988 2367 4040 mendat.
2397 3984 2568 4038 Porro
2597 3984 2723 4053 quia
2752 3983 2816 4035 ad
2850 3982 3214 4035 Lateranense
3259 3977 3516 4048 palatium
3555 3991 3582 4026 a
3616 3975 3703 4026 di-

2128 4077 2302 4131 versis
2345 4075 2553 4145 populis
2604 4074 2670 4128 de
2728 4081 2840 4126 toto
2890 4082 3155 4125 terrarum
3211 4069 3343 4121 orbe
3396 4064 3709 4125 conlinitur,

2130 4182 2356 4222 necesse
2401 4176 2486 4221 est
2523 4175 2583 4219 ut
2622 4166 2692 4220 ibi
2731 4179 2842 4232 prae
2871 4162 3084 4217 caeteris
3115 4161 3320 4229 uspiam
3351 4157 3483 4210 locis
3505 4197 3520 4219 ,
3563 4163 3711 4206 recta

2133 4275 2350 4328 semper
2380 4258 2591 4312 vivendi
2625 4258 2695 4310 sit
2719 4256 2915 4318 forma,
2947 4254 3190 4308 districta
3223 4258 3471 4304 teneatur
3497 4246 3710 4301 assidue

2132 4351 2234 4405 sub
2301 4349 2542 4404 honestis
2592 4348 2832 4402 moribus
2882 4345 3184 4414 disciplina.
3243 4342 3307 4396 Et
3359 4351 3610 4408 tauquam
3663 4337 3710 4389 si

2127 4438 2328 4508 jngiter
2349 4439 2526 4508 jaceat
2565 4437 2616 4491 in
2646 4435 2865 4490 fornace
2890 4443 3126 4495 moneta,
3156 4448 3275 4500 qua:
3303 4429 3442 4484 laesis
3477 4425 3714 4479 miluinis

2134 4529 2389 4584 rcfortuet
2415 4528 2702 4596 imaginem
2729 4544 2744 4593 ;
2780 4527 2857 4581 sic.
2884 4527 2934 4579 in
2963 4522 3283 4579 sacerdotali
3310 4521 3469 4574 domo
3493 4532 3709 4571 omnem

2131 4620 2437 4690 depravata:
2481 4621 2604 4673 vitae
2642 4633 2755 4671 suae
2784 4618 2979 4670 debent
3010 4615 3257 4668 homines
3309 4610 3582 4680 corrigere
3611 4605 3712 4658 fal-

2131 4713 2368 4767 sitatem.
2397 4710 2550 4777 Quod
2579 4711 2624 4764 si
2663 4709 2828 4777 ipsius
2857 4715 3083 4760 moneta:
3141 4705 3472 4762 oblitterata,
3506 4697 3586 4752 vel
3613 4698 3715 4751 de-

2133 4805 2256 4859 trita
2283 4804 2354 4859 sit
2384 4802 2586 4872 regula,
2615 4809 2896 4869 postquam
2931 4798 3167 4857 metallis
3208 4795 3552 4864 imprimitur,
3601 4807 3716 4845 non

2133 4909 2403 4955 nummus,
2436 4893 2526 4947 sed
2554 4891 2994 4961 paracaraximus
3034 4889 3110 4960 (id
3139 4900 3236 4952 est,
3285 4887 3402 4940 sine
3449 4886 3594 4943 nota)
3626 4882 3717 4935 in-

2132 4986 2369 5041 venitur.
2402 4982 2516 5036 Non
2547 4997 2677 5052 ergo
2707 4982 3069 5051 quorumlibet
3101 4981 3376 5034 hominum
3410 4987 3516 5030 tam
3552 4979 3718 5029 noxia

2131 5082 2216 5128 est
2236 5087 2397 5142 quam
2424 5072 2659 5140 pravitas
2707 5071 3071 5133 sacerdotum,
3096 5071 3220 5122 dum
3248 5074 3618 5137 proponuntur
3645 5067 3716 5118 ad

2129 5163 2453 5234 exemplum.
2487 5161 2619 5216 Nam
2643 5162 2733 5231 qui
2758 5161 2864 5214 dux
2895 5160 3103 5216 itineris
3131 5159 3495 5220 constituitur,
3525 5157 3569 5209 si
3598 5156 3718 5224 ipse

2129 5258 2184 5312 in
2213 5254 2568 5326 pmripitittm
2593 5252 2810 5318 labitur,
2861 5267 3078 5308 necesse
3117 5261 3201 5306 est
3239 5259 3297 5304 ut
3324 5249 3569 5318 quisquis
3594 5246 3719 5313 ejus

2131 5345 2355 5415 vestigia
2397 5343 2659 5411 sequitur,
2706 5342 2758 5396 in
2789 5340 3030 5410 ejusdem
3073 5341 3238 5394 ruina:
3269 5338 3534 5409 profundo
3565 5353 3718 5390 mer-

2134 5448 2259 5508 gatu
2269 5454 2311 5490 r.

2203 5527 2618 5582 Consideremus
2660 5526 2862 5580 interea
2911 5524 3037 5593 quid
3089 5539 3252 5593 super
3294 5523 3395 5577 hac
3445 5521 3714 5576 sententia

2134 5619 2453 5689 pradicator
2498 5617 2747 5688 egregius
2792 5615 2976 5670 dicat:
3017 5633 3035 5665 ι
3076 5615 3176 5680 Qui
3221 5615 3605 5682 episc0patum,
3633 5611 3714 5664 in?

2139 5708 2271 5777 quit,
2302 5707 2593 5768 desiderat.
2618 5709 2815 5762 bonum
2845 5721 2979 5777 opus
3004 5706 3274 5762 desiderat
3296 5705 3346 5775 (1
3381 5703 3514 5759 Tim.
3551 5700 3656 5757 ml.
3689 5720 3710 5752 ι
