4078 6202
381 329 490 386 251

1557 345 1761 403 LIBER
1801 349 2184 418 SECUNDUS,
2229 355 2447 414 EPIST.
2490 359 2532 416 l.

3552 383 3659 442 258

381 446 481 500 llic
508 446 791 502 evidenter
813 451 1118 507 ostenditur
1142 454 1275 511 nihil
1302 457 1453 513 aliud
1483 475 1604 516 esse
1631 464 1959 532 pontiﬁcem,
1991 475 2040 530 Α
2069 467 2349 536 pieudisve
2405 474 2757 546 dignitatibus
2805 481 3189 543 ecclesiasticis
3232 506 3337 548 una
3396 495 3658 556 duntaxat

379 553 540 606 quam
577 538 702 592 boni
752 540 932 608 operis
975 553 1316 602 sectatorem.
1366 549 1480 603 Non
1519 553 1662 606 enim
1692 554 1847 619 dixit,
1872 556 1968 610 bo-

377 644 502 682 nam
533 629 874 700 dignitatem,
895 633 978 687 vel
1007 634 1206 692 bonmu
1232 639 1489 696 honorem
1513 644 1806 710 desiderat,
1832 649 1924 701 sed
1949 665 1963 700 :

382 738 402 771 ‹
434 719 536 787 Qui
577 723 944 792 episcopatum
998 727 1299 797 desiderat,
1347 733 1545 788 bonum
1589 751 1724 804 opus
1756 738 1966 793 deside-

376 823 514 866 rat.»
549 814 627 866 Ac
657 813 700 866 si
733 815 914 869 dicat:
948 816 1047 882 Qui
1092 821 1159 875 ad
1191 823 1556 892 episcopatum
1590 827 1808 882 anhelat
1844 844 1966 898 pos-

375 907 658 962 sidendum
690 907 806 961 sine
825 907 968 962 bono
991 925 1170 980 opere,
1197 914 1357 970 inane
1380 917 1496 970 vult
1521 934 1713 973 nomen
1738 919 1963 975 induere

373 998 492 1052 sine
530 997 606 1052 rei
640 998 807 1067 ipsius
842 1000 1088 1055 veritate.
1126 1003 1240 1057 Non
1269 1020 1398 1076 ergo
1429 1016 1641 1062 constat
1678 1009 1959 1080 episcopa-

374 1098 460 1144 tus
523 1092 576 1146 in
635 1093 846 1149 turritis
894 1093 1300 1150 Gchellinorum
1333 1137 1348 1160 ,
1405 1100 1958 1155 trausmarinarumve

373 1181 609 1236 ferarum
640 1185 814 1254 pileis,
851 1202 956 1241 non
997 1187 1048 1240 in
1077 1186 1480 1244 ﬂammantibus
1511 1189 1806 1246 Martorum
1831 1193 1960 1247 sub-

372 1276 696 1331 mentalibus
740 1278 901 1338 rosis,
953 1294 1057 1333 non
1109 1279 1162 1333 in
1209 1279 1549 1336 bractearum
1578 1284 1956 1340 circumfluen-

369 1370 502 1422 tium
533 1370 790 1439 phaleris,
819 1387 925 1426 non
958 1372 1190 1442 denique
1229 1375 1280 1428 in
1310 1375 1618 1444 glomeratis
1640 1379 1948 1449 couslipan-

367 1463 502 1517 tium
542 1464 772 1518 militum
805 1465 1010 1530 cuneis,
1043 1481 1217 1536 neque
1256 1467 1307 1522 in
1345 1467 1698 1525 frementibus
1727 1487 1791 1526 ae
1829 1487 1956 1542 spu-

364 1554 573 1608 mantia
610 1554 761 1609 frena
795 1555 1171 1612 mandentibus
1203 1561 1386 1630 equis;
1439 1563 1533 1616 sed
1571 1563 1622 1617 in
1671 1563 1951 1619 honestate

363 1661 603 1710 morum,
633 1655 686 1700 et
715 1656 1024 1702 sanctarum
1063 1651 1452 1707 exercitatione
1502 1654 1778 1709 virtutum.
1809 1655 1950 1710 Mox-

360 1749 470 1803 que
499 1734 772 1806 subjungit
799 1753 810 1788 :
851 1753 869 1786 ε
901 1733 1126 1806 Oportet
1153 1740 1466 1811 episcopum
1501 1743 1948 1814 irreprehensibi-

2068 573 2254 612 earum
2284 577 2403 630 qua:
2432 568 2702 634 praedictae
2732 580 2875 636 sunt,
2899 584 3050 641 peste
3071 585 3453 654 corrumpitur,
3483 589 3658 645 Sittiu-

2066 649 2236 703 niacae
2267 653 2537 710 haereseos
2567 660 2735 713 teneri
2766 663 2991 719 crimine
3011 649 3306 734 judicatur:
3326 675 3496 742 Quam
3523 697 3653 752 ergo

2064 742 2146 796 sui
2189 743 2416 801 ail‘erent
2454 753 2880 822 excusationem,
2921 760 3010 828 qui
3041 759 3165 817 licet
3188 767 3364 823 verbis
3394 786 3498 826 non
3524 742 3654 830 cuit-

2065 835 2331 891 traxerint
2379 841 2584 896 venalis
2627 853 2781 911 pacta
2835 854 3164 918 commercii,
3210 863 3522 928 operatione
3567 876 3652 921 ta-

2064 940 2185 1024 men
2233 945 2336 983 non
2386 946 2526 998 uno,
2564 938 2656 989 sed
2694 939 2944 996 omnibus
2981 943 3066 1000 his
3106 949 3402 1016 probantur
3446 955 3654 1027 laqueis

2061 1011 2296 1069 irretiti?
2343 1018 2721 1078 Verumtamen
2767 1024 2979 1092 jactant
3022 1011 3119 1096 se,‘
3147 1047 3202 1090 et
3241 1053 3306 1094 eo
3355 1011 3652 1111 gloria-utut:

2059 1100 2339 1173 innoxios,
2372 1110 2499 1179 quia
2543 1113 2744 1169 nullam
2779 1118 2966 1174 talenti
3010 1137 3277 1182 summam
3326 1100 3426 1201 pro
3472 1139 3648 1193 susci-

2057 1197 2268 1294 piendis
2296 1202 2589 1294 honoribus
2617 1222 2676 1262 se
2697 1210 2950 1281 pepigere
2975 1215 3212 1274 daturos.
3377 1225 3465 1281 dic
3490 1229 3643 1294 mihi.

2056 1300 2091 1340 ο
2122 1287 2338 1356 clerice,
2371 1291 2616 1366 quisquis
2663 1315 2746 1365 es,
2791 1302 2834 1356 si
2886 1305 3164 1378 redempto
3199 1313 3439 1381 quolibet
3479 1334 3646 1377 aureo

2054 1389 2184 1432 vase
2207 1379 2292 1434 vel
2320 1383 2541 1450 praedio,
2571 1386 2864 1444 distractor
2889 1392 3130 1463 exigeret
3176 1379 3234 1453 ut
3279 1405 3471 1458 retenti
3504 1411 3645 1477 apud

2056 1472 2109 1520 te
2123 1467 2257 1561 vice
2291 1472 2448 1539 pretii
2482 1474 2788 1544 huiusmodi
2842 1481 2944 1536 sibi
2975 1485 3278 1544 sedulitatis
3314 1467 3642 1561 impendium

2053 1556 2358 1626 exhiberes;
2387 1567 2626 1635 nunquid
2656 1583 2761 1623 non
2785 1574 3123 1639 postmodum
3153 1589 3468 1639 constanter
3486 1603 3640 1642 asse-

2053 1662 2204 1704 reres
2228 1660 2300 1714 te,
2319 1655 2458 1721 quod
2482 1669 2760 1726 acceptum
2785 1671 2888 1729 est,
2899 1663 3047 1732 justo
3064 1670 3239 1736 pretio
3260 1681 3643 1743 comparasse?

2052 1755 2158 1794 non
2204 1744 2453 1800 videlicet
2501 1751 2626 1818 quia
2684 1758 2966 1820 pecuniam
3011 1762 3336 1828 penolvisti,
3379 1771 3482 1823 sed
3511 1773 3638 1840 quia

359 1825 469 1885 ιω,
508 1842 629 1882 esse
665 1824 874 1898 (Μία),
907 1846 927 1880 ι
961 1827 1062 1884 Hic
1089 1838 1249 1886 ωηιω
1289 1831 1401 1886 qun,
1441 1847 1563 1888 esse
1599 1834 1946 1903 perfectionis
1978 1819 2022 1879 Β
2050 1833 2328 1888 servitium
2359 1840 2656 1907 prmbuisti.
2686 1819 2925 1904 iDieeres
2953 1819 3118 1917 enim,
3166 1862 3221 1915 et
3260 1873 3366 1912 non
3393 1819 3640 1920 fortajssis

358 1916 695 1986 episcopum,
725 1929 784 1974 ut
815 1936 953 1990 pene
977 1934 1129 1979 extra
1160 1935 1408 1982 naturam
1434 1928 1685 1998 loquatur
1712 1931 1946 2002 Aposto-

357 2006 462 2062 lus.
496 2008 627 2076 Quis
656 2012 800 2065 enim
832 2013 883 2066 in
914 2029 1078 2070 carne
1106 2018 1432 2075 constitutus
1463 2030 1570 2076 tam
1597 2034 1753 2078 caute
1783 2024 1942 2088 vivat,

359 2108 470 2153 tam
525 2117 602 2161 se,
629 2101 860 2160 sollicite
907 2106 1142 2176 undique
1200 2109 1618 2182 circumspiciat,
1658 2124 1717 2168 ut
1759 2129 1944 2183 repre-

356 2189 519 2242 bendi
545 2188 835 2270 aliquando
862 2196 1132 2263 nequeat?
1161 2197 1251 2251 Vze
1282 2199 1364 2252 his
1394 2201 1484 2269 qui
1517 2211 1571 2255 et
1600 2203 1943 2272 reprehensi-

354 2280 538 2335 biiiter
565 2262 781 2348 ‘vivunt,
821 2295 876 2338 et
908 2285 1084 2342 locum
1129 2288 1680 2359 irreprehensibiliter
1727 2297 1942 2351 vivendi

352 2371 533 2438 adhuc
563 2373 1042 2442 reprehensibilius
1081 2381 1499 2449 concupiscunt!
1548 2383 1630 2438 Ex
1660 2385 1747 2441 his
1787 2389 1941 2444 uimi-

351 2474 640 2530 rutnsuut,
670 2467 762 2535 qui
799 2468 1182 2527 obliviscentes
1224 2472 1473 2530 affectum
1513 2480 1848 2548 cognationis
1887 2492 1943 2540 et

349 2557 560 2624 patriae,
603 2570 905 2628 sequuntur
947 2571 1129 2617 castra
1173 2580 1356 2635 regum
1391 2583 1488 2637 per
1525 2569 1707 2641 ignota
1735 2583 1790 2627 et
1817 2575 1941 2628 bar—

347 2645 482 2699 bara
529 2663 691 2717 regna
741 2658 1030 2705 terrarum.
1070 2653 1135 2706 Et
1177 2655 1242 2708 ad
1286 2655 1389 2710 hoc
1422 2673 1514 2712 eos
1561 2659 1784 2730 impellit
1813 2677 1941 2733 per-

347 2740 593 2794 euntium
624 2742 850 2797 ambitio
895 2744 1237 2816 dignitatum,
1275 2750 1419 2818 quod
1459 2759 1789 2823 extorquere
1829 2771 1936 2811 non

345 2835 524 2903 potuit
568 2837 871 2892 caelestium
920 2835 1212 2910 promissio
1260 2847 1635 2914 praemiorum;
1687 2858 1746 2903 ut
1791 2852 1934 2908 enim

346 2942 456 2979 non
488 2926 598 2981 sint
627 2927 921 2984 domestica
976 2929 1237 2988 facultate
1283 2938 1560 3002 contenti,
1607 2939 1745 2994 fiunt
1793 2944 1934 3013 apud

343 3025 634 3072 extraneos
687 3021 996 3090 peregrini:
1028 3031 1189 3093 utque
1233 3040 1395 3095 super
1447 3026 1582 3082 alios
1624 3029 1708 3085 vel
1753 3045 1932 3087 seram

342 3097 615 3176 arripiant
665 3109 915 3179 ferulam,
961 3113 1152 3170 duram
1182 3117 1312 3187 ipsis
1337 3121 1628 3188 propositis
1672 3124 1933 3181 exhibent
1959 3157 2004 3220 ο

342 3201 671 3258 clientelam.
715 3205 1001 3264 Enimvero
1032 3209 1289 3266 facilioris
1325 3213 1500 3268 exitus
1530 3213 1723 3282 fuerat,
1763 3220 1806 3273 si
1833 3236 1932 3290 pro

344 3292 640 3348 honoribus
663 3299 925 3352 venaliter
961 3303 1306 3369 acquirendis
1334 3307 1593 3374 pecunias
1629 3308 1735 3379 55
1763 3313 1930 3366 semei

341 3392 731 3467 appenderettt,
777 3410 939 3463 qualn
997 3404 1076 3450 tot
1123 3396 1387 3459 laborum.
1425 3409 1507 3455 tot
1553 3417 1928 3470 pressurarum

340 3463 620 3535 molestias
670 3484 1020 3537 sustinerent.
1061 3483 1195 3540 Nam
1227 3502 1350 3541 cum
1393 3490 1652 3558 propheta
1694 3492 1762 3546 de
1813 3493 1929 3546 viro

328 3569 479 3637 justo
508 3573 690 3628 dicat:
727 3594 745 3626 ι
777 3574 879 3642 Qui
906 3578 1113 3632 excutit
1143 3593 1337 3634 manus
1377 3595 1504 3636 suas
1541 3583 1610 3637 ab
1636 3584 1783 3639 omni
1816 3601 1928 3639 mu-

335 3677 468 3716 nere
511 3662 644 3733 (lsa.
689 3669 941 3739 χχχιιι),›
975 3669 1094 3737 quis
1141 3685 1264 3724 eum
1301 3686 1328 3725 a
1374 3687 1657 3731 munerum
1709 3685 1927 3744 praesta-

337 3757 484 3810 tione
511 3756 783 3823 defendat,
812 3760 904 3829 qui
930 3770 986 3815 et
1016 3763 1368 3834 semetipsum
1414 3765 1605 3821 aliena:
1646 3770 1924 3826 servitutis

333 3848 565 3917 imperio
591 3851 863 3922 subjugat,
900 3861 955 3907 et
982 3853 1201 3924 iuSuper
1241 3856 1292 3910 in
1324 3857 1595 3913 diuturna:
1624 3861 1923 3930 expeditio-

331 3944 419 3997 nis
449 3944 719 4014 impensas
745 3945 1061 4002 facultatum
1089 3963 1310 4004 suarum
1341 3949 1489 4006 lucra
1526 3951 1814 4024 proﬂigat?

402 4037 518 4106 (85)
544 4035 708 4092 Plane
732 4040 1046 4110 prophetica
1082 4041 1170 4096 illa
1198 4045 1466 4100 sententia
1494 4046 1574 4100 sic
1599 4047 1916 4115 exponitur,

327 4138 386 4182 ut
419 4129 520 4183 tria
547 4130 798 4185 dicantur
821 4149 1103 4192 numerum
1129 4151 1353 4207 genera,
1394 4138 1604 4193 scilicet
1642 4155 1838 4196 munus
1884 4157 1914 4196 a

324 4235 512 4284 manu,
548 4235 745 4276 munus
771 4223 840 4276 ab
866 4223 1144 4294 obsequio,
1180 4241 1376 4282 munus
1419 4242 1450 4280 a
1485 4227 1688 4298 lingua.
1735 4228 1916 4300 Siqui-

321 4311 446 4364 dem
493 4327 688 4366 munus
717 4328 746 4365 a
781 4327 942 4367 manu
985 4315 1257 4384 pecunia:
1299 4332 1494 4371 munus
1541 4319 1610 4373 ab
1651 4320 1914 4389 obsequio

319 4402 629 4457 obedientia
656 4403 1044 4475 subjectiouis:
1080 4423 1275 4464 munus
1319 4424 1348 4462 a
1387 4408 1562 4480 lingua
1598 4409 1749 4466 favor
1778 4413 1912 4468 adu-

2049 1925 2392 1997 impudenter
2431 1943 2721 2002 astrueres,
2748 1940 2976 1999 Charias
3016 1947 3144 2014 emi,
3186 1951 3311 2006 dum
3357 1964 3506 2013 tanto
3551 1975 3638 2015 me

2048 2018 2234 2075 labore
2283 2037 2536 2079 vexarem
2569 2067 2584 2093 ,
2634 2029 2760 2083 dum
2808 2034 2964 2088 toties
3024 2035 3338 2097 facultatum
3390 2061 3633 2103 mearum

2047 2123 2294 2182 Sumptus
2318 2118 2700 2186 expenderem,
2728 2137 2890 2192 quam
2927 2128 2973 2180 si
3005 2130 3170 2184 semel
3207 2135 3436 2200 praeﬁxae
3459 2154 3633 2206 quan-

2047 2203 2219 2258 titatis
2247 2207 2528 2272 pecuniam
2561 2225 2928 2268 numerarem.
2973 2216 3323 2289 Nequaquam
3366 2203 3494 2296 ergo
3533 2231 3632 2284 sibi

2044 2294 2410 2352 innocentiam
2467 2301 2787 2370 spondeaut,
2833 2315 2887 2360 et
2924 2323 2952 2359 a
3005 2307 3324 2368 Simoniacm
3367 2294 3634 2375 haireseos

2043 2384 2274 2440 maculis
2303 2401 2361 2441 se
2391 2390 2617 2444 mundos
2656 2407 2775 2447 esse
2800 2395 3098 2462 confidant,
3128 2402 3218 2470 qui
3245 2402 3370 2460 licet
3414 2410 3628 2464 metalla

2039 2472 2307 2528 vibrantia
2337 2490 2441 2530 non
2473 2481 2802 2548 appendunt,
2840 2487 3069 2553 pretium
3097 2497 3274 2546 tamen
3319 2510 3417 2565 pro
3457 2503 3632 2553 susci-

2040 2565 2249 2633 piendis
2277 2567 2573 2627 honoribus
2600 2589 2698 2643 per
2735 2576 3087 2646 subiectionis
3129 2591 3182 2638 et
3213 2586 3456 2658 obsequii
3486 2607 3629 2658 qua:-

2038 2654 2162 2709 dam
2207 2659 2362 2728 quasi
2418 2661 2619 2717 talenta
2676 2667 3007 2734 persolvunt.
3057 2671 3180 2727 Haec
3242 2654 3506 2734 adversus
3534 2697 3630 2737 eos

2038 2745 2180 2800 dicta
2210 2746 2496 2815 Suliieiant,
2523 2753 2614 2822 qui
2645 2765 2840 2825 negant
2869 2772 2926 2811 se
2957 2761 3164 2816 venalis
3190 2777 3312 2819 reos
3333 2781 3452 2822 esse
3479 2785 3628 2824 com-

2038 2839 2240 2900 mercii,
2277 2841 2401 2895 dum
2433 2851 2611 2899 tamen
2645 2845 2844 2902 fuerint
2867 2865 2965 2919 pro
2995 2852 3382 2912 dominationis
3419 2861 3626 2917 ambitu

2035 2927 2168 2984 dura
2193 2931 2282 2986 diu
2311 2935 2572 2990 servitute
2595 2939 2824 3004 gravati.

2106 3022 2214 3078 Vos
2241 3034 2443 3092 autem,
2467 3028 2827 3098 dilectissimi,
2858 3035 3055 3104 quibus
3086 3036 3200 3094 haec
3233 3043 3298 3094 et'
3330 3042 3431 3096 alia
3459 3061 3622 3114 prava

2036 3111 2220 3168 datum
2251 3123 2334 3170 est
2375 3133 2440 3172 ex
2467 3122 2775 3190 apostolica:
2801 3127 2952 3180 sedis
2977 3131 3296 3186 auctoritate
3321 3111 3617 3207 corrigere,

2037 3211 2392 3279 vosmetipsos
2420 3216 2631 3270 caeteris
2665 3233 2770 3272 non
2802 3221 2959 3275 modo
2991 3221 3254 3288 fidelibus,
3300 3227 3393 3281 sed
3432 3237 3489 3283 et
3535 3247 3622 3286 sa-

2033 3299 2344 3356 cerdotibus
2391 3305 2680 3371 quamdam
2722 3308 2933 3364 vivendi
2987 3312 3224 3383 regulam
3266 3317 3532 3375 exhibete.
3560 3322 3617 3376 In

2031 3389 2136 3444 vita
2166 3400 2351 3446 nostra
2380 3393 2588 3466 legatur
2616 3399 2743 3468 quid
2791 3401 2898 3469 agi,
2950 3404 3077 3470 quid
3107 3405 3263 3458 vitari
3294 3411 3573 3464 conveniat
3598 3429 3614 3477 ;

2026 3497 2092 3536 ex
2121 3482 2275 3540 labiis
2305 3487 2506 3542 nostris
2542 3489 2702 3542 verba
2747 3491 2918 3545 otiosa
2960 3507 3064 3546 non
3092 3494 3329 3561 emuant,
3362 3501 3612 3556 sacerdo-

2029 3575 2191 3630 talem
2226 3577 2458 3648 linguam
2502 3580 2722 3636 discreti
2765 3583 2964 3638 silentii
3015 3599 3244 3641 censura
3282 3601 3612 3660 compescat,

2026 3682 2132 3721 non
2149 3667 2257 3736 joci
2289 3669 2521 3738 solvant,
2551 3689 2656 3729 non
2704 3685 2890 3745 pectus
2929 3687 3171 3733 nostrum
3204 3679 3385 3735 laatitia
3423 3683 3614 3737 immo-

2025 3763 2210 3818 derata
2241 3764 2349 3837 56
2376 3771 2671 3824 concutiat.
2706 3769 2935 3827 Puerilis
2977 3772 3134 3828 ludus
3161 3775 3436 3842 abscedat,
3461 3793 3610 3832 mor-

2023 3853 2125 3907 dax
2155 3855 2482 3926 eloquentia,
2510 3861 2716 3917 urbana
2738 3863 2998 3920 dicacitas
3020 3877 3328 3920 evanescat.
3362 3868 3608 3924 Cavean-

2023 3954 2112 4000 tur
2140 3949 2386 4003 scurrilia
2418 3951 2604 4016 verba,
2635 3968 2734 4008 nec
2765 3953 3057 4024 aliquando
3083 3956 3416 4013 misceantur
3453 3959 3607 4015 fabu-

2020 4034 2131 4091 losa
2179 4037 2466 4107 colloquia.
2526 4039 2805 4107 Quomodo
2851 4044 2995 4098 enim
3043 4061 3106 4099 ex
3172 4061 3267 4102 ore
3311 4051 3611 4106 sacerdotis

2017 4113 2198 4184 oratio
2241 4129 2308 4185 ad
2369 4131 2534 4190 Deum
2588 4132 2787 4188 munda
2836 4135 3118 4204 dirigitur,
3170 4139 3313 4207 quod
3361 4140 3608 4196 videlicet

2016 4218 2168 4286 pravi
2211 4220 2479 4276 sermonis
2522 4223 2774 4279 sordibus
2815 4224 3167 4295 inquinatur?
3206 4237 3301 4282 aut
3338 4231 3609 4299 quomodo

2015 4306 2156 4362 inter
2170 4307 2338 4364 Deum
2354 4319 2410 4364 et
2432 4310 2678 4367 homines
2693 4312 2874 4384 lingua
2901 4315 3187 4370 mediatrix
3205 4315 3460 4384 edicitur,
3479 4335 3604 4390 quas

2014 4398 2150 4454 iram
2187 4399 2388 4468 judicia
2413 4418 2478 4457 ex
2513 4405 2734 4474 proprio
2781 4415 2935 4462 reatu
2978 4417 3034 4462 et
3082 4408 3198 4479 ipsa
3244 4412 3519 4466 meretur?
3545 4411 3605 4470 lu

319 4494 558 4550 lationis.
600 4496 815 4552 Etcum
847 4499 916 4553 ab
949 4515 1270 4571 unoquoque
1301 4501 1492 4554 horum
1520 4517 1714 4557 manus
1743 4517 1907 4559 excu-

2032 4507 2228 4546 tausam
2273 4493 2471 4565 quippe
2530 4511 2658 4552 reus
2707 4497 3191 4567 supplicationibus
3248 4500 3453 4568 utitur,
3493 4519 3602 4558 non

319 4583 532 4638 tiendas
559 4587 821 4655 propheta
849 4587 1151 4652 denuntiet,
1179 4589 1429 4643 omnibus
1457 4590 1541 4644 his
1580 4607 1774 4646 manus
1801 4595 1904 4646 im-

313 4675 550 4744 plicasse
605 4679 984 4744 convincitur,
1039 4680 1130 4749 qui
1190 4681 1566 4736 nanciscenda:
1625 4683 1906 4753 dignitatis

313 4765 520 4820 ambitu
554 4777 877 4837 potestatum
909 4769 1219 4825 sublimium
1251 4782 1428 4826 castra
1471 4782 1738 4833 sectatur.
1769 4772 1901 4854 Nam

311 4857 444 4910 dum
485 4859 537 4910 in
567 4859 829 4914 vehiculis
856 4861 1223 4930 acquirendis,
1277 4862 1722 4934 diversorumque
1754 4881 1902 4920 sum-

307 4957 500 5016 ptuum
552 4950 918 5018 apparatibus,
964 4967 1071 5005 non
1121 4951 1328 5008 modica
1359 4968 1567 5007 summa
1617 4953 1906 5040 profundif

311 5050 426 5102 tur,
452 5040 543 5094 hic
565 5041 747 5109 procul
779 5042 940 5097 dubio
965 5043 1102 5098 datae
1130 5046 1372 5114 pecunia:
1399 5046 1665 5101 obnoxius
1693 5047 1900 5100 inveni~

309 5138 436 5182 tur:
469 5131 561 5199 qui
606 5132 768 5186 etiam
801 5132 930 5187 nulli
976 5134 1196 5189 dubium
1242 5137 1373 5206 quin
1418 5138 1466 5192 ei
1496 5146 1552 5192 et
1579 5138 1896 5208 obsequium

303 5219 572 5289 praebeat,
604 5221 690 5276 cui
719 5222 895 5278 factus
925 5226 1131 5280 assecla
1159 5227 1259 5282 sub
1290 5237 1441 5282 tanto
1469 5229 1669 5285 laboris
1706 5240 1762 5286 et
1803 5231 1894 5286 iti-

301 5310 455 5364 neris
509 5309 656 5366 fasce
699 5311 943 5369 desudat.
996 5315 1280 5371 Postremo
1329 5318 1456 5373 dum
1520 5319 1739 5377 domino
1793 5336 1893 5377 suo

297 5400 559 5465 blandiri,
604 5400 830 5473 ejusque
904 5405 1161 5462 voluntati
1211 5424 1511 5480 congruere
1565 5424 1664 5482 per
1709 5415 1888 5468 omnia

296 5489 515 5565 nititur,
562 5507 706 5562 saepe
757 5493 858 5547 sibi
899 5496 1219 5565 quibusdam
1275 5499 1568 5556 adulatoris
1616 5501 1888 5559 favoribus

293 5589 631 5635 assentetur.
675 5581 846 5639 Porro
893 5596 1070 5640 autem
1112 5589 1359 5658 quisquis
1411 5590 1464 5645 in
1516 5594 1705 5648 dandis
1740 5595 1884 5650 acc?-

367 5737 484 5812 (85)
515 5741 652 5797 vide
679 5725 962 5813 epistolam
987 5745 1022 5802 δ
1049 5745 1173 5802 libri
1205 5762 1264 5803 ιι.

2010 4586 2344 4640 intercessor
2389 4586 2506 4656 ipse
2567 4587 2876 4658 culpabilis.
2910 4591 3204 4646 invenitur.
3277 4593 3604 4649 Mementote

2008 4677 2152 4746 quod
2172 4677 2546 4737 sacerdotibus
2567 4681 2766 4736 dicitur
2805 4681 3020 4753 (Matth.
3043 4684 3098 4755 v)
3126 4702 3139 4737 :
3176 4703 3196 4736 ο
3232 4682 3334 4741 Vos
3361 4686 3494 4741 estis
3516 4687 3599 4744 sal

2011 4777 2188 4824 terrm.
2226 4788 2244 4820 ι
2283 4769 2389 4826 Sed
2412 4771 2553 4827 sicut
2577 4772 2793 4828 Veritas
2815 4774 2946 4830 dicit
2975 4792 2988 4828 :
3027 4794 3046 4828 ι
3081 4774 3137 4830 Si
3183 4775 3266 4830 sal
3291 4777 3592 4840 evanuerit,

2007 4859 2062 4914 in
2086 4875 2193 4930 quo
2221 4861 2544 4917 condietur?
2577 4882 2596 4916 ι
2639 4863 2848 4933 Exiguo
2876 4865 3073 4936 quippe
3115 4866 3232 4922 sale
3275 4865 3443 4921 multa
3475 4867 3594 4922 dul-

2004 4961 2249 5020 cescunt,
2286 4962 2340 5009 et
2365 4968 2532 5024 parvo
2578 4956 2918 5013 sacerdotum
2969 4973 3196 5014 numero
3237 4957 3398 5014 totius
3432 4958 3592 5014 Chri-

2003 5045 2190 5099 stiana:
2218 5043 2388 5116 plebis
2409 5049 2673 5116 eruditur,
2696 5060 2750 5109 et
2775 5050 3076 5105 instituitur
3099 5049 3407 5104 multitudo.
3434 5049 3590 5106 Sicut

2001 5134 2145 5187 enim
2169 5134 2405 5204 episcopi
2447 5139 2723 5194 duodecim
2753 5139 3116 5209 apostolorum
3157 5149 3455 5194 noscuntur
3484 5141 3584 5196 ob-

2003 5223 2172 5280 tinere
2196 5226 2522 5295 primatum;
2554 5229 2626 5283 ita
2652 5237 2707 5284 et
2735 5230 3045 5285 sacerdotes
3079 5228 3334 5284 Ecclesia:
3365 5238 3586 5301 septua-

1999 5311 2146 5383 ginta
2199 5315 2585 5386 discipulorum
2649 5320 2894 5374 ordinem
2957 5329 3366 5390 repraesentant.
3429 5322 3584 5392 Quod

1997 5401 2243 5473 profecto
2273 5407 2480 5462 mansio
2505 5407 2592 5462 illa
2638 5407 2913 5466 lsnaelitici
2944 5410 3120 5482 p0puli
3162 5411 3216 5467 in
3246 5409 3417 5466 Helim
3443 5413 3582 5484 ﬁgu-

1996 5507 2116 5555 rate
2163 5498 2428 5570 designat.
2482 5501 2558 5556 lbi
2605 5502 2862 5558 nimirum
2918 5505 3198 5565 duodecim
3244 5503 3584 5577 proﬂuebant

1993 5589 2273 5660 apostolici
2305 5589 2501 5662 fontes,
2542 5593 2633 5664 qui
2679 5593 2844 5652 divini
2883 5595 3031 5652 verbi
3081 5595 3344 5654 imbribus
3369 5596 3578 5652 arentia
