4078 6202
415 309 526 367 259

950 299 1010 355 S.
1047 292 1254 353 PETRI
1292 259 1578 346 DAbIIANI
1615 283 1766 342 OPP.
1805 277 1986 336 PARS
2033 277 2164 334 SEU
2205 272 2437 330 ΤοΜυὸ
2473 272 2515 327 I.
2548 304 2616 314 -—
2649 271 2865 328 EPIST.
2906 268 3036 326 LIB.
3077 269 3212 325 VIII.

3580 268 3687 326 200

421 416 698 474 hominum
728 408 889 468 corda
917 402 1305 478 perfunderent
1333 418 1347 454 :
1382 398 1454 453 ibi
1490 396 1830 468 septuaginta
1859 394 2005 447 vire-
2032 405 2078 462 Α
2108 387 2285 443 liendo
2310 386 2623 458 perlustrat.
2671 383 3011 455 QuaprOpter
3052 383 3277 438 obsecro
3324 381 3690 438 fraternitatis

419 513 548 565 bant
574 506 784 577 palmae,
832 502 1052 556 totidem
1083 495 1332 551 videlicet
1371 489 1640 561 discipuli,
1679 488 1770 558 qui
1804 485 2004 540 mundo

423 601 697 658 diabolica:
756 591 1054 666 tyrannidis
1113 588 1374 643 servitute
1419 583 1717 652 depresso,
1766 578 2006 633 victoria:

420 690 618 747 Christi
669 686 875 756 palmas
915 680 1194 736 inferrent.
1246 677 1322 730 Illi
1361 675 1628 743 siquidem
1673 673 1853 726 fontes
1895 667 2008 738 pal-

422 797 630 839 marum
660 780 882 832 arbores
913 774 1161 840 irrigant,
1191 769 1313 838 quia
1345 769 1485 823 sacri
1516 765 1798 836 pontiﬁces
1826 760 2007 815 verbis

421 874 662 932 affluunt.
699 870 839 924 unde
873 862 1054 919 czeteri
1101 860 1410 916 sacerdotes
1454 856 1708 912 Ecclesia:
1757 855 1808 908 in
1856 866 2005 921 spem

422 963 722 1020 etelestinm
773 955 1118 1027 praemiorum
1184 951 1301 1005 sine
1352 947 1656 1004 cessatione
1707 944 2005 999 virescunt.

423 1057 521 1124 Qui
555 1055 808 1108 nimirum
839 1047 1120 1117 decuplato
1158 1041 1464 1111 septenario
1510 1051 1735 1092 numero
1780 1036 1883 1090 hoc
1933 1033 2012 1086 si-

424 1148 680 1218 gniticare
701 1144 970 1205 videntur,
1017 1148 1076 1193 ut
1119 1153 1216 1208 per
1253 1133 1583 1205 septiformis
1638 1130 1812 1186 vratia:
1840 1127 2010 1187 Suiri-

427 1249 537 1293 tum
567 1238 700 1307 legis
734 1232 1022 1302 decalogus
1059 1229 1364 1298 impleatur.

495 1330 630 1395 Quia
677 1327 860 1396 igitur,
909 1321 1265 1384 dilectissimi,
1316 1334 1422 1372 non
1473 1316 1632 1372 modo
1673 1311 2010 1372 sacerdotes.

424 1423 518 1477 sed
550 1430 605 1475 ct
627 1417 968 1473 sacerdotum
995 1428 1093 1467 vos
1115 1413 1271 1466 decet
1291 1423 1411 1463 esse
1442 1407 1760 1476 magistros,
1793 1415 2011 1458 necesse

425 1523 507 1568 est
533 1523 591 1566 ut
617 1512 724 1564 vita
747 1517 923 1563 vestra
952 1504 1198 1575 quaadam
1219 1503 1290 1555 sit
1312 1501 1477 1563 linea,
1505 1507 1561 1553 et
1585 1497 1732 1551 velut
1755 1495 2010 1548 adaman-

425 1609 497 1661 tis
533 1601 886 1673 signaculum,
921 1597 1065 1668 quod
1108 1593 1320 1649 vivendi
1373 1589 1586 1646 caeteris
1615 1587 1871 1642 adhibeat
1903 1584 2012 1637 for-

427 1711 591 1748 mam.
639 1689 1057 1746 Adamantinum
1100 1685 1297 1755 quippe
1340 1680 1570 1751 sigillum
1617 1692 1769 1732 suam
1797 1673 2009 1730 caeteris

426 1788 708 1858 imprimit,
757 1800 788 1839 a
841 1781 999 1837 nullis
1039 1793 1168 1833 vero
1207 1775 1438 1832 metallis
1483 1772 1771 1840 imaginem
1825 1768 2010 1822 sumit.

425 1857 559 1934 Cum
589 1877 752 1948 igitur
779 1889 848 1930 ex
871 1870 1100 1926 diversis
1129 1866 1309 1922 mundi
1337 1864 1580 1934 partibus
1608 1857 2014 1914 adventantium

426 1971 581 2024 vobis
606 1945 807 2036 ingruit
827 1961 1135 2024 multitudo,
1164 1972 1286 2012 cum
1314 1951 1642 2009 multimoda:
1677 1945 2018 2016 conspersio-

428 2060 512 2114 nis
542 2035 790 2114 homines
815 2055 1152 2120 obstrepunt,
1178 2061 1299 2102 cum
1327 2040 1638 2111 morigerari
1665 2037 1765 2093 sibi
1791 2035 2022 2105 quisque

429 2164 525 2203 vos
585 2148 887 2216 importune
935 2139 1302 2209 compellunt,
1351 2133 1529 2186 vultus
1575 2139 1754 2185 vester
1807 2139 2020 2195 semper

430 2241 595 2302 idem,
621 2237 702 2291 sic
727 2235 917 2290 festiva
945 2231 1177 2300 quadam
1213 2225 1506 2281 serenitate
1543 2220 1904 2290 resplendeat,
1930 2232 2018 2282 ne,

429 2329 572 2401 quod
609 2327 771 2390 absit,
825 2325 879 2378 in
925 2322 1106 2391 aliquo
1141 2318 1332 2373 levitas
1373 2312 1595 2386 puerilis
1627 2316 1912 2379 erumpat:
1941 2307 2021 2362 sic

429 2417 821 2478 sacerdotalem
856 2414 1061 2467 vultum
1093 2409 1332 2481 gravitas
1370 2414 1583 2461 matura
1611 2409 1923 2472 componat,
1953 2413 2022 2454 ne

431 2513 663 2581 rigorem
695 2507 918 2562 nimium
947 2502 1271 2558 intuentium
1300 2497 1584 2553 inﬁrmitas
1617 2494 2023 2566 perhorrescat.

432 2607 528 2662 Sic
566 2604 701 2658 alios
753 2598 1046 2656 hilaritatis
1092 2603 1289 2650 nostra:
1328 2591 1552 2648 dulcedo
1599 2587 1923 2652 demulceat,
1962 2593 2022 2640 ut

431 2695 695 2752 severitas
746 2699 928 2744 nostra
989 2687 1184 2741 sesein
1235 2682 1590 2754 petulantiam
1619 2679 1703 2734 vel
1739 2676 2018 2733 lasciviam

434 2803 538 2842 non
601 2783 851 2838 resolvat.
900 2779 1097 2834 Ridere
1143 2777 1288 2845 quis,
1345 2773 1430 2828 vel
1470 2772 1665 2829 leviter
1692 2769 1838 2839 loqui
1881 2767 2020 2822 inci-

434 2877 607 2948 piens,
650 2873 692 2927 si
737 2887 833 2926 nos
883 2877 1104 2938 repente
1133 2863 1510 2936 conspexerit,
1539 2861 1763 2915 verbum
1815 2857 2023 2928 suppri-

435 2975 570 3032 mat,
609 2965 689 3018 ori
738 2963 961 3031 digitum
996 2967 1343 3028 superponat.
1399 2955 1620 3009 territus
1664 2952 2020 3007 Obmutescat.

439 3058 529 3111 Sic
560 3057 640 3110 sic
679 3053 926 3108 videlicet
969 3066 1091 3105 cum
1129 3048 1300 3124 Petro.
1333 3045 1513 3100 claves
1547 3041 1801 3098 Ecclesiae
1830 3039 2024 3094 merito

436 3145 562 3200 facti
593 3144 905 3214 participes,
953 3139 1297 3196 obtinemus:
1329 3136 1455 3189 dum
1507 3131 1868 3200 nosmetipsos
1903 3144 2026 3194 cer-

437 3245 548 3290 tam
577 3233 788 3287 vivendi
823 3231 1052 3284 formam
1081 3236 1244 3286 atque
1281 3223 1618 3296 signaculum
1649 3221 1860 3276 caneris
1891 3219 2021 3273 Iide-

437 3325 578 3380 libus
613 3321 953 3377 exhibemus.

1007 3406 1338 3464 EPISTOLA
1379 3405 1438 3460 ll.

744 3520 812 3557 AD
843 3517 887 3556 S.
918 3517 972 3554 Β.
998 3515 1048 3553 Ε.
1079 3511 1355 3552 EPISCOI’OS
1371 3509 1716 3550 CABDINALES.

603 3596 866 3667 ("ubetur
891 3605 1015 3646 tom.
1053 3590 1173 3655 III,
1201 3601 1376 3659 estque
1414 3590 1717 3656 opusculum
1745 3587 1855 3658 SI.)

925 3681 1028 3753 57
1071 3679 1411 3734 EPISTULA
1449 3678 1532 3731 Ill.

509 3797 578 3834 AD
630 3790 949 3832 BONIFACIUI
999 3788 1045 3826 S.
1087 3787 1139 3823 It.
1180 3787 1232 3823 Ε.
1271 3784 1611 3824 εΑιωιΝΑιειί
1664 3783 1952 3824 ΕΡΙΘΟΟΙἮΜ

1059 3855 1422 3895 Αιιιλκεκεειί.

611 3938 874 4011 (flabetur
902 3946 1029 3989 tam.
1060 3931 1153 3986 111
1164 3972 1179 3996 ,
1203 3942 1378 4002 estque
1407 3933 1712 3996 Opusculum
1742 3929 1858 4000 22.)

1011 4022 1343 4078 EPISTOLA
1372 4020 1455 4075 IV.

445 4142 512 4180 Αἰ)
550 4139 594 4177 S.
637 4138 688 4173 ιι.
731 4136 781 4172 Ε.
825 4130 1185 4178 ελκυικλιεε,
1225 4129 1546 4169 BONIFACIUII
1595 4127 1883 4167 ιεριεεορωι
1929 4128 2026 4165 Αι-

645 4204 940 4252 BANENSEII,
980 4201 1048 4240 ετ
1083 4199 1393 4239 STEPHANI”!
1432 4197 1828 4239 ναεδβῖτειιυιι.

449 4287 848 4341 Aacuussruu.
871 4277 1105 4331 —llane
1133 4275 1418 4344 epistolam
1449 4274 1637 4344 scribit
1667 4288 1766 4342 pro
1793 4273 2026 4344 quodam

523 4353 690 4408 sancti
717 4349 1043 4418 Apollinaris
1085 4343 1398 4418 monasterii
1419 4343 1837 4418 abbate,_orans
1866 4343 2027 4418 Boni:

524 4425 743 4483 facium,
768 4413 829 4475 et
859 4419 1193 4488 Stephanum
1236 4415 1388 4488 S.Il.
1419 4414 1480 4469 E.
1514 4414 1931 4488 c_a_rdinales,_ut
1956 4413 2026 4467 illi

525 4479 913 4549 humanitatem
956 4479 1021 4543 'et
1072 4486 1414 4542 clementiam
1465 4484 1773 4538 exhibeant.
1824 4479 2110 4550 Quam-D

521 4567 707 4618 obrem
735 4571 936 4626 autem,
967 4568 1058 4611 aut
1084 4572 1189 4626 qua
1221 4557 1280 4613 in
1309 4572 1367 4611 re
1389 4554 1778 4626 humanitatem
1807 4555 1854 4606 ei
1888 4569 2026 4626 pra:-

521 4636 654 4760 3tari
688 4632 852 4696 velit,
895 4623 1021 4700 quia
1054 4623 1166 4698 ipse
1194 4641 1301 4682 non
1330 4625 1552 4689 indicat,
1576 4626 1720 4679 haud
1751 4639 1882 4679 sane
1905 4623 2032 4678 licet

560 4717 784 4760 innare.

525 4797 684 4852 Sedis
711 4791 1018 4862 apostolica:
1047 4790 1249 4845 sanctis
1277 4804 1340 4843 ac
1359 4789 1828 4844 reverendissmiis
1854 4803 2032 4843 sacer-

455 4890 668 4944 dotibus
721 4883 1011 4938 Bosincro
1065 4890 1119 4934 et
1169 4879 1474 4944 Sreruaao,
1521 4879 1735 4934 Peraus
1781 4888 2034 4949 peccator

457 4981 752 5035 monachus
777 4977 1114 5030 servitutem.

529 5072 661 5126 Nolo
703 5086 796 5122 vos
834 5067 1018 5126 lateat,
1053 5063 1389 5118 dilectissimi
1442 5062 1572 5116 mihi
1605 5060 1800 5115 fratres
1844 5069 1898 5116 et
1939 5062 2034 5115 do-

462 5164 624 5226 mini,
660 5163 783 5229 quia
837 5160 1128 5213 modernus
1182 5157 1282 5210 iste
1325 5153 1511 5217 Jacob,
1563 5164 1743 5209 rector
1786 5155 2035 5208 videlicet

462 5253 769 5305 monasterii
815 5251 984 5302 sancti
1032 5247 1386 5319 Apollinaris,
1416 5247 1584 5302 nostri
1630 5247 1830 5301 montis
1874 5262 2034 5300 cacu-

463 5358 581 5392 men
612 5340 858 5406 irrepsit;
892 5341 1019 5400 imo,
1051 5338 1139 5406 qui
1173 5339 1224 5390 in
1252 5337 1426 5406 planis
1447 5352 1512 5392 ac
1535 5335 1808 5391 inoll'ensis
1844 5335 2034 5390 solitus

458 5441 542 5485 est
569 5429 902 5483 convallibus
948 5445 1154 5498 repere,
1192 5429 1402 5482 timoris
1447 5428 1752 5484 calcaribus
1792 5428 2032 5482 concita-

457 5532 564 5581 tus.
595 5521 741 5575 velut
785 5519 994 5574 alarum
1037 5521 1260 5590 remigio
1301 5521 1585 5590 praeruptis
1637 5521 1900 5576 montium
1939 5536 2036 5574 co-

459 5623 612 5666 actus
640 5619 725 5664 est
770 5609 1063 5680 perniciter
1101 5609 1379 5662 involare:
1411 5617 1468 5662 et
1510 5609 1600 5678 qui
1631 5625 1728 5678 per
1756 5609 1912 5679 plana
1952 5611 2039 5663 vix

461 5701 774 5759 claudicans
819 5709 1020 5768 reptat,
1069 5699 1352 5768 scopulosa
1387 5702 1652 5755 montium
1692 5701 1821 5769 juga
1867 5700 2039 5755 subsi-

2107 488 2300 534 vestra:
2327 478 2696 541 clementiam,
2733 486 2792 529 ut
2833 476 2925 546 qui
2975 477 3081 529 duo
3125 484 3380 543 tanquam
3414 473 3606 530 Petrus
3634 485 3692 530 et

2104 569 2340 625 Joannes
2387 569 2660 633 claudum,
2690 567 3012 637 compellitis
3059 581 3302 629 currere,
3353 581 3457 618 non
3495 580 3688 619 aurum

2107 663 2232 726 sibi,
2262 662 2346 714 vel
2375 671 2678 729 argentum,
2707 659 2849 727 quod
2882 657 3159 712 vobiscum
3191 655 3421 712 fortasse
3466 673 3572 711 non
3603 667 3690 712 est

2109 753 2256 821 (Act.
2308 752 2404 821 ιιι)
2433 768 2446 803 :
2477 751 2572 804 sed
2619 749 3078 811 misericordiam,
3130 763 3293 816 quam
3343 747 3587 808 habetis.
3637 756 3692 802 et

2107 843 2446 898 abundanter
2481 841 2732 905 affluitis,
2780 841 3078 894 clementer
3128 840 3399 894 exhibete.
3442 839 3693 894 Consuli-

2109 937 2308 990 dentur
2335 935 2519 1004 itaque
2548 931 2664 1001 ejus
2698 933 2856 986 bases
2883 942 2939 986 et
2967 931 3182 1002 plantae,
3210 940 3269 984 ut
3297 930 3363 984 de
3408 930 3563 984 ruina
3607 931 3691 986 sui

2110 1027 2237 1090 loci,
2268 1025 2351 1080 vel
2397 1023 2747 1080 habitationis
2774 1023 2988 1078 excidio
3037 1037 3141 1076 non
3179 1036 3400 1076 necesse
3429 1022 3500 1074 sit
3529 1021 3694 1090 trepi-

2111 1119 2265 1172 dare.
2296 1117 2478 1172 Prosit
2513 1117 2679 1188 igitur
2734 1115 2807 1169 illi
2859 1123 2965 1168 tam
3011 1113 3165 1166 ardui
3218 1112 3416 1164 montis
3461 1112 3696 1167 subiisse

2110 1207 2404 1278 fastigium,
2449 1215 2506 1262 et
2553 1206 2626 1260 sit
2677 1205 2817 1260 unde
2865 1205 2976 1258 Deo
3027 1203 3231 1273 gratias
3284 1200 3482 1256 referat
3513 1202 3694 1256 adhuc

2112 1313 2268 1353 suum
2314 1298 2663 1368 ingressurus
2710 1295 2763 1348 in
2810 1292 3065 1364 templum
3086 1332 3100 1357 ,
3131 1291 3433 1356 ambulans,
3466 1300 3521 1347 et
3555 1293 3696 1346 essi-

2112 1388 2265 1453 liens,
2304 1395 2359 1440 et
2386 1387 2609 1442 laudans
2639 1385 2829 1440 Deum.

2680 1473 3017 1530 EPISTOLA
3057 1473 3124 1528 ν.

2149 1582 2216 1621 ιιι)
2239 1582 2300 1638 gs.
2343 1583 2396 1622 ιι.
2437 1583 2488 1622 ε.
2525 1555 2876 1628 εΑιωιΝΑιεει
2911 1577 3320 1618 ιιιιιιειςιιλιηιιυιι
3355 1575 3659 1616 Αιιειιιιιιιο.

2575 1653 2645 1692 ΕΤ
2692 1649 3007 1690 STEPHANI]!
3047 1649 3228 1687 PRESB.

2045 1745 2087 1803 Β
2115 1733 2514 1803 Aacuusaruu.
2544 1758 2614 1768 —
2651 1727 2866 1803 Arcana
2901 1725 3096 1803 _to_t_ius
3157 1723 3341 1777 mundi
3405 1722 3698 1803 creationis

2193 1801 2470 1873 mysteria,
2497 1809 2553 1853 et
2577 1797 2862 1921 ‘praecipue
2899 1794 3218 1858 Sabhatum,
3261 1807 3370 1863 quo
3397 1793 3481 1846 die
3518 1807 3699 1847 rerum

2193 1871 2430 1921 niiininm
2458 1868 2570 1921 Con
2614 1869 2718 1921 itor
2751 1867 2818 1919 ab
2855 1865 3000 1918 omni
3039 1878 3204 1921 onere
3245 1863 3498 1921 cessavit,
3533 1862 3699 1916 inter-

2191 1862 2430 1928 omninm
2458 1862 2718 1924 Conditor
2751 1862 2818 1919 ab
2855 1865 3000 1918 omni
3039 1878 3204 1932 opere
3245 1862 3498 1927 cessavit,
3533 1862 3702 1916 inter-

2191 1949 2453 2011 pretatur.
2503 1937 2606 1992 Per
2637 1936 2931 2011 Sabhatum
2961 1931 3440 2011 autemﬁhristum
3471 1931 3698 2011 intelligi

2191 2002 2367 2071 docet,
2399 2010 2449 2062 in
2479 2022 2615 2077 quo,
2648 2007 2807 2076 hujus
2853 2003 3034 2058 tnundi
3080 2002 3700 2077 voluptatibus_postha-

2195 2081 2338 2144 bitis,
2368 2078 2477 2149 58
2497 2072 2569 2132 'et
2598 2072 2951 2149 terrenarum
2979 2089 3173 2149 rerum
3205 2086 3390 2149 amore
3431 2072 3699 2149 deposito,

2194 2141 2626 2205 humaITa'mens
2655 2145 2808 2215 quasi
2855 2144 3046 2199 feriata
3087 2141 3400 2215 felicissime
3442 2141 3704 2215 conquie-

2192 2221 2340 2275 scit:
2381 2211 2743 2274 necessarium
2779 2226 2956 2268 tamen
2997 2229 3135 2278 esse,
3182 2221 3240 2266 ut
3273 2213 3410 2266 hanc
3456 2211 3700 2280 requiem

2193 2289 2574 2358 adipiscamur,
2605 2287 2849 2358 animum
2875 2292 3118 2358 nostrum
3161 2299 3190 2336 a
3221 2281 3461 2358 profanis
3484 2281 3696 2358 cogita~

2195 2350 2462 2424 tionibus,
2489 2367 2544 2411 et
2561 2350 2757 2410 'mnndi
2800 2355 3078 2424 illecebris,
3099 2350 3353 2424 tanquam
3385 2351 3453 2405 ab
3475 2350 3700 2424 injustis

2195 2420 2594 2498 possessoribus
2623 2427 2926 2488 vindicare,
2955 2432 3010 2477 et
3050 2420 3284 2498 Christo_
3299 2436 3428 2476 vero
3459 2420 3702 2498 _Doniino

2192 2490 2484 2560 sincerum,
2521 2497 2891 2565 illibatumque
2932 2490 3342 2565 i°eservare.ulta
3387 2491 3529 2545 enim
3577 2504 3705 2565 vere

2193 2569 2551 2624 sabbatismus
2601 2559 2928 2636 implehitur,
2979 2563 3106 2616 dum
3151 2561 3365 2636 scilicet
3402 2570 3456 2613 ct
3498 2574 3598 2614 nos
3645 2559 3701 2612 in

2191 2655 2288 2702 eo,
2318 2648 2372 2692 et
2407 2638 2495 2692 ille
2541 2639 2595 2692 in
2625 2631 2780 2690 nobis
2823 2643 3084 2690 teternum
3134 2631 3464 2686 domicilium
3495 2638 3703 2684 statue-

2191 2725 2332 2764 mus.

2192 2799 2423 2856 Gemino
2471 2797 2616 2852 sedis
2667 2794 2974 2865 apostolica:
3028 2792 3448 2866 ιιιιιιειιιιλιωοί,
3484 2789 3702 2844 Penus

2123 2899 2382 2962 peccator
2431 2889 2731 2944 monachus
2783 2883 3154 2941 indissolubile
3207 2881 3477 2938 vinculum
3523 2882 3703 2936 chari-

2125 2983 2252 3040 tatis
3150 2982 3168 3000 -

2201 3073 2435 3144 Vulgare
2465 3080 2568 3137 est,
2601 3068 2964 3132 dilectissimi,
2993 3066 3115 3136 quia
3149 3064 3442 3134 locupletes
3476 3061 3708 3131 quilibet

2123 3168 2380 3226 uberibus
2399 3165 2706 3220 divitiarum
2729 3161 2899 3232 copiis
2922 3176 3026 3214 non
3050 3159 3350 3222 atllnerent,
3375 3156 3419 3211 si
3441 3169 3707 3226 pauperes

2025 3326 2036 3337 _
2122 3260 2224 3316 sibi
2263 3257 2390 3312 vilia
2419 3256 2607 3312 saltem
2653 3253 2996 3317 munuscula,
3024 3252 3107 3306 vel
3133 3250 3320 3305 exenia
3366 3248 3433 3303 de
3476 3246 3590 3301 suis
3620 3261 3709 3300 re-

2125 3349 2261 3404 culis
2297 3363 2402 3402 non
2451 3345 2729 3400 offerrent.
2778 3343 2846 3398 Et
2886 3357 3028 3412 saepe
3072 3341 3386 3395 deliciosum
3435 3351 3708 3408 quemque

2124 3449 2285 3495 tenue
2317 3436 2569 3508 pauperis
2613 3435 2844 3490 delectat
2889 3433 3211 3496 oluscnlum,
3258 3441 3421 3500 atque
3459 3428 3709 3499 protinus

2118 3533 2393 3607 jacentem
2444 3528 2784 3584 stomachum
2829 3533 3060 3588 recreat,
3103 3523 3188 3577 cui
3235 3521 3440 3577 scilicet
3479 3529 3710 3574 eatenus

2124 3621 2278 3690 quasi
2335 3619 2595 3687 languens
2651 3615 2854 3686 adipati
2901 3614 3041 3685 juris
3093 3611 3329 3667 edulium
3384 3609 3706 3664 nauseabat.

2129 3713 2200 3770 Ut
2225 3711 2352 3781 quid
2381 3710 2543 3780 igitur
2567 3721 2690 3776 ego.
2722 3707 2848 3762 licet
2871 3705 3227 3761 circumcisus
3253 3701 3491 3770 eloquio,
3508 3714 3714 3768 pauper

2129 3801 2368 3872 ingenio,
2389 3799 2566 3854 claros
2592 3807 2647 3852 ct
2673 3797 2914 3852 eruditos
2939 3797 3086 3850 viros
3111 3809 3302 3848 verear
3323 3792 3555 3860 alloqui;
3582 3806 3709 3845 eum

2129 3892 2290 3947 iidem
2325 3890 2425 3960 ipsi
2473 3891 2755 3944 nobiseum
2804 3903 2908 3942 non
2936 3887 3396 3957 philosophorum,
3426 3883 3520 3938 sed
3546 3881 3713 3936 disci-

2129 3981 2237 4053 pnli
2265 3982 2375 4036 sint
2405 3981 2590 4050 utique
2623 3978 2986 4050 piscatorum?
3013 3977 3320 4032 Praesertim
3346 3983 3547 4030 cumet
3573 3972 3710 4027 Pau-

2131 4074 2214 4126 lus
2248 4073 2434 4126 dicat:
2471 4090 2489 4123 ι
2541 4069 2926 4139 Sapientibus-,
2970 4077 3026 4123 et
3075 4066 3450 4137 insipientibus
3497 4063 3712 4118 debitor

2130 4180 2250 4220 sum
2290 4162 2468 4234 (Rom.
2517 4162 2578 4230 ι).
2621 4183 2640 4215 ι
2677 4161 2784 4217 Sed
2829 4160 3086 4231 quoniam
3131 4175 3234 4231 ego
3279 4172 3452 4227 nuper
3490 4171 3519 4211 a
3557 4155 3716 4209 vobis

2131 4269 2314 4316 carne,
2345 4269 2451 4308 non
2495 4253 2677 4314 corde,
2707 4252 2909 4322 quietis
2951 4266 3136 4305 amore
3179 4249 3503 4318 disjunctns,
3550 4244 3718 4314 spiri-

2134 4345 2276 4400 tuale
2319 4344 2575 4416 proposui
2626 4342 2922 4399 Sabhatum
2961 4342 3181 4397 colere:
3227 4341 3356 4394 libet
3399 4353 3556 4409 super
3609 4336 3719 4390 hoc

2135 4434 2375 4490 Sabbato
2401 4449 2524 4489 cum
2549 4442 2738 4489 sancta
2765 4444 2947 4487 vestra
2974 4431 3258 4501 prudentia
3287 4429 3563 4485 succincte
3583 4427 3718 4497 quid

2136 4527 2433 4596 disputare.
2467 4525 2651 4593 Itaque
2677 4525 2768 4594 qui
2817 4523 3111 4578 Sabhatum
3143 4521 3378 4586 celebro,
3409 4519 3538 4591 quid
3579 4517 3716 4573 mihi

2136 4619 2205 4675 de
2233 4618 2325 4672 illo
2361 4618 2627 4681 videatur,
2658 4631 2887 4685 expono.

2127 4702 2131 4706 ’
2199 4705 2426 4761 «Nullum
2454 4721 2689 4774 namque
2710 4713 3037 4774 praeceptum
3065 4703 3121 4757 in
3154 4709 3263 4756 tota
3293 4699 3491 4756 veteris
3518 4699 3722 4754 instru-

2137 4797 2305 4852 menti
2339 4795 2454 4866 lege
2485 4795 2697 4866 reperio
2728 4803 2838 4848 tam
2883 4793 3134 4849 districte
3180 4792 3553 4862 propositum,
3601 4797 3719 4841 tam

2138 4885 2450 4954 frequenter
2475 4885 2759 4949 indictum,
2785 4893 2866 4938 tot
2889 4883 3346 4939 admonitionibus
3369 4879 3715 4936 inculcatum.

2137 4977 2252 5032 Hoc
2275 4977 2422 5031 enim
2469 4990 2578 5030 non
2609 4975 2770 5031 modo
2804 4975 3102 5045 saepissime
3143 4975 3286 5028 inter
3329 4971 3638 5027 sanctiones
3661 4975 3724 5021 et

2135 5067 2490 5123 caeremonias
2538 5067 2695 5137 legis,
2745 5067 2839 5122 sed
2883 5068 3047 5122 etiam
3093 5067 3146 5121 in
3189 5065 3575 5135 prophetarum
3607 5061 3725 5115 fre-

2134 5165 2426 5226 quentatur
2455 5155 2708 5212 oraculis.
2747 5175 2765 5208 ‹
2817 5156 3124 5218 Custodite,
3155 5155 3363 5225 inquit,
3402 5153 3543 5207 diem
3575 5150 3722 5206 Sab-

2136 5247 2269 5301 bati.
2299 5245 2489 5300 Omnis
2519 5248 2680 5303 homo
2708 5247 2801 5316 qui
2845 5263 2949 5302 non
2981 5247 3354 5302 observaverit
3396 5247 3538 5302 diem
3581 5245 3728 5300 Sab—

2137 5337 2270 5402 bati,
2296 5339 2494 5409 peribit
2514 5339 2694 5395 anima
2717 5339 2802 5394 illa
2828 5341 2896 5395 de
2921 5340 3118 5411 populo
3142 5354 3241 5394 suo
3263 5335 3462 5409 (Exod.
3488 5335 3662 5408 xm).
3696 5355 3720 5386 ο

2138 5430 2276 5498 Quid
2304 5445 2435 5498 ergo
2465 5445 2561 5500 per
2601 5429 2896 5486 Sabhatum
2943 5432 3202 5487 debemus
3250 5429 3580 5498 intelligere,
3615 5425 3728 5480 nisi

2140 5521 2452 5577 Christum?
2498 5521 2556 5576 In
2610 5522 2714 5577 isto
2757 5521 2955 5591 quippe
3003 5519 3241 5577 Sabbato
3291 5519 3727 5590 requiescimus,

2134 5627 2265 5664 cum
2303 5612 2355 5666 in
2385 5612 2475 5667 illo
2503 5613 2616 5667 solo
2644 5627 2793 5681 spem
2819 5611 3092 5682 ponimus,
3120 5627 3244 5667 cum
3275 5612 3420 5666 hunc
3465 5618 3576 5663 toto
3604 5623 3732 5662 cor-

2144 5703 2226 5758 dis
2252 5718 2436 5759 amore
2461 5704 2736 5774 diligimus
2766 5718 2782 5757 :
2810 5718 2875 5759 ac
2900 5717 3085 5759 rerum
3121 5703 3500 5768 temporalium
3529 5715 3734 5758 concu-

515 5821 612 5867 tlta
639 5819 812 5869 mutile
840 5821 885 5866 in
913 5820 991 5870 ed.
1019 5820 1142 5868 V-en.
1170 5820 1398 5869 Restitue
1427 5835 1438 5868 :
1464 5823 1661 5874 Cratino
1681 5817 1809 5872 sedis
1839 5818 2119 5872 nmstolicm
2148 5800 2322 5870 [animi
2345 5817 2682 5870 Ilildcbrando
2703 5822 2750 5866 et
2766 5811 3012 5879 Stephano
3039 5811 3335 5878 presbytero,
3383 5809 3576 5866 Petrus,
3597 5811 3702 5858 etc.
