4078 6202
401 315 497 371 261

1573 313 1770 370 LIBER
1809 315 2190 374 SECUNDUS.
2231 320 2451 377 EPIST.
2494 326 2551 376 ν.

3560 337 3666 395 εει

397 429 715 502 piscentiam
734 429 1160 522 (postponentcs,
1236 426 1515 522 servilium
1540 444 1764 500 operum
1793 429 1978 485 labore
2005 434 2052 492 Α
2082 433 2476 504 signiﬁcatione
2505 451 2853 496 concurrunt.
2889 461 2908 495 ι
2953 443 3070 515 Ipse
3099 455 3185 502 est
3231 449 3375 504 enim
3422 466 3528 522 pax
3563 469 3668 509 no-

397 537 694 578 cessamus.
730 519 907 576 Unum
938 519 1166 584 scilicet,
1197 520 1449 590 idemque
1490 519 1623 590 legis
1649 531 1975 591 praeceptum

393 625 497 677 est,
528 623 581 668 et
606 613 900 668 Sabbatnm
931 611 1130 675 colere,
1159 621 1214 665 et
1250 613 1602 680 pramedentis
1627 614 1801 683 angeli
1831 615 1977 669 voci-

393 707 494 760 bus
538 705 778 759 obedire.
812 721 831 753 ι
869 702 1040 766 Ecce,
1081 703 1285 772 inquit,
1333 717 1430 772 ego
1475 703 1684 757 mittam
1723 703 1972 774 angelum

2079 533 2190 578 stra
2239 527 2328 596 qui
2359 526 2491 584 fecit
2531 539 2759 600 utraque
2797 548 2960 588 unum
2992 535 3206 605 (ΕρΙιεε.
3250 539 3333 608 ιι).
3364 559 3382 590 ι
3417 541 3484 595 Et
3515 553 3666 600 recte

2079 617 2132 670 in
2162 618 2265 672 hoc
2298 618 2534 674 Sabbato
2580 636 2761 676 rerum
2805 622 3062 679 Conditor
3107 629 3392 696 requievit,
3437 630 3563 699 quia
3607 632 3663 687 in

2077 705 2294 761 Christo
2320 705 2447 762 Jesu
2479 710 2773 766 mediatore
2811 712 2903 767 Dei
2935 724 2988 767 et
3016 713 3326 782 hominum,
3358 718 3518 775 Pater
3539 737 3662 776 om-

393 812 596 860 meum,
628 796 717 864 qui
743 796 1010 864 praecedat
1036 800 1109 856 te,
1137 802 1192 846 et
1213 794 1485 847 custodiat
1512 794 1562 847 in
1592 794 1700 859 via,
1728 805 1782 849 et
1812 796 1976 848 intro-
2074 798 2345 866 nipotens,
2373 800 2517 868 quod
2551 816 2610 855 se
2649 813 2833 870 posset
2869 801 3161 870 oﬁ‘endere,
3194 807 3410 874 penitus
3439 825 3545 864 non
3578 810 3661 864 in-

388 889 554 941 ducat
579 887 633 939 in
663 886 838 939 locum
893 897 1053 954 quem
1081 883 1284 952 paravi.
1313 883 1548 938 Observa
1573 899 1717 948 eum,
1749 893 1805 937 et
1847 884 1971 938 audi

387 994 574 1033 vocem
622 974 758 1044 ejus,
812 989 914 1030 nec
957 974 1408 1028 contemnendum
1455 983 1642 1043 putes,
1689 973 1813 1043 quia
1850 989 1970 1028 οιιοιι

387 1068 626 1123 dimittet
653 1083 773 1122 cum
799 1066 1132 1134 peccaveris,
1161 1063 1321 1118 etest
1347 1080 1539 1119 nomen
1569 1080 1746 1119 meum
1776 1065 1830 1119 in
1857 1065 1966 1119 illo.

386 1160 540 1226 Quod
583 1160 628 1212 si
658 1157 896 1212 audieris
934 1172 1120 1211 vocem
1151 1156 1291 1225 ejus,
1334 1166 1391 1210 et
1423 1157 1616 1212 feceris
1643 1158 1823 1211 omnia
1851 1173 1971 1227 qua:

385 1254 601 1322 loquor,
646 1251 900 1306 inimicus
929 1265 1022 1306 ero
1061 1250 1294 1304 inimicis
1324 1252 1450 1314 tuis,
1479 1259 1534 1306 et
1576 1251 1808 1320 allligam
1837 1251 1971 1305 alni-

381 1337 573 1413 gentes
619 1349 709 1406 te,
762 1338 1136 1408 pmcedetqne
1186 1347 1237 1394 te
1287 1339 1511 1410 angelus
1557 1355 1712 1395 meus
1755 1339 1965 1410 (Exod.

383 1433 568 1503 χχιιι).
604 1451 623 1484 ι
670 1429 823 1486 Unde
865 1439 981 1496 est,
1027 1431 1171 1501 quod
1215 1431 1267 1485 in
1311 1431 1486 1500 prima
1525 1446 1715 1486 earum
1760 1432 1963 1497 tabula,

361 1540 503 1596 _qn:e
533 1523 700 1595 Moysi
745 1523 886 1577 data:
933 1531 1081 1586 sunt,
1124 1523 1217 1576 ubi
1263 1538 1369 1578 ιιοιι
1397 1532 1523 1578 sunt
1565 1523 1668 1579 nisi
1701 1525 1802 1578 tria
1829 1523 1968 1578 dun-

381 1623 534 1668 taxat
574 1614 825 1668 mandata
868 1614 1212 1684 conscripta,
1260 1615 1362 1668 hoc
1407 1615 1632 1674 tertium,
1673 1615 1962 1670 invenitur.

2072 889 2241 941 venit.
2305 887 2361 941 In
2411 903 2475 942 eo
2527 890 2760 960 denique
2825 892 3019 946 merito
3078 895 3381 963 requievit,
3434 898 3501 952 de
3549 913 3656 967 quo

2073 978 2348 1046 discipulis
2396 980 2738 1057 audientibus
2785 982 3046 1049 intonuit,
3096 985 3324 1040 dicens:
3362 1006 3380 1037 ι
3427 986 3526 1041 Hic
3573 998 3658 1042 est

2071 1067 2240 1124 Filius
2267 1084 2420 1124 meus
2453 1070 2700 1135 dilectus,
2733 1072 2917 1142 inquo
2943 1072 3071 1126 mihi
3103 1073 3400 1143 complacui
3433 1075 3652 1145 (Matth.

2073 1155 2229 1226 xvu).
2269 1157 2326 1211 In
2372 1157 2462 1212 illo
2514 1160 2780 1228 siquidem
2830 1160 3067 1214 suaviter
3109 1163 3406 1231 requievit,
3455 1175 3508 1220 et
3559 1180 3658 1219 nos

2069 1247 2411 1316 requiescere
2457 1251 2721 1318 przecipit.
2779 1251 2927 1306 Unde
2973 1260 3030 1307 et
3078 1253 3130 1306 in
3179 1254 3420 1310 Levitico
3474 1257 3653 1312 dicit:

2073 1356 2093 1388 ι
2130 1337 2368 1393 Sabbata
2421 1355 2539 1394 mea
2587 1341 2891 1406 custodite,
2949 1351 3005 1396 et
3051 1346 3418 1400 sanctuarimn
3474 1363 3652 1402 meum

2068 1431 2294 1486 metuite
2323 1432 2509 1503 (Leuit.
2542 1434 2680 1505 xix).
2711 1453 2730 1487 ι
2761 1434 2861 1502 Qui
2889 1437 3032 1491 enim
3076 1437 3392 1506 Sahbatum,
3433 1440 3546 1508 ipse
3571 1449 3652 1494 est

2067 1533 2122 1578 et
2145 1525 2540 1580 sanctuarium.
2576 1546 2594 1578 ι
2628 1526 2686 1593 Ιιι
2716 1542 2824 1597 quo
2856 1547 2874 1580 ι
2901 1529 3154 1585 videlicet
3181 1551 3200 1584 ι
3238 1533 3448 1588 habitat
3476 1534 3656 1589 omnis

2066 1613 2346 1684 plenitudo
2382 1615 2683 1673 divinitatis
2731 1618 3088 1689 corporaliter
3131 1619 3366 1692 (Colon.
3416 1623 3514 1693 ιι),
3545 1641 3565 1675 ι
3600 1632 3657 1678 et

375 1704 516 1759 Nam
563 1712 847 1774 postquam
880 1703 987 1758 illic
1033 1704 1291 1772 scriptum
1340 1712 1425 1758 est
1463 1717 1478 1757 :
1512 1723 1530 1756 ι
1577 1703 1692 1759 Non
1738 1704 1964 1760 habebis
1994 1779 2024 1781 _
2065 1708 2133 1762 de
2159 1722 2268 1778 quo
2289 1707 2586 1768 idem,dicit
2611 1709 2899 1781 Apostolus
2929 1729 2943 1766 :
2975 1731 2994 1764 ι
3033 1714 3170 1770 Deus
3196 1715 3390 1770 eratin
3413 1714 3651 1780 Christo,

377 1796 511 1850 deos
551 1794 792 1859 alienos;
833 1813 852 1846 ι
884 1805 979 1848 et:
1016 1812 1034 1844 ι
1065 1791 1182 1847 Non
1225 1808 1471 1848 assumes
1513 1809 1708 1848 nomen
1751 1793 1960 1848 Domini
1993 1779 2038 1838 Β
2067 1799 2322 1853 mundum
2357 1779 2713 1856 reconcilians
2753 1803 2855 1858 sibi
2890 1802 2975 1871 (II
3005 1803 3129 1858 Cor.
3155 1805 3232 1876 v).
3270 1824 3288 1856 ι
3322 1805 3431 1860 Sed
3477 1814 3533 1859 et
3562 1779 3654 1860 ea?

382 1888 476 1947 Dei
526 1888 601 1940 tui
649 1887 702 1940 in
748 1901 946 1940 vanum
971 1901 995 1950 ;τ
1030 1903 1048 1936 ι
1075 1886 1323 1955 protinus
1362 1886 1613 1941 additur:
1644 1902 1663 1938 ι
1693 1886 1964 1941 Memento

375 1988 437 2032 ut
483 1978 626 2032 diem
671 1977 892 2031 Sahbati
936 1975 1246 2032 sanctiﬁces
1287 1976 1481 2046 (Exod.
1527 1977 1639 2049 xx).
1693 1997 1713 2030 ι
1761 1979 1815 2032 In
1858 1979 1964 2032 alia

372 2087 507 2127 vero
537 2070 714 2125 tabula
734 2111 748 2135 ,
779 2069 868 2124 ubi
909 2085 1016 2124 non
1055 2069 1169 2139 jam
1200 2071 1267 2124 ad
1302 2069 1412 2140 59
1436 2071 1673 2125 divinam
1713 2071 1964 2125 substan-

374 2161 510 2218 tiam
557 2159 917 2231 pertinentia,
973 2160 1070 2215 sed
1123 2161 1396 2215 exteriora
1455 2170 1659 2231 septem
1712 2162 1964 2218 videntur

375 2251 557 2306 inesse
581 2250 860 2313 mandata,
887 2249 966 2304 sic
991 2249 1178 2321 incipit
1207 2266 1222 2304 :
1257 2269 1276 2301 ι
1309 2248 1526 2304 Honora
1552 2259 1760 2321 patrem
1787 2261 1960 2319 tuum,

371 2351 433 2398 et
481 2352 709 2396 matrem
838 2338 1062 2411 (Ibid.);
1104 2359 1122 2392 ι
1157 2341 1222 2396 de
1256 2355 1362 2410 quo
1400 2340 1604 2396 idcirco
1641 2341 1774 2396 dicit
1811 2342 1958 2412 Apo-

370 2433 567 2499 stolus,
611 2435 752 2502 quod
782 2433 854 2488 sit
899 2432 1134 2503 primum
1169 2432 1483 2486 mandatum
1516 2431 1570 2486 in
1601 2431 1960 2500 promissione

371 2525 592 2595 (Ephes.
629 2523 728 2594 vi),
777 2523 1033 2592 quoniam
1081 2522 1315 2592 primum
1364 2521 1418 2575 in
1467 2522 1717 2576 secundae
1765 2520 1958 2577 tabula:

368 2616 591 2685 ponitur
639 2615 862 2678 ordine,
910 2613 1146 2682 alioquin
1201 2621 1453 2682 quartum
1507 2613 1690 2683 potius
1738 2611 1958 2668 deberet

365 2705 473 2758 dici
506 2719 665 2774 quam
711 2695 965 2774 primum,
1017 2703 1070 2757 in
1109 2703 1468 2772 promissione
1498 2703 1709 2758 scilicet
1748 2702 1954 2773 longae-

368 2795 579 2848 vitatis.
607 2795 746 2849 Dicit
771 2795 916 2849 enim
947 2793 1074 2848 alibi
1110 2812 1124 2848 :
1155 2812 1174 2844 ι
1209 2793 1424 2848 Honora
1463 2802 1672 2863 patrem
1701 2801 1872 2859 tuum,
1901 2801 1958 2848 et

365 2895 622 2947 matrem,
654 2894 716 2938 ut
741 2885 817 2938 sis
839 2884 1114 2956 longmvus
1143 2898 1306 2954 super
1333 2893 1532 2938 terram
1663 2879 1900 2954 E(lbid.).
1929 2903 1949 2937 ι

364 2975 506 3042 Quia
557 2991 686 3046 ergo
721 2991 816 3046 per
846 2975 1146 3031 Sahbatum
1193 2975 1444 3031 Christus
1490 2976 1762 3039 inanitur,
1806 2986 1954 3033 recte

364 3071 423 3124 in
473 3069 564 3124 illa
596 3069 773 3124 tabula
808 3068 1030 3124 Sahbati
1064 3071 1378 3124 mandatum
1426 3071 1666 3139 ponitur,
1710 3070 1800 3125 ubi
1836 3070 1948 3124 sola

364 3161 464 3215 Dei
490 3161 627 3215 ﬁdes
670 3161 921 3215 habetur.
951 3159 1085 3214 Nam
1112 3169 1168 3215 et
1201 3161 1256 3215 in
1291 3161 1408 3230 ipso
1453 3161 1637 3214 mundi
1672 3161 1948 3216 nascentis

359 3252 613 3319 exordio,
639 3267 761 3306 cum
793 3266 1230 3321 unumquemque
1273 3251 1415 3305 diem
1464 3249 1746 3321 Scriptura
1791 3266 1948 3306 mane

361 3341 605 3411 pra'ligat
634 3350 690 3395 et
723 3353 968 3409 vespere,
994 3340 1107 3410 jam
1150 3354 1273 3394 cum
1308 3340 1376 3394 ad
1421 3337 1718 3395 Sahbatum
1751 3355 1945 3410 perve-

365 3433 481 3496 nit,
514 3441 762 3486 neutrum
807 3431 998 3486 horum
1037 3431 1282 3485 nominat
1319 3449 1333 3484 :
1365 3439 1425 3485 ut
1460 3431 1587 3486 illud
1624 3432 1780 3501 quasi
1825 3433 1946 3487 sine

358 3523 521 3578 initio
554 3538 693 3589 esse,
734 3521 817 3578 vel
863 3522 970 3577 ﬁne
1014 3537 1240 3592 prorsus
1287 3523 1556 3601 ostendat.
1605 3523 1740 3578 Nam
1773 3523 1944 3594 stylus

359 3614 604 3668 historia:
652 3615 796 3668 hunc
832 3613 1079 3669 ordinem
1126 3622 1277 3669 tenet
1319 3612 1473 3685 (Gen.
1521 3614 1563 3686 ι)
1603 3632 1616 3668 :
1662 3634 1680 3666 ι
1717 3613 1943 3669 Factum

355 3713 462 3767 est,
492 3705 684 3772 inquit,
709 3717 952 3774 vespere.
980 3712 1036 3758 et
1067 3717 1227 3757 mane
1248 3703 1363 3757 dies
1390 3711 1591 3758 sextus.
1625 3703 1791 3774 Igitur
1816 3719 1940 3774 per-

357 3795 486 3849 fecti
517 3804 641 3848 sunt
662 3794 807 3857 cteli,
837 3803 893 3848 et
919 3803 1080 3857 terra,
1116 3803 1171 3848 et
1195 3793 1373 3849 omnis
1401 3802 1627 3848 ornatus
1657 3809 1876 3862 eorum;
1916 3814 1935 3847 ι

354 3887 651 3956 statimque
693 3885 966 3956 subjungit
998 3903 1014 3940 :
1045 3904 1063 3936 ι
1094 3883 1504 3956 Complevitque
1552 3887 1694 3942 Deus
1738 3887 1826 3942 die
1855 3903 1943 3943 se-

351 3977 526 4047 ptimo
567 3991 702 4046 opus
746 3991 900 4030 suum
950 3974 1094 4043 quod
1142 3974 1346 4029 fecerat
1393 3991 1406 4028 :
1456 3983 1512 4028 et
1562 3974 1826 4044 requievit
1853 3976 1940 4031 die

351 4069 587 4137 septimo
634 4066 702 4121 ab
750 4066 1006 4120 universo
1054 4079 1252 4135 opere,
1285 4063 1428 4134 quod
1458 4073 1718 4134 patrarat.
1766 4087 1787 4118 ι
1823 4065 1938 4119 Νοιι

350 4163 505 4216 enim
542 4161 608 4213 ad
640 4161 810 4214 instar
837 4158 1078 4213 aliorum’
1111 4157 1342 4221 dierum,
1375 4156 1442 4210 de
1482 4156 1755 4210 creatione
1804 4154 1940 4210 Sab-

348 4258 465 4313 bati
498 4257 650 4328 prius
678 4255 880 4325 aliquid
910 4255 1140 4316 dixerat,
1169 4252 1262 4308 sed
1291 4251 1370 4306 sic
1399 4249 1466 4304 ad
1500 4249 1626 4304 illud
1656 4251 1808 4317 quasi
1825 4249 1937 4318 jam

351 4359 545 4404 uotum
590 4355 812 4417 repente
846 4344 1134 4414 prorupit:
1176 4351 1232 4396 et
1261 4341 1388 4395 dum
1442 4355 1542 4395 nec
1591 4353 1752 4394 mane
1798 4337 1936 4408 ejus,

351 4455 458 4494 nec
487 4453 765 4508 vesperam
811 4437 966 4498 dixit,
995 4433 1391 4504 quodammodo
1421 4445 1520 4486 nec
1565 4431 1776 4485 initium
1796 4470 1812 4494 ,
1838 4445 1938 4486 nec

353 4533 520 4586 ﬁnem
567 4531 767 4585 habere
815 4526 1158 4582 monstravit.
1193 4525 1270 4579 Ad
1307 4523 1715 4578 similitudinem
1744 4523 1940 4592 quippe

351 4621 748 4678 Melchisedech
794 4617 1124 4682 sacerdOtis,
1170 4615 1332 4668 etiam
1381 4613 1677 4668 Sahbatum
1731 4611 1942 4683 Moyses

349 4713 685 4774 introducit,
735 4711 802 4764 de
856 4723 964 4778 quo
1012 4706 1080 4761 ad
1126 4705 1381 4760 Hebraeos
1425 4703 1559 4758 dicit
1595 4701 1936 4773 Apostolus:

353 4826 377 4860 ι
410 4806 528 4860 Rex
560 4803 760 4868 Salem,
801 4801 944 4870 quod
974 4808 1058 4854 est
1103 4813 1196 4852 rex
1227 4796 1410 4868 pacis,
1455 4796 1573 4852 sine
1601 4803 1790 4866 patre,
1823 4795 1940 4851 sine

349 4908 548 4962 matre,
582 4896 698 4950 sine
726 4891 1056 4966 genealogia,
1103 4902 1201 4943 nec
1243 4887 1456 4941 initium
1493 4885 1735 4951 dierum,
1763 4897 1938 4955 neque

351 4991 519 5042 linem
564 4985 770 5040 habens
801 5000 814 5036 :
860 4980 1192 5035 assimilatas
1220 4985 1400 5031 autem
1432 4975 1568 5029 Filio
1605 4975 1698 5029 Dei
1751 4981 1933 5029 manet

348 5077 613 5135 sacerdos
659 5076 712 5130 in
759 5081 1076 5145 perpetuum
1106 5067 1293 5139 (Hebr.
1325 5067 1447 5136 vn).
1483 5084 1502 5118 ι
1536 5063 1603 5119 Ει
1637 5071 1784 5119 recte
1815 5078 1937 5133 qua:

349 5188 520 5228 unum
550 5171 650 5226 sub
681 5167 968 5238 allegorica
1005 5163 1172 5234 ﬁgura
1200 5160 1536 5230 signiﬁcant,
1573 5157 1627 5211 in
1659 5157 1774 5227 ipso
1801 5171 1937 5226 quo-

348 5279 461 5334 que
482 5258 798 5330 scriptionis
835 5255 1023 5311 ordine
1063 5268 1171 5307 non
1202 5250 1534 5306 discordant.
1561 5248 1694 5303 Illud
1722 5262 1937 5318 quoque

350 5356 422 5408 ab
451 5361 682 5420 utroque
717 5364 825 5404 non
856 5347 1149 5415 discrepat,
1185 5342 1313 5412 quia
1362 5341 1502 5396 sicut
1543 5340 1935 5398 Melchisedech

351 5462 446 5500 rex
480 5442 686 5509 Solem,
718 5456 811 5494 rex
842 5438 983 5508 pacis
1027 5435 1225 5490 dicitur
1256 5450 1271 5487 :
1303 5433 1375 5486 ita
1408 5431 1935 5488 nihilominusSab-

348 5540 539 5592 batnm
583 5534 784 5606 requies
832 5532 1240 5598 interpretatur.
1289 5525 1460 5597 Igitur
1507 5525 1621 5579 haec
1657 5525 1784 5590 duo,
1815 5540 1937 5595 quae

348 5643 577 5700 parem,
609 5627 724 5682 sive
773 5623 1047 5693 requiem,
1094 5619 1209 5674 suis
1253 5616 1563 5672 nominibus
1601 5615 1935 5684 exprimunt,

349 5726 722 5790 congruenter
767 5714 820 5768 in
862 5711 1026 5776 hunc,
1060 5710 1152 5781 qui
1205 5720 1417 5763 summa
1465 5719 1568 5775 pax
1617 5715 1729 5770 est,
1761 5704 1936 5775 typica

2065 1887 2188 1942 dem
2215 1889 2590 1959 in,Evangelio
2622 1891 2836 1946 Veritas
2866 1892 3000 1946 dicit
3031 1910 3044 1944 :
3077 1912 3096 1944 ι
3132 1892 3248 1947 Non
3294 1909 3393 1963 pro
3435 1894 3520 1947 his
3553 1909 3652 1946 au-

2066 1986 2172 2032 tem
2203 1994 2334 2050 rogo
2364 1988 2597 2045 tantum,
2628 1983 2721 2036 sed
2751 1989 2808 2036 et
2833 1996 2933 2050 pro
2962 1982 3061 2046 eis,
3093 1982 3185 2052 qui
3221 1983 3479 2036 credituri
3524 1992 3650 2037 sunt

2063 2070 2118 2124 in
2150 2085 2236 2126 me
2260 2086 2358 2140 per
2384 2069 2610 2126 verbum
2639 2071 2899 2141 ipsorum,
2925 2079 2984 2125 ut
3015 2080 3069 2126 et
3092 2087 3285 2127 omnes
3313 2088 3476 2126 unum
3515 2073 3647 2138 sint,

2061 2161 2203 2216 sicut
2230 2169 2286 2216 tu
2313 2160 2474 2216 Pater
2498 2160 2554 2216 in
2587 2176 2693 2227 me,
2723 2169 2779 2215 et
2805 2175 2906 2232 ego
2938 2162 2988 2215 in
3018 2169 3087 2228 te,
3119 2169 3180 2215 ut
3203 2171 3258 2217 et
3287 2162 3386 2231 ipsi
3413 2163 3467 2216 in
3491 2161 3650 2217 nobis

2063 2267 2229 2306 unum
2269 2249 2378 2306 sint
2419 2250 2604 2322 (Joan.
2651 2251 2807 2313 xvu).
2845 2271 2863 2303 ι
2893 2251 2958 2305 Ει
2987 2252 3184 2306 iterum
3215 2269 3229 2305 :
3264 2269 3281 2302 ι
3321 2251 3431 2322 Ego
3459 2251 3515 2305 in
3546 2253 3646 2314 eis,

2060 2353 2116 2397 et
2142 2351 2198 2397 tu
2231 2342 2284 2397 in
2328 2357 2436 2406 me,
2463 2352 2524 2397 ut
2554 2343 2665 2397 sint
2700 2343 3057 2397 consummati
3095 2343 3148 2397 in
3182 2358 3347 2397 unum
3377 2342 3586 2413 (Ibid.).
3621 2361 3640 2394 ι

2133 2415 2240 2488 Sed
2266 2432 2500 2504 qualiter
2535 2434 2698 2488 homo
2738 2432 2918 2488 valeat
2945 2433 3347 2497 consummari,
3376 2434 3646 2502 quomodo

2059 2525 2251 2581 debeat
2301 2524 2521 2594 perﬁci,
2574 2524 2706 2578 libet
2755 2523 3032 2578 succincte
3091 2523 3488 2592 perstringere,
3537 2523 3648 2592 ϐο

2057 2629 2220 2689 prout
2248 2617 2302 2672 in
2336 2618 2452 2686 ipso
2497 2617 2784 2671 mundanae
2812 2614 3107 2669 creationis
3134 2614 3293 2667 datur
3319 2615 3508 2667 ordine
3555 2629 3643 2665 re-

2059 2710 2246 2780 periri.
2274 2708 2408 2763 Nam
2447 2707 2574 2778 quia
2622 2708 2785 2762 homo
2810 2704 3180 2783 ιλικρόκοσμος,
3210 2704 3313 2758 hoc
3342 2713 3425 2759 est
3469 2703 3646 2757 minor

2059 2799 2296 2854 mundus
2322 2799 2607 2862 asseritur,
2637 2811 2859 2852 necesse
2904 2803 2987 2849 est
3029 2804 3088 2849 ut
3142 2795 3210 2849 ad
3253 2809 3363 2848 suae
3409 2793 3638 2862 plenitu-

2057 2889 2201 2944 dinis
2235 2889 2572 2944 incrementa
2608 2885 2961 2951 contendens,
2994 2886 3182 2955 ipsam‘
3203 2883 3486 2937 mundanae
3514 2899 3645 2936 con-

2055 2978 2277 3034 ditionis
2325 2978 2559 3048 speciem
2609 2976 2872 3040 imitetur,
2919 2984 2980 3029 ut
3030 2975 3170 3030 sicut
3205 2973 3432 3028 visibilis
3476 2983 3640 3042 atque

2055 3083 2348 3139 corporeus
2375 3069 2463 3123 hic
2488 3068 2720 3122 mundus
2745 3082 2841 3137 per
2867 3081 3088 3122 suarum
3125 3065 3321 3119 molem
3355 3081 3419 3119 ac
3460 3064 3612 3118 multi
3624 3097 3638 3104 -

1977 3139 2024 3202 C
2057 3165 2296 3219 tudinem
2341 3172 2749 3219 consummatus
2796 3171 2882 3217 est
2935 3162 3204 3230 partium;
3258 3159 3336 3213 sic
3379 3167 3434 3211 et
3480 3157 3641 3210 homo

2049 3266 2236 3311 noster
2271 3255 2501 3310 interior
2530 3255 2789 3326 paulatim
2821 3255 2888 3308 ad
2915 3255 2996 3309 sui
3041 3251 3426 3324 plenitudinem
3457 3250 3641 3302 veniat

2047 3363 2148 3418 per
2185 3355 2474 3417 augmenta
2510 3346 2793 3400 virtutum.
2846 3339 2922 3400 De
2968 3359 3073 3414 qua
3124 3342 3376 3396 nimirum
3411 3338 3638 3408 plenitu-

2045 3437 2173 3492 dine
2195 3435 2470 3505 spirituali
2500 3435 2635 3490 dicit
2659 3435 2955 3504 Apostolus
2981 3451 2994 3487 :
3027 3451 3045 3483 ι
3077 3433 3258 3486 Donec
3285 3442 3636 3482 occurramus

2044 3541 2233 3582 omnes
2292 3525 2348 3583 in
2392 3525 2568 3579 virum
2628 3523 2951 3594 perfectum,
3004 3523 3060 3576 in
3104 3533 3413 3575 mensuram
3456 3516 3632 3569 aetatis

2042 3616 2392 3687 plenitudinis
2416 3614 2619 3672 Christi
2663 3614 2880 3687 (Ephes.
2929 3613 3024 3683 tv).
3068 3629 3086 3663 ι
3117 3612 3230 3680 Age
3270 3607 3452 3676 igitur,
3497 3606 3634 3659 dixit

2044 3708 2188 3762 Deus
2219 3723 2232 3760 :
2289 3726 2307 3759 ι
2343 3707 2464 3762 Fiat
2493 3706 2580 3761 lux
2614 3703 2768 3778 (Gen.
2802 3706 2864 3775 ι).
2897 3723 2916 3754 ι
2945 3702 3096 3756 Tunc
3123 3709 3301 3753 autem
3334 3700 3387 3752 in
3416 3697 3633 3751 homine

2044 3800 2265 3865 dicitur,
2299 3808 2356 3854 ut
2394 3799 2486 3853 lux
2529 3798 2647 3864 ﬁat,
2690 3812 2813 3851 cum
2859 3796 3020 3848 datur
3069 3803 3128 3846 nt
3177 3790 3500 3845 illuminatio
3529 3787 3630 3841 sibi

2041 3890 2377 3947 credulitatis
2403 3888 2686 3959 infulgeat.
2715 3885 2896 3941 Prima
2929 3886 3128 3955 quippe
3155 3881 3351 3935 mentis
3378 3880 3467 3933 lux
3499 3878 3631 3933 ﬁdes

2039 3987 2140 4035 est.
2171 3979 2324 4035 Unde
2363 3977 2477 4048 jam
2527 3977 2772 4032 ﬁdelibus
2823 3976 2955 4030 dicit
3003 3973 3293 4043 Apostolus
3339 3988 3401 4023 ει
3433 3968 3631 4023 FuiStis

2041 4073 2327 4142 aliquando
2382 4073 2659 4136 teuehrm,
2707 4085 2849 4125 nunc
2898 4077 3077 4122 autem
3147 4067 3236 4118 lux
3285 4063 3336 4117 in
3404 4061 3630 4116 Domino

2040 4159 2331 4231 (Ephes.'v)
2365 4175 2379 4213 :
2411 4179 2429 4212 ι
2453 4169 2508 4214 et
2537 4160 2639 4214 hoc
2659 4167 2743 4213 est
2768 4158 3002 4228 primum
3035 4157 3088 4209 in
3119 4155 3235 4224 lege
3265 4158 3623 4220 prmeeptum:

2044 4269 2062 4303 ι
2093 4252 2232 4306 Audi
2270 4251 2476 4307 Israel:
2514 4251 2772 4306 Dominus
2817 4251 2958 4304 Deus
2997 4257 3139 4312 tuus,
3189 4247 3330 4300 Deus
3381 4259 3518 4298 unus
3544 4252 3630 4297 est

2040 4340 2218 4413 (Deut.
2248 4343 2346 4410 γι).
2379 4360 2398 4392 ι
2433 4339 2584 4394 Tunc
2614 4340 2796 4410 itaque
2825 4339 2880 4392 in
2909 4337 3130 4392 homine
3166 4335 3375 4406 primus
3402 4334 3520 4388 dies
3545 4332 3626 4398 ﬁt,

2043 4448 2166 4488 cum
2195 4436 2384 4487 novus
2403 4433 2470 4486 ad
2499 4432 2658 4486 ﬁdem
2680 4429 2848 4485 venit.

2115 4521 2364 4577 Secundo
2413 4521 2501 4576 die
2548 4519 2679 4574 fecit
2727 4519 2870 4574 Deus
2912 4516 3334 4580 ﬁrmamentum,
3361 4515 3502 4585 quod
3540 4524 3626 4570 est

2043 4611 2260 4676 caelum,
2288 4610 2526 4679 fecitque
2552 4609 2849 4664 divisiones
2874 4623 3161 4676 aquarum,
3189 4616 3247 4659 ut
3275 4605 3394 4659 alia:
3423 4621 3521 4676 per
3544 4605 3627 4658 in-

2041 4704 2239 4760 feriora
2266 4702 2584 4771 deﬂuerent,
2614 4701 2733 4756 aliae
2761 4701 2814 4754 in
2850 4697 3222 4770 superioribus
3253 4705 3620 4752 remanerent.

2040 4791 2178 4860 Quid
2209 4800 2389 4847 autem
2440 4791 2863 4856 ﬁrmamentum,
2900 4789 3003 4844 nisi
3049 4789 3220 4844 robur
3263 4796 3346 4842 est
3378 4788 3621 4855 Scriptu-

2039 4882 2261 4938 rarum?
2289 4881 2441 4938 Unde
2487 4881 2683 4952 legitur
2709 4880 2844 4950 (Isa.
2893 4882 3115 4945 xxxtv),
3151 4890 3291 4948 “quia
3340 4878 3533 4932 cmlmn
3568 4878 3619 4931 in

2037 4974 2124 5030 die
2146 4972 2336 5043 judicii
2384 4974 2673 5043 plicabitur
2717 4973 2857 5027 sicut
2893 4971 3049 5026 liber.
3077 4969 3216 5036 Quid
3259 4981 3436 5023 autem
3467 4985 3620 5036 aqua}

2036 5064 2351 5129 inferiores,
2381 5063 2485 5119 nisi
2517 5062 2888 5117 multitudines
2933 5059 3250 5115 hominum?
3295 5058 3430 5124 Quid
3461 5073 3620 5125 supr-

2036 5158 2244 5224 riores,
2297 5157 2402 5212 nisi
2452 5155 2604 5210 chori
2659 5162 2786 5209 sunt
2835 5151 3187 5222 angelorum?
3234 5149 3420 5220 Augeli
3472 5151 3616 5202 enim

2037 5250 2440 5321 Scripturarum
2473 5248 2668 5303 coalqu
2719 5261 2824 5300 non
2865 5245 3067 5299 habent
3104 5258 3264 5311 super
3291 5232 3367 5302 se.
3401 5246 3492 5297 sed
3522 5244 3619 5295 sub

2036 5357 2097 5398 se
2134 5358 2149 5395 :
2181 5341 2307 5410 quia
2338 5353 2441 5393 non
2467 5347 2626 5408 egent
2652 5345 2711 5389 ut
2734 5336 2960 5389 verbum
2989 5334 3078 5388 Dei
3112 5333 3352 5402 legentes
3373 5334 3620 5398 audiam,

2036 5434 2161 5503 quia
2193 5431 2366 5501 ipsum
2399 5429 2566 5482 Deum
2595 5433 2916 5496 praesentem
2945 5423 3226 5478 manifeste
3255 5423 3614 5492 conspiciunt,

2036 5523 2170 5578 etin
2213 5520 2330 5590 ejus
2371 5532 2587 5587 semper
2615 5531 2802 5571 amore
2846 5513 3236 5570 ﬁauunescnnt.
3283 5512 3418 5568 Cum
3457 5513 3620 5583 igitur

2038 5614 2200 5668 homo
2228 5625 2325 5681 per
2353 5607 2778 5672 ﬁrmamentum,
2803 5608 2905 5662 hoc
2931 5614 3014 5661 est
3039 5621 3134 5676 per
3158 5600 3398 5660 cmlestis
3421 5603 3618 5674 eloquii

2039 5703 2444 5767 documentum,
2473 5697 2585 5769 jam
2630 5698 2818 5766 incipit
2858 5690 3142 5755 inferiores
3184 5711 3353 5763 aquas
3379 5695 3622 5763 superio-
