4078 6202
425 295 532 353 263

960 291 1018 347 S.
1049 289 1253 347 PETRI
1283 288 1565 344 DAMIANI
1606 286 1757 343 OPP.
1786 286 1968 343 PARS
2005 286 2139 343 SEU
2183 285 2423 343 TOMUS
2447 286 2486 342 Ι.
2534 317 2596 334 ι-
2622 286 2841 345 EPIST.
2870 286 3000 343 LIB.
3043 286 3177 344 Vlll.’

3567 290 3677 347 205

426 422 619 478 resque
641 406 899 471 dividere,
932 406 984 461 id
1018 414 1121 469 est,
1147 403 1382 459 carnalia
1412 418 1443 457 a
1470 401 1859 473 spiritualibus,
1890 409 1999 455 ter-
2026 406 2077 465 Α
2104 398 2304 455 imitari
2354 408 2581 455 conetur
2607 400 2932 467 exemplum.
2985 399 3139 456 Sicut
3162 400 3294 457 dicit
3338 403 3630 473 Apostolus
3661 424 3677 459 :

429 518 552 552 neua
584 516 611 550 a
649 498 957 552 ccclestibus
988 509 1272 564 separare;
1301 492 1413 561 jam
1457 493 1513 546 in
1548 507 1614 547 eo
1642 491 1910 546 secundus
1940 491 2002 544 fit

426 594 572 653 dies,
619 593 743 659 quia
791 604 893 641 non
927 587 1083 640 modo
1115 586 1234 639 tidei
1268 585 1439 639 lucem
1460 624 1475 649 ,
1510 584 1604 638 sed
1630 593 1686 638 et
1714 598 1892 637 rerum
1910 582 2002 655 in-

426 682 554 748 cipit
592 679 788 733 habere
817 677 1216 731 discretionem.

497 773 698 825 Deinde
745 770 881 824 dixit
929 769 1070 823 Deus
1117 786 1130 821 :
1170 786 1187 819 ι
1222 768 1854 838 Congregentur-aquae,
1882 778 2002 832 quae

425 863 524 914 sub
557 861 695 914 cado
741 870 888 924 sunt,
921 860 973 913 in
1020 859 1196 913 locum
1228 874 1415 922 unum,
1446 865 1503 912 et
1550 866 1808 927 appareat
1851 854 2001 909 arida

424 946 575 1018 (Cen.
608 950 669 1017 ι).
704 968 721 1000 ι
756 948 919 1003 Facta
953 949 1115 1016 igitur
1144 948 1404 1002 divisione
1433 946 1576 1002 inter
1603 955 1838 1011 terrena,
1862 945 2004 1002 sicut

423 1038 623 1091 dictum
656 1047 756 1101 est,
803 1046 963 1106 atque
991 1037 1255 1101 coelestia,
1287 1050 1509 1091 necesse
1538 1044 1622 1090 est
1664 1044 1722 1089 ut
1769 1036 2002 1089 humana

423 1147 575 1185 mens
621 1133 732 1186 haec
778 1134 965 1186 eadem
1011 1140 1223 1185 terrena
1271 1130 1445 1185 adhuc
1476 1130 1619 1184 inter
1647 1144 1707 1184 se
1746 1127 2004 1182 minutius

422 1223 627 1276 dividat
656 1237 669 1275 :
696 1233 751 1276 et
791 1222 871 1276 sic
904 1221 1162 1291 reprobos
1199 1218 1444 1275 hemines
1473 1219 1630 1288 hujus
1663 1229 1891 1275 terrena:
1916 1233 2005 1274 sa-

422 1312 637 1382 pientiae
678 1311 948 1381 salsugine
983 1310 1311 1380 prurientes,
1353 1326 1383 1363 a
1420 1310 1581 1379 justis
1629 1308 1833 1364 fontem
1878 1307 2001 1363 fidei

421 1403 745 1466 sitientibus,
788 1411 1043 1471 tanquam
1074 1402 1143 1455 ab
1186 1401 1337 1455 arida
1376 1415 1527 1455 mare
1556 1397 1843 1455 discernat.
1874 1399 2003 1453 Infi-

422 1498 570 1551 deles
613 1499 783 1562 enim,
833 1498 946 1551 sive
974 1494 1221 1550 carnales
1252 1494 1477 1564 quilibet
1518 1494 1719 1548 amaris
1750 1492 2004 1548 tentatio-

422 1603 548 1640 num
596 1586 846 1641 ﬂuctibus
895 1588 1244 1657 quatiuntur,
1289 1594 1343 1640 et
1387 1594 1641 1654 tauquam
1692 1582 2003 1653 procellosis

422 1682 795 1748 cupiditatum,
830 1681 911 1735 vel
960 1680 1283 1751 arrogantia1
1324 1678 1733 1747 tempestatibus
1774 1678 2004 1733 intume-

2110 508 2129 541 ‹
2163 490 2349 545 Estote
2375 489 2677 545 imitatores
2702 490 2795 545 Dei
2832 493 2969 545 sicut
2994 492 3085 545 lilii
3118 491 3445 558 charissimi,
3470 505 3528 549 et
3558 512 3678 549 am-

2104 583 2285 635 bulate
2312 582 2365 635 in
2411 581 2717 647 dilectione,
2766 582 2905 636 sicut
2951 592 3003 635 et
3043 582 3292 637 Christus
3337 584 3525 639 dilexit
3581 601 3681 640 nos

2104 671 2320 742 (Ephes.
2352 674 2427 743 v).
2463 692 2482 725 ι
2549 672 2857 728 Diﬂ‘erentia
2889 674 3086 743 quippe
3113 683 3232 728 erat
3274 674 3414 730 inter
3452 675 3678 731 Paulum

2103 764 2195 833 qui
2222 764 2538 820 imitabatur
2563 766 2858 830 Christum,
2896 778 2951 822 et
2983 782 3077 821 eos
3104 783 3240 837 quos
3265 771 3591 838 provocabat
3613 773 3681 824 ad

2105 856 2425 910 imitandum
2477 857 2768 927 seipsum:
2835 876 2853 907 ‹
2906 859 3250 922 lmitatores,
3311 859 3520 929 inquit,
3575 862 3681 916 mei

2103 956 2298 1009 estote,
2324 947 2465 1002 sicut
2489 956 2543 1002 et
2565 963 2665 1018 ego
2688 948 2889 1003 Christi
2918 948 2968 1019 (1
2993 949 3115 1003 Cor.
3146 952 3244 1019 xi).
3282 969 3300 1002 ι

2181 1037 2330 1093 Unde
2367 1048 2521 1093 sexta
2561 1039 2648 1093 die
2670 1047 2887 1094 creatus
2915 1050 3000 1094 est
3036 1041 3198 1095 homo
3226 1042 3292 1096 ad
3318 1042 3401 1096 sui
3428 1041 3681 1097 similitu-

2104 1128 2284 1184 dinem
2316 1128 2613 1185 Creatoris.
2642 1128 2795 1196 Quod
2818 1130 3003 1200 utique
3028 1132 3173 1185 sicut
3200 1141 3327 1187 tunc
3360 1132 3559 1187 factum
3597 1144 3683 1189 est

2104 1232 2204 1288 per
2234 1219 2487 1275 humanae
2524 1218 2853 1275 conditionis
2897 1221 3202 1285 exordium,
3230 1222 3305 1275 ita
3334 1238 3479 1277 nunc
3507 1225 3685 1293 agitur

2101 1323 2200 1378 per
2216 1308 2622 1364 instaurationis
2643 1310 2842 1365 intimae
2862 1320 3280 1367 sacramentum.
3306 1311 3402 1368 [lic
3424 1323 3682 1383 praeterea

2102 1397 2245 1452 inter
2272 1398 2452 1453 omnia
2498 1408 2676 1465 terrae,
2708 1414 2883 1470 aquae,
2914 1398 3074 1455 simul
3101 1409 3157 1455 et
3200 1401 3344 1455 aeris
3386 1402 3684 1481 aniniant‘a

2102 1490 2255 1560 quasi
2315 1491 2685 1545 mouarchiam
2714 1492 2929 1561 accipit,
2956 1500 3012 1546 et
3035 1494 3323 1562 quemdam
3354 1493 3687 1550 sublimioris

2102 1578 2431 1634 excellentia:
2453 1580 2813 1649 principatum
2839 1596 2853 1645 ;
2876 1582 3005 1650 quia
3032 1581 3116 1635 vir
3136 1580 3365 1651 quisque
3387 1582 3682 1652 perfectus,

2103 1684 2169 1725 ac
2193 1670 2483 1725 virtutibus
2509 1680 2915 1726 consummatus
2956 1671 3105 1727 novit
3128 1672 3195 1727 de
3222 1673 3448 1743 singulis
3472 1685 3679 1730 rectum

421 1780 597 1825 scunt.
652 1771 833 1825 Sancti
884 1786 1011 1825 vero
1058 1771 1294 1841 quique,
1349 1784 1413 1823 ac
1456 1770 1611 1839 justi,
1658 1768 1806 1823 velut
1851 1768 2000 1822 arida
2034 1755 2079 1814 Β
2106 1760 2347 1831 proferre
2366 1762 2647 1833 judicium.
2678 1763 2831 1819 Sicut
2867 1764 3152 1834 Apostolus
3179 1765 3291 1821 ait:
3322 1783 3341 1817 ι
3382 1767 3688 1837 Spiritualis

422 1863 589 1915 Deum
623 1862 830 1923 sitiunt,
859 1871 913 1914 et
956 1872 1210 1930 tanquam
1248 1859 1397 1915 ferax
1447 1870 1593 1912 terra
1624 1858 1861 1913 virentes
1900 1858 1998 1913 bo-

421 1966 610 2005 norum
647 1965 868 2019 operum
899 1950 1104 2005 fructus
1132 1952 1436 2021 germinare
1460 1950 1812 2005 contendunt.
1845 1948 2003 2003 Ideo-

420 2056 525 2109 que
574 2041 817 2111 przecipit
851 2041 1011 2103 Deus,
1062 2051 1121 2093 ut
1163 2042 1352 2095 eodem
1383 2039 1469 2093 die
1495 2040 1825 2109 germinaret
1860 2048 2001 2093 terra

422 2132 644 2185 herbam
675 2133 959 2196 virentem,
993 2131 1275 2185 facientem
1309 2146 1493 2185 semen
1514 2171 1529 2196 ,
1558 2140 1613 2185 et
1653 2130 1854 2201 lignum
1902 2145 2000 2199 po-

421 2221 671 2274 miferum
705 2221 907 2275 faciens
933 2220 1187 2274 fructum.
1214 2220 1617 2291 Quisquisergo
1641 2221 1755 2275 haec
1774 2220 2004 2276 solerter

419 2314 769 2382 exsequitur,
798 2313 1044 2381 quisquis
1087 2312 1199 2366 haec
1242 2312 1510 2365 subtiliter
1540 2312 1848 2378 meditatur,
1879 2312 2002 2366 huic

419 2406 605 2477 procul
641 2407 802 2461 dubio
829 2408 1020 2461 tertius
1034 2405 1146 2474 jam
1174 2407 1289 2461 dies
1318 2407 1581 2461 exoritur.
1622 2406 2001 2477 Unusquisque

419 2512 549 2565 ergo
594 2512 652 2551 se
698 2497 764 2550 ab
811 2514 993 2551 amara
1049 2499 1342 2552 carnaliter
1369 2499 1691 2568 sapientium
1732 2500 2001 2570 salsugine

420 2587 655 2652 dividat;
687 2588 891 2642 fontem
924 2590 1045 2642 vitm
1072 2590 1261 2654 Deum,
1294 2588 1469 2643 factus
1492 2590 1663 2654 arida,
1693 2590 2003 2646 medullitus

420 2680 586 2743 sitiat,
624 2681 887 2735 bonorum
920 2681 1190 2735 fructuum
1213 2664 1471 2751 germina
1504 2681 1779 2751 proferat;
1814 2692 1871 2737 ut
1897 2684 2002 2739 sibi

419 2772 535 2826 dies
568 2774 754 2826 tertius
784 2772 1076 2826 illucescat.

492 2861 586 2915 llis
616 2863 757 2915 enim
804 2862 875 2915 ita
911 2862 1246 2931 compositis,
1292 2870 1345 2917 et
1384 2862 1673 2918 salubriter
1714 2862 1998 2927 ordinatis,

417 2954 522 3025 61
554 2956 729 3008 anima
766 2955 1022 3020 hominis,
1054 2955 1207 3025 quasi
1238 2955 1455 3009 dimotis
1495 2964 1657 3024 atque
1702 2956 1893 3024 sopitis
1924 2964 2003 3009 te-

420 3048 604 3101 nebris
651 3047 939 3111 vitiorum,
987 3046 1175 3115 incipit
1222 3046 1437 3100 radiare
1494 3048 1671 3101 nitore
1718 3048 1994 3101 virtutum.

2104 1858 2284 1906 autem
2314 1851 2521 1920 judicat
2539 1852 2743 1918 omnia,
2790 1854 2904 1923 ipse
2944 1862 3123 1908 autem
3172 1869 3203 1909 a
3232 1856 3448 1912 nemine
3479 1856 3690 1926 judica-

2105 1953 2192 1998 tur
2211 1943 2264 2014 (1
2290 1944 2413 1998 Cor.
2436 1944 2519 2016 ιι).
2563 1964 2582 1998 ι
2609 1944 2746 2000 Hinc
2772 1947 2953 2015 itaque
2979 1947 3120 2002 Deus
3146 1948 3483 2018 omnipoth
3510 1952 3685 2006 virum

2103 2036 2302 2091 mundo
2353 2035 2561 2091 scilicet
2605 2046 2899 2102 mortuum,
2939 2037 3149 2108 sibique
3196 2040 3480 2108 viventem,
3529 2059 3688 2097 suum

2103 2129 2383 2183 constituit
2413 2130 2689 2195 thronum,
2725 2146 2791 2184 ac
2832 2146 2928 2199 per
2962 2146 3088 2185 eum
3133 2147 3275 2202 saepe
3317 2132 3539 2203 iustitia:
3575 2150 3690 2190 sua:

2102 2220 2407 2291 promulgat
2434 2221 2689 2277 edictum.
2741 2221 2877 2279 Hinc
2908 2223 3201 2287 estetiatn,
3234 2225 3377 2294 quod
3421 2226 3555 2281 ordo
3599 2226 3689 2281 ille

2104 2310 2376 2380 angelicus
2401 2325 2498 2379 per
2525 2325 2685 2379 quem
2711 2309 3048 2381 frequentius
3085 2311 3287 2379 judicia
3318 2329 3414 2369 sua
3443 2315 3690 2370 decernit

2102 2402 2442 2471 omnipotens
2472 2403 2630 2469 Deus,
2657 2404 2880 2458 thronus
2905 2415 3125 2458 volatur
3150 2424 3162 2457 :
3186 2407 3310 2475 quia
3339 2406 3390 2459 in
3420 2408 3499 2461 eis
3533 2421 3685 2462 sum-

2105 2507 2224 2546 mus
2248 2493 2453 2547 arbiter
2479 2495 2750 2563 praesidet,
2775 2510 2898 2549 cum
2937 2496 3136 2565 judicia
3166 2512 3260 2565 per
3282 2512 3377 2552 eos
3417 2499 3688 2568 aequitatis

2103 2592 2339 2637 exercet.
2369 2582 2670 2638 Perfectum
2704 2585 2883 2655 itaque
2913 2587 3088 2640 virum
3121 2587 3261 2641 Deus
3288 2604 3443 2642 suum
3486 2591 3687 2644 consti-

2106 2674 2203 2729 tuit
2231 2674 2443 2739 solium,
2493 2688 2552 2730 ut
2582 2677 2632 2730 in
2660 2692 2725 2731 eo
2766 2677 3003 2732 suaviter
3037 2690 3357 2748 requiescat.
3391 2680 3543 2736 Unde
3590 2697 3686 2752 per

2103 2770 2421 2839 prophetam
2448 2789 2460 2824 :
2492 2790 2510 2822 ί
2545 2772 2719 2844 Super
2752 2788 2931 2843 quem,
2962 2775 3152 2843 inquit.
3186 2779 3485 2846 requiescet
3514 2780 3689 2850 Spiri-

2106 2870 2192 2916 tus
2219 2876 2391 2924 meus.
2415 2863 2514 2917 nisi
2542 2879 2704 2933 super
2730 2864 3007 2929 humilem,
3037 2875 3091 2920 et
3112 2877 3472 2935 mansuetum,
3494 2879 3550 2925 et
3579 2880 3689 2926 tre-

2102 2962 2335 3007 mentem
2368 2967 2648 3009 sermones
2677 2957 2867 3010 meos?
2902 2975 2919 3006 ι
2956 2956 3093 3028 (lsa.
3126 2960 3297 3030 var.)

2175 3042 2244 3097 Et
2270 3044 2586 3109 notandum,
2618 3047 2757 3115 quod
2786 3063 2882 3117 per
2904 3064 3337 3122 unumquemque
3377 3053 3517 3107 diem
3547 3054 3687 3110 dici-

417 3135 597 3205 Atque
626 3138 746 3190 ideo
773 3137 991 3201 dicitur,
1023 3105 1146 3204 quia
1172 3145 1364 3205 quarto
1394 3136 1481 3191 die
1506 3135 1646 3191 facta
1676 3146 1803 3191 sunt
1837 3136 1997 3191 lumi-
2026 3105 2071 3167 C
2106 3142 2229 3187 tur:
2257 3133 2478 3188 Factum
2505 3146 2588 3190 est
2616 3105 2856 3206 vespere,
2887 3147 2943 3192 et
2969 3105 3164 3196 mane:
3200 3105 3419 3211 vespere
3438 3144 3545 3214 62
3575 3146 3685 3198 sci-

422 3228 572 3281 naria
604 3228 656 3280 in
690 3227 1030 3282 lii-maniculo
1059 3227 1202 3281 caeli.
1245 3228 1382 3294 Quid
1418 3236 1500 3282 est
1521 3228 1664 3281 enim
1697 3229 1822 3298 quia
1852 3229 2003 3298 prius

418 3319 687 3388 germinat
722 3329 886 3382 terra,
919 3329 972 3373 et
1021 3321 1267 3389 protinus
1312 3320 1596 3374 luminaria
1628 3330 1753 3375 sunt
1794 3331 1999 3387 creata,

422 3410 524 3464 nisi
571 3410 694 3479 quia
744 3410 1041 3487 prodeunte
1082 3412 1323 3480 germine
1370 3412 1494 3467 boni
1548 3412 1750 3482 operis,
1800 3411 1889 3465 lux
1944 3413 2000 3467 in

422 3500 601 3554 anima
631 3501 900 3570 copiosior
928 3502 1123 3566 oritur,
1158 3511 1215 3557 ut
1240 3502 1437 3556 imitari
1465 3502 1641 3557 valeat
1664 3505 1746 3559 sui
1780 3506 2000 3576 vestigia

425 3592 845 3661 Redemptoris?
876 3593 1154 3649 Acceleret
1191 3610 1322 3663 ergo
1354 3606 1495 3648 terra
1527 3595 1725 3651 mentis
1754 3597 2003 3653 humana:

419 3683 781 3751 spiritualium
813 3693 1053 3752 segetum
1081 3684 1386 3753 germinare
1415 3695 1755 3754 proventum,
1793 3696 1853 3741 ut
1874 3688 2003 3743 ruti-

420 3773 657 3827 lantibus
703 3775 904 3827 intima:
953 3775 1090 3828 lucis
1143 3776 1305 3829 radiis
1355 3775 1685 3842 illustretur;
1737 3789 2004 3845 quatenus

422 3866 551 3919 dum
596 3866 771 3933 quarti
804 3866 907 3918 diei
955 3866 1073 3919 luce
1105 3864 1425 3933 perfruitur,
1461 3867 1624 3919 etiam
1666 3867 1732 3919 ad
1758 3878 2001 3922 contem-

419 3955 614 4026 planda
668 3955 911 4009 cwlestia
964 3970 1114 4009 more
1161 3954 1521 4024 spiritualium
1572 3958 1849 4013 volucrum
1916 3976 1999 4014 ra-

420 4047 620 4118 piatur.

495 4137 646 4195 Unde
680 4145 781 4199 est,
814 4136 957 4205 quod
985 4137 1036 4190 in
1069 4136 1259 4206 quinto
1297 4135 1383 4189 die
1424 4136 1593 4191 creati
1632 4145 1759 4192 sunt
1788 4139 2001 4208 pisces,

420 4243 520 4299 per
545 4243 681 4296 quos
716 4226 1067 4293 designantur
1098 4226 1132 4280 ii
1165 4226 1257 4294 qui
1290 4226 1628 4296 baptismatis
1667 4241 2002 4287 sacramenta

420 4318 767 4388 suscipiunt;
816 4314 1060 4370 volucres
1089 4316 1273 4378 etiam,
1309 4317 1401 4385 qui
1444 4317 1754 4389 significant
1789 4336 1882 4375 eos
1912 4322 2005 4391 qui

424 4408 683 4463 virtutum
728 4405 917 4475 pennis
959 4405 1025 4458 ad
1061 4404 1302 4459 caelestia
1335 4420 1394 4460 se
1433 4407 1842 4477 contemplanda
1885 4425 2004 4465 sus-

422 4499 680 4571 pendunt.
715 4495 970 4567 Quintum
1011 4511 1141 4567 ergo
1177 4496 1467 4565 diem,cutn
1499 4497 1807 4554 volucribus
1840 4500 2001 4557 habet

422 4589 690 4661 quisquis,
720 4588 901 4641 szeculi
936 4587 1093 4658 hujus
1131 4604 1318 4644 amore
1345 4597 1677 4660 contempto,
1719 4592 1873 4661 quasi
1903 4593 2002 4647 de-

423 4682 677 4751 dignatur
705 4693 918 4733 cmuum
951 4678 1163 4733 calcare
1196 4688 1488 4742 terrenum,
1531 4696 1596 4736 ac
1630 4694 1728 4751 per
1754 4692 2001 4739 contem-

425 4771 678 4844 plationis
705 4771 935 4836 gratiam
978 4772 1044 4824 ad
1073 4771 1307 4826 cmlestis
1334 4772 1516 4841 gloria:
1554 4788 1613 4827 se
1636 4775 1885 4842 provehit
1907 4791 2003 4845 ap-

426 4862 677 4931 petitum.
720 4859 818 4914 llic
860 4860 1042 4930 itaque
1070 4876 1178 4916 non
1208 4860 1322 4930 jam
1355 4864 1407 4916 in
1439 4872 1582 4918 terra
1610 4864 1875 4933 graditur,
1906 4867 2001 4922 sed

426 4970 523 5025 per
556 4968 735 5009 aerem
790 4953 931 5006 volat
955 4971 968 5009 :
994 4954 1117 5022 quia
1153 4964 1364 5009 terrena
1407 4969 1635 5022 qumque
1676 4955 2001 5026 despiciens,

426 5046 492 5098 ad
528 5046 769 5100 cmlestia
809 5046 1113 5100 sitibundus
1158 5045 1394 5101 anhelat.
1425 5065 1442 5098 ι
1483 5045 1687 5112 Sitivit,
1732 5049 2001 5118 inquiens,

428 5140 603 5190 anima
637 5154 754 5191 mea
782 5139 849 5190 ad
880 5137 1046 5191 Deum
1079 5137 1283 5192 fontem
1307 5138 1741 5209 vivum;quando
1766 5142 2003 5207 veniam,

430 5234 482 5277 ct
513 5226 780 5295 apparebo
810 5236 935 5280 ante
962 5225 1153 5281 faciem
1186 5226 1317 5282 Dei?
1341 5248 1358 5281 ι
1389 5225 1563 5297 (Paul.
1594 5230 1727 5301 xu).
1752 5230 1850 5287 llic
1876 5248 2005 5304 ergo

433 5318 584 5383 quasi
615 5319 697 5369 vir
724 5317 992 5386 perfectus
1031 5319 1097 5372 ad
1128 5320 1211 5373 sui
1238 5320 1547 5375 ("Jouditoris
1574 5321 1767 5375 merito
1804 5320 2008 5376 forma-

434 5417 521 5457 tur
545 5408 855 5476 imaginem,
880 5408 1133 5461 nimirum
1151 5409 1244 5478 qui
1265 5418 1466 5465 tantam
1484 5404 1849 5475 spiritualium
1871 5403 2003 5458 cha'

434 5501 716 5551 risiuatuin
762 5499 1001 5564 possidet
1030 5500 1370 5567 dignitatem,
1412 5509 1469 5554 ut
1497 5514 1603 5555 non
1641 5497 1753 5568 jam
1793 5496 2001 5553 solum-

433 5590 593 5643 modo
664 5593 1031 5660 quorumlibet
1096 5608 1334 5645 normam
1409 5592 1753 5663 praecipiatur
1819 5601 2003 5645 tenere

431 5691 766 5751 sanctorum,
810 5682 906 5740 sed
936 5689 992 5739 et
1030 5683 1201 5751 ipsum
1234 5681 1353 5749 Dei,
1387 5683 1439 5737 in
1470 5691 1730 5753 quantum
1769 5684 1847 5739 fas
1891 5689 1996 5748 est,

2099 3223 2225 3279 licet
2253 3224 2367 3295 ipsa
2396 3226 2517 3280 boni
2553 3228 2733 3296 operis
2772 3236 2855 3282 est
2893 3227 3170 3298 perfectio,
3224 3246 3380 3286 mane
3423 3248 3552 3287 vero
3592 3233 3689 3289 lux

2100 3315 2317 3370 mentis.
2344 3315 2476 3370 Nam
2499 3331 2621 3371 cum
2649 3316 2847 3371 bonum
2876 3334 3010 3387 opus
3034 3321 3277 3389 pervenit
3305 3322 3371 3374 ad
3398 3321 3685 3391 perfectio-

2100 3420 2247 3469 nem,
2282 3414 2408 3460 tunc
2434 3405 2487 3460 in
2526 3409 2803 3475 operantis
2833 3417 3010 3462 mente
3048 3408 3139 3462 lux
3169 3411 3356 3479 gratia:
3386 3412 3685 3479 spiritualis

2100 3499 2383 3563 exoritur;
2416 3508 2475 3552 ut
2501 3498 2626 3552 dum
2656 3515 2791 3569 opus
2818 3498 2950 3555 foris
2975 3502 3309 3571 exsequitur,
3362 3503 3687 3560 intrinsecus

2101 3588 2217 3659 ipse
2238 3589 2413 3660 gratia
2446 3588 2683 3659 Spiritus
2712 3590 3028 3645 illustretur.

2164 3677 2265 3733 Sic
2307 3679 2488 3748 itaque
2516 3680 2828 3750 pervenitur
2854 3680 2923 3735 ad
2965 3681 3284 3747 Sabbatum,
3314 3682 3366 3737 in
3393 3699 3498 3753 quo
3542 3685 3688 3742 Deus

2101 3778 2157 3823 et
2180 3769 2296 3839 ipse
2318 3771 2707 3826 consummatis
2727 3771 2979 3841 operibus
3001 3772 3310 3841 requiescit,
3334 3784 3389 3828 et
3410 3776 3683 3832 hominem

2103 3861 2447 3929 requiescere
2490 3862 2752 3931 praecipit.
2794 3860 2908 3925 Hoc
2934 3863 3118 3932 itaque
3157 3862 3316 3919 modo
3344 3873 3400 3919 et
3428 3866 3588 3921 homo
3623 3866 3686 3922 fit

2105 3950 2397 4005 Sabbatum
2427 3951 2545 4017 Dei,
2574 3961 2630 4007 et
2648 3972 2651 3995 κ
2677 3953 2819 4007 Deus
2844 3952 3137 4008 Sabbatum
3171 3955 3405 4011 hominis
3429 3972 3446 4022 ;
3476 3972 3599 4012 cum
3629 3967 3689 4013 et

2103 4040 2219 4110 ipse
2246 4041 2300 4095 in
2336 4042 2467 4107 Deo,
2496 4051 2551 4098 et
2580 4043 2721 4098 Deus
2747 4045 3039 4114 requiescit
3067 4046 3120 4100 in
3146 4061 3231 4101 eo.
3273 4065 3293 4099 ε
3346 4046 3575 4113 Manete,
3602 4050 3690 4104 iu-

2103 4132 2239 4200 quit,
2265 4132 2317 4187 in
2348 4147 2432 4187 me
2460 4142 2514 4186 et
2534 4147 2635 4204 ego
2672 4134 2726 4188 in
2755 4136 2906 4189 vobis
2926 4135 3109 4207 (Joan.
3135 4148 3247 4208 ιν).
3289 4156 3308 4190 ι
3339 4137 3455 4209 Ipse
3478 4140 3685 4210 quippe

2106 4223 2261 4277 nobis
2288 4234 2344 4277 et
2372 4223 2722 4292 intemporale
2738 4234 2973 4295 tempus,
3015 4236 3070 4283 et
3117 4226 3341 4285 illocalis
3380 4238 3467 4285 est
3510 4230 3685 4287 locus-

2105 4311 2333 4368 lllucalis
2351 4314 2577 4377 scilicet,
2606 4314 2730 4383 quia
2756 4332 2861 4371 non
2888 4318 3389 4385 circumscribitur;
3418 4319 3691 4391 intempo-

2107 4403 2257 4469 ralis,
2278 4404 2403 4474 quia
2426 4420 2699 4476 nunquam
2724 4407 2925 4463 linitur.
2949 4407 3184 4479 Tempus
3202 4410 3383 4480 itaque
3403 4412 3557 4467 nobis
3574 4423 3687 4480 est,

2105 4495 2233 4551 dum
2260 4496 2389 4552 dicit
2413 4514 2427 4551 :
2448 4515 2466 4549 ι
2487 4497 2673 4554 Nonne
2697 4500 2975 4555 duodecim
2991 4500 3139 4555 horae
3163 4500 3440 4556 suntdiei?
3459 4519 3478 4555 ι
3498 4501 3683 4572 (Joan.

2105 4588 2209 4658 XI.)
2236 4588 2307 4643 Se
2333 4589 2539 4645 scilicet
2564 4590 2727 4655 diem,
2748 4590 3028 4646 duodecim
3064 4600 3244 4647 autem
3278 4594 3439 4651 horas
3462 4595 3684 4650 tetidem

2104 4678 2236 4734 dicit
2264 4681 2555 4749 apostolos.
2574 4680 2748 4735 Locus
2766 4697 2897 4735 vero
2922 4680 3031 4735 illic
3051 4681 3416 4738 indubitanter
3428 4686 3689 4755 eXprimi-

2106 4781 2210 4836 tur,
2230 4772 2317 4827 ubi
2341 4771 2605 4842 Propheta
2627 4788 2749 4826 cum
2770 4772 3117 4841 praemisisset
3144 4791 3156 4828 :
3185 4792 3204 4826 ι
3239 4774 3318 4830 Tu
3339 4784 3517 4830 autem
3540 4776 3685 4831 idem

2103 4862 2218 4932 ipse
2241 4878 2319 4927 es,
2343 4872 2399 4917 et
2421 4865 2545 4917 anui
2570 4864 2642 4915 tui
2665 4877 2769 4917 non
2799 4862 3086 4929 deficient;
3122 4882 3141 4915 ι
3169 4865 3412 4934 protinus
3444 4865 3683 4921 addidit:

2112 4972 2130 5002 ι
2155 4952 2276 5008 Filii
2309 4968 2587 5007 servorum
2629 4962 2840 5007 tuorum
2888 4952 3202 5008 habitabunt
3243 4954 3315 5007 ibi
3338 4951 3507 5023 (Paul.
3534 4952 3629 5026 αι),
3655 4975 3680 5007 ι

2107 5042 2247 5097 haud
2268 5040 2489 5101 dubium
2510 5042 2640 5112 quin
2671 5043 2722 5096 in
2757 5052 2825 5097 te.
2848 5042 3001 5098 Fecit
3029 5044 3212 5113 itaque
3242 5044 3378 5099 Deus
3404 5044 3597 5099 caelum
3623 5056 3690 5099 et

2108 5141 2327 5195 terram,
2356 5141 2413 5185 et
2437 5133 2764 5201 requievisse
2784 5148 2889 5189 non
2917 5135 3115 5190 dicitur
3136 5152 3150 5188 :
3177 5134 3304 5190 fecit
3324 5135 3689 5205 germinantia

2106 5232 2265 5276 terrae
2292 5230 2348 5277 et
2373 5222 2655 5278 luminaria
2683 5224 2827 5289 cadi,
2856 5235 2910 5281 et
2944 5229 3273 5297 requievisse
3307 5245 3414 5283 non
3441 5228 3637 5285 dicitur
3667 5247 3685 5283 :

2104 5312 2233 5367 fecit
2250 5313 2431 5368 omnia
2457 5327 2577 5383 qua
2597 5326 2891 5383 pascuntur
2915 5317 2968 5371 in
2993 5319 3174 5382 terris,
3211 5320 3287 5373 vel
3323 5335 3442 5388 quae
3464 5335 3694 5375 moven-

2108 5407 2199 5454 tur
2228 5400 2281 5454 in
2311 5402 2487 5469 aquis.
2514 5411 2571 5455 et
2600 5401 2652 5455 iu
2688 5402 2941 5458 omnibus
2964 5402 3050 5458 his
3074 5417 3342 5472 nusquam
3378 5404 3573 5473 legitur
3596 5420 3697 5458 re-

2107 5493 2413 5563 quievisse;
2440 5494 2532 5550 sed
2553 5494 2820 5565 plasmate
2843 5494 2911 5549 ad
2936 5495 3223 5566 imaginem
3250 5511 3406 5551 suam
3438 5496 3692 5563 homine,

2112 5586 2408 5642 Sabbatum
2433 5588 2675 5657 protinus
2695 5587 2893 5657 quietis
2915 5586 3110 5655 illuxit,
3135 5599 3189 5643 et
3209 5590 3289 5643 sic
3311 5590 3699 5647 universitatis

2104 5678 2370 5737 Conditor
2396 5680 2686 5753 requievit;
2715 5692 2918 5736 etcum
2960 5682 3076 5753 ipse
3106 5697 3202 5754 per
3239 5681 3558 5754 prophetam
3591 5679 3697 5737 di-
