4078 6202
374 341 479 396 265

1607 325 1806 381 LIBER
1845 323 2225 390 SECUNDUS,
2263 322 2480 380 EPIST.
2514 322 2577 376 V.

3515 321 3620 377 266

372 462 496 510 eat:
533 469 552 502 ι
586 450 792 504 bunum
838 446 972 501 mihi
1010 452 1165 500 sedes
1193 451 1302 506 est,
1343 450 1490 497 terra
1525 449 1704 495 autem
1743 439 1945 495 seabel-
1973 446 2023 502 Λ
2048 437 2319 492 Creatoris
2361 437 2445 490 sui
2474 435 2596 490 luce
2621 431 2936 504 perfruitur,
2961 446 3082 501 quin
3129 432 3478 489 vernantihus
3505 435 3619 489 vir-

373 543 484 598 lum
512 540 707 609 pedum
736 550 981 590 meorum
1011 532 1147 604 (Isa.
1180 533 1370 601 vat);
1408 550 1431 582 δ
1461 530 1604 599 quod
1650 530 1708 583 in
1736 529 1948 582 illorum

372 629 686 689 ceiiditione
725 642 829 680 non
875 625 1093 688 dicitur,
1135 623 1186 677 in
1218 621 1329 677 sola
1366 621 1603 676 hominis
1646 619 1953 674 conditione

372 718 647 789 quievisse
665 714 980 786 perhibetur
1006 730 1022 778 ;
1053 722 1108 768 et
1128 722 1184 766 ut
1206 711 1376 781 magis
1403 726 1469 765 ac
1490 710 1660 781 magis
1687 709 1950 778 insignem

371 801 537 879 hujus
557 809 666 864 diei
687 817 910 878 stupeas
925 805 1267 875 dignitatem,
1283 803 1411 858 dicit
1431 801 1708 870 Scriptura
1734 817 1752 854 ι
1779 819 1796 850 ‹
1815 799 1952 866 Quia

373 898 658 956 benedixit
687 897 832 959 Deus
858 893 1235 964 dieiseptimo,
1277 899 1335 946 et
1378 889 1736 944 sanctifieavit
1780 887 1952 954 illum,

374 990 503 1060 quia
538 989 591 1042 in
619 987 736 1055 ipso
761 992 1067 1040 cessaverat
1104 982 1174 1036 ab
1204 981 1453 1035 universo
1481 993 1644 1048 opere
1669 992 1768 1032 suo
1796 977 1952 1048 (Gen.

371 1081 437 1151 ιι)
456 1098 474 1133 :
509 1099 529 1132 ι
565 1079 709 1148 quod
735 1077 789 1132 in
819 1076 1024 1132 caeteris
1047 1073 1241 1128 diebus
1288 1071 1481 1126 fecisse
1506 1069 1654 1125 nullo
1679 1068 1838 1124 modo
1864 1083 1953 1123 re-

375 1171 610 1242 peritur.
637 1168 780 1237 Quid
815 1177 900 1222 est
943 1165 1089 1220 enim
1132 1163 1244 1218 Deo
1270 1161 1566 1216 Sabbatum
1593 1159 1954 1223 sanctificare,

374 1261 485 1317 nisi
527 1260 781 1326 templum
811 1255 1028 1311 sibimet
1071 1254 1124 1306 in
1171 1251 1346 1306 sancti
1387 1259 1549 1319 atque
1595 1247 1819 1318 perfecti
1852 1247 1956 1302 viri

378 1362 562 1406 meme
608 1357 920 1404 construere
945 1342 968 1397 τ
991 1343 1144 1399 Sicut
1170 1352 1226 1398 et
1253 1341 1574 1411 Apostolus:
1599 1358 1622 1392 ι
1652 1338 1955 1408 Templum,

375 1444 481 1506 ait,
513 1442 626 1505 Dei,
661 1440 803 1509 quod
827 1437 958 1493 estis
985 1451 1104 1500 vos,
1125 1443 1182 1490 et
1225 1432 1460 1504 Spiritus
1498 1438 1720 1487 sanctus
1748 1428 1959 1485 habitat

377 1536 435 1591 in
461 1533 618 1588 vobis
644 1531 695 1602 (1
725 1531 851 1585 Cor.
876 1528 980 1598 ιιι).
1017 1546 1038 1582 ι

444 1624 614 1680 Porro
638 1631 819 1676 autem
845 1620 985 1676 sicut
1007 1617 1077 1673 de
1095 1616 1334 1673 Sabbato
1357 1615 1609 1679 diximus,
1647 1613 1720 1667 ita
1747 1624 1969 1681 quoque

379 1713 520 1769 ratio
571 1712 742 1782 exigit
787 1721 848 1765 ut
896 1709 964 1764 de
995 1706 1197 1778 templo
1227 1707 1474 1760 dicamus
1497 1744 1517 1769 ,
1555 1703 1685 1774 quia
1713 1710 1771 1756 et
1814 1702 1957 1756 Deus

2056 535 2228 581 tutum
2261 522 2620 596 spiritualium
2653 521 2987 593 germinibus
3014 523 3318 588 decoratur,
3348 539 3509 593 quam
3533 527 3616 582 de-

2053 615 2217 684 nique
2240 614 2360 670 fons
2381 613 2655 682 sapientia:
2674 610 3059 682 profluentibus
3082 627 3147 665 ex
3173 627 3233 667 se
3253 621 3484 682 quatuor
3503 630 3623 685 gur-

2053 707 2254 776 gitibus
2290 706 2501 776 irrigat,
2528 715 2690 773 atque
2709 701 2776 756 ad
2817 701 3186 778 proferendos
3204 705 3463 759 honorum
3499 721 3627 774 ope-

2055 811 2174 850 rum
2213 795 2420 850 fruetus
2452 794 2687 849 cwlestis
2728 791 2914 863 gratia:
2945 791 3164 846 madore
3190 790 3442 848 fecundat
3472 813 3485 848 :
3511 796 3629 852 hinc

2053 884 2238 956 procul
2261 885 2420 940 dubio
2458 883 2764 953 paradisus,
2788 885 2904 938 hate
2941 893 3022 938 est
3066 884 3254 938 hortus
3287 882 3629 953 deliciarum,

2054 977 2122 1031 de
2139 991 2244 1045 qua
2257 977 2516 1032 Dominus
2535 991 2630 1046 per
2644 976 2835 1031 Isaiam
2850 976 3008 1030 dicit:
3033 997 3048 1026 ι
3071 977 3351 1032 Effundam
3375 979 3628 1050 spiritum

2053 1077 2232 1119 meum
2258 1079 2418 1134 super
2443 1079 2628 1120 semen
2675 1075 2848 1130 tuum,
2886 1073 2942 1121 et
2976 1063 3406 1122 benedictionem
3450 1083 3631 1124 meam

2054 1169 2217 1224 super
2265 1156 2488 1225 stirpem
2541 1165 2706 1219 tuam,
2735 1164 2790 1210 et
2829 1156 3207 1228 germinahunt
3244 1159 3385 1216 inter
3432 1161 3634 1218 herbas

2053 1245 2206 1315 quasi
2223 1245 2415 1313 salices
2433 1243 2588 1312 juxta
2620 1245 3040 1315 prieterfluentes
3070 1262 3237 1316 aquas
3258 1247 3392 1319 (Ira.
3422 1250 3620 1322 xuv).i

2055 1337 2208 1392 Tunc
2233 1337 2333 1402 illi,
2365 1339 2505 1406 quod
2535 1353 2631 1406 per
2653 1337 2790 1394 Osee
2816 1340 3130 1408 prophetam
3156 1342 3509 1410 promittitur,
3545 1343 3628 1400 ef-

2055 1427 2296 1483 ficaciter
2307 1429 2690 1499 adimpleturzt
2724 1430 2829 1486 Ero
2858 1433 3012 1501 quasi
3038 1447 3152 1497 ros,
3171 1433 3335 1489 Israel
3358 1438 3630 1506 germina-

2055 1519 2137 1575 bit
2170 1519 2324 1589 quasi
2373 1519 2571 1584 lilium,
2595 1531 2651 1576 et
2676 1532 2923 1592 erumpet
2957 1524 3108 1579 radix
3139 1524 3252 1593 ejus
3281 1535 3342 1582 ut
3392 1527 3582 1584 Libani
3614 1549 3634 1586 ι

2059 1607 2210 1662 ibunt
2238 1609 2374 1663 rami
2399 1607 2535 1678 ejus,
2564 1619 2619 1664 et
2658 1611 2763 1664 erit
2810 1612 2965 1680 quasi
3012 1612 3154 1668 oliva
3202 1614 3370 1684 gloria
3416 1616 3558 1686 ejus.
3579 1630 3637 1675 et

2057 1697 2193 1752 odor
2220 1698 2335 1767 ejus
2361 1709 2421 1754 ut
2447 1700 2657 1755 Libani.
2685 1701 3077 1758 Convertentur
3101 1707 3346 1761 sedentes
3363 1707 3414 1762 in
3442 1712 3636 1766 umbra

305 1841 312 1850 .
389 1801 647 1871 templum
675 1799 927 1865 hominis,
953 1806 1008 1853 et
1044 1799 1204 1852 homo
1231 1804 1316 1851 est
1360 1794 1621 1863 templum
1651 1792 1777 1856 Dei;
1823 1792 1963 1847 sicut
1990 1783 2036 1843 Β
2063 1788 2212 1856 ejus;
2240 1791 2421 1846 vivent
2469 1792 2671 1857 tritico,
2705 1801 2761 1847 et
2810 1787 3185 1863 germinahunt
3236 1797 3391 1865 quasi
3431 1799 3638 1867 vinea;

382 1894 444 1948 in
469 1891 788 1962 Apocalypsi
832 1888 1058 1944 Joannis
1079 1888 1314 1943 dicitur:
1344 1905 1364 1937 ι
1394 1884 1676 1954 Templum
1705 1897 1815 1938 non
1849 1881 1956 1936 vidi

376 1985 440 2040 in
461 1998 548 2039 ea.
583 1983 842 2038 Dominus
872 1980 1013 2036 enim
1044 1980 1184 2035 Deus
1226 1977 1564 2047 omnipotens
1596 1974 1851 2043 templum
1894 1972 1960 2027 ιι-

375 2072 484 2126 lius
523 2079 631 2135 est,
670 2078 725 2124 et
764 2084 936 2139 agnus
978 2068 1159 2138 (Apoc.
1207 2066 1342 2136 xxi).
1379 2083 1397 2116 ι
1451 2063 1731 2131 Templum
1779 2062 1962 2130 itaque

379 2160 620 2216 hominis
647 2160 820 2224 Deus,
848 2158 1105 2228 templum
1131 2157 1227 2212 Dei
1255 2157 1315 2211 fit
1341 2156 1518 2212 homo.
1566 2153 1683 2210 Hoc
1726 2152 1962 2209 hominis

379 2251 645 2322 [amplum
687 2249 988 2321 spiritualis
1033 2256 1118 2304 cst
1170 2247 1492 2317 paradisus,
1546 2257 1704 2300 mens
1758 2243 1962 2299 scilicet

377 2349 591 2403 sancta,
639 2353 793 2393 mens
837 2337 1101 2407 perfecta,
1148 2349 1301 2390 mens
1327 2334 1550 2398 munda,
1590 2341 1753 2402 atque
1780 2332 1847 2387 ad
1878 2332 1962 2386 sui

372 2429 689 2484 Conditoris
718 2429 1002 2499 imaginem
1046 2428 1322 2498 signanter
1365 2439 1640 2494 expressa.
1687 2423 1836 2486 Haec,
1877 2421 1961 2476 in-

377 2536 566 2590 quam,
594 2536 766 2582 mens,
793 2520 908 2574 sive
931 2517 1212 2572 rationalis
1245 2517 1444 2578 anima,
1469 2516 1592 2586 jure
1621 2515 1820 2570 dicitur
1863 2528 1961 2583 pa-

377 2612 618 2676 radisus,
647 2627 768 2681 qua:
790 2619 848 2666 et
869 2610 1164 2665 caelestium
1193 2609 1582 2663 charismatum
1616 2615 1700 2660 est
1745 2603 1965 2659 fluentis

377 2701 606 2772 irrigua,
638 2704 694 2755 et
741 2710 994 2770 tanquam
1043 2699 1301 2754 fertilium
1339 2699 1592 2752 arborum
1631 2695 1716 2750 vel
1765 2695 1964 2750 herba-

379 2804 524 2856 rum,
553 2789 636 2844 sic
660 2777 961 2844 virentibus
988 2797 1298 2842 sanctarum
1334 2787 1591 2841 virtutum
1631 2793 1819 2838 vernat
1846 2799 1966 2853 ger-

379 2876 625 2932 minibus
641 2876 922 2931 adornata.
952 2875 1097 2948 Fons
1129 2875 1280 2930 enim
1308 2875 1416 2939 ille,
1456 2874 1570 2928 sive
1597 2872 1824 2936 fluvius,
1873 2872 1967 2940 qui

381 2966 495 3022 illic
519 2969 716 3021 dicitur
739 2967 918 3037 egredi
957 2969 1022 3020 de
1060 2967 1178 3020 loco
1207 2966 1496 3034 voluptatis
1521 2965 1590 3018 ad
1636 2963 1966 3032 irrigandum

381 3057 719 3128 paradisum,
746 3057 944 3126 quique
968 3055 1223 3112 dividitur
1250 3057 1300 3107 in
1345 3062 1575 3122 quatuor
1604 3053 1799 3120 capita,
1829 3050 1968 3104 ratio

2059 1883 2374 1938 memoriale
2425 1883 2542 1953 ejus
2598 1885 2743 1940 sicut
2794 1887 2976 1942 vinum
3025 1887 3214 1945 Libani
3243 1891 3392 1960 (Ou.
3433 1894 3568 1964 xrv).
3611 1914 3635 1948 ι

2059 1972 2213 2028 Hanc
2241 1973 2404 2042 igitur
2439 1975 2691 2040 animam,
2718 1975 2857 2031 sicut
2897 1977 2962 2031 de
2989 1978 3226 2034 Sabbato
3251 1979 3470 2052 legitur,
3498 1985 3641 2040 Deus

2058 2061 2405 2131 omnipotens
2429 2062 2727 2116 sanctificat
2755 2072 2811 2118 et
2833 2065 3120 2130 heuedicit,
3151 2077 3202 2140 et
3226 2068 3281 2123 in
3310 2084 3373 2124 ea
3401 2057 3635 2128 delecta.

2057 2150 2239 2207 biliter
2261 2153 2570 2222 requiescit.
2597 2151 2721 2207 Haec
2747 2154 3011 2223 siquidem
3038 2171 3164 2212 vere
3184 2155 3498 2228 Sabbatum,
3526 2164 3642 2220 haec

2061 2241 2340 2312 templum,
2368 2243 2482 2298 haec
2509 2244 2590 2298 sui
2616 2245 2888 2300 Creatoris
2916 2255 2999 2300 est
3018 2250 3404 2307 sanctuarium.

2131 2327 2301 2386 Porro
2327 2339 2507 2386 autem
2546 2331 2685 2387 sicut
2711 2332 3003 2404 Egyptum
3038 2338 3306 2406 percussit
3343 2339 3496 2412 plaga
3523 2358 3638 2398 mu-

2063 2434 2281 2476 scarum
2309 2419 2984 2490 (Exod.vnt).lsraeliticus
3006 2436 3186 2483 autem
3235 2431 3464 2500 populus
3485 2449 3639 2490 acce-

2063 2510 2143 2580 pit
2163 2510 2215 2564 in
2239 2525 2468 2566 munere
2487 2511 2804 2578 Sabbatum,
2830 2514 2904 2568 ita
2925 2530 3139 2585 semper
3158 2527 3216 2572 et
3234 2521 3462 2589 reproba
3489 2539 3644 2581 mens

2064 2598 2218 2652 avide
2240 2613 2336 2669 per
2363 2599 2547 2652 mundi
2605 2599 2763 2669 hujus
2790 2601 2999 2672 negotia
3032 2602 3269 2673 inquieta
3303 2606 3643 2678 diffunditur,

2064 2696 2120 2744 et
2142 2687 2319 2742 anima
2345 2696 2528 2742 sancta
2589 2688 2639 2742 in
2668 2688 2778 2742 sola
2805 2689 2890 2745 sui
2918 2689 3294 2762 Redemptoris
3329 2697 3642 2765 quietudine

2067 2779 2381 2835 delectatur.
2411 2776 2545 2834 flinc
2571 2789 2679 2845 est,
2698 2783 2836 2849 quod
2868 2796 2972 2837 non
3005 2781 3151 2847 alibi,
3175 2784 3267 2840 sed
3299 2786 3350 2840 in
3380 2787 3640 2844 Bcblalha

2068 2884 2162 2923 rex
2197 2867 2482 2938 Babylonis
2505 2869 2743 2923 Sedeeiie
2771 2869 2907 2925 filios
2931 2871 3240 2938 trucidavit,
3272 2882 3325 2928 et
3351 2885 3469 2944 post
3499 2873 3644 2944 ejus-

2069 2960 2189 3014 dem
2235 2960 2420 3014 ocufos
2464 2959 2605 3013 eruit
2633 2958 2738 3028 (1V
2771 2959 2899 3031 Reg.
2933 2963 3104 3034 xxv).
3133 2961 3294 3019 Plane
3327 2967 3451 3021 dum
3492 2967 3640 3022 Scri-

2067 3056 2225 3118 ptura
2267 3062 2422 3102 sacra
2468 3048 2704 3103 Sedeciae
2759 3050 3124 3118 captivitatem
3161 3063 3361 3118 narrat,
3398 3051 3648 3112 ordinem

386 3146 588 3201 mentis
612 3157 729 3213 est,
757 3162 823 3202 ex
872 3161 998 3216 qua,
1042 3144 1186 3200 velut
1231 3141 1476 3214 originali
1515 3141 1684 3205 fonte,
1740 3127 2042 3209 quatuorC
2072 3139 2396 3210 captivitatis
2447 3139 2674 3195 internae
2727 3141 3024 3195 denuntiat.
3082 3139 3197 3196 Rex
3243 3146 3438 3214 quippe
3474 3146 3645 3218 Baby-

313 3289 334 3304 ,
382 3238 869 3306 virtutes.justitia
909 3238 1192 3300 videlicet,
1235 3234 1540 3298 fortitudo,
1591 3232 1877 3302 prudentia
1915 3241 1972 3286 et

385 3328 776 3397 temperantia,
823 3327 976 3398 quasi
1019 3326 1242 3381 totidem
1284 3322 1546 3378 salutiferi
1595 3322 1701 3393 63
1736 3321 1974 3391 gurgites

389 3417 685 3487 profluunt,
713 3418 804 3487 qui
835 3427 1032 3472 terram
1057 3415 1224 3470 nostri
1254 3414 1434 3470 cordis
1455 3412 1688 3468 fertilem
1720 3411 1970 3466 reddunt.

387 3505 621 3577 Lignum
669 3521 798 3561 vero
823 3506 946 3559 vita:
992 3507 1106 3574 ipsa
1146 3504 1410 3559 bonorum
1451 3509 1540 3556 est
1581 3500 1869 3569 sapientia,
1906 3498 1972 3552 de

388 3609 497 3665 qua
545 3604 599 3648 ct
644 3595 894 3648 Salomon
947 3593 1063 3657 ait:
1098 3609 1116 3643 ι
1154 3591 1378 3661 Lignum
1425 3589 1546 3643 vitae.
1598 3597 1682 3642 est
1726 3587 1828 3652 bis,
1879 3587 1972 3656 qui

386 3681 864 3752 apprehenderunt
905 3696 1026 3736 eam
1053 3719 1069 3744 ,
1109 3689 1164 3735 et
1202 3679 1292 3748 qui
1341 3676 1574 3732 tenuerit
1624 3691 1746 3730 eam
1787 3673 1975 3730 beatus

387 3769 574 3841 (Prov.
618 3773 724 3842 ιιι).
762 3793 781 3826 ι
833 3771 1060 3843 Lignum
1103 3786 1234 3824 vero
1275 3767 1515 3824 scientia:
1560 3766 1684 3821 boni
1732 3775 1783 3820 et
1824 3766 1974 3834 mali,

389 3864 752 3936 transgressio
774 3872 856 3918 est
879 3863 1014 3934 legis
1044 3861 1275 3924 indictae,
1305 3859 1844 3928 experimentumque
1869 3857 1972 3910 mi-

387 3953 567 4008 seriae.
597 3953 702 4008 Sed
731 3951 855 4022 quia
881 3953 1034 4008 nobis
1078 3949 1411 4021 propositum
1460 3965 1564 4004 non
1593 3958 1676 4003 est
1702 3963 1974 4018 exponere

387 4050 585 4097 cuncta
629 4055 730 4113 per
769 4042 1041 4105 ordinem,
1085 4040 1313 4095 sunlciat
1355 4037 1468 4093 haec
1511 4039 1805 4104 succincte,
1853 4053 1974 4108 quae

390 4117 531 4186 huic
551 4129 764 4200 negotio
795 4137 1126 4198 competunt,
1153 4126 1479 4196 prmlibasse.

464 4219 772 4275 Notandum
800 4234 928 4274 vero
952 4218 1078 4288 quia
1097 4217 1161 4272 'et
1207 4216 1434 4286 reproba
1465 4214 1750 4283 cujuslibet
1796 4214 1975 4268 anima

387 4309 455 4366 ﬁt
477 4309 722 4365 confusio
749 4308 932 4364 tartari
960 4326 974 4361 :
1001 4316 1056 4362 et
1083 4315 1287 4371 sancta,
1313 4307 1509 4360 munda
1553 4314 1714 4375 atque
1742 4306 1974 4374 perfecta

389 4400 604 4470 species
631 4399 888 4469 paradisi.
927 4396 1077 4451 Mens
1124 4397 1267 4451 enim
1317 4396 1523 4456 odiosa.
1571 4395 1782 4464 cupida,
1834 4394 1978 4448 curis

2073 3229 2208 3285 Iouis
2279 3239 2363 3285 est
2446 3229 2700 3300 antiquus
2779 3229 2994 3297 hostis,
3082 3249 3362 3302 possessor
3440 3237 3643 3294 intima:

2069 3317 2441 3383 confusionis,
2497 3319 2588 3388 qui
2646 3321 2794 3390 prius
2855 3321 2994 3377 filios
3038 3332 3164 3378 ante
3211 3324 3468 3382 intuentis
3521 3341 3644 3385 ocu-

2068 3406 2147 3461 los
2177 3409 2408 3463 trucidat
2439 3447 2454 3473 ,
2486 3410 2611 3479 quia
2653 3424 2796 3480 saepe
2828 3411 2908 3464 sic
2931 3410 3075 3465 bona
3102 3425 3262 3480 Opera
3290 3414 3559 3482 interficit,
3587 3427 3646 3472 ut

2070 3496 2186 3553 lucc
2215 3513 2272 3551 se
2295 3497 2544 3552 amittere
2571 3499 2708 3568 ipse,
2741 3499 2831 3568 qui
2859 3509 3043 3568 captus
3088 3510 3190 3562 est,
3224 3502 3408 3557 dolens
3437 3514 3642 3558 cernat.

2068 3583 2178 3656 ϐἀ,
2200 3585 2330 3639 Nam
2353 3586 2517 3658 gemit
2541 3586 2855 3656 plerumque
2902 3589 3134 3652 animus,
3164 3597 3218 3643 et
3251 3600 3429 3646 tamen
3461 3594 3644 3649 carnis

2071 3669 2180 3728 Suae
2205 3675 2652 3732 delectationibus
2679 3677 2873 3741 victus,
2911 3678 3050 3732 bona
3075 3694 3194 3748 quae
3227 3681 3428 3750 genuit,
3457 3698 3646 3739 amans

2070 3765 2264 3834 perdit,
2286 3778 2367 3828 ea,
2394 3781 2511 3835 quae
2533 3766 2757 3835 patitur,
2780 3766 2973 3820 damna
2996 3768 3322 3832 considerat,
3346 3785 3445 3825 nec
3468 3778 3645 3827 tamen

2071 3855 2286 3908 virtutis
2311 3855 2589 3911 brachium
2616 3865 2799 3911 contra
2824 3872 3006 3927 regem
3041 3857 3328 3928 Babylonis
3351 3859 3523 3926 levat;
3551 3861 3648 3917 sed

2071 3949 2197 4004 dum
2238 3949 2421 4002 videns
2477 3948 2728 4016 nequitia:
2777 3951 3170 4020 perpetratione
3214 3953 3529 4021 percutitur,
3576 3955 3651 4011 ad

2074 4040 2176 4096 hoc
2203 4040 2524 4108 quandoque
2556 4042 2828 4109 peccando
2851 4041 3178 4109 perducitur,
3207 4053 3263 4096 ut
3288 4043 3406 4112 Ipse
3435 4060 3649 4116 quoque

2074 4129 2299 4182 rationis
2332 4129 2532 4182 lumine
2558 4129 2816 4197 privetur.
2853 4129 3004 4185 Unde
3057 4131 3345 4202 Babylonis
3402 4151 3496 4191 rex
3546 4151 3644 4191 ex-

2074 4219 2289 4271 stinctis
2319 4218 2466 4286 prius
2491 4217 2636 4282 filiis,
2663 4219 2899 4275 Sedecitc
2928 4221 3114 4278 oculos
3141 4205 3304 4288 eruit,
3332 4225 3457 4294 quia
3486 4225 3644 4301 mali-
3693 4283 3702 4294 _

2073 4322 2208 4378 guns
2243 4309 2463 4377 spiritus
2494 4310 2767 4366 subductis
2798 4313 2943 4380 prius
2991 4312 3146 4368 bonis
3204 4293 3473 4384 operibus,
3529 4293 3650 4388 post
3694 4293 3716 4295 Η

2075 4399 2440 4470 intelligentia:
2480 4401 2656 4455 lumen
2711 4402 2866 4454 tollit.
2905 4402 3057 4468 Quod
3104 4413 3249 4459 recte
3295 4407 3550 4463 Sedccias
3593 4409 3647 4464 in

390 4468 768 4544 tantummodo
795 4487 1148 4543 saecularibus
1191 4486 1392 4552 dedita,
1426 4486 1663 4540 libidinis
1704 4486 1826 4555 igne
1852 4501 1976 4540 suc-
1999 4468 2052 4529 D
2076 4468 2337 4547 Reblatha
2384 4493 2600 4560 patitur.
2635 4493 2894 4546 lleblatha
2931 4495 3126 4564 quippe
3152 4497 3316 4549 multa
3340 4499 3451 4553 Itazc
3479 4500 3646 4554 inter-

390 4593 578 4644 censa,
609 4591 787 4632 nonne
817 4578 912 4632 tibi
941 4577 1153 4631 videtur
1182 4575 1424 4630 infernus
1447 4616 1460 4638 ,
1511 4575 1560 4628 in
1599 4589 1705 4643 quo
1731 4575 1980 4631 videlicet

390 4677 451 4723 et
461 4668 700 4722 diabolus
713 4668 941 4732 habitat,
955 4677 1007 4721 et
1020 4666 1576 4736 concupiscentiarum
1594 4667 1741 4733 ignes
1753 4678 1915 4720 resuta
1925 4681 1981 4722 re

393 4771 503 4814 non
553 4760 806 4813 cessant?
851 4758 962 4813 lllic
1007 4759 1152 4812 enim
1200 4758 1265 4811 de
1301 4756 1511 4809 luxuria
1539 4757 1858 4824 sulphureos
1883 4755 1980 4810 fato

394 4859 487 4903 tor
509 4851 772 4916 oboritur,
803 4859 857 4905 et
885 4852 952 4905 de
977 4851 1360 4921 cogitationum
1401 4849 1852 4906 crcbresccntium
1905 4859 1982 4903 te-

394 4943 632 4996 nebrosa
674 4943 921 5010 caligine,
956 4952 1211 5010 tanquam
1261 4940 1524 4993 leterrim't
1550 4939 1679 4992 fumi
1703 4938 1973 4994 Volumina

393 5041 748 5100 generantur.
774 5032 906 5086 Nam
932 5034 1056 5085 dum
1080 5033 1182 5086 hoc
1208 5039 1373 5094 amat,
1398 5031 1522 5083 illud
1553 5030 1738 5093 timet;
1773 5031 1824 5081 in
1857 5029 1975 5082 aliis

393 5123 617 5188 gaudet,
650 5127 748 5176 hoc
785 5124 933 5185 odit;
976 5122 1108 5175 illud
1137 5120 1292 5174 avide
1338 5117 1707 5187 concupiscit;
1746 5117 1802 5170 fit
1835 5115 1970 5170 infe-

395 5211 473 5264 ru
502 5225 674 5274 mens,
707 5220 952 5280 suspecta
1002 5225 1214 5281 semper
1254 5218 1309 5262 et
1353 5223 1505 5277 vaga,
1553 5207 1780 5266 curiosa,
1815 5207 1973 5260 anxia

395 5301 563 5355 simul
611 5311 772 5370 atque
821 5301 1080 5366 sollicita,
1131 5315 1251 5370 qua:
1298 5298 1444 5353 curis
1482 5296 1875 5364 impellentibus
1922 5296 1972 5348 in

398 5389 568 5441 multa
599 5390 876 5454 dividitur,
915 5393 1358 5458 divcrsanimque
1383 5389 1686 5456 passionum
1710 5388 1977 5440 morsibus

397 5477 692 5531 laceratur.
729 5477 853 5532 flare
891 5481 1069 5548 itaque
1121 5477 1314 5532 ﬂebilis
1355 5478 1532 5530 anima
1564 5477 1804 5543 gehenna
1834 5473 1975 5528 facta

396 5574 508 5630 est,
535 5575 771 5622 tartarus
793 5579 847 5623 et
877 5569 1136 5632 infernus,
1165 5583 1329 5638 quam
1366 5578 1419 5623 et
1443 5570 1687 5622 cruciant
1711 5576 1979 5621 tormenta

397 5670 768 5725 curarum,‘ct
792 5661 1042 5715 vitiorum
1073 5669 1248 5715 vastat
1275 5661 1596 5716 incendium.
1629 5661 1696 5715 At
1721 5661 1827 5725 illa,
1858 5677 1975 5730 quae

707 5767 998 5836 ῬΑΤιιοι..
1044 5783 1316 5844 CXLIV.

2076 4591 2338 4652 pretatur.
2357 4581 2416 4634 Ei
2446 4597 2674 4649 namque
2696 4582 2920 4637 rationis
2945 4584 3120 4638 lumen
3139 4587 3332 4639 merito
3356 4588 3648 4654 clauditur,

2077 4672 2187 4740 qui,
2236 4678 2436 4724 sancta:
2487 4669 2684 4739 quietis
2729 4671 2908 4740 rigore
2957 4673 3278 4742 postposito,
3308 4689 3405 4742 per
3440 4679 3648 4746 negotia

2079 4761 2346 4814 mundana
2393 4767 2656 4827 raptatur.
2679 4756 2806 4812 Jure
2837 4761 2886 4812 in
2916 4760 3178 4815 Rehlatba
3208 4777 3380 4817 caicus
3402 4762 3647 4830 eflicitur,

2037 4863 2049 4874 '
2079 4865 2222 4910 cum,
2249 4847 2553 4918 contempto
2577 4865 2702 4912 uno,
2735 4863 2831 4920 per
2854 4851 3018 4905 multa
3063 4867 3248 4923 vagus,
3276 4863 3331 4906 et
3366 4854 3650 4923 impatiens

2083 4942 2292 4993 animus
2319 4941 2625 5009 dissipatur.
2667 4940 2958 4996 lsraelitica
2991 4942 3153 5013 igitur
3205 4943 3380 4996 anima
3408 4945 3643 4998 sabbati-

2082 5037 2190 5089 zat,
2217 5028 2340 5080 dum
2377 5039 2574 5083 remota
2615 5043 2644 5081 a
2672 5029 3005 5099 negotiorum
3033 5029 3369 5084 srecularium
3403 5033 3648 5100 strepitu,

2082 5117 2399 5173 lectionibus
2453 5129 2507 5172 et
2557 5120 2890 5175 orationibus
2935 5130 3118 5183 vacat;
3157 5120 3473 5190 tEgyptiaca
3521 5138 3651 5178 vero

2082 5223 2388 5262 muscarum
2417 5211 2772 5279 ingruentium
2802 5209 3144 5280 infestatione
3172 5211 3496 5279 percellitur,
3525 5215 3649 5269 dum

2081 5307 2413 5352 terrenorum
2465 5308 2677 5351 actuum
2707 5298 3095 5365 -inquietudine
3147 5299 3459 5354 delectatur.
3512 5302 3650 5370 Quid

2080 5397 2159 5442 est
2189 5388 2332 5442 enim
2361 5389 2410 5440 in
2440 5389 2536 5442 hac
2559 5389 2665 5441 vita
2691 5389 3023 5455 laboriosius,
3055 5385 3212 5458 quam
3243 5393 3472 5446 terrenis
3506 5394 3648 5449 desi—

2083 5479 2242 5532 deriis
2268 5479 2538 5532 aestuare?
2575 5479 2710 5544 Quid
2739 5479 2993 5546 quietius,
3024 5492 3182 5550 atque
3219 5483 3456 5540 suavius.
3488 5497 3647 5552 quam

2082 5569 2239 5636 hujus
2267 5569 2446 5623 szecufi
2487 5569 2614 5622 nihil
2645 5585 2865 5638 prorsus
2899 5572 3186 5640 appetere?
3222 5572 3311 5625 Ait
3346 5571 3596 5626 Salomon
3631 5591 3645 5626 :

2089 5679 2106 5710 ι
2144 5659 2337 5714 Musca:
2394 5660 2684 5714 morientes
2748 5661 2976 5729 perdunt
3026 5663 3346 5716 suavitatem
3395 5661 3649 5728 unguenti

3194 5779 3232 5835 9
