4078 6202
450 350 556 406 967

993 345 1050 400 S.
1079 341 1283 400 PETRI
1319 332 1600 395 DAMIANI
1627 329 1774 392 OPP.
1814 327 1992 385 PARS
2031 323 2162 383 SEU
2203 321 2439 381 TOMUS
2473 323 2512 377 I.
2542 352 2611 363 --
2645 319 2863 377 EPIST.
2905 317 3031 375 LIB.
3067 317 3201 374 VIII.

3594 289 3725 376 etis.

449 468 652 541 (Eccle.
680 467 768 537 x);
794 483 812 516 ι
843 463 969 534 quia
992 459 1343 532 cogitationes
1368 452 1648 526 superﬂua:
1668 465 1786 522 quae
1821 447 2036 503 assidue
2063 445 2111 505 Α
2133 443 2411 541 _cularibus
2431 449 2489 496 ut
2509 438 2791 540 eilplaccat
2812 437 2896 492 cui
2925 449 2986 492 se
3006 437 3250 507 probavit
3270 433 3320 505 (1
3329 434 3355 490 1
3384 433 3520 489 Tim.
3557 440 3639 507 ιι).
3677 455 3698 489 ι

447 537 502 614 In
517 557 695 612 animo
709 553 949 609 carnalia
962 551 1231 622 cogitante
1248 553 1562 608 nascuntur,
1577 551 1738 610 atque
1753 537 2029 601 deﬁciunt,

448 665 570 705 eam
611 646 953 708 suavitatem,
998 657 1104 713 qua
1150 638 1516 708 unusquisque
1561 633 1888 691 intrinsecus
1935 643 2032 700 per

451 738 711 810 Spiritum
739 744 932 790 unctus
959 741 1064 796 est,
1104 731 1354 800 perdunt.
1391 716 1542 784 Unde
1575 740 1698 781 cum
1735 723 1874 778 miro
1912 720 2030 790 pie-

454 827 582 884 tatis
606 839 769 896 opcre
792 824 858 878 ad
887 839 982 879 cor
1011 821 1211 876 veritas
1254 818 1424 883 venit,
1461 816 1613 886 prius
1640 815 1710 869 ab
1733 827 1798 868 eo
1825 811 2031 882 cogita-

455 918 658 976 tionum
681 913 980 970 carnalium
1004 919 1168 966 aestus
1190 907 1356 976 cjicit,
1383 915 1434 960 et
1461 912 1584 975 post
1607 902 1661 957 in
1682 917 1748 957 eo
1772 901 2030 954 virtutum

451 1010 590 1065 dona
621 1006 874 1076 disponit.
911 1001 1065 1070 Quod
1094 1001 1230 1056 bene
1255 997 1409 1053 nobis
1453 1009 1606 1050 sacra
1645 989 1919 1060 Evangelii
1951 989 2036 1044 hi-

451 1097 620 1155 storia
645 1095 835 1158 innuit,
874 1093 927 1148 in
970 1106 1077 1161 qua
1125 1089 1250 1145 dum
1285 1087 1354 1141 ad
1401 1083 1822 1141 resuscitandam
1867 1078 2032 1133 ﬁliam

451 1187 712 1260 principis
732 1184 990 1240 Dominus
1013 1181 1270 1236 invitatus
1291 1178 1508 1245 dicitur,
1528 1174 1776 1248 protinus
1796 1171 2030 1227 additur:

455 1305 475 1340 ι
512 1286 723 1340 Etcum
751 1279 923 1350 ejecta
951 1286 1096 1334 esset
1119 1277 1272 1331 turba
1296 1315 1310 1339 ,
1343 1274 1561 1329 intravit
1605 1280 1659 1327 et
1703 1269 1874 1324 tenuit
1913 1282 2031 1322 ma-

451 1394 579 1434 num
605 1375 744 1446 ejus,
793 1381 848 1428 et
878 1369 1114 1427 surrexit
1157 1367 1331 1438 puella
1383 1365 1596 1438 (Matth.
1647 1361 1747 1432 ιιι).
1795 1381 1813 1414 ι
1865 1359 2034 1413 Foras

452 1484 582 1540 ergo
613 1467 769 1522 turba
803 1461 1039 1535 ejieitur,
1062 1468 1122 1514 ut
1144 1458 1315 1529 puella
1345 1455 1664 1515 suscitetur,
1691 1451 1817 1522 quia
1857 1450 1904 1504 si
1929 1463 2034 1503 non

451 1560 604 1630 prius
649 1573 681 1611 a
731 1552 1115 1610 secretioribus
1158 1548 1337 1604 cordis
1397 1543 1682 1614 expellitur
1729 1541 2034 1609 importuna

452 1646 793 1704 smcularium
823 1641 1110 1698 multitudo
1137 1651 1411 1701 curarum,
1459 1634 1638 1688 anima
1681 1645 1801 1701 quae
1841 1631 2036 1685 intrin-

454 1754 610 1796 secus
625 1736 771 1806 jacet
794 1742 1030 1797 mortua,
1058 1745 1163 1786 non
1191 1727 1446 1798 resurgit.
1467 1725 1599 1779 Nam
1630 1723 1754 1778 dum
1772 1735 1830 1776 se
1845 1721 2036 1792 perin-

2132 531 2394 603 Maliguus
2423 531 2586 586 etiam
2618 527 2865 598 spiritus,
2892 526 2985 595 qui
3026 534 3219 580 auctor
3247 532 3331 580 est
3373 524 3526 588 idoli,
3573 525 3706 581 dici-

2133 633 2223 681 tur
2242 623 2493 694 princeps
2519 619 2724 676 mundi.
2783 618 2848 672 Et
2892 615 3168 672 Iacobus:
3215 633 3235 667 ι
3271 614 3552 685 Quisquis,
3606 617 3703 679 ait,

2132 713 2340 768 amicus
2362 720 2445 767 est
2463 711 2623 781 hujus
2649 707 2856 775 mundi,
2913 707 3166 762 inimicus
3200 704 3294 761 Dei
3358 706 3702 762 constituitur

2133 805 2274 876 (Jac.
2325 803 2424 875 iv).
2457 822 2477 856 ι
2513 801 2655 870 Quid
2698 815 2828 872 ergo
2873 798 3054 856 diﬁ'ert
3081 806 3259 853 utrum
3286 811 3385 867 per
3411 797 3710 868 sacrilegas

2133 896 2358 961 hostias,
2389 896 2506 951 sive
2528 909 2626 964 per
2647 894 2930 962 reprobam
2963 893 3124 945 vitam
3156 891 3224 945 ad
3263 891 3358 947 Dei
3390 890 3709 946 inimicitias

2133 1003 2331 1058 pravus
2352 987 2578 1056 quisque
2603 992 2919 1055 prorumpat
2943 975 2968 1030 ἲ

2206 1076 2510 1147 Sicutergo
2527 1075 2639 1146 jam
2669 1073 2929 1138 diximus,
2967 1072 3040 1127 nil
3071 1074 3293 1143 prodest
3334 1073 3474 1142 quod
3503 1081 3706 1128 terram

2132 1165 2300 1222 Israel
2332 1165 2634 1221 inhabitare
2657 1163 2771 1233 jam
2793 1161 3079 1231 cmpimus,
3106 1160 3210 1216 nisi
3241 1175 3406 1215 unum
3431 1171 3487 1215 et
3531 1160 3706 1216 solum

2134 1257 2303 1314 Deum
2336 1255 2500 1312 Israel
2525 1255 2645 1310 sine
2670 1252 2949 1326 gentilium
2978 1253 3199 1308 deorum
3220 1251 3541 1308 admistione
3565 1251 3712 1306 cola-

2136 1367 2275 1405 mus.
2307 1349 2436 1417 Quaa
2461 1358 2643 1404 autem
2670 1356 2753 1402 est
2782 1356 2947 1411 terra,
2979 1360 3139 1416 quam
3168 1345 3417 1411 dicimus,
3442 1345 3543 1400 nisi
3582 1344 3668 1398 illa
3693 1384 3710 1410 ,

2134 1456 2296 1511 quam
2321 1439 2666 1510 signiﬁcabat
2693 1437 2936 1492 Naaman
2967 1435 3160 1507 Syrus,
3192 1451 3316 1490 cum
3339 1435 3550 1491 diceret
3601 1434 3715 1489 Eli-

2135 1543 2250 1594 seo,
2286 1546 2306 1580 ι
2339 1527 2598 1594 Obsecro,
2625 1527 2822 1597 inquit,
2853 1525 3088 1582 concede
3118 1524 3248 1578 mihi
3279 1540 3440 1580 servo
3501 1532 3616 1589 tuo,
3655 1533 3716 1580 ut

2139 1616 2318 1672 tollam
2341 1632 2480 1671 onus
2495 1617 2723 1672 duorum
2753 1616 3058 1671 burdonum
3085 1615 3152 1668 de
3187 1613 3364 1668 terra?
3391 1632 3409 1665 ι
3447 1612 3551 1683 (IV
3585 1612 3711 1683 Reg.

2136 1709 2216 1779 v.)
2241 1706 2378 1774 Quid
2407 1714 2586 1762 autem
2617 1721 2714 1776 per
2746 1704 3077 1776 allegoriam,
3101 1703 3359 1759 Naamam
3391 1703 3579 1776 Syrus,
3609 1704 3715 1759 nisi

451 1795 706 1886 numeras
729 1835 1066 1882 terrenarum
1090 1795 1478 1878 desideriorum
1498 1815 1852 1888 cogitationes
1879 1828 2034 1883 spar-
2067 1807 2112 1866 Β
2139 1814 2308 1871 genus
2337 1798 2583 1870 ἀθείεηιιι
2608 1797 2944 1853 humanum?
2973 1795 3127 1852 δίευῑ
3148 1797 3290 1852 enim
3318 1795 3556 1851 Νίωῐηίιη
3585 1804 3716 1851 ωηο

451 1921 549 1990 git,
577 1919 642 1973 ad
665 1915 1149 1982 considerationem
1181 1911 1262 1967 sui
1307 1923 1426 1966 sese
1463 1906 1770 1962 nullatenus
1809 1902 2032 1973 colligit.

450 2011 640 2068 Nullus
661 2010 858 2080 quippe
884 2005 1228 2076 sapientiam,
1255 2017 1374 2073 quae
1407 2000 1548 2055 Deus
1575 2007 1682 2064 cst,
1722 1995 1880 2070 plene
1908 2010 2033 2065 per-

452 2104 612 2174 cipit,
637 2101 738 2157 nisi
769 2100 859 2170 qui
894 2098 962 2153 ab
986 2096 1132 2153 omni
1161 2109 1220 2150 se
1248 2092 1566 2172 abstrahere
1601 2090 1875 2145 actionum
1916 2101 2036 2141 car-

453 2189 1040 2250 nalium'lluctuatione
1085 2183 1382 2242 contendit.
1429 2180 1585 2238 Unde
1627 2179 1761 2234 alias
1789 2177 2032 2234 dicitur:

458 2302 478 2338 ι
501 2281 830 2355 Sapientiam
861 2278 1038 2335 scribe
1063 2277 1114 2331 in
1145 2285 1383 2344 tempore
1408 2272 1594 2336 otii,et
1614 2270 1704 2339 qui
1738 2269 2038 2323 minoratur

455 2374 610 2438 actis,
643 2371 758 2443 ipse
779 2368 1008 2440 percipit
1031 2381 1150 2421 eam
1193 2363 1384 2435 (Eccti.
1414 2361 1663 2429 xxxviii).
1695 2378 1714 2412 ι
1742 2357 1879 2426 Quia
1906 2371 2036 2426 ergo

453 2465 572 2521 sine
600 2462 742 2517 cultu
769 2469 825 2517 et
852 2457 1234 2514 observatione
1252 2453 1474 2510 Sabbati
1498 2467 1616 2508 esse
1643 2450 1902 2506 Israelitze
1928 2462 2033 2502 non

454 2567 743 2624 possumus
767 2591 783 2616 ,
815 2550 1149 2605 celebremus
1178 2543 1473 2616 spiritualis
1499 2541 1597 2598 otii
1628 2540 1947 2604 Sabbatum,
1978 2544 2037 2592 ut

457 2662 561 2702 non
593 2645 732 2700 sicut
756 2641 992 2714 Egyptii
1025 2637 1406 2710 perturbemur
1441 2634 1510 2689 ab
1539 2633 1903 2705 ingruentium
1935 2630 2037 2684 im-

453 2735 787 2810 portunitate
817 2747 1142 2789 muscarum.
1194 2728 1329 2783 Nam
1372 2727 1519 2798 quia,
1579 2727 1812 2782 donante
1855 2714 2036 2780 divina

453 2831 763 2894 clementia,
786 2824 1171 2899 jam‘pressuri
1217 2821 1561 2894 pervenimus
1592 2818 1644 2872 in
1687 2815 2036 2872 lsraeliticam

457 2934 676 2986 terram,
708 2936 814 2974 non
849 2900 1038 2972 est'fas
1063 2914 1426 2971 Israclitarnm
1458 2911 1708 2981 ignorare
1738 2907 2033 2971 culturam;

457 3031 525 3070 ne
555 3013 601 3069 si
635 3026 820 3068 eorum
855 3007 1205 3067 caeremonias
1235 3021 1340 3059 non
1388 3001 1715 3056 addiscimus
1736 3038 1751 3062 ,
1799 2996 2038 3051 cruentis

453 3105 668 3159 leonum
699 3099 1043 3157 invisibilium
1071 3095 1320 3151 dentibus
1337 3105 1689 3161 exponamur.
1723 3087 1876 3143 Sicut
1894 3086 2036 3140 enim

2137 1892 2403 1962 leprosus,
2429 1906 2552 1946 mox
2582 1899 2641 1946 ut
2666 1891 2864 1960 septies
2899 1905 3038 1960 aqua
3067 1888 3318 1945 Iordanis
3359 1889 3619 1954 abluitur,
3644 1889 3714 1944 ab

2136 1982 2282 2039 omni
2305 1981 2467 2052 leprte
2487 1981 2738 2052 squalore
2757 1989 3037 2051 purgatur,
3063 1980 3135 2034 ita
3165 1980 3464 2034 mundanus
3487 1977 3717 2050 populus

2137 2082 2341 2142 septem
2369 2072 2697 2127 charismata
2731 2069 2874 2126 illius
2911 2068 3174 2126 columbae
3219 2069 3540 2140 percipiens,
3594 2083 3719 2137 qua:

2138 2175 2301 2232 supra
2325 2159 2612 2214 Dominum
2640 2158 2692 2212 in
2717 2156 2950 2214 Iordane
2974 2157 3274 2221 descendit,
3302 2172 3399 2226 per
3447 2156 3586 2212 sacri
3615 2157 3716 2211 ba-

2139 2250 2412 2322 ptismatis
2445 2248 2723 2305 lavacrum
2759 2246 3007 2317 contagia
3053 2246 3296 2317 deposuit
3341 2255 3716 2317 peccatorum.

2139 2346 2277 2414 Quid
2303 2361 2429 2400 vero
2455 2353 2624 2410 terra,
2650 2357 2815 2413 quam
2843 2340 3084 2396 Naaman
3113 2339 3370 2410 postulat,
3399 2341 3500 2396 nisi
3531 2339 3716 2395 incar-

2139 2437 2412 2491 nationem
2435 2434 2704 2507 signiﬁcat
2736 2431 3151 2502 Redemptoris?
3181 2430 3303 2486 [hac
3342 2441 3448 2495 est,
3485 2446 3581 2502 per
3607 2445 3723 2501 my-

2140 2527 2388 2592 sterium,
2423 2525 2512 2581 illa
2542 2523 2983 2595 repromissionis
3009 2531 3177 2587 terra,
3209 2537 3332 2592 qua:
3379 2521 3462 2576 lac
3511 2530 3566 2576 et
3614 2519 3724 2575 mel

2139 2617 2308 2674 Iluere
2347 2618 2562 2673 dicitur.
2635 2616 2744 2672 Lac
2793 2615 2940 2670 enim
2981 2615 3047 2670 de
3099 2628 3265 2670 carne
3310 2612 3448 2680 ﬁuit,
3511 2612 3614 2667 mel
3654 2611 3723 2667 de

2139 2708 2507 2780 superioribus
2554 2707 2721 2762 venit.
2772 2705 2910 2772 Quia
2969 2705 3133 2777 igitur
3179 2705 3233 2760 in
3272 2719 3380 2759 uno
3422 2704 3724 2759 mediatore

2142 2799 2236 2854 Dei
2265 2796 2319 2854 et
2345 2799 2644 2865 hominum,
2680 2805 2736 2852 et
2767 2796 3118 2852 humanitatis
3163 2795 3246 2852 lac
3275 2804 3331 2851 et
3378 2795 3482 2850 mel
3517 2793 3721 2850 divini-

2144 2891 2268 2946 tatis
2303 2892 2478 2947 inesse
2518 2890 2881 2960 cognoscitur,
2909 2897 3054 2944 recte
3101 2903 3199 2959 per
3244 2897 3449 2942 terram
3474 2887 3638 2952 lacte,
3668 2894 3727 2941 et

2144 2982 2300 3037 melle
2329 2989 2662 3046 manantem,
2685 2979 3070 3035 incarnationis
3097 2978 3216 3049 ejus
3239 2977 3555 3050 mysterium
3589 2976 3726 3045 ﬁgu-

2143 3086 2312 3130 ratur.
2347 3073 2498 3140 Quod
2528 3081 2709 3126 autem
2738 3086 2806 3126 ex
2836 3071 2936 3126 hac
2965 3079 3110 3125 terra
3139 3084 3278 3125 onus
3316 3069 3546 3124 duorum
3593 3067 3724 3120 bur-

456 3209 611 3250 sacra
643 3192 850 3262 Regum
883 3196 1113 3242 testatur
1160 3155 1422 3247 historia,-
1458 3181 1761 3235 nuntiatum
1796 3187 1880 3232 est
1924 3174 2038 3245 regi
2065 3157 2111 3220 (ἶ
2142 3163 2522 3262 (Immin-Peli}.
2571 3161 2700 3262 (ἔξίά
2754 3161 2925 3262 anno;
2978 3174 3142 3262 (Illam
3183 3159 3409 3214 duorum
3455 3155 3725 3228 aPOSIOIO-

455 3281 796 3354 Assyriorum
826 3296 888 3337 :1
926 3277 1127 3333 Gentes
1150 3313 1165 3338 ,
1216 3272 1408 3343 inquit,
1443 3285 1580 3342 quas
1621 3265 1958 3330 transtulisti,
1987 3271 2043 3319 et

457 3375 704 3431 habitare
724 3369 898 3427 fecisti
931 3369 984 3424 in
1024 3365 1331 3421 civitatibus
1355 3362 1634 3426 Samaria,
1667 3361 1921 3429 ignorant
1959 3355 2039 3411 le-

453 3466 640 3535 gitima
666 3463 758 3518 Dei
792 3471 969 3516 terrai.
1006 3458 1074 3513 Et
1100 3456 1324 3511 immisit
1352 3455 1404 3509 iu
1436 3468 1530 3508 eos
1555 3451 1810 3507 Dominus
1837 3449 2040 3511 leones,

453 3566 513 3612 et
534 3569 660 3610 ecce
683 3550 1017 3608 interﬁciunt
1042 3562 1155 3613 eos,
1181 3562 1244 3602 eo
1281 3545 1424 3616 quod
1455 3545 1703 3614 ignorent
1740 3541 1900 3596 ritum
1945 3535 2039 3591 Dei

455 3657 620 3703 terrae
643 3642 750 3717 (IV
793 3642 921 3712 Reg.
953 3641 1103 3710 xvn).
1147 3657 1165 3690 ι
1207 3636 1462 3706 Quisquis
1489 3644 1693 3697 autem,
1723 3632 1815 3701 qui
1845 3631 1897 3685 in
1929 3629 2040 3699 spi-

465 3734 648 3792 rituali
691 3732 1016 3788 constitutus
1053 3736 1139 3783 est
1176 3727 1388 3791 ordine,
1417 3725 1495 3780 sic
1517 3725 1627 3779 Deo
1665 3721 1902 3778 deservit
1948 3735 2044 3789 per

460 3827 569 3898 65
597 3823 882 3880 exterioris
912 3818 1129 3875 habitus
1163 3819 1423 3889 Speciem,
1454 3827 1513 3870 ut
1545 3826 1726 3870 tamen
1761 3813 2043 3870 szecularis

460 3919 586 3971 vitze
612 3930 717 3969 non
740 3913 961 3968 deserat
981 3917 1307 3966 vetustatem
1328 3925 1343 3974 ;
1364 3909 1453 3961 hic
1467 3906 1867 3977 quodammodo
1881 3904 2042 3960 unius

463 4007 558 4064 Dei
584 4005 809 4067 cultum,
834 4017 898 4058 ac
920 3998 1270 4056 caeremonias
1293 3999 1540 4069 ignorare
1589 3993 1959 4068 perpenditur,
1987 4001 2044 4048 et

463 4096 616 4164 quasi
649 4093 751 4149 diis
784 4091 1024 4162 pluribus
1051 4087 1324 4144 deservire
1375 4095 1620 4142 conatur.
1677 4083 1832 4140 Unde
1884 4091 1939 4140 et
1977 4082 2043 4138 de

463 4187 572 4242 illis
609 4198 821 4255 quoque
851 4180 1093 4238 dicitur:
1137 4197 1157 4230 ι
1187 4177 1323 4245 Quia
1381 4193 1503 4230 cum
1564 4175 1852 4230 Dominum
1898 4172 2042 4228 cole-

465 4287 604 4340 rent,
641 4275 743 4329 diis
780 4286 993 4342 quoque
1021 4269 1133 4325 suis
1158 4266 1555 4329 deserviebant,
1608 4262 1764 4332 juxta
1812 4277 2042 4319 consue-

466 4366 705 4420 tudinem
738 4362 974 4432 gentium
993 4357 1207 4428 (Ibid.).
1246 4377 1263 4409 ι
1297 4356 1580 4410 Dominum
1608 4356 1806 4426 quippe
1827 4363 1882 4410 et
1910 4353 2040 4408 deos

466 4456 704 4527 gentium
732 4450 1128 4522 quodammodo
1165 4448 1342 4503 colere
1383 4447 1614 4516 quisque
1672 4446 2037 4508 convincitur,

462 4547 516 4603 si
547 4545 625 4600 sic
648 4543 789 4599 sacri
819 4541 1026 4596 ordinis
1047 4541 1100 4595 in
1131 4555 1240 4609 quo
1278 4550 1363 4594 est
1394 4537 1628 4592 oﬁieium
1673 4535 2039 4599 administrat,

461 4649 528 4691 ut
557 4647 733 4690 tamen
762 4650 791 4688 a
809 4633 1038 4700 negotiis
1062 4631 1410 4687 saecularibus
1432 4638 1487 4684 et
1509 4628 1746 4684 carnalis
1765 4627 1887 4680 vita:
1914 4643 2043 4682 con-

470 4727 752 4783 suetudine
782 4740 887 4778 non
934 4723 1173 4778 recedat.
1237 4738 1257 4772 ι
1286 4719 1473 4784 Nemo,
1529 4719 1704 4788 inquit
1748 4719 2040 4784 Dominus,

473 4825 645 4888 potest
668 4816 877 4873 duobus
901 4814 1132 4869 dominis
1149 4813 1353 4868 servire
1380 4811 1596 4881 (Matth.
1626 4810 1725 4879 vi).
1748 4829 1766 4861 ι
1811 4809 1891 4878 An
1917 4810 2041 4878 quia

478 4909 803 4966 tolerabilius
833 4907 1047 4961 videtur
1074 4905 1383 4974 quempiam
1409 4903 1704 4958 carnaliter
1727 4903 1926 4965 vivere,
1958 4902 2040 4957 vel

474 5000 726 5069 obsequia
757 4997 956 5052 mundo
981 4995 1257 5054 servitutis
1312 4995 1625 5064 impendere
1671 5007 1832 5062 quam
1885 4991 2040 5060 juxta

475 5092 634 5143 ritum
678 5088 916 5160 gentium
981 5084 1314 5142 damonibus
1345 5084 1677 5138 immolare?
1732 5082 1838 5138 Sed
1900 5085 2041 5137 idem

477 5180 765 5246 Propheta,
792 5178 879 5247 qui
919 5177 1092 5231 dicit:
1143 5193 1161 5226 ι
1191 5174 1393 5231 Omnes
1417 5175 1488 5228 dii
1531 5175 1790 5244 gentium,
1845 5173 2042 5227 (humo-

476 5268 560 5320 uia
597 5265 768 5337 (Psal.
797 5267 939 5327 xcvi.
971 5287 989 5318 ι
1017 5265 1146 5320 dicit
1169 5265 1334 5319 etiam
1363 5282 1375 5316 :
1405 5283 1423 5314 ι
1453 5262 1740 5321 Maledicti.
1763 5264 1850 5331 qui
1881 5263 2044 5317 decli-

479 5365 606 5409 nant
627 5373 655 5406 a
681 5355 945 5408 mandatis
975 5355 1079 5408 tuis
1104 5353 1275 5423 (Paul.
1298 5360 1504 5416 cxvm).
1530 5373 1547 5404 ι
1568 5352 1708 5406 Idem
1733 5353 2042 5421 Apostolus,

477 5444 565 5514 qui
593 5443 721 5495 dicit
751 5458 764 5493 :
799 5462 815 5492 ς
854 5441 984 5508 Quis
1011 5457 1308 5497 consensus
1329 5443 1530 5511 templo
1564 5443 1654 5498 Dei
1701 5459 1821 5497 cum
1855 5444 2046 5497 idolis?

477 5533 558 5604 ill
601 5532 723 5586 Cor.
753 5533 852 5597 vt),
886 5552 905 5583 ι
931 5533 1061 5587 dicit
1107 5533 1311 5586 etiam:
1362 5552 1378 5585 ι
1410 5533 1509 5602 Qui
1547 5545 1728 5590 autem
1789 5535 1840 5588 in
1883 5549 2047 5588 carne

2147 3266 2288 3318 rum,
2341 3247 2488 3305 Petri
2527 3250 2735 3304 scilicet
2780 3257 2834 3304 et
2885 3248 3034 3303 Pauli
3082 3249 3401 3303 documenta
3447 3245 3725 3316 deposcit?
3767 3257 3795 3282 ο

2146 3341 2302 3398 Unde
2330 3351 2383 3396 et
2409 3357 2548 3396 unus
2573 3355 2761 3396 eorum
2793 3340 2921 3396 dicit
2955 3356 2970 3394 :
3010 3357 3029 3392 ι
3061 3339 3162 3407 Qui
3187 3348 3439 3409 operatus
3461 3349 3544 3394 est
3559 3337 3723 3394 l‘etro

2145 3433 2198 3488 in
2229 3433 2525 3503 apostolatui
2555 3430 3004 3497 circumcisionis,
3032 3442 3290 3502 operatus
3336 3439 3422 3486 est
3471 3438 3527 3484 et
3584 3428 3719 3484 mihi

2149 3523 2291 3578 inter
2316 3530 2506 3593 gentes
2537 3520 2680 3591 (Cal.
2710 3521 2795 3594 ιι).
2823 3541 2842 3575 ι
2872 3521 3086 3592 thuia
3113 3535 3221 3575 non
3247 3519 3406 3576 modo
3425 3518 3723 3590 apostolos,

2145 3615 2239 3668 sed
2267 3614 2430 3668 etiam
2458 3629 2647 3668 onmes
2693 3613 3074 3684 praedicatores
3122 3614 3403 3670 scientiam
3435 3621 3490 3668 et
3530 3626 3723 3682 opera-

2147 3706 2350 3760 tionem
2379 3706 2580 3762 habere
2607 3720 2830 3761 necesse
2855 3707 3096 3768 est,duos
3119 3706 3174 3760 in
3231 3704 3539 3770 castellum,
3571 3703 3719 3773 quod

2147 3805 2335 3851 contra
2363 3812 2422 3851 se
2451 3804 2590 3861 erat,
2641 3795 2903 3850 Dominus
2951 3794 3242 3866 discipulos
3293 3793 3439 3849 misit
3501 3792 3720 3865 (Matth.

2147 3887 2285 3957 xm),
2327 3897 2508 3956 atque,
2540 3888 2682 3942 sicut
2707 3888 2878 3942 Lucas
2901 3896 3151 3951 testatur,
3184 3887 3237 3941 in
3283 3900 3500 3942 omnem
3523 3885 3724 3940 civita-

2147 3989 2278 4042 tem,
2304 3991 2358 4034 et
2384 3980 2582 4045 locum,
2614 3995 2721 4049 quo
2745 3990 2864 4033 erat
2895 3979 3009 4048 ipse
3036 3987 3319 4040 venturus,
3361 3977 3602 4047 geminos
3631 3975 3726 4030 de-

2144 4071 2368 4128 stinavit
2412 4071 2564 4144 (Luc.
2613 4071 2735 4141 ιιιι).
2794 4070 2945 4138 Quod
2996 4086 3125 4142 ergo
3179 4069 3414 4125 Naaman
3460 4069 3528 4124 de
3579 4077 3725 4123 terra

2145 4173 2330 4220 sancta
2361 4163 2590 4218 duorum
2639 4162 2940 4217 burdonum
2987 4161 3192 4230 expetit
3239 4161 3528 4223 sarcinam,
3560 4172 3725 4228 super

2145 4253 2515 4308 incarnatione
2541 4252 2653 4323 66
2683 4251 2958 4305 Dominica
2991 4264 3161 4320 genus
3181 4250 3477 4304 humanmn
3505 4255 3726 4317 aposto-

2147 4344 2305 4398 licam
2333 4343 2545 4397 videtur
2565 4341 2860 4412 elllagitare
2891 4341 3215 4406 doctrinam,
3267 4349 3328 4394 ut
3375 4340 3429 4414 lii
3463 4336 3724 4408 sagmarii

2149 4435 2346 4491 mundo
2375 4444 2573 4490 terram
2613 4432 2886 4496 invehant,
2913 4447 2976 4486 ex
3008 4448 3116 4500 quo
3139 4432 3205 4484 ad
3233 4429 3506 4484 oﬁ'ereuda
3556 4429 3724 4483 sacri-

2150 4530 2268 4584 ﬁcia
2292 4528 2464 4582 altare
2497 4529 2548 4582 in
2573 4535 2863 4596 conspectu
2899 4524 3206 4580 Conditoris
3236 4522 3346 4576 ﬁat.
3411 4521 3559 4576 Unde
3599 4519 3725 4575 ﬁliis

2146 4620 2310 4675 Israel
2338 4619 2602 4688 prtecipit,
2630 4619 2858 4673 dicens:
2902 4635 2919 4667 ι
2967 4617 3152 4670 Altare
3191 4616 3258 4670 de
3307 4623 3449 4668 terra
3507 4613 3724 4668 iacietis

2145 4714 2276 4766 mihi
2309 4711 2504 4782 (Exod.
2532 4712 2645 4779 xx).
2683 4729 2702 4762 ι
2735 4709 2918 4763 Altare
2946 4709 3154 4763 scilicet
3201 4710 3268 4763 de
3329 4718 3474 4762 terra
3527 4721 3559 4761 a
3614 4707 3725 4761 Deo

2144 4801 2346 4865 facere,
2383 4809 2466 4854 est
2496 4800 2548 4852 in
2582 4799 2750 4852 nostri
2779 4798 3158 4866 Redemptoris
3207 4797 3577 4852 incarnatione
3603 4811 3726 4862 spe-

2148 4908 2290 4947 rare.
2319 4891 2471 4944 Tunc
2498 4889 2696 4958 quippe
2744 4903 2774 4941 a
2825 4889 3146 4944 Deouostro
3187 4902 3382 4942 munus
3431 4885 3724 4955 accipitur,

2149 4982 2362 5050 quiatido
2401 4981 2452 5031 in
2478 4979 2580 5032 hoc
2601 4977 2760 5031 altari
2786 4989 2967 5032 nostra
2999 4977 3292 5041 lmmilitas,
3326 4977 3375 5028 id
3424 4985 3529 5036 est,
3558 4990 3726 5043 super

2151 5073 2444 5128 Dominij
2501 5071 2886 5126 incarnationis
2938 5070 3094 5124 ﬁdem
3160 5069 3401 5138 posuerit
3459 5067 3724 5137 quidquid

2150 5177 2423 5237 operatur.
2455 5165 2619 5218 Altari
2645 5178 2772 5236 ergo
2821 5166 2884 5218 de
2916 5174 3055 5218 terra
3102 5162 3338 5217 oblatum
3385 5175 3579 5214 munus
3623 5167 3726 5212 im-

2152 5259 2423 5326 ponimus,
2446 5258 2490 5312 si
2520 5267 2675 5311 actus
2719 5265 2932 5312 nostros
2987 5255 3274 5308 Dominicm
3334 5251 3725 5306 incarnationis

2152 5351 2257 5404 Iide
2285 5349 2601 5403 solidamus.
2645 5347 2717 5402 De
2775 5363 2879 5416 quo
2909 5346 3063 5401 altari
3115 5362 3209 5415 per
3252 5345 3447 5398 Isaiam
3481 5343 3720 5396 dlCIllIl‘:

2155 5459 2172 5490 ι
2209 5441 2263 5493 In
2287 5441 2372 5493 die
2403 5438 2490 5492 illa
2515 5441 2620 5492 erit
2645 5439 2816 5490 altare
2855 5435 3063 5488 Domini
3089 5435 3140 5488 in
3171 5433 3348 5487 medio
3372 5441 3529 5485 terra:
3551 5425 3721 5498 Egy-

2148 5529 2249 5599 pti,
2278 5538 2333 5583 et
2358 5529 2541 5582 titulus
2575 5525 2951 5596 Dominijuxta
2995 5523 3282 5579 terminum
3306 5521 3442 5591 ejus.
3504 5520 3568 5574 Et
3616 5519 3721 5572 erit

481 5632 620 5687 sunt,
649 5622 755 5676 Deo
786 5620 992 5688 placere
1023 5633 1126 5673 non
1159 5631 1383 5688 possunt
1409 5619 1580 5690 (Rom.
1610 5624 1750 5692 vin).
1789 5641 1808 5673 ι
1849 5622 1911 5676 Et
1950 5624 2051 5677 ite-
2151 5621 2204 5674 in
2229 5621 2460 5689 signum,
2483 5627 2539 5672 et
2577 5618 2628 5672 in
2695 5615 3058 5670 testimonium
3110 5613 3336 5667 Domino
3382 5610 3721 5665 exercituum

481 5728 597 5768 rum
630 5729 644 5766 :
692 5730 708 5760 ι
749 5709 914 5767 Nemo
940 5708 1174 5768 militans
1200 5707 1567 5778 Deoimplicat
1593 5725 1651 5765 se
1697 5712 1930 5779 negotiis
1951 5727 2047 5764 sm-

2152 5711 2205 5766 iu
2245 5722 2382 5763 terra
2414 5707 2629 5776 Egypti
2664 5705 2818 5776 (Iani.
2857 5706 2989 5776 xix).
3026 5722 3044 5756 ι
3073 5703 3223 5769 Quod
3247 5711 3426 5759 autem
3477 5698 3719 5756 Naaman
