4078 6202
397 308 498 363 269

1573 299 1771 356 LIBER
1810 298 2188 356 SECUNDUS.
2221 295 2436 356 EPIST.
2478 296 2563 352 Vl.

3523 301 3628 357 270

394 435 499 476 non
525 419 597 472 ob
625 413 767 468 aliud
799 365 998 468 terram
1034 408 1307 480 prophetae
1345 408 1697 478 poposcisset,
1762 423 1868 464 msr
1909 417 1968 461 ut
1997 415 2043 471 Α
2073 408 2322 477 ignobilis
2345 407 2464 471 otii,
2483 408 2578 461 sed
2601 403 2883 462 laboriosa:
2901 406 3100 476 quietis
3114 406 3408 462 Sabbatum
3427 412 3625 474 colere,

393 523 458 564 ex
487 520 550 561 ea
591 502 821 559 Domino
841 501 1013 556 altare
1033 506 1390 564 construeret,
1422 499 1474 552 in
1502 498 1615 552 suis
1644 499 1757 567 ipse
1784 496 1965 551 verbis

391 594 647 656 ostendit,
672 607 794 646 cum
823 590 934 645 illic
974 597 1176 659 pnesto
1223 588 1498 659 subiungit
1531 604 1546 640 :
1603 604 1623 638 ι
1658 585 1773 641 Νοη
1818 586 1964 640 enim

392 688 554 742 faciet
573 685 715 740 ultra
737 697 930 740 servus
978 692 1102 738 tuus
1149 681 1524 737 holocaustum
1567 690 1624 737 et
1687 681 1964 737 victimam

391 777 497 832 diis
519 775 736 838 alienis,
762 773 865 828 nisi
897 771 1126 826 Domino
1151 771 1202 841 (1
1218 771 1256 825 γ
1282 771 1408 842 Reg.
1432 773 1511 842 v).
1552 789 1573 824 ι

459 868 518 923 In
535 869 640 922 hac
654 881 784 937 ergo
799 873 942 920 terra
967 871 1023 918 et
1041 878 1140 918 nos
1153 863 1394 918 colamus
1421 863 1610 927 Deum,
1634 877 1740 918 non
1769 878 1964 919 secun-

390 958 516 1012 dum
534 963 796 1018 nostram,
818 955 912 1010 sed
935 953 1229 1009 secundum
1257 953 1426 1024 legem
1443 967 1616 1016 suam,
1639 966 1708 1007 ne
1733 951 1874 1007 sicut
1899 951 1968 1007 de

390 1045 494 1100 illis
506 1043 803 1106 dicebatur,
819 1043 954 1098 etde
973 1042 1128 1096 nobis
1151 1041 1330 1096 valeat
1355 1040 1490 1094 dici:
1517 1058 1536 1092 ι
1564 1041 1817 1112 Ignorant
1837 1039 1969 1109 legi-

393 1135 523 1190 tima
539 1134 634 1189 Dei
655 1131 875 1204 terraa(1
892 1131 929 1185 ν
947 1131 1071 1203 Reg.
1101 1132 1257 1200 xvu).
1305 1149 1324 1182 ι
1359 1131 1666 1186 Secundum
1690 1131 1964 1202 propriam

388 1227 586 1296 quippe
606 1225 778 1296 legem
813 1226 982 1279 Deum
1008 1223 1184 1278 colere
1214 1222 1455 1278 cernitur
1489 1221 1582 1290 qui
1611 1223 1789 1291 specie
1812 1232 1967 1278 tenus

387 1317 603 1386 quidem
620 1313 738 1384 ejus
754 1313 1018 1369 mandatis
1038 1314 1408 1382 obtemperat;
1438 1313 1530 1365 sed
1553 1313 1606 1366 in
1639 1312 1704 1366 iis
1753 1327 1870 1381 qua:
1895 1311 1967 1364 fa-

387 1409 486 1471 cit,
503 1408 571 1461 ad
593 1407 824 1477 propriae
844 1405 1092 1461 utilitatis
1111 1407 1450 1460 commodum
1473 1403 1838 1474 principaliter
1848 1418 1969 1472 δραι

385 1507 520 1562 ctat,
544 1507 620 1564 et,
649 1497 1116 1568 dumexteriorem
1141 1493 1566 1550 Christianitatis
1580 1491 1967 1560 exhibetregu-

387 1590 519 1653 lam,
536 1590 637 1644 sub
650 1588 952 1644 honestatis
965 1587 1180 1657 quidem
1196 1586 1444 1642 colorese
1460 1585 1664 1656 palliat,
1677 1585 1769 1639 sed
1783 1584 1848 1637 ad
1866 1585 1968 1638 hoc

387 1682 714 1736 intrinsecus
745 1690 805 1734 ut
833 1680 887 1734 in
915 1680 1018 1734 hac
1037 1678 1149 1732 vita
1171 1686 1522 1748 prosperetur
1542 1675 1780 1730 anhelat.
1813 1674 1966 1729 Tunc

2071 507 2130 550 ut
2157 513 2223 550 es
2250 497 2351 551 hoc
2377 496 2749 550 mereamurin
2775 496 2916 552 diem
2952 498 3310 563 Dominicum,
3340 499 3431 569 qui
3469 499 3627 553 'nulln

2066 587 2336 641 clauditur
2359 585 2488 649 fine,
2519 586 2774 640 transire.

2136 677 2276 731 Deus
2301 677 2660 746 omnipotens,
2690 675 3042 740 dilectissimi,
3074 678 3165 747 qui
3197 693 3290 733 vos
3317 693 3497 734 coram
3528 680 3626 734 ho-

2066 768 2298 822 minibus
2333 765 2458 822 fecit
2485 767 2743 837 insignes,
2775 767 2970 821 tribuat
3001 767 3164 822 etiam
3215 767 3268 822 in
3295 769 3407 824 suis
3428 770 3629 826 obtuti-

2065 861 2165 916 bus
2201 860 2333 931 legis
2353 874 2463 916 sua:
2492 859 2759 915 veraciter
2785 872 2908 913 esse
2932 858 3187 915 cultores.

2624 945 2955 1003 EPISTULA
2978 946 3062 1002 Vl.

2439 1051 2849 1092 BILDBBBANDUI
2910 1051 2981 1092 Ετ
3036 1052 3346 1093 STEPHANI]!
3413 1054 3459 1094 8ο
3486 1054 3536 1093 κ.
3569 1055 3624 1095 Β.

2687 1121 2750 1160 CA
2757 1120 3032 1160 RDINALBS.

2066 1053 2132 1091 AD
2186 1051 2391 1092 εοευειι

2064 1217 2454 1292 Λιιςυῃμτωι.
2481 1249 2549 1258 -
2571 1219 2787 1292 Librum
2816 1221 2940 1292 sibi,
2961 1235 3120 1292 quem
3145 1222 3326 1276 multis
3351 1221 3626 1278 laborilats

2134 1288 2438 1358 vigiliisque
2466 1289 2710 1358 proxime
2757 1288 3066 1346 confecerat
3095 1330 3110 1355 ,
3149 1293 3219 1345 ab
3243 1293 3548 1347 Alexandro
3582 1295 3622 1347 Il

2133 1355 2378 1428 Romano
2397 1355 2648 1426 pontiﬁce
2674 1360 2984 1428 subreptum
3048 1360 3234 1414 fraude
3284 1363 3628 1417 vehementer

2134 1427 2378 1498 queritur
2414 1439 2489 1491 et,
2520 1438 2580 1498 ut
2605 1428 2704 1498 sibi
2737 1427 2944 1483 restitui
2988 1443 3208 1498 operam
3253 1431 3400 1492 dent,
3451 1431 3628 1486 llilde‘

2136 1496 2396 1549 brandum
2428 1507 2482 1550 et
2513 1496 2847 1566 Stephanum
2878 1496 3184 1552 cardinales
3211 1499 3482 1569 clllagitat.

2132 1573 2634 1658 inexpugnabilibus
2659 1587 2914 1642 Romanae
2937 1587 3188 1643 Ecclesia:
3211 1589 3627 1660 clypcisdomno

2066 1690 2164 1731 suo
2195 1676 2594 1740 IIILDEBRANDO,
2638 1687 2694 1732 et
2753 1678 3065 1732 dulcissimo
3119 1679 3272 1732 fratri
3321 1678 3624 1744 Summo,

386 1784 569 1828 autem
589 1775 757 1829 Deum
774 1773 1066 1828 secundum
1085 1771 1200 1841 ejus
1220 1769 1389 1840 legem
1416 1784 1481 1824 ac
1500 1768 1847 1824 caeremonias
1867 1781 1961 1823 co-
1990 1773 2039 1834 Β
2065 1765 2280 1823 Ρῑτιιυε
2301 1778 2551 1837 peccator
2576 1771 2873 1823 monachus
2902 1769 3238 1824 servitutem.

389 1864 570 1926 limus,
597 1863 641 1918 si
667 1861 928 1932 quidquid
974 1875 1097 1915 eum
1121 1859 1260 1914 velle
1282 1858 1676 1929 cognoscimus,
1708 1857 1964 1928 neglectis

388 1954 610 2010 omnino
621 1969 743 2024 quae
763 1963 947 2008 nostra
972 1961 1116 2015 sunt,
1141 1950 1278 2005 votis
1305 1950 1554 2005 omnibus
1571 1948 1958 2019 adimplernus;

389 2043 435 2098 si
466 2058 572 2097 non
605 2056 928 2113 magnOpere
951 2040 1366 2111 perpendamus,
1414 2054 1576 2108 quam
1603 2038 1748 2094 circa
1771 2053 1869 2091 nos
1893 2037 1964 2091 sit

388 2133 567 2202 ampla
588 2131 907 2198 substantia,
932 2132 1026 2186 sed
1048 2146 1208 2201 quam
1233 2130 1460 2201 simplex
1478 2170 1494 2196 ,
1525 2145 1688 2200 quam
1735 2131 1960 2194 munda,

387 2238 547 2291 quam
578 2222 809 2291 denique
831 2222 1042 2276 sincera
1072 2222 1142 2277 sit
1173 2222 1496 2276 intrinsecus
1532 2219 1857 2276 conscientia
1878 2237 1893 2286 ;
1913 2219 1958 2274 si

389 2328 494 2365 non
521 2327 780 2366 curamus
805 2312 1074 2382 quomodo
1098 2312 1354 2367 sublimes
1388 2311 1513 2382 equi
1541 2311 1696 2368 nobis
1725 2311 1960 2367 insiden-

390 2403 860 2474 tibus-glomerent
892 2418 1128 2474 gressus,
1154 2403 1425 2474 quomodo
1454 2417 1553 2472 per
1600 2411 1844 2458 auratam
1875 2405 1957 2458 vi-

387 2494 617 2549 deantur
659 2495 898 2551 insanire
931 2497 1222 2561 cervicem,
1266 2495 1360 2550 sed
1393 2495 1662 2565 quomodo
1716 2510 1813 2550 nos
1856 2496 1958 2566 ipsi

387 2583 555 2638 Deum
580 2599 886 2639 mereamur
907 2585 1104 2640 habere
1127 2599 1428 2651 sessorem;
1460 2585 1505 2640 si
1534 2599 1640 2639 non
1669 2585 1958 2655 amplecta-

389 2689 508 2726 mur
537 2683 813 2729 mortuum
842 2676 1196 2745 quodcunque
1221 2675 1520 2740 metallum,
1554 2675 1650 2731 sed
1699 2675 1754 2730 in
1784 2677 1957 2750 capsi-

387 2763 477 2818 dili
507 2764 680 2818 nostri
704 2765 939 2833 pectoris
978 2765 1332 2821 recondamus
1379 2764 1609 2835 lapidem
1656 2765 1875 2831 vivum;
1909 2769 1954 2823 si

386 2869 490 2907 non
518 2855 571 2908 in
596 2856 835 2910 vestibus
851 2865 1166 2912 ornamenta
1209 2871 1562 2928 gemmarum,
1603 2858 1696 2913 sed
1723 2858 1778 2912 in
1802 2873 1956 2913 men-

391 2943 532 2997 tibus
579 2943 800 2998 rutilent
835 2946 1143 3016 margarita
1187 2947 1552 3012 virtutum;si
1601 2946 1656 3022 in
1701 2949 1954 3006 cordibus

387 3033 586 3087 nostris
612 3042 668 3088 et
712 3035 965 3103 puritatis
997 3037 1216 3098 vitrum,
1267 3045 1323 3091 et
1382 3037 1659 3108 sapientiae
1701 3039 1953 3096 salutaris

2139 1859 2422 1928 Querelam
2476 1861 2828 1930 omnipotenti
2879 1861 3008 1925 Deo,
3050 1871 3109 1916 et
3143 1861 3313 1925 vobis,
3364 1862 3456 1932 qui
3511 1861 3627 1929 ejus

2063 1949 2196 2003 estis
2216 1940 2478 2014 membra,
2498 1950 2708 2018 depono
2737 1950 2803 2004 de
2832 1950 3053 2004 domino
3082 1959 3271 2005 nostro
3332 1965 3494 2021 papa,
3532 1952 3622 2020 qui

2063 2053 2159 2093 cor
2185 2053 2364 2094 meum
2390 2047 2498 2093 tam
2525 2041 2720 2095 crebro
2765 2055 3000 2095 mmrore
3029 2042 3319 2096 conturbat
3360 2050 3417 2096 et
3465 2055 3626 2110 gran-

2062 2132 2334 2202 daevijam
2361 2133 2508 2188 senis
2527 2133 2762 2186 animam
2785 2134 2853 2188 ad
2880 2133 3296 2188 amaritudinem
3346 2116 3621 2203 provocat.

2060 2224 2206 2279 Tulit
2229 2226 2372 2279 enim
2399 2225 2590 2278 librum
2615 2236 2878 2290 nostrum,
2913 2240 3072 2294 quem
3098 2224 3349 2280 videlicet
3379 2225 3446 2278 de
3491 2241 3626 2294 pau~

2061 2313 2324 2383 pertatula
2349 2313 2524 2382 inopis
2553 2313 2802 2383 iugenioli
2829 2329 2949 2368 cum
2978 2326 3173 2384 magno
3222 2313 3406 2368 labore
3433 2315 3621 2369 decer-

2060 2419 2298 2474 pseram,
2329 2412 2382 2458 et
2401 2403 2545 2459 velut
2573 2403 2982 2459 unicum‘tilium
3012 2405 3154 2458 ulnis
3181 2404 3406 2459 uterina:
3447 2405 3627 2459 dulce-

2059 2496 2202 2551 dinis
2221 2495 2610 2568 amplcctebar;
2653 2506 2709 2552 ct
2750 2497 2895 2552 hunc
2937 2497 3170 2566 qualiter
3225 2496 3406 2551 tulerit
3449 2511 3626 2564 operae

2057 2587 2287 2656 pretium
2317 2597 2400 2642 est
2443 2587 2765 2659 agnoscatis.
2798 2587 3011 2643 Sciebat
3042 2588 3184 2642 enim
3234 2587 3335 2642 hoc
3389 2602 3448 2642 se
3479 2602 3508 2641 a
3543 2603 3628 2642 me

2057 2674 2211 2728 aliter
2236 2676 2526 2744 impetrare
2552 2692 2655 2729 non
2688 2689 2878 2744 posse;
2907 2678 3101 2730 domno
3130 2675 3308 2730 abbati
3342 2675 3401 2730 S.
3432 2675 3623 2731 Salva-

2058 2765 2190 2819 ton‘s
2224 2780 2311 2819 me
2331 2775 2595 2834 praesente
2618 2765 2839 2820 tradidit
2864 2805 2880 2829 ,
2909 2766 3223 2836 prtecipiens
3267 2776 3327 2820 ut
3376 2767 3628 2821 transcri-

2055 2855 2231 2910 beret.
2262 2854 2428 2911 Nocte
2458 2871 2606 2922 vero,
2637 2870 2722 2911 me
2759 2857 3056 2920 nesciente,
3087 2859 3206 2910 tulit
3231 2858 3453 2927 suisque
3494 2858 3626 2911 seri-

2057 2945 2163 3002 niis
2185 2947 2478 3001 insarcivit.
2503 2946 2570 3002 Et
2592 2962 2779 3002 revera
2809 2948 2911 3003 hoc
2951 2956 3030 3002 est
3073 2948 3350 3002 munditite
3379 2949 3626 3002 sacerdo-

2057 3038 2180 3095 talis
2211 3037 2505 3108 ingenium,
2531 3037 2638 3093 imo
2660 3038 2763 3092 hoc
2807 3038 3014 3108 papalis
3048 3037 3298 3107 puritatis
3350 3045 3434 3091 est
3463 3053 3621 3105 argu-

319 3108 334 3123 \
389 3125 726 3195 resplendeat
747 3143 959 3196 aurum,
987 3137 1049 3182 ut
1077 3128 1219 3183 illam
1233 3127 1347 3196 jam
1379 3129 1619 3184 imitetur
1659 3130 1952 3198 civitatem,
1983 3125 2029 3186 C
2059 3140 2323 3186 mentum.
2364 3130 2439 3185 Ex
2472 3129 2556 3185 bis
2595 3139 2773 3184 tamen
2832 3143 2952 3183 cum
3007 3128 3376 3198 expostulatur
3423 3127 3628 3182 arridet

388 3215 451 3270 de
475 3231 580 3285 qua
611 3216 666 3270 in
693 3217 1010 3288 Apocalypsi
1046 3233 1145 3288 per
1175 3218 1434 3274 Joannem
1471 3220 1704 3275 dicitur:
1740 3239 1759 3272 ο
1795 3222 1954 3278 Stru-

388 3316 536 3359 etura
566 3307 705 3386 muri
732 3307 848 3376 ejus
869 3323 933 3364 ex
963 3307 1139 3378 lapide
1161 3309 1404 3380 jaspide;
1439 3310 1552 3380 ipsa
1584 3325 1715 3366 vero
1755 3311 1954 3369 civitas

388 3408 453 3448 ex
479 3411 614 3452 auro
648 3397 868 3461 mundo,
899 3399 1058 3454 simul
1097 3409 1153 3456 et
1181 3401 1321 3454 vitro
1343 3400 1576 3465 mundo;
1611 3400 1956 3459 fundamenta

387 3488 523 3542 muri
551 3488 787 3544 civitatis
815 3491 960 3545 omni
987 3489 1163 3560 lapide
1202 3490 1440 3561 pretioso
1467 3491 1726 3548 adornata
1769 3495 1956 3565 (Apoc.

388 3586 520 3656 ιιι).
545 3607 564 3639 ι
601 3586 725 3643 llaec
760 3587 922 3658 igitur
947 3588 1142 3650 anima,
1171 3602 1290 3656 quae
1312 3586 1435 3642 talis
1458 3595 1560 3652 est,
1583 3587 1768 3657 procul
1798 3590 1958 3644 dubio

390 3677 669 3743 paradisus
695 3686 806 3743 est;
832 3677 966 3741 haec,
995 3676 1082 3732 ille
1103 3677 1416 3732 deliciarum
1447 3677 1634 3732 hortus
1667 3686 1774 3742 est,
1805 3677 1960 3747 cujus

388 3767 711 3822 inhabitator
735 3777 818 3823 est
840 3767 1000 3823 Deus.
1026 3768 1155 3835 Quae
1185 3768 1311 3822 dum
1359 3767 1442 3822 sui
1497 3767 1806 3824 Conditoris
1829 3783 1958 3824 con-

389 3858 728 3928 templatione
755 3857 1064 3928 perfruitur,
1095 3858 1160 3912 ad
1195 3857 1342 3912 illam
1369 3857 1684 3928 dignitatem
1704 3899 1718 3923 ,
1766 3858 1821 3912 iu
1849 3873 1958 3929 qua

388 3949 592 4016 primus
634 3949 795 4002 homo
837 3947 1088 4003 conditus
1145 3946 1342 4010 fuerat,
1410 3943 1754 4000 reformatur.
1807 3946 1959 4002 Unde

389 4036 644 4091 Dominus
672 4035 727 4090 in
765 4035 1005 4092 Levitico
1053 4051 1175 4090 cum
1211 4035 1451 4090 dicturus
1475 4043 1618 4089 esset
1650 4052 1664 4087 :
1701 4053 1720 4086 ι
1756 4034 1956 4089 Ponant

387 4127 786 4182 tabernaculum
809 4142 988 4183 meum
1019 4127 1072 4182 in
1102 4127 1280 4181 medio
1307 4125 1493 4190 vestri,
1520 4134 1576 4181 et
1604 4141 1708 4180 non
1741 4127 1959 4196 abjiciet

383 4231 476 4271 vos
504 4217 644 4270 ultra
685 4217 865 4271 anima
893 4231 1030 4279 mea,
1069 4225 1124 4272 et
1149 4215 1436 4271 ambulabo
1482 4215 1620 4269 inter
1638 4230 1735 4270 vos
1757 4224 1814 4271 et
1862 4231 1960 4272 ero

383 4319 560 4364 vester
584 4307 764 4373 Deus,
800 4323 1002 4378 vosque
1057 4308 1210 4364 eritis
1263 4306 1492 4377 populus
1553 4320 1705 4361 meus
1766 4305 1952 4376 (Leuit.

381 4397 551 4467 xxvr),
600 4415 618 4449 ι
646 4397 904 4466 praemisit
925 4396 1111 4452 dicens
1142 4411 1158 4449 :
1197 4415 1216 4447 ι
1247 4393 1554 4450 Comedetis
1588 4393 1952 4448 vetustissima

378 4497 647 4551 veterum,
671 4486 779 4557 67
807 4494 864 4540 et
890 4493 1068 4540 vetera
1099 4483 1254 4549 noyis
1289 4479 1796 4552 supervenientibus
1822 4496 1952 4550 pro-

375 4577 577 4648 jicietis
605 4575 815 4648 (Ibid.).
862 4596 880 4629 ι
913 4575 1348 4633 Vetustissimum
1402 4573 1600 4644 quippe
1654 4573 1811 4628 nobis
1866 4581 1952 4628 est

381 4669 584 4736 primos
610 4667 854 4721 homines
909 4666 1079 4721 Deum
1122 4665 1176 4720 in
1204 4663 1458 4734 paradiso
1479 4662 1794 4732 conspicere
1821 4678 1837 4728 ;
1861 4677 1950 4716 ve-

379 4763 468 4808 tus
488 4764 696 4815 autem.
722 4753 1067 4809 lsraeliticnm
1089 4752 1343 4824 populum
1377 4751 1835 4815 circumcisionis,
1885 4766 1950 4807 ac

385 4845 774 4900 sacrificiorum
805 4845 966 4898 ritum
1015 4845 1460 4911 diversarumque
1504 4844 1946 4897 czeremoniarum

385 4938 638 4990 mandata
664 4951 902 4990 servare.
928 4935 1080 4989 Tunc
1116 4935 1295 5004 itaque
1329 4932 1693 4988 vetustissima
1720 4942 1960 4987 veterum

387 5027 580 5080 tuentis
602 5039 698 5078 ore
723 5027 1073 5090 comedimus,
1109 5040 1230 5079 cum
1262 5025 1326 5078 ad
1361 5025 1532 5078 instar
1577 5023 1734 5092 priml
1764 5038 1958 5093 paren-

388 5119 453 5172 tis
476 5118 568 5172 Dei
603 5119 837 5186 speciem
873 5117 1340 5186 contemplamur;
1395 5125 1577 5170 vetera
1623 5130 1752 5170 vero
1808 5116 1961 5170 novis

387 5208 892 5276 supervenientibus
945 5207 1128 5274 procul
1167 5205 1467 5273 abjicimus,
1507 5209 1630 5260 dum
1683 5205 1955 5275 Evangelii

385 5299 558 5369 gratia
593 5306 912 5351 coruscante
950 5295 1194 5350 Mosaicae
1233 5295 1364 5362 legis
1410 5294 1810 5349 observantiam
1850 5309 1954 5348 non

388 5404 658 5442 curamus.
677 5386 778 5454 Qui
801 5402 930 5457 ergo
960 5387 1242 5456 possidere
1271 5400 1392 5439 cum
1421 5385 1533 5439 Deo
1560 5383 1795 5453 paradisi
1845 5384 1959 5454 glo-

387 5483 519 5536 riam
542 5483 856 5552 quaerimus,
885 5483 972 5536 hic
1013 5495 1231 5536 necesse
1272 5489 1356 5534 est
1409 5489 1462 5534 ut
1516 5480 1564 5532 ei
1601 5478 1958 5547 nosmetipsos

390 5573 539 5640 prius
570 5572 944 5627 habitaculum
974 5571 1334 5640 praebeamus,
1363 5579 1653 5638 quatenus,
1693 5568 1956 5635 dumipse

380 5658 429 5713 in
465 5662 622 5714 nobis
650 5661 857 5714 habitat
884 5671 937 5714 et
963 5674 1058 5714 nos
1111 5659 1163 5714 in
1215 5674 1301 5722 eo,
1348 5658 1428 5711 sic
1483 5658 1794 5711 studeamus
1851 5669 1956 5706 non

2055 3231 2320 3292 caputque
2365 3237 2542 3278 meum
2598 3231 2852 3291 tanquam
2901 3205 3019 3275 oleo
3055 3219 3255 3290 jocosae
3305 3215 3628 3272 urbanitatis

2056 3312 2324 3367 suavitate
2369 3310 2671 3373 demulcet;
2737 3308 3072 3363 sacerdotem
3123 3306 3332 3362 scilicet
3401 3308 3626 3375 deputat

2058 3401 2408 3463 histrionem;
2440 3401 2567 3454 dum
2597 3413 2685 3453 me
2711 3397 2873 3452 rebus
2895 3397 3194 3465 impugnat,
3220 3394 3400 3449 verbis
3439 3393 3626 3448 nbdul-

2056 3497 2177 3553 cat;
2207 3504 2400 3544 manus
2421 3487 2615 3542 incutit
2639 3485 2965 3554 colaphum;
3004 3499 3079 3539 ‘os
3107 3484 3377 3538 excitatur
3428 3482 3494 3536 ad
3553 3484 3626 3536 ri-

2060 3595 2198 3635 sum.
2231 3577 2326 3634 Cui
2381 3577 2556 3634 simile
2615 3575 2867 3630 Salomon
2920 3574 2974 3628 in
3017 3573 3370 3628 Prm'erbiis:
3416 3590 3435 3624 ς
3473 3571 3628 3626 Sicut

2058 3667 2250 3723 noxius
2277 3677 2379 3732 est,
2417 3667 2613 3736 inquit,
2641 3665 2732 3735 qui
2762 3664 2927 3718 mittit
2959 3664 3174 3718 lanceas
3225 3673 3280 3718 et
3315 3663 3540 3733 sagittas
3565 3664 3618 3718 in

2058 3764 2322 3818 mortem;
2346 3755 2424 3809 sic
2444 3755 2556 3825 68
2583 3754 2683 3818 vir,
2724 3753 2815 3823 qui
2847 3751 3214 3806 fraudulenter
3257 3761 3418 3806 nocet
3444 3751 3624 3808 amico

2059 3860 2175 3910 suo,
2206 3853 2400 3900 etcum
2431 3843 2595 3898 fuerit
2615 3843 2983 3914 deprehensus
3019 3842 3193 3897 dicit:
3253 3842 3468 3898 Ludens
3517 3841 3620 3898 feci

2059 3933 2240 4006 (Prov.
2278 3935 2446 4004 xxvr).
2485 3953 2504 3986 ι
2538 3933 2780 3990 Romana
2803 3947 2965 4002 porro
3004 3933 3168 3988 tradit
3193 3933 3414 3988 historia
3439 3931 3618 4003 (Suet.

2057 4041 2107 4079 c.
2129 4024 2220 4095 48)
2246 4042 2259 4076 :
2283 4024 2408 4092 quia
2437 4024 2653 4078 Tiberio
2678 4023 2899 4085 Caesari,
2922 4023 3178 4092 quoniam
3206 4021 3374 4076 multo
3413 4037 3475 4077 se
3499 4023 3626 4077 vino

2057 4117 2252 4186 saepius
2285 4115 2670 4186 ingurgitabat,
2697 4115 2821 4168 dum
2851 4121 3137 4168 vocaretur
3184 4111 3441 4168 Claudius
3465 4111 3627 4169 Tibe-

2059 4207 2170 4262 rius
2209 4206 2369 4272 Nero,
2407 4206 2656 4261 dicebant
2705 4205 2996 4260 histriones
3037 4221 3051 4258 :
3100 4203 3322 4259 Caldius
3375 4202 3624 4262 Biberius

2057 4292 2216 4349 Nero.
2248 4293 2361 4362 Ego
2389 4307 2604 4364 quoque
2629 4293 2754 4364 quia
2781 4293 2964 4348 nescio
2987 4291 3209 4356 saltare,
3227 4293 3322 4348 sed
3358 4292 3619 4356 scribere,
3660 4302 3670 4310 '

2058 4383 2291 4439 scribam
2333 4383 2579 4440 fortassis
2605 4383 2897 4453 aliquando
2927 4397 3035 4437 non
3085 4381 3230 4453 quod
3268 4381 3623 4448 sacerdotem,

1983 4451 2032 4511 Ῐ)
2061 4473 2154 4527 sed
2182 4475 2324 4542 quod
2348 4463 2539 4528 deceat
2575 4451 2915 4528 histrionem.
2969 4451 3117 4526 Nam
3162 4481 3218 4527 et
3271 4487 3373 4544 ego
3421 4467 3626 4530 domini

2059 4565 2161 4619 ιιιεί
2185 4581 2379 4620 nomen
2402 4564 2557 4617 facile
2580 4579 2791 4634 possem
2838 4563 3023 4632 iocoso
3081 4563 3191 4618 sale
3249 4578 3623 4635 conspergere.

2059 4654 2162 4708 nisi
2192 4655 2294 4708 hoc
2317 4655 2447 4708 mihi
2466 4663 2628 4720 tanta:
2651 4654 2928 4724 dignitatis
2951 4652 3265 4707 excellentia
3290 4655 3621 4724 prohiberet.

2057 4742 2362 4797 Alexander
2390 4743 2606 4813 quippe,
2639 4741 2815 4796 levaris
2856 4744 3124 4812 angustias
3168 4741 3494 4796 tenebrarum
3535 4742 3622 4797 in-

2061 4842 2404 4902 terpretatur,
2430 4835 2568 4888 sicut
2605 4833 2656 4886 in
2701 4832 3088 4888 Hebraicorutn
3151 4832 3425 4885 nominum
3465 4833 3626 4888 inter-

2059 4926 2445 4994 pretationibus
2491 4927 2774 4980 invenitur.
2835 4924 3037 4990 Quibus
3079 4925 3332 4977 nimirum
3374 4924 3622 4978 tenebra-

2061 5009 2181 5070 rutu
2209 5017 2479 5086 angustiis
2508 5018 2634 5086 quid
2658 5016 2798 5075 aliud
2827 5017 3158 5085 designatur,
3185 5029 3346 5084 quam
3377 5024 3454 5068 tot
3479 5015 3626 5067 labo-

2057 5111 2132 5165 ris
2163 5119 2218 5163 et
2239 5111 2562 5165 calamitatis
2596 5126 2867 5169 :erumnm,
2905 5124 3038 5176 quas
3078 5107 3334 5162 l'renetica
3369 5108 3544 5163 rabies
3565 5123 3626 5161 ac

2056 5201 2206 5258 furor
2230 5205 2383 5257 nobis
2414 5203 2732 5256 Cadaloicus
2755 5201 2963 5254 intulit?
2990 5201 3255 5256 Cadalous
3285 5200 3445 5269 plane
3479 5209 3626 5264 lene-

2063 5295 2280 5345 brarum
2306 5293 2564 5345 excitavit
2587 5292 2880 5357 angustias,
2907 5306 3042 5358 quas
3077 5289 3230 5357 juxta
3261 5289 3342 5342 sui
3391 5290 3628 5344 nominis

2061 5378 2805 5451 elymologiam,Alcxandcr
2868 5393 2999 5446 papa
3056 5378 3273 5442 levavit,
3318 5380 3441 5447 quia
3495 5381 3623 5433 dum

2061 5470 2147 5523 ille
2173 5470 2484 5537 sulphureo,
2508 5481 2565 5522 ut
2593 5471 2662 5523 ita
2687 5470 2895 5538 loquar,
2947 5467 3170 5524 :Etntete
3192 5453 3457 5538 cupidinis
3479 5471 3626 5523 fumo

2063 5563 2238 5616 lumen
2263 5563 2567 5631 apostolicae
2593 5562 2736 5615 sedis
2797 5569 2878 5614 est
2923 5576 3209 5630 aggressus
3255 5561 3622 5628 exstinguere,

2063 5669 2251 5708 omnes
2283 5669 2380 5707 nos
2409 5655 2750 5708 tenebrarum
2781 5651 3037 5721 cmupulit
3067 5651 3344 5720 angustias
3367 5649 3618 5702 tolerare.
