4078 6202
407 374 504 430 271

933 364 992 424 S.
1033 360 1234 418 PETRI
1263 356 1545 414 DAMIANI
1581 355 1731 413 OPP.
1765 353 1944 409 PARS
1972 348 2105 406 SEU
2135 329 2372 404 TOMUS
2410 347 2449 402 Ι.
2481 376 2549 386 —
2587 345 2802 401 EPIST.
2835 343 2960 400 LIB.
2991 321 3125 398 Vill.

3532 343 3654 399 '27!

406 482 766 557 Quamobrem
792 475 1078 538 ηοιὶιηοάο
1113 473 1359 530 dominus
1425 479 1606 524 "031°"
1658 482 1791 538 Pili)a
1823 506 1838 531 ν
1883 465 1974 516 5°"
2007 497 2052 554 Α
2080 480 2369 537 hilominus
2413 494 2612 548 genera
2641 476 2896 530 describit
2942 491 3060 530 esse
3103 489 3405 548 pinnarum.
3437 475 3502 532 Et
3527 481 3651 546 quia

408 592 596 634 omnes
621 588 718 628 nos
747 572 802 626 in
863 575 1151 636 conspectu
1189 562 1451 627 Cadaioi,
1524 559 1627 614 dici
1685 571 1976 628 possumus

410 664 738 730 Alexandri;
770 661 896 731 quia
923 659 1048 717 dum
1078 656 1166 712 ilic
1190 653 1533 715 tenebrarum
1565 651 1719 704 nobis
1748 647 1976 722 imponit

410 757 712 831 angustias.
745 751 906 827 cujus
931 762 1118 811 sumus
1154 744 1445 821 participes
1467 741 1520 795 in
1552 736 1976 831 laborm-merito

409 827 692 905 censemur
711 852 764 898 et
795 840 1030 899 nomine.
1064 836 1171 899 Sed
1198 851 1323 900 cum
1361 835 1464 889 hoc
1513 845 1706 886 nomen
1760 827 1974 894 haheat,

405 939 606 999 levare,
637 931 765 988 illud
794 931 1083 999 exprimat,
1109 927 1322 990 cadere,
1348 939 1443 1000 per
1472 922 1594 983 hoc,
1624 918 1762 973 inter
1791 916 1941 969 levan
1959 944 1976 956 -

405 1041 512 1085 tem
539 1037 594 1082 et
641 1025 928 1086 cadentem
980 1018 1224 1090 pra‘lium
1253 1057 1270 1082 ,
1319 1016 1467 1079 illum
1521 1027 1682 1081 quem
1735 1008 1972 1064 Joannes

405 1129 609 1181 narrat,
637 1118 704 1170 ad
727 1112 1046 1190 memoriam
1087 1109 1329 1178 cogimur
1357 1119 1613 1160 revocare
1643 1099 1968 1155 conﬂictum.

407 1230 428 1264 ι
466 1211 688 1270 Factum
711 1215 815 1274 est,
839 1203 1036 1280 inquit,
1061 1201 1302 1275 praelium
1335 1199 1387 1258 in
1443 1196 1582 1258 c0210
1612 1210 1627 1248 :
1657 1191 1882 1248 Michael
1922 1198 1978 1243 ct

403 1301 576 1373 angeli
607 1300 725 1370 ejus
749 1295 1132 1368 proeliabantur
1158 1306 1281 1348 cunt
1318 1289 1553 1348 dractmo
1574 1283 1762 1355 (Apoc.
1785 1281 1908 1351 xu).
1947 1295 1966 1330 ›

405 1396 480 1450 ﬂe
503 1407 609 1463 quo
629 1391 787 1447 etiam
811 1385 968 1458 paulo
1005 1391 1126 1453 post
1158 1381 1374 1436 additur
1404 1396 1417 1432 ε
1451 1395 1470 1428 ι
1499 1376 1568 1430 Et
1594 1374 1870 1444 projectus
1891 1378 1976 1463 est

402 1488 455 1540 in
499 1459 700 1541 terram
723 1480 886 1539 draco
917 1475 1005 1536 ille
1038 1487 1285 1544 magnus,
1313 1482 1535 1540 serpens
1561 1463 1838 1537 antiquus,
1875 1459 1971 1528 qtti

401 1584 626 1631 vocatur
645 1569 888 1630 diabolus
907 1576 966 1628 et,
984 1565 1214 1626 Satanas
1237 1559 1443 1632 (Ibid).
1472 1577 1490 1610 ι
1518 1557 1597 1615 Ad
1619 1553 1770 1626 cujus
1786 1566 1972 1610 exem-

402 1665 548 1745 plum
573 1672 628 1724 et
645 1659 912 1717 Cadalous
932 1657 996 1716 de
1023 1653 1161 1713 cosio
1213 1652 1266 1708 iu
1301 1658 1559 1711 tartarum
1591 1645 1808 1745 cecidit,
1847 1656 1970 1698 cum

402 1736 468 1811 de
495 1754 636 1810 sedis
658 1749 964 1820 apostolic'e
992 1745 1246 1808 culmine,
1274 1743 1414 1814 quod
1440 1739 1714 1812 sperabat,
1742 1736 1793 1792 in
1843 1749 1972 1793 ana—

402 1843 654 1907 thematis
673 1838 983 1908 voraginem
1013 1833 1240 1896 corruit.

471 1918 739 1996 Praeterea
765 1901 1036 2006 nutuquam
1065 1923 1224 1999 hujus
1243 1921 1474 1978 nominis
1492 1918 1731 1996 pontifex
1760 1924 1970 1992 aposto-
1999 1901 2046 1961 Β

401 2027 518 2091 lica:
545 2025 664 2088 sedi
686 2021 1001 2093 praesedisse
1029 2017 1249 2095 legitur,
1279 2012 1381 2068 nisi
1438 2011 1583 2066 solus
1627 2009 1712 2071 ille
1767 2015 1971 2084 martyr

401 2115 648 2186 insignis,
674 2127 836 2181 quem
855 2110 1043 2185 quinto
1066 2107 1186 2160 loco.
1209 2120 1239 2158 a
1270 2103 1330 2157 Β.
1362 2101 1525 2156 Petro
1555 2101 1607 2159 in
1636 2098 1754 2170 ejus
1779 2097 1966 2158 cathe-

399 2209 498 2271 dra
521 2202 897 2266 constitutum,
929 2212 1025 2268 per
1047 2194 1228 2251 omnia
1255 2191 1504 2246 novimus
1524 2188 1692 2251 fuisse
1724 2186 1968 2246 membra

399 2295 737 2362 transﬁxum.
759 2291 828 2354 Et
851 2291 974 2362 quia
999 2286 1289 2357 compellor
1309 2284 1376 2339 ad
1396 2281 1598 2347 ludum,
1629 2280 1733 2335 hoc
1754 2278 1807 2333 in
1835 2290 1967 2346 apo-

399 2388 590 2452 stolica
616 2386 742 2448 sede
773 2380 1092 2445 vocabulum
1122 2377 1301 2437 omnia
1325 2374 1424 2428 sibi
1477 2372 1715 2430 vindicat
1769 2382 1968 2448 genera

399 2485 811 2538 tormentorum,
841 2471 986 2532 etab
1022 2468 1241 2537 antiqua
1278 2479 1385 2526 non
1414 2463 1707 2538 degenerat
1742 2472 1969 2520 consue-

398 2568 610 2631 tudine,
635 2567 761 2625 dum
789 2559 1103 2624 haereditate.
1128 2555 1368 2632 possidet
1393 2552 1814 2608 tribulationem.
1857 2549 1970 2604 lmo

397 2661 550 2730 juxta
574 2654 806 2716 nominis
834 2651 990 2720 hujus
1048 2645 1544 2721 interpretationem
1565 2685 1582 2714 ,
1634 2651 1779 2698 totus
1809 2656 1968 2701 mun-

401 2734 504 2814 dus
523 2749 696 2808 factus
717 2755 800 2802 est
818 2741 1163 2804 Alexandria,
1189 2740 1315 2798 dum
1341 2737 1538 2808 ubique
1564 2746 1830 2789 terrarum
1856 2740 1968 2794 tota

402 2836 727 2904 universalis
749 2831 996 2894 Ecclesia
1026 2829 1130 2894 sub
1157 2826 1386 2891 diversis
1406 2838 1778 2894 pressurarum
1804 2821 1973 2894 gemit

400 2929 664 3004 angustiis
685 2924 999 2991 constituta.
1032 2920 1407 2990 Repruborum
1435 2915 1640 3004 scilicet
1687 2911 1970 3004 hominum

399 2998 548 3094 patet
576 3020 702 3081 hinc
729 3016 852 3076 inde
873 3012 1099 3084 rapinis,
1133 3009 1410 3068 laceratur
1455 3003 1689 3074 injuriis,
1751 2998 1970 3061 calami-

365 3091 376 3104 "
400 3091 570 3177 intum
595 3109 743 3172 fasce
771 3105 1112 3176 deprimitur,
1141 3100 1367 3165 sublatis
1398 3095 1635 3174 quotidie
1676 3091 1968 3164 possessio-

400 3205 559 3265 nibus
576 3206 916 3274 angustatur,
946 3203 1001 3256 et
1027 3194 1154 3255 dum
1195 3188 1450 3262 ambages
1501 3178 1664 3261 atque
1700 3180 1967 3274 tumultus

398 3305 650 3366 perversa
665 3268 1010 3356 loquentium
1042 3280 1262 3358 patitur,
1289 3277 1538 3331 titionum
1568 3268 1966 3366 quodaminodo

401 3357 994 3445 ie-nebrisdenigratur,
1017 3372 1204 3432 dicens
1226 3383 1321 3444 per
1342 3365 1719 3421 Salomonem:
1751 3378 1768 3410 ι
1801 3357 1965 3426 Nigra

397 3489 544 3540 sunt,
566 3471 662 3533 sed
688 3468 944 3529 formosa,
970 3461 1077 3526 (ilia
1108 3457 1448 3524 llieruSaIem
1479 3473 1492 3508 :
1533 3453 1698 3508 nolite
1725 3467 1809 3504 me
1832 3463 1965 3540 conf

396 3536 636 3626 siderarc
659 3555 802 3625 quod
851 3552 1005 3616 fusca
1041 3549 1173 3624 sim,
1223 3546 1348 3626 quia
1406 3541 1736 3604 decoloravit
1765 3553 1851 3596 me
1885 3536 1965 3593 sol

395 3650 570 3727 (Cum.
591 3650 658 3717 ι).
692 3665 712 3708 η

467 3741 578 3804 Sed
599 3753 727 3800 euut
751 3737 864 3797 lucc
885 3731 1050 3796 verba
1072 3728 1328 3806 praefatus
1371 3724 1622 3790 dominus
1655 3730 1839 3776 noster
1857 3731 1964 3772 au-

397 3835 584 3895 diem,
603 3827 890 3891 fortassis,
911 3835 971 3885 ut
1001 3822 1154 3886 solet,
1187 3820 1330 3878 illico
1384 3813 1733 3889 respondebit
1765 3828 1780 3866 :
1822 3809 1966 3864 Dure

395 3920 657 3990 loqueris,
688 3925 744 3978 et
759 3914 893 3991 quid
917 3927 1016 3987 ego
1041 3907 1381 3971 commerui?
1437 3905 1566 3982 quid
1611 3903 1662 3956 in
1713 3911 1764 3956 te
1805 3913 1968 3991 grave

396 4009 675 4075 emisi?
819 4018 931 4065 non
950 3998 1213 4062 dissimile
1251 3996 1350 4054 fuit
1378 3994 1520 4065 quod
1551 3993 1646 4052 lilii
1679 3991 1788 4045 Dan
1819 3990 1966 4050 dice-

394 4099 626 4162 bantad
643 4097 878 4158 Miehan,
909 4092 996 4156 oui
1156 4086 1411 4148 nimirum
1433 4127 1450 4152 ,
1475 4100 1598 4159 qua:
1653 4081 1968 4154 possidebat

395 4195 588 4252 cuncta
611 4191 902 4253 rapuerant
939 4198 951 4233 :
1003 4200 1019 4231 ι
1053 4178 1216 4252 Quid,
1275 4174 1542 4245 inquiunt,
1594 4173 1687 4227 tibi
1727 4171 1845 4233 vis?
1869 4185 1968 4230 cur

397 4259 637 4339 clamas?
660 4293 678 4326 ι
713 4270 865 4342 (Iud.
896 4269 1072 4339 avni.)
1097 4266 1301 4341 Quibus
1329 4264 1414 4318 ille
1445 4262 1719 4337 respondit
1743 4278 1762 4320 ε,
1789 4277 1807 4308 ι
1832 4259 1970 4317 Deos

401 4379 572 4429 meos,
598 4377 740 4436 quos
760 4359 896 4426 foci,b
940 4357 1076 4420 mihi
1118 4354 1316 4409 tulistis
1360 4394 1378 4422 ,
1427 4361 1486 4406 et
1536 4349 1870 4412 sacerdotem
1917 4356 1971 4402 et

400 4457 583 4519 omnia
607 4468 727 4522 quae
756 4451 951 4518 habeo,
973 4456 1032 4509 et
1051 4445 1248 4510 dicitis,
1279 4443 1408 4514 quid
1438 4442 1529 4502 tibi
1563 4442 1690 4501 est?
1722 4461 1741 4493 ι
1778 4438 1967 4514 (Ιὺὶά.)

400 4546 508 4612 Sed
533 4527 784 4616 quoniam
807 4539 946 4599 sicut
965 4538 1046 4592 vir
1075 4535 1384 4611 sapieusait
1415 4551 1426 4586 :
1459 4550 1476 4583 ι
1502 4531 1700 4588 Musica
1735 4530 1787 4583 in
1819 4529 1965 4582 luctu

2080 570 2440 630 beatitudines
2468 568 2570 626 illae
2595 568 2737 621 sicut
2778 565 2933 619 nobis
2957 573 3086 619 sunt
3118 565 3173 622 in
3213 565 3544 635 cognitione,
3574 568 3653 622 sie

2079 661 2283 720 utinam
2317 662 2644 722 haberentur
2687 659 2738 712 in
2765 672 2955 730 opere;
3007 672 3104 710 nos
3135 657 3244 722 hic,
3266 656 3424 730 juxta
3453 657 3652 719 Tullia-

2079 767 2207 806 num
2247 751 2515 813 ordinem,
2567 750 2680 803 sola
2719 763 2999 820 poenarum
3045 763 3243 817 genera
3287 763 3651 814 numeremus,

2079 842 2335 895 damnum
2360 840 2630 904 videlicet,
2660 837 2896 903 vincula,
2925 837 3172 902 verbera,
3199 837 3475 904 talionem,
3502 839 3654 910 igno-

2078 932 2324 995 miniam,
2356 930 2628 996 exsilium,
2683 940 2930 994 mortem,
2971 930 3306 989 servitutem.
3332 931 3466 986 Cum
3490 932 3656 1005 igitur

2077 1022 2193 1080 haec
2219 1022 2399 1080 omnia
2435 1021 2548 1076 fere
2575 1037 2671 1096 pro
2705 1021 2853 1080 sedis
2882 1019 3193 1092 apostolica:
3224 1023 3444 1078 servitio
3473 1033 3650 1096 pertu-

2078 1113 2324 1183 lcrimus,
2352 1114 2600 1186 dignum,
2629 1130 2835 1186 quaeso,
2864 1125 2947 1168 cst
2977 1121 3057 1176 ut,
3091 1113 3243 1184 quasi
3269 1115 3444 1168 soluto
3467 1131 3650 1187 poena-

2077 1221 2196 1266 rum
2224 1206 2424 1274 debito,
2453 1220 2596 1262 nunc
2629 1205 2804 1258 eidem
2831 1203 2940 1258 sedi
2970 1203 3309 1275 potissimum
3347 1199 3527 1262 etiam‘
3552 1204 3650 1261 lm-

2077 1311 2178 1357 nus
2200 1296 2410 1368 injuria:
2430 1294 2817 1366 pet-solvamus,
2841 1309 3155 1366 quanquam
3178 1304 3234 1348 et
3256 1295 3651 1351 beatitudinum

2076 1386 2349 1457 Evangelii
2386 1401 2485 1462 pro
2531 1386 2771 1457 ejusdem
2821 1401 2973 1460 papa:
3013 1385 3384 1447 servitiomon
3431 1389 3652 1441 omnino

2075 1477 2356 1536 videamur
2381 1477 2671 1547 expertes?
2708 1475 2979 1536 Habemus
3007 1476 3150 1531 enim
3183 1477 3413 1549 primam
3440 1487 3496 1532 et
3526 1478 3652 1537 uiti-

2074 1583 2248 1636 mam,
2289 1576 2657 1638 paupertatem
2701 1565 2908 1622 scilicet
2950 1574 3006 1620 et
3034 1568 3496 1640 persecutionem;
3550 1570 3646 1623 ha-

2075 1676 2198 1724 rum
2239 1661 2446 1723 scilicet
2492 1661 2882 1720 beatitudinum
2932 1660 3103 1728 copiis
3154 1660 3511 1720 abundamus.
3543 1661 3646 1717 Ro-

2072 1752 2218 1814 mani
2265 1753 2465 1829 quippe
2528 1752 2720 1811 nolunt
2776 1750 3166 1820 Alexandrum,
3227 1752 3323 1806 sed
3375 1753 3647 1810 marium.

2074 1845 2228 1906 Hunc
2247 1845 2478 1912 scilicet.
2501 1859 2662 1915 quem
2681 1842 2974 1919 Apostolus
2999 1843 3252 1914 reprobat
3275 1842 3356 1914 {II
3383 1843 3517 1898 Tim.
3534 1846 3646 1916 tv);

2073 1951 2185 1996 non.
2226 1952 2370 2002 eum.
2424 1935 2520 2012 qui
2562 1949 2662 2006 per
2713 1933 3078 2012 apostolorum
3124 1934 3650 2006 apostolicoruutque

2069 2026 2390 2103 pontiﬁcum
2417 2026 2686 2086 tramitem
2708 2025 2900 2086 currit.
2917 2021 3132 2094 Nolunt,
3161 2025 3646 2095 iuquam,Alexau-

2071 2119 2230 2180 drum
2275 2117 2649 2196 evangelicam
2695 2114 3077 2179 ecclesiaSticae
3124 2130 3323 2174 mensae
3361 2118 3646 2189 pecuniam

2069 2219 2488 2287 propeneutem.
2517 2209 2614 2270 sed
2647 2209 2914 2268 sou-dentis
2941 2207 3190 2264 avaritiae.
3214 2208 3390 2278 potius
3433 2225 3541 2266 acra
3581 2209 3651 2270 ii—

2070 2300 2338 2360 brautem.
2363 2300 2508 2362 Petri
2558 2309 2822 2370 respuunt
2865 2315 3261 2367 successorem,
3287 2308 3341 2360 et
3368 2301 3644 2361 alumnum

2072 2390 2308 2449 Simonis
2359 2389 2762 2459 amplectuntur
2809 2405 2908 2464 pro
2954 2391 3244 2452 venalitate
3294 2389 3525 2467 Spiritus
3554 2406 3648 2466 pe-

2070 2479 2258 2538 cunias.
2289 2476 2602 2540 offerentem
2641 2479 2780 2550 (Act.
2823 2479 2966 2552 vin).
3004 2481 3233 2542 Proinde
3263 2479 3517 2536 Dominus
3547 2495 3647 2535 uo-

2070 2578 2210 2634 ster.
2232 2568 2360 2642 Quia
2396 2585 2494 2630 sua
2525 2571 2680 2630 nobis
2709 2573 2951 2640 przebere
2977 2585 3082 2629 non
3110 2578 3290 2637 vacat,
3313 2585 3419 2630 non
3450 2571 3645 2629 saltem

2071 2673 2189 2732 qua:
2215 2667 2399 2720 nostra
2430 2667 2579 2726 sunt,
2608 2659 2777 2716 tollat.
2821 2660 3129 2731 Apostoiica
3161 2659 3361 2731 quippe
3379 2660 3645 2718 sententia

2070 2755 2201 2806 cst:
2261 2765 2279 2797 ι
2333 2746 2452 2808 Non
2495 2749 2692 2810 debent
2744 2748 2842 2809 lilii
2891 2750 3262 2810 tltesaurizarc
3308 2749 3645 2823 parentibus,

2070 2836 2165 2898 sed
2211 2847 2463 2912 parentes
2517 2836 2640 2896 ﬁliis
2684 2837 2767 2908 (II
2801 2837 2924 2893 Cor.
2966 2840 3086 2912 xu).
3123 2857 3141 2890 ι
3176 2837 3280 2898 Sed
3324 2839 3448 2892 dum
3495 2846 3646 2890 tanto

2068 2929 2210 3006 patri
2234 2937 2620 3006 praesumentes
2658 2929 3024 3003 obloquimur,
3057 2930 3188 3004 quia,
3211 2943 3518 2987 mensuram
3543 2944 3641 2981 no-

2068 3027 2239 3080 stram
2268 3018 2646 3082 insimulantes
2671 3020 3030 3088 excessimus,
3049 3034 3078 3074 a
3097 3019 3271 3084 vobis,
3287 3017 3644 3082 dilectissimi.

2068 3110 2389 3178 procacibus
2448 3110 2602 3171 robiis
2656 3112 3030 3180 paenitentiam
3095 3110 3444 3184 postulamus.
3497 3108 3645 3163 Inter

2079 3200 2230 3277 servi
2259 3201 2468 3264 scilicet
2520 3201 2835 3270 dominique
2876 3201 3108 3272 litigium
3145 3189 3369 3256 debetur
3401 3209 3456 3254 et
3484 3199 3642 3260 satis—

2071 3287 2233 3353 factio
2259 3289 2588 3366 delinquenti
2618 3300 2673 3351 et.
2701 3290 3016 3358 iunnitentia
3047 3289 3341 3364 vapulanti.

2613 3419 2943 3475 EPISTOLA
2985 3418 3096 3474 VH.

2143 3567 2209 3615 ιι»
2247 3567 2654 3616 ηιιυεηιιιιωωι
2691 3569 2738 3609 S.
2778 3570 2832 3608 ll.
2873 3569 2925 3607 Ε.
2967 3570 3395 3615 ΑΒΕΙΠΜΑΟΟΝΠΗ
3436 3570 3566 3612 (ιλιι-

2729 3639 2982 3680 DINALEI.

2299 3734 2563 3808 (Habetur
2587 3746 2714 3793 (om.
2746 3735 2864 3803 ΙΙΙ,
2895 3745 3070 3808 estque
3092 3753 3271 3806 opusc.
3302 3735 3417 3807 52.)

2609 3867 2942 3928 EPISTOLA
2984 3865 3116 3926 Vill.

2141 3983 2212 4024 ιι)
2247 3983 2462 4026 εωινιιι
2499 3982 2905 4024 BIBDEBRANMII
2941 3983 2990 4022 8.
3029 3982 3082 4021 Β.
3122 3982 3179 4022 Β.
3216 3981 3564 4042 Αιεωοιλερ-

2706 4054 2814 4099 και
2851 4054 3012 4098 (MRD.

2071 4149 2187 4218 70
2206 4150 2601 4204 Anconam“.
2627 4178 2704 4194 -μ
2730 4148 3099 4218 Conqueritur
3125 4164 3251 4204 cum
3277 4147 3643 4204 Hiidebrando

2140 4221 2283 4288 quod
2305 4234 2592 4288 parum‘se.
2619 4221 2687 4274 ab
2711 4233 2779 4273 eo
2805 4218 2952 4288 diligi
2974 4219 3346 4288 comperisset.
3373 4218 3642 4283 Primum,

2140 4289 2281 4358 quod
2311 4303 2582 4358 nunquam
2612 4288 2684 4346 ad
2711 4303 2768 4342 se
2796 4288 3100 4354 scriberet;
3146 4289 3357 4352 deinde,
3406 4288 3546 4358 quod
3587 4289 3642 4342 in

2142 4357 2482 4417 sermonibus
2525 4357 2801 4411 sinistram
2835 4358 2899 4411 de
2943 4373 3003 4412 se
3041 4358 3366 4411 mentionem
3413 4357 3639 4412 faceret.

2142 4427 2314 4493 Quam
2338 4427 2608 4481 immerito
2650 4427 2707 4480 id
2749 4427 2849 4480 sibi
2886 4429 3094 4481 accidat
3119 4429 3374 4489 ostendit,
3427 4427 3524 4495 qui
3564 4427 3641 4480 illi

2142 4511 2248 4566 pro.
2291 4497 2496 4550 viribus
2543 4500 2920 4564 obtemperare
2979 4511 3193 4565 semper
3247 4495 3543 4563 suultterit,
3589 4506 3645 4566 et

2145 4565 2381 4626 maxime
2427 4581 2623 4640 arnore
2663 4575 3041 4640 prosequatur.
3069 4566 3156 4626 Ad
3179 4575 3504 4640 extremum,
3530 4565 3645 4634 cpi-

401 4637 709 4711 importuna
740 4628 977 4686 nan-auo
1007 4625 1346 4700 (εττιε-ιιιι)
1366 4641 1422 4688 μ
1456 4623 1581 4677 licet
1613 4619 1804 4676 nimio
1842 4619 1966 4683 sim.
1997 4615 2046 4675 υ
2145 4615 3641 4711 $281331};saliunca{fotiiuf’rérﬁ"siiiiig'éf?3§.§:i.’n

398 4743 504 4794 υρι
537 4729 664 4790 libet
712 4725 920 4790 ludere,
946 4724 1070 4785 dum
1110 4720 1404 4797 compellar
1432 4718 1592 4774 corde
1621 4717 1841 4788 lugere;
1871 4728 1971 4768 nec

399 4820 664 4880 citharam,
681 4817 921 4890 crispare
933 4814 1160 4874 delectat
1182 4827 1342 4888 qneu‘.
1365 4811 1524 4866 amici
1541 4809 1742 4866 codicis
1756 4809 1970 4882 jactura

403 4910 701 4979 perturbat.
744 4906 953 4970 Reddat
978 4920 1104 4976 ergo
1133 4903 1357 4965 librum,
1391 4903 1436 4964 si
1462 4901 1576 4960 vult
1605 4900 1880 4971 possidere
1907 4898 1971 4951 li-

403 4999 668 5062 britictun.
729 4997 796 5060 Et
843 5005 1064 5072 propter
1114 4984 1332 5055 brevem
1381 4992 1500 5053 vilis
1531 4989 1740 5051 articuli
1769 4989 1965 5044 seriem

397 5087 780 5162 pauperculam
827 5085 1064 5154 ejusdem
1119 5083 1241 5154 styli
1285 5097 1389 5135 non
1420 5082 1633 5140 amittat
1663 5087 1967 5140 auctorem.

399 5180 510 5238 Hoc
564 5179 775 5239 scilicet
817 5185 1094 5236 merentur
1127 5174 1396 5244 impendia
1449 5181 1524 5228 tot
1572 5173 1839 5236 laborum,
1888 5180 1968 5226 tot

394 5270 630 5338 pericula
664 5270 941 5333 mortium,
965 5285 1088 5326 eum
1129 5260 1257 5324 illud
1303 5265 1586 5336 Propheta:
1635 5265 1842 5342 lugubri
1883 5279 1968 5320 c0-

398 5377 648 5431 geremur
679 5373 809 5420 voce
838 5370 1064 5420 cantare
1089 5377 1102 5412 :
1134 5377 1151 5410 α
1187 5359 1448 5424 Quoniam
1477 5367 1695 5430 propter
1722 5367 1773 5414 te
1797 5367 1968 5416 morte

398 5455 660 5515 allicimur
682 5463 792 5508 tota
815 5455 923 5520 die,
954 5454 1202 5508 aestimati
1231 5469 1415 5512 sumus
1440 5461 1497 5506 ut
1522 5467 1650 5512 oves
1678 5451 1965 5513 occisionis

398 5547 570 5619 (Psal.
601 5564 761 5612 mu;
795 5547 942 5599 Rom.
975 5551 1113 5618 vin).
1147 5565 1165 5598 ι

467 5639 628 5700 Plane
673 5638 812 5698 sicut
855 5645 976 5690 octo
1025 5636 1382 5691 heatitudines
1410 5644 1688 5690 enumerat
1723 5637 1963 5706 Evange-

399 5730 524 5785 liqu
556 5729 768 5789 (Matth.
803 5710 877 5796 v),
908 5727 983 5780 sic
1012 5726 1063 5779 in
1090 5723 1297 5795 legibus
1331 5726 1443 5779 suis
1487 5725 1692 5781 Tullius
1732 5735 1855 5782 octo
1883 5727 1964 5780 ni-

2147 4704 2256 4760 cur
2272 4719 2331 4759 se
2359 4705 2406 4758 ei
2440 4704 2834 4758 Hildebrandus
2858 4705 3155 4758 subiratum
3185 4705 3445 4773 praeberet
3476 4705 3643 4758 fuisse

2147 4774 2401 4830 credibile
2427 4783 2543 4839 est;
2577 4773 2794 4827 uolebat
2815 4775 2962 4830 enim
2996 4778 3050 4828 in
3093 4774 3184 4828 illa
3227 4783 3526 4841 temporum
3554 4789 3646 4828 ne-

2141 4845 2396 4907 cessitate
2443 4852 2498 4898 et
2547 4845 2809 4898 bonorum
2854 4844 3196 4899 sacerdotum
3249 4845 3473 4913 petmria
3532 4854 3642 4898 tam

2144 4923 2333 4974 sancto
2359 4913 2598 4974 antistite
2626 4913 2916 4967 Ecclesiam
2941 4913 3143 4986 orbari.
3250 4911 3274 4916 ”’

2145 5003 2350 5062 Domno
2380 5000 2759 5060 HILDEBRLNDO
2783 5001 3186 5066 archidiacono,
3207 5001 3424 5058 Psrnus
3453 5016 3642 5065 pecca-

2075 5102 2162 5156 tor
2196 5091 2518 5156 monachus,
2542 5091 2886 5145 servitutem.

2145 5180 2332 5250 Miror,
2361 5179 2684 5237 venerabilis
2736 5178 2927 5242 frater,
2977 5194 3074 5232 cur
3121 5189 3304 5236 sancta
3349 5192 3500 5231 mens
3552 5185 3644 5232 tua

2073 5273 2220 5334 nulla
2245 5273 2396 5334 circa
2442 5287 2527 5326 me
2577 5271 2751 5326 valeat
2804 5271 3089 5328 occasione
3133 5271 3430 5332 mitescere,
3482 5280 3647 5324 utne

2065 5379 2238 5435 unum
2280 5363 2495 5439 quidem
2545 5362 2787 5428 verbum,
2835 5363 3136 5435 praesertim
3183 5361 3398 5430 quando
3445 5359 3646 5414 absens

2076 5470 2223 5519 sum,
2257 5452 2338 5506 vel
2364 5453 2429 5505 ad
2463 5466 2569 5517 me,
2601 5451 2682 5505 vel
2721 5453 2785 5505 de
2818 5467 2900 5505 me
2943 5451 3202 5519 proferas,
3233 5449 3372 5517 quod
3417 5448 3484 5501 ad
3513 5448 3644 5500 cha-

2072 5547 2247 5604 ritatis
2269 5545 2513 5598 videatur
2534 5543 2764 5597 oliicium
2800 5544 3101 5616 pertinere;
3153 5543 3246 5595 scd
3292 5540 3645 5608 quandocun-

2073 5652 2176 5705 que
2204 5635 2286 5694 vel
2317 5634 2380 5687 ad
2413 5649 2498 5687 me
2531 5633 2724 5704 legatio
2755 5632 3073 5695 desunatur,
3119 5633 3200 5684 vel
3245 5640 3295 5685 te
3348 5635 3638 5698 praesente,

2073 5742 2250 5783 sermo
2279 5725 2504 5795 quilibet
2528 5741 2592 5776 ex
2625 5739 2711 5778 me
2735 5724 2981 5780 fortassis
3013 5725 3279 5786 oboritur,
3313 5737 3432 5775 mox
3460 5720 3640 5790 parvi-
