4078 6202
448 286 554 342 273

1609 293 1804 350 LIBER
1847 296 2230 360 SECUNDUS,
2271 293 2486 350 El‘lS'l‘.
2529 294 2618 349 IX.

3576 302 3682 355 27$

449 399 574 452 tatis
602 411 736 453 mete
764 412 959 453 nomen
986 400 1308 468 exploditur,
1341 401 1480 457 fama
1508 409 1842 475 conspuitur,
1878 410 2009 463 levi-
2039 412 2087 471 Α
2115 416 2312 462 serant.
2342 407 2469 471 Cur,
2497 421 2700 476 quaeso,
2731 406 2874 462 illius
2907 415 3037 463 tunc
3058 411 3343 466 sententia:
3375 405 3686 468 recordatus

451 497 538 542 tas
561 483 841 552 irridetur,
865 504 930 543 ac
956 491 1022 544 de
1048 505 1134 545 me
1160 491 1283 545 talia
1313 489 1661 562 proferuntur
1683 514 1803 566 qua:
1825 509 1877 554 et
1908 501 2009 553 ini.

446 577 604 630 micis
635 573 1018 644 meisjucnnda
1043 580 1114 634 sit
1155 580 1350 646 fabula,
1379 593 1434 638 et
1477 585 1607 638 mihi
1640 586 1883 642 confusio
1931 589 2012 641 lu-

442 678 654 724 ctuosa.
682 669 842 723 Plane
860 680 1142 740 postquam
1189 675 1441 729 Romana:
1488 693 1608 730 sum
1636 678 1882 748 alligatus
1917 680 2015 734 Ee-

442 757 622 816 elcsize
649 762 779 832 (84),
830 765 1032 818 utinam
1062 775 1170 820 tant
1217 767 1344 828 Deo,
1389 771 1470 824 vel
1499 770 1676 837 Petro,
1707 788 1866 839 quam
1910 775 2016 829 tuis

440 855 638 924 emptis
673 856 883 926 tuisque
920 858 1201 912 conatibus
1227 875 1440 930 semper
1471 863 1844 932 obtemperare
1885 880 2015 920 con-

446 945 619 1008 tendi,
643 954 698 998 et
724 945 777 998 in
807 948 1058 1002 omnibus
1086 949 1193 1002 tuis
1240 953 1628 1008 certaminibus
1658 964 1820 1024 atque
1845 957 2015 1011 vieto-

441 1035 561 1099 riis,
592 1050 691 1105 ego
723 1051 808 1091 me
853 1052 960 1091 non
994 1039 1438 1108 commilitonem,
1467 1041 1582 1097 sive
1611 1044 2012 1114 pediseequum,

439 1127 535 1180 sed
568 1127 716 1195 quasi
773 1126 970 1182 fulmen
1019 1128 1196 1197 injeci.
1225 1130 1376 1196 Quod
1415 1133 1558 1186 enim
1598 1143 1873 1188 certamen
1916 1151 2014 1189 nn-

436 1230 600 1282 quam
619 1216 853 1283 cmpisti,
879 1217 967 1270 ubi
991 1219 1232 1286 protinus
1252 1233 1352 1289 ego
1373 1236 1479 1274 non
1503 1235 1678 1276 essem
1701 1231 1755 1275 et
1776 1223 2016 1292 litigator

437 1317 494 1360 ct
526 1306 728 1375 judex?
771 1308 868 1362 Ubi
907 1309 1112 1364 scilicet
1162 1326 1269 1364 non
1307 1311 1466 1365 aliam
1507 1313 1884 1368 auctoritatem
1919 1329 2010 1368 οπο

439 1413 662 1460 nomnn,
681 1397 780 1450 nisi
803 1415 829 1451 s
867 1397 974 1451 lum
998 1408 1100 1454 tuae
1118 1400 1409 1456 voluntatis
1431 1404 1695 1470 sequebar
1709 1404 2011 1469 arbitrium,

437 1495 493 1538 et
530 1501 680 1540 mera
709 1496 796 1539 tua
824 1487 1069 1543 voluntas
1099 1489 1228 1543 mihi
1257 1505 1521 1546 canonum
1547 1501 1665 1547 erat
1695 1493 2009 1548 auctoritas.

435 1574 546 1629 Nec
569 1569 807 1644 unquam
829 1575 1062 1644 jndicavi
1095 1579 1238 1647 quod
1268 1579 1440 1633 visum
1468 1587 1551 1634 est
1577 1577 1728 1644 mihi,
1753 1582 1846 1636 sed
1869 1583 2013 1650 quod

435 1659 637 1732 plaettit
673 1663 790 1718 tibi.
823 1663 1112 1728 Praeterea,
1145 1683 1338 1722 nomen
1373 1678 1520 1723 tuum
1548 1669 1599 1722 in
1627 1678 1825 1737 quanta
1854 1671 2012 1725 bene-

2116 513 2220 552 non
2249 512 2348 561 es,
2387 513 2491 566 qua
2520 499 2720 553 dicitur
2752 516 2766 551 :
2807 517 2828 550 ο
2867 499 3082 555 Cibaria
3106 541 3122 565 ,
3170 511 3226 556 ct
3271 504 3415 573 virga
3457 512 3512 557 et
3547 520 3685 558 onus

2112 588 2297 652 asino;
2353 589 2539 656 panis,
2592 596 2647 642 et
2694 588 2971 658 disciplina
3016 599 3075 645 et
3117 606 3252 661 Opus
3291 603 3448 648 servo
3490 593 3679 663 (Eccli.

2115 682 2346 747 sunt);
2387 697 2405 729 ›
2441 679 2529 732 ubi
2561 695 2682 732 mox
2707 682 2951 748 sequitur
2983 699 2994 733 :
3034 698 3054 732 ι
3089 681 3233 736 Luxu
3262 700 3452 738 manus
3481 684 3588 748 illi,
3629 691 3684 738 et

2111 769 2307 836 quaarit
2336 769 2636 824 libertatem
2659 768 2869 838 (Ibid.).
2904 789 2923 820 ι
2951 770 3061 826 Cur
3083 781 3140 825 et
3159 771 3244 826 ille
3271 773 3363 827 tibi
3384 774 3682 828 versiculus
3742 823 3747 826 .

2111 860 2357 915 excidit:
2395 878 2413 911 ι
2450 857 2643 930 Jugum
2683 867 2739 913 et
2780 860 2953 914 lorum
2979 867 3208 915 curvant
3235 863 3429 916 collum
3461 864 3679 929 durum,

2111 957 2167 1005 et
2193 960 2406 1004 servum
2439 949 2696 1004 inclinant
2737 950 3082 1018 operatione:
3124 951 3398 1005 assideret
3435 969 3453 1002 ι
3488 951 3679 1022 (ιὸἱει.)

2111 1037 2221 1092 Cur
2247 1039 2409 1092 etiam
2440 1038 2569 1094 illud
2603 1049 2693 1094 tua
2729 1039 2988 1094 memoria
3018 1053 3123 1094 non
3151 1041 3380 1096 recoluit
3406 1059 3419 1095 ε
3459 1059 3478 1094 ι
3511 1042 3685 1098 Servo

2113 1126 2378 1202 malevolo
2403 1136 2630 1193 tortum,
2659 1139 2714 1184 et
2735 1130 3039 1200 Compedes.
3071 1130 3218 1185 Mitte
3243 1132 3389 1186 illum
3417 1133 3470 1185 in
3497 1147 3682 1202 opera-

2113 1216 2335 1284 tionem,
2364 1232 2433 1272 ne
2459 1217 2646 1274 vacet?
2680 1237 2699 1271 ο
2737 1218 2927 1290 (Ιὺίιι.)
2960 1219 3064 1274 Sed
3111 1221 3238 1289 quid
3281 1221 3478 1276 mirum
3499 1263 3513 1284 ,
3556 1223 3601 1278 si
3632 1233 3683 1277 te

2112 1306 2238 1362 licet
2260 1307 2576 1377 prudentem
2603 1316 2660 1362 et
2683 1316 2928 1363 sanctum
2953 1309 3128 1363 virum
3153 1309 3327 1378 potuit
3347 1310 3542 1365 artifex
3567 1323 3680 1365 ser-

2112 1399 2256 1452 vitus
2273 1409 2551 1455 etversuta
2581 1399 2826 1469 decipere
2845 1440 2860 1463 ,
2890 1414 3012 1454 cum
3043 1407 3097 1454 et
3124 1401 3438 1470 prophetico
3468 1401 3682 1471 plenum

2111 1487 2302 1557 spiritu
2331 1487 2522 1552 David,
2567 1487 2694 1542 Siba
2741 1499 2930 1544 servus
2978 1489 3104 1544 Saul
3153 1490 3348 1544 callide
3395 1492 3682 1554 mentiens,

2112 1574 2372 1644 compulit
2419 1589 2453 1629 a
2497 1574 2707 1644 iustitia
2761 1577 3074 1632 declinare?
3121 1596 3139 1629 ι
3175 1576 3306 1646 ,Τιιφ
3358 1579 3574 1647 inquit,
3631 1588 3686 1633 et

2113 1661 2260 1728 Siba,
2289 1663 2510 1719 dividite
2532 1666 2901 1734 possessiones
2923 1665 3006 1737 (ll
3040 1665 3162 1736 Reg.
3186 1666 3320 1745 xxx).
3355 1687 3375 1719 ι
3405 1666 3498 1723 Ille
3517 1668 3686 1736 siqui-

434 1749 672 1805 dictione
706 1749 869 1808 fuerit
898 1754 1036 1823 apud
1062 1754 1199 1808 labia
1228 1771 1344 1810 mea
1376 1756 1564 1812 saltem
1595 1759 1849 1813 domuum
1880 1759 2006 1815 Clu-
2041 1751 2085 1810 Β
2111 1755 2234 1810 dem
2282 1755 2622 1812 innocentem
2667 1757 3024 1827 Mipltiboseth
3067 1759 3324 1814 mentitus
3367 1768 3453 1815 est
3498 1767 3684 1814 contra

435 1838 743 1896 uincensem
768 1880 784 1908 ,
825 1839 914 1912 qui
953 1844 1051 1899 tibi
1093 1861 1198 1900 non
1230 1856 1313 1900 est
1341 1847 1576 1917 ignotus,
1613 1844 1841 1919 inquire.
1873 1849 2018 1906 Nam.

434 1925 558 1984 dum
581 1942 745 2002 super
770 1942 820 1988 te
847 1934 1136 2003 aliquando
1182 1935 1512 2006 disputarem
1547 1952 1563 1992 ε
1609 1956 1629 1989 ι
1662 1935 1876 2006 Nescit,
1933 1941 2013 1996 in-

433 2019 552 2091 quit
582 2021 693 2088 ille,
725 2033 928 2078 tantam
954 2025 1050 2080 tibi
1091 2026 1170 2080 sui
1211 2027 1413 2082 amoris
1459 2029 1634 2083 inesse
1654 2029 2009 2095 dulcedinem,

432 2129 596 2184 quant
628 2113 909 2182 profecto,
963 2116 1006 2170 si
1054 2125 1279 2181 nosset,
1318 2116 1724 2188 incomparabili
1755 2134 1919 2188 penes
1959 2129 2012 2175 te

434 2219 622 2257 amore
644 2202 914 2273 flagraret.
954 2225 973 2256 ι
1012 2204 1117 2262 Sed
1144 2223 1242 2262 cur
1273 2223 1372 2279 ego
1398 2210 1708 2278 scriptionis
1738 2211 1896 2281 hujus
1925 2227 2011 2265 ar-

434 2289 658 2349 ticulum
689 2299 965 2364 protraho,
998 2314 1157 2366 quam
1184 2308 1235 2353 te
1258 2299 1519 2355 lecturum
1543 2317 1661 2356 esse
1683 2318 1786 2356 non
1812 2304 2011 2371 spero?

431 2380 596 2437 Certe
626 2399 785 2439 nemo
813 2385 946 2439 vivit
977 2385 1028 2439 in
1064 2402 1246 2452 carne,
1275 2390 1365 2455 cui
1399 2389 1653 2444 libentius
1690 2392 2008 2457 scriberem,

433 2473 480 2526 si
512 2483 565 2528 tu
596 2475 896 2545 dignareris
912 2477 1124 2532 oculmn
1151 2479 1427 2536 adhibere.
1459 2480 1565 2536 Sed
1594 2483 1717 2550 quia
1746 2497 1869 2552 spes
1905 2484 2007 2538 ista

434 2579 542 2618 non
577 2574 680 2630 est,
717 2567 835 2621 vide
863 2583 1021 2637 quam
1053 2579 1339 2624 accuratus
1377 2581 1430 2626 et
1479 2570 1693 2626 limatus
1721 2573 1792 2627 sit
1818 2573 2010 2644 stylus,

431 2655 526 2722 qui
553 2654 711 2709 flores
739 2656 962 2725 eloquii,
989 2673 1109 2726 qua:
1135 2659 1476 2727 resplendeat
1504 2661 1781 2716 urbanitas
1818 2662 2009 2716 dictio-

433 2743 538 2798 nis.
571 2743 675 2798 Sed
697 2745 812 2798 sive
839 2746 1040 2810 videas,
1068 2747 1178 2800 sive
1207 2763 1313 2802 non
1339 2749 1543 2814 videas,
1567 2764 1665 2819 ego
1690 2750 1781 2805 tibi
1805 2752 2010 2820 episco-

432 2843 620 2902 patum
647 2850 808 2902 quem
841 2835 1060 2901 dedisti,
1092 2853 1188 2903 per
1216 2835 1312 2892 has
1338 2838 1547 2894 litteras
1589 2841 1770 2905 rexldo,
1819 2858 2006 2897 onme-

432 2937 538 2990 que
562 2918 672 2990 jus,
700 2932 754 2977 et
787 2935 1104 2994 potestatem
1151 2943 1181 2981 a
1226 2943 1312 2982 me
1359 2944 1478 2999 qua:
1526 2929 1658 2984 mihi
1692 2946 1855 3002 super
1883 2950 2006 2989 eum

433 3023 744 3084 competere
774 3017 1076 3082 videbatur,
1109 3019 1384 3074 abscindo.

449 3185 454 3187 _
920 3123 1021 3198 71
1067 3128 1398 3185 El’lSTOLA
1438 3129 1528 3184 1x.

433 3228 504 3269 AD
517 3227 732 3270 ΕυΙΒΕΠ
748 3232 1153 3274 UILDEBRANDUII
1183 3235 1230 3274 8.
1250 3237 1302 3273 Β.
1331 3235 1382 3273 Ε.
1398 3236 1828 3279 ARCHIDIACONUI
1851 3238 2006 3279 (ΞΛΜ).

435 3306 831 3363 Auuuznwu.
863 3339 932 3348 —
976 3310 1172 3364 lterum
1230 3327 1351 3366 cum
1406 3315 1593 3368 eodem
1652 3316 2012 3369 llildehrando

506 3379 809 3446 expostulat
865 3380 1101 3432 habitam
1152 3381 1220 3434 ab
1267 3397 1332 3436 eo
1387 3398 1505 3438 esse
1544 3384 1700 3439 fidem
1736 3386 2012 3448 malevolis

507 3449 861 3521 quorumdam
914 3451 1291 3514 sermonibus,
1339 3449 1429 3521 qui
1473 3451 1685 3506 beatum
1729 3454 1902 3508 virum
1957 3457 2009 3508 in

507 3515 684 3592 alieno
729 3517 844 3572 Solo
901 3521 1286 3592 monasterium
1335 3515 1631 3577 aedificasse
1673 3537 1770 3592 per
1815 3522 2015 3580 calum-

505 3586 1093 3711 :éaéudaisseverabunt.
1131 3590 1285 3656 Quod
1326 3605 1450 3648 esse
1488 3586 1687 3648 falsum
1731 3593 2014 3650 manifeste

624 3673 656 3709 n
701 3675 713 3709 ι
746 3691 760 3710 .

624 3673 760 3710 ηωι.

507 3746 770 3801 lmmobili
808 3748 1072 3802 columna:
1095 3748 1239 3804 sedis
1264 3750 1571 3819 apostolica:
1601 3712 1798 3808 domno
1825 3752 2014 3806 Ηιιοις-

436 3852 643 3892 suamne
678 3840 1059 3896 archidiacono
1083 3881 1099 3906 ,
1146 3839 1363 3896 PITRUS
1406 3852 1657 3912 peccator
1695 3845 2012 3908 monachus,

433 3926 685 3982 salutem.

510 4018 714 4074 Uberes
746 4033 847 4089 ago
889 4019 1123 4088 gratias,
1163 4019 1464 4075 venerande
1509 4015 1700 4085 frater,
1738 4021 1862 4090 quia
1892 4038 2016 4076 cum

438 4110 509 4164 ad
554 4110 749 4181 regalis
798 4110 935 4166 aulae
998 4113 1357 4168 contenderes
1405 4112 1610 4182 apicem
1639 4153 1655 4179 ,
1694 4121 2014 4168 astuantem

437 4198 585 4254 circa
613 4215 702 4256 me
728 4215 988 4270 vaporare
1017 4202 1257 4270 persensi
1286 4203 1351 4256 de
1379 4203 1621 4256 sacrario
1670 4202 1742 4254 tui
1785 4200 2014 4270 pectoris

439 4290 784 4347 charitatem.
808 4291 920 4348 Nec
940 4293 1158 4358 mirum,
1186 4309 1309 4349 eum
1336 4294 1476 4349 Deus
1503 4293 1643 4363 ignis
1664 4291 1875 4348 dicatur
1895 4307 2018 4346 esse

436 4395 762 4439 consumens
813 4382 991 4454 (Deut.
1018 4399 1102 4448 tv;
1135 4383 1298 4438 Hebr.
1329 4383 1425 4452 χιι)
1446 4423 1463 4447 ,
1493 4384 1538 4438 si
1578 4383 1749 4438 sancti
1783 4381 2016 4450 Spiritus

2112 1843 2317 1914 regiam
2340 1860 2504 1915 agere
2529 1845 2902 1915 maiestatem;
2933 1847 3020 1902 isti
3046 1862 3132 1902 me
3153 1847 3531 1902 conditionem
3567 1863 3687 1916 per-

2111 1935 2298 1991 hibent
2324 1938 2707 2006 proscripsisse
2754 1938 3022 1992 servilem.
3074 1937 3203 2002 Sed,
3231 1952 3444 2011 quaso,
3495 1936 3682 2000 frater.

2111 2027 2352 2096 nunquid
2397 2027 2741 2096 Tethgrimus
2787 2028 3051 2084 Guidonis
3096 2027 3255 2096 hujus
3311 2037 3554 2097 patruus,
3592 2028 3686 2097 qui

2111 2117 2230 2172 sine
2278 2117 2463 2172 liberis
2503 2118 2676 2182 obiit,
2727 2118 2793 2173 de
2829 2126 2907 2172 tot
2937 2117 3081 2188 agris
3127 2132 3192 2172 ac
3236 2118 3373 2172 villis
3399 2118 3685 2187 perexigua

2110 2207 2325 2273 saltem,
2354 2222 2476 2276 qua;
2502 2207 2822 2261 videbantur
2849 2221 2968 2261 esse
2999 2207 3332 2261 contermina
3361 2207 3687 2261 monasterio

2111 2297 2291 2367 legare
2317 2312 2424 2351 non
2453 2297 2664 2366 potuit?
2690 2312 2758 2350 an
2790 2297 2966 2351 adhuc
2992 2295 3340 2364 obsequentis
3367 2295 3522 2350 cunei
3541 2294 3683 2363 judi-

2111 2386 2322 2444 cabitur
2352 2386 2624 2456 indignus,
2655 2387 2742 2440 cui
2770 2401 2893 2441 cum
2921 2401 2988 2440 ex
3019 2386 3121 2468 hac
3150 2386 3265 2455 ipso
3299 2384 3405 2439 vita
3435 2385 3684 2438 decesse-

2111 2477 2202 2543 rit,
2223 2478 2512 2547 posteritas
2531 2479 2578 2532 ei
2601 2477 2744 2530 nulla
2765 2476 3041 2532 succedit?
3056 2476 3391 2538 lluicctiam,
3415 2475 3505 2543 qui
3531 2474 3684 2542 adju-

2111 2566 2206 2629 vit,
2233 2567 2360 2635 quia
2388 2567 2614 2622 clientes
2638 2567 2819 2619 omnia
2843 2565 3150 2634 possident,
3179 2564 3378 2632 aliquid
3414 2563 3522 2617 Deo
3547 2577 3679 2616 con-

2110 2653 2270 2717 ferre.
2305 2656 2370 2710 de
2399 2655 2478 2710 sui
2521 2656 2661 2724 juris
2699 2655 2894 2709 allodio
2923 2671 3027 2708 non
3060 2654 3274 2709 licebit?
3305 2652 3594 2713 Censebis,
3627 2661 3706 2705 ut.

2109 2747 2171 2810 ii,
2199 2748 2288 2816 qui
2321 2748 2560 2802 rotandis
2588 2748 2693 2816 72
2723 2746 2789 2800 ad
2817 2747 2992 2814 ignem
3019 2747 3269 2807 verubus,
3296 2745 3378 2800 vel
3403 2744 3684 2798 abluendis

2110 2848 2236 2894 sunt
2256 2839 2522 2894 lebetibus
2543 2839 2856 2908 deputandi,
2879 2839 2956 2893 sic
2979 2837 3170 2894 berilia
3192 2839 3328 2891 bona
3353 2836 3682 2907 possideant,

2109 2937 2170 2982 ut
2198 2942 2382 2982 eorum
2415 2927 2616 2981 domini
2668 2928 2977 2982 recedentes
3006 2941 3036 2980 e
3061 2924 3259 2980 smculo
3278 2961 3294 2989 ,
3343 2926 3543 2978 sanctis
3583 2923 3685 2978 Ec-

2108 3016 2286 3072 clesiis
2314 3017 2396 3070 sui
2427 3016 2565 3086 juris
2605 3016 2877 3085 impendia
2919 3033 3024 3072 non
3070 3015 3407 3082 relinquant?
3433 3014 3685 3082 Dignum-

2039 3112 2084 3172 C
2118 3125 2184 3164 ne
2209 3110 2460 3178 perhibes
2491 3117 2548 3162 ut
2573 3108 2837 3178 mancipia
2869 3117 3052 3163 nostra
3079 3115 3267 3176 gerant
3292 3121 3386 3159 ora
3409 3104 3680 3157 llatnmaw

2116 3200 2215 3262 tia,
2233 3210 2291 3255 ut
2311 3201 2532 3270 pretiosi
2549 3186 2725 3256 cultus
2746 3199 2968 3254 induant
2985 3208 3323 3262 ornamenta,
3341 3209 3436 3250 nos
3449 3203 3685 3250 aestuan-

2116 3293 2184 3345 tis
2233 3292 2416 3346 averni
2461 3291 2692 3346 tolerare
2737 3288 3041 3359 supplicia?
3071 3287 3209 3341 Proh
3251 3287 3447 3356 pudor!
3503 3293 3561 3340 ut
3608 3283 3684 3337 illi

2114 3383 2313 3446 fluant,
2344 3392 2398 3437 et
2426 3397 2524 3438 nos
2569 3381 2746 3450 inopia
2779 3379 3153 3434 coaretemur!
3207 3377 3281 3430 llli
3327 3384 3538 3429 ruetent
3577 3375 3686 3442 pri-

2114 3475 2273 3528 diana
2295 3473 2561 3538 convivia,
2589 3488 2689 3527 nos
2713 3484 3016 3540 quaet-mnus
3057 3469 3193 3538 apud
3225 3467 3429 3522 inferos
3451 3463 3677 3520 micaml

2116 3564 2307 3619 Merito
2340 3561 2517 3633 perdit
2541 3562 2928 3625 hazreditatem,
2949 3559 3042 3630 qui
3066 3572 3282 3614 sci-vum
3305 3556 3556 3624 relinquit
3575 3557 3689 3610 hae-

2116 3655 2318 3710 redem.
2349 3654 2570 3708 Excludi
2601 3663 2839 3707 meretur
2861 3668 2888 3706 a
2915 3665 3138 3705 numero
3167 3649 3423 3709 filiorum,
3449 3647 3538 3716 qui
3565 3657 3688 3714 pru-

2115 3748 2229 3816 pria
2261 3746 2434 3800 salute
2467 3753 2798 3812 contempta,
2829 3734 2928 3798 sibi
2956 3740 3232 3796 substituit
3261 3738 3454 3792 servile
3483 3735 3685 3789 manci-

2115 3837 2282 3906 pium.
2313 3833 2633 3890 Obstruatur
2685 3833 2846 3902 igitur
2889 3839 2952 3886 os
3001 3829 3183 3898 iniqua
3224 3825 3601 3898 loquentium:
3633 3831 3688 3878 et

2108 3927 2261 3995 juxta
2298 3927 2636 3995 prophetam,
2669 3925 2944 3992 scpiantur
2969 3934 3128 3976 aures
3169 3921 3336 3990 spinis
3365 3935 3396 3973 a
3426 3915 3679 3984 versipel-

2115 4017 2244 4071 lium
2275 4011 2570 4071 mendaciis
2599 4014 2962 4070 detracturum
2990 4009 3179 4084 (Et-cli.
3211 4011 3423 4079 xxviii).
3470 4002 3570 4075 Qui
3620 4007 3684 4060 ad

2116 4107 2309 4163 faciem
2335 4106 2552 4177 quidem
2581 4105 2772 4162 blanda
2800 4105 3136 4175 prtetendunt
3161 4144 3175 4168 ,
3225 4102 3320 4158 sed
3363 4101 3687 4154 intrinsecus

2115 4198 2264 4253 virus
2311 4193 2529 4252 malitia:
2570 4203 2893 4266 contegunt,
2937 4203 2992 4250 et
3021 4193 3164 4249 velut
3210 4206 3337 4258 apes
3384 4208 3479 4246 ore
3531 4183 3689 4245 mella

2116 4287 2318 4351 ferunt,
2350 4285 2442 4342 sed
2473 4281 2674 4342 aculeis
2703 4294 2962 4356 pungunt.
2992 4283 3060 4338 Et
3081 4283 3210 4354 quid
3241 4283 3459 4347 mirum,
3483 4282 3528 4336 si
3565 4297 3686 4345 nos,

2117 4382 2210 4451 qui
2238 4380 2306 4433 ad
2337 4389 2536 4434 terram
2565 4377 2724 4434 melle
2749 4386 3056 4432 manantem
3083 4374 3481 4438 cuntendiums,
3527 4388 3688 4441 apum

441 4471 809 4526 habitaculum
845 4472 1166 4542 quibusdam
1209 4475 1455 4529 scintillis
1488 4473 1892 4543 erumpentibus
1936 4474 2012 4528 vi-

2116 4468 2614 4523 cirenmvulantium
2643 4467 2878 4521 stiumlis
2903 4465 3243 4519 laceramur?
3267 4464 3347 4516 Ad
3373 4478 3535 4532 quam
3563 4473 3680 4529 pro-

441 4559 632 4614 deatur
662 4561 911 4632 ignitum.
939 4557 1071 4616 Nam
1109 4550 1416 4631 ubicunque
1445 4561 1585 4617 illius
1618 4562 1828 4616 itineris
1857 4578 2009 4617 men-

440 4648 515 4703 tio
549 4649 657 4704 mei
703 4651 942 4705 nominis
987 4651 1196 4720 incidit,
1240 4653 1499 4707 memoria
1537 4667 1653 4706 mea
1692 4666 1855 4722 penes
1883 4661 1932 4708 te
1959 4652 2012 4706 in

440 4738 812 4796 benedictione
830 4743 953 4797 fuit.
978 4741 1131 4810 Quod
1153 4744 1350 4800 factum
1371 4754 1426 4800 et
1450 4746 1748 4800 amicorum
1771 4761 2012 4801 meorum

441 4843 647 4888 mentes
670 4835 862 4896 erexit,
895 4845 950 4890 et
979 4836 1372 4892 detrahentium
1415 4836 1555 4891 labia
1594 4827 1766 4908 digna:
1795 4852 2014 4906 respon-

442 4921 610 4978 sionis
656 4925 904 4981 obicibus
950 4927 1230 4996 oppilavit.
1285 4927 1667 4982 Verumtamen
1734 4928 1798 4999 [Ι.
1845 4927 2015 4982 fertur

441 5010 515 5066 vel
537 5013 740 5084 aliquid
767 5015 960 5087 simile]
988 5017 1272 5073 Florentia:
1319 5035 1467 5074 mens
1503 5029 1590 5074 tua
1614 5061 1630 5085 ,
1677 5037 1796 5089 qua:
1826 5029 2013 5076 contra

443 5102 757 5172 vaniloquos
781 5120 845 5160 ac
872 5107 1160 5162 mendaces
1181 5117 1335 5162 cauta
1357 5111 1776 5165 consuevit'esse
1801 5126 2016 5180 semper

443 5199 496 5244 et
517 5193 712 5262 rigida,
747 5195 1016 5251 delinifica
1050 5199 1404 5267 quorumdam
1437 5201 1863 5256 obtrectatorum
1895 5216 2015 5257 esse

445 5285 791 5349 persuasione
819 5287 1042 5342 mollita.
1088 5289 1313 5344 Comitis
1343 5291 1540 5360 quippe
1568 5291 1829 5346 Guidonis
1869 5307 2016 5348 asse-

443 5371 536 5428 cla:
551 5390 672 5429 cum
688 5390 851 5447 grege
867 5378 1046 5433 servili
1071 5377 1534 5436 calumniabantur
1554 5396 1637 5435 me
1651 5381 2018 5434 construxisse

442 5465 773 5533 cmnobium,
801 5482 866 5522 ex
897 5467 980 5524 his
1005 5469 1188 5540 utique
1227 5471 1460 5540 prazdiis,
1499 5487 1617 5541 qua:
1661 5471 1714 5524 in
1757 5468 2016 5526 clientelte

444 5571 553 5611 sua:
581 5557 912 5627 stipendium
935 5575 1001 5614 ex
1024 5560 1182 5615 herili
1211 5561 1407 5615 dudum
1436 5559 1759 5615 liberalitate
1788 5574 2012 5614 conces-

513 5671 630 5740 (84)
657 5673 1082 5738 Cardinalatum,
1116 5685 1170 5730 ut
1198 5676 1271 5730 ita
1301 5674 1499 5738 dicam,
1539 5673 1808 5742 intelligit.

2117 4559 2257 4616 fecto
2283 4567 2482 4613 terram
2512 4557 2805 4612 festinabat
2831 4555 2918 4611 ille
2939 4556 3029 4625 qui
3053 4549 3265 4610 dicebat
3290 4571 3303 4607 :
3331 4571 3350 4604 ε
3379 4551 3688 4607 Circumde-

2118 4649 2315 4707 derunt
2343 4667 2430 4706 me
2467 4643 2610 4705 sicut
2652 4664 2814 4720 apes,
2844 4659 2897 4704 et
2925 4656 3247 4704 exarserunt
3286 4645 3426 4700 sicut
3454 4641 3595 4713 ignis
3632 4641 3686 4694 in

2116 4741 2286 4811 spinis
2314 4737 2485 4808 (Paul.
2507 4737 2696 4808 cxvii).
2739 4756 2759 4790 ι

2191 4829 2306 4887 llue
2341 4829 2552 4885 accedit
2593 4828 2753 4898 quia,
2801 4841 2922 4883 eum
2953 4827 3021 4881 ad
3061 4825 3166 4880 mel
3213 4830 3370 4876 terra;
3396 4818 3686 4872 viventium

2120 4939 2408 4995 preperare
2436 4919 2836 4985 contendimus,
2883 4917 3047 4973 divini
3077 4926 3288 4986 quoque
3317 4905 3462 4964 verbi
3508 4907 3688 4962 dulce-

2122 5017 2298 5070 dinem
2330 5015 2676 5085 propinantes
2702 5012 2864 5067 etiam
2899 5011 3048 5064 favos
3077 5007 3248 5062 mellis
3294 5003 3345 5057 in
3387 5016 3481 5056 ore
3509 5009 3686 5070 porta-

2125 5119 2260 5157 mus.
2293 5102 2566 5171 Scriptum
2593 5109 2674 5156 est
2703 5100 2844 5155 enim
2873 5117 2884 5151 :
2919 5117 2936 5148 ι
2968 5097 3043 5152 De
3064 5111 3158 5150 ore
3185 5090 3462 5162 prudentis
3502 5103 3685 5159 procc‘

2123 5197 2200 5251 dit
2226 5193 2331 5248 mel
2357 5193 2538 5262 (Prov.
2569 5189 2700 5260 xvi).
2741 5208 2759 5242 ι
2789 5188 2853 5241 Et
2876 5185 3104 5240 dilectus
3128 5181 3194 5237 ad
3216 5192 3502 5250 sponsam:
3533 5199 3550 5227 ι
3583 5175 3685 5231 Fa-

2121 5298 2241 5348 vus,
2288 5281 2484 5350 inquit,
2525 5279 2788 5334 distillans
2831 5274 2972 5330 labia
3019 5283 3109 5328 tua
3136 5313 3148 5332 .
3202 5285 3430 5340 Sponsa;
3489 5263 3593 5320 mel
3635 5274 3688 5319 et

2120 5374 2206 5430 lac
2257 5371 2357 5426 sub
2408 5371 2586 5439 lingua
2632 5381 2720 5423 tua
2762 5366 2937 5438 (Cant.
2993 5367 3087 5436 ιν).
3145 5385 3163 5417 ι
3214 5362 3344 5430 Quae
3393 5377 3580 5414 rursus
3624 5358 3688 5412 dc

2121 5481 2316 5540 Sponso
2342 5484 2354 5519 :
2389 5485 2405 5516 ι
2442 5465 2638 5520 Guttur
2659 5462 2776 5532 ejus
2797 5461 3038 5525 dulcedo,
3061 5463 3114 5514 et
3137 5465 3280 5520 totus
3305 5454 3681 5540 concupiscenf

2120 5539 2191 5612 tia
2217 5557 2392 5627 (Cant.
2424 5556 2496 5621 v).
2542 5575 2558 5607 ι
2591 5555 2731 5622 Quid
2771 5568 2899 5622 ergo
2942 5551 3171 5617 mirum,
3205 5548 3249 5603 si
3281 5563 3377 5601 nos
3409 5554 3460 5600 et
3493 5543 3556 5597 ad
3588 5539 3685 5595 mel
