4078 6202
390 305 497 362 975

922 306 980 365 S.
1021 306 1226 365 PETRI
1265 310 1550 369 DAMIANI
1578 312 1727 370 OPP.
1766 313 1945 371 PARS
1985 317 2117 374 SEU
2160 317 2394 377 TOMUS
2430 320 2473 375 l.
2512 350 2584 363 -
2621 321 2839 379 EPIST.
2871 322 3000 381 LIB.
3046 326 3175 382 Vlll.

3532 334 3637 389 276

390 425 761 489 properantes,
787 427 843 473 et
869 419 972 474 mel
1002 421 1054 475 in
1085 437 1180 477 ore
1207 432 1483 492 portantes
1502 465 1518 490 ,
1544 439 1770 482 examen
1803 444 1962 497 apum
1992 434 2040 491 Α
2068 446 2174 500 quo
2200 433 2386 502 plenus
2424 446 2560 499 erat,
2612 436 2825 506 ignibus
2867 438 3235 509 conflagravit.
3279 442 3481 503 Praesto
3503 449 3637 508 Joab

388 507 517 561 hinc
535 506 659 561 inde
674 507 1087 575 circumvolant,
1103 521 1163 566 ut
1177 511 1628 569 obtrectationum
1646 531 1742 570 nos
1764 517 1963 574 aculeis

387 595 661 665 pangant?
689 594 825 675 Hinc
869 606 974 661 est,
1023 600 1164 667 quod
1213 600 1538 658 lsraeliticus
1580 604 1669 659 ille
1713 606 1961 675 populus,

2066 524 2300 579 Absalon
2329 526 2763 595 expostulatarus
2785 532 3121 600 aggreditur;
3163 533 3253 589 ille
3277 541 3475 605 gaudet
3496 545 3635 609 quod

2065 611 2181 679 ejus
2225 628 2499 669 accessum
2536 616 2729 672 talibus
2772 617 3047 675 beneficiis
3096 636 3454 692 promeretur,
3486 633 3638 687 nimi-

1714 672 1731 674 -
1785 672 1799 675 -
2090 672 2108 679 -
3096 672 3635 692 ,-ρ---ν-...,....μ.κ

385 685 512 738 dum
566 685 644 739 ire
698 672 815 754 per'
848 686 1117 741 desertum
1166 692 1233 745 ad
1284 701 1486 747 terram
1535 696 1965 764 repromissionis
2065 717 2185 756 rum
2213 706 2353 772 quod
2384 706 2731 773 peti:ionibus
2760 724 2864 763 non
2893 712 3146 776 obtinuit,
3201 713 3509 775 laesionibus
3537 724 3638 777 im-

388 782 700 841 properant,
728 776 877 843 prius
907 780 1270 833 castrametati
1293 790 1439 846 sunt,
1466 783 1603 837 sicut
1626 794 1779 840 vetus
1801 786 1994 841 babet’

382 861 568 925 editio,
592 863 645 917 in
670 862 790 928 Gai,
815 865 1007 919 deinde
1028 866 1248 925 veniunt
1272 867 1324 927 in
1347 870 1622 941 Dibongad
1644 872 1834 943 (Num.
1858 876 1957 943 ιι).

378 951 477 1006 Gai
510 950 764 1005 nimirum
803 952 1192 1022 interpretatur
1218 958 1395 1011 chaos.
1418 959 1484 1012 Et
1504 960 1630 1029 quid
1654 976 1750 1029 per
1772 962 1960 1027 chaos,

382 1040 484 1094 nisi
516 1055 611 1094 cor
642 1040 961 1111 intelligitur
998 1044 1274 1100 hominum
1321 1063 1731 1116 perversorum,
1767 1055 1961 1108 obscu-

382 1135 499 1182 rum
534 1128 765 1194 scilicet,
791 1138 986 1185 tetrum
1018 1143 1180 1202 atque
1216 1135 1580 1203 profundum?
1616 1139 1845 1195 Pravum
1876 1152 1961 1199 est

381 1224 523 1278 enim
555 1238 652 1279 cor
681 1225 916 1280 hominis
941 1265 954 1290 ,
986 1226 1127 1281 sicut
1173 1227 1451 1299 Scriptura
1482 1232 1632 1297 dicit,
1670 1244 1723 1289 et
1752 1236 1959 1291 inseru-

380 1312 545 1366 tabile
566 1352 582 1377 ,
609 1323 665 1367 et
686 1313 808 1384 quis
832 1314 1108 1371 hominum
1134 1320 1411 1388 («ignoscit
1437 1320 1562 1375 illud
1582 1323 1606 1376 i
1630 1321 1762 1392 (Jer.
1799 1326 1957 1398 xvn.)

382 1402 655 1471 Dibongad
710 1413 892 1459 autem
954 1407 1227 1475 significat
1277 1410 1540 1479 apiarium
1585 1415 1952 1472 lentationum.

376 1491 508 1549 Post
565 1494 732 1549 chaos
784 1494 967 1567 itaque
1019 1497 1088 1553 ad
1152 1499 1414 1569 apiarium
1450 1503 1781 1572 pervenitur,
1829 1508 1956 1578 quia

375 1596 661 1657 postquam
691 1602 789 1645 cor
814 1588 1129 1658 obscurum,
1157 1593 1399 1649 dmsurn
1427 1606 1588 1666 atque
1608 1596 1952 1667 profundum,

378 1691 530 1733 more
561 1678 693 1745 Gai,
717 1680 892 1755 caligo
916 1682 1139 1738 malitiae
1164 1699 1228 1739 ac
1256 1683 1460 1743 fraudis
1486 1689 1805 1745 obtenebrat
1823 1730 1840 1757 ,
1881 1694 1950 1748 ad

2063 793 2316 861 petravit.
2345 795 2455 865 Ego
2485 806 2663 851 autem
2694 799 2813 864 tibi,
2844 804 3168 858 venerabilis
3188 804 3373 872 frater,
3398 826 3502 865 non
3530 812 3636 881 bis,

2062 883 2156 937 sed
2200 884 2397 953 sapius
2440 885 2665 955 scripsi;
2720 899 3089 945 verumtamen
3140 908 3310 963 usque
3361 896 3520 955 hodie
3570 918 3637 957 ne

2064 986 2228 1025 unum
2254 972 2469 1041 quidem
2494 975 2627 1039 iota,
2656 985 2715 1030 ut
2737 978 3035 1034 rescribere
3060 982 3388 1051 dignareris,
3409 992 3635 1045 extorsi.
3684 1012 3689 1015 ‘

2062 1058 2179 1127 Ipse
2214 1075 2429 1130 quoque
2457 1062 2729 1131 pollicitus
2748 1080 2807 1120 es
2840 1067 2965 1136 quia
2994 1069 3124 1123 mihi
3157 1074 3638 1137 notariumjmitte-

2062 1165 2171 1215 res,
2202 1151 2293 1222 qui
2316 1151 2506 1207 saltem
2534 1170 2617 1219 ea,
2658 1170 2778 1224 quae
2805 1158 2858 1211 in
2888 1168 2940 1212 te
2961 1161 3269 1230 specialiter
3289 1167 3634 1236 scripseram,

2060 1242 2115 1297 in
2146 1246 2222 1298 tui
2265 1254 2510 1315 sumptus
2539 1263 2863 1319 pergamena
2890 1255 3225 1310 transferret.
3254 1258 3358 1313 Sed
3387 1276 3636 1331 superse-

2059 1335 2183 1390 disti
2223 1337 2435 1406 penitus
2469 1338 2552 1392 vel
2582 1339 2839 1395 scribenti
2873 1345 3192 1411 rescribere,
3220 1348 3301 1402 vel
3344 1353 3635 1417 notarium,

2060 1434 2121 1481 ut
2148 1427 2534 1496 spoponderas,
2570 1429 2876 1496 destinare;
2922 1450 3150 1503 quorum
3182 1438 3433 1494 videlicet
3467 1457 3634 1497 unum

2057 1517 2295 1573 charitas
2319 1519 2506 1589 exigit,
2531 1520 2755 1577 alterum
2783 1524 2983 1580 veritas
3003 1528 3154 1595 quasi
3182 1544 3280 1599 pro
3309 1531 3488 1587 debito
3515 1548 3639 1603 per-

2058 1609 2295 1665 solvatur
2348 1610 2592 1682 impellit.
2655 1612 2794 1680 Quid
2843 1614 3003 1685 igitur
3049 1618 3280 1674 faciam?
3325 1620 3457 1675 Nam
3506 1624 3636 1693 quia

2058 1698 2410 1754 dormientem
2460 1708 2512 1756 te
2559 1700 2861 1773 impingens
2904 1714 2959 1760 et
2982 1706 3236 1763 vellicans
3269 1711 3507 1767 excitare
3528 1728 3635 1768 non

378 1766 672 1870 hoc-etiam
707 1770 1031 1870 quandoque
1062 1785 1159 1842 per
1182 1772 1485 1870 iniquitatis
1514 1787 1802 1848 augmenta
1830 1795 1956 1849 pro-
1985 1787 2030 1846 B
2058 1789 2230 1852 valeo,
2258 1805 2513 1861 pungam,
2546 1800 2600 1845 et
2636 1766 2717 1848 sic
2732 1766 2939 1849 vsaltem
2969 1805 3028 1850 ut
3065 1798 3285 1868 evigiles
3311 1766 3633 1870 praevalebo.

374 1854 697 1924 greditur,ut
725 1860 997 1929 proximos
1018 1877 1283 1933 quosque,
1306 1863 1450 1919 velut
1469 1880 1622 1936 apes,
1649 1876 1703 1922 ct
1721 1883 1957 1938 praesen-

375 1953 459 1999 tes
511 1946 895 2003 assentationis
948 1950 1104 2006 melle
1159 1952 1499 2009 demulceant
1524 1994 1541 2019 ,
1592 1965 1649 2009 et
1706 1957 1958 2015 absentes

374 2036 827 2092 obtrectationum
857 2040 1062 2096 aculeis
1094 2053 1356 2113 pangant.
1397 2044 1474 2100 De
1510 2044 1608 2102 Gai
1631 2061 1763 2118 ergo
1789 2048 1840 2103 in
1868 2048 1959 2103 Di-

376 2124 618 2197 bongad,
647 2127 714 2182 de
748 2128 882 2185 chao
907 2130 1121 2185 venitur
1146 2130 1214 2186 ad
1238 2134 1523 2202 apiarium,
1556 2137 1683 2205 quia
1716 2138 1784 2193 de
1810 2137 1957 2193 frau-

370 2214 587 2270 dulenta
618 2216 818 2271 malitia
846 2221 1113 2277 tenebrosi
1160 2222 1339 2279 cordis
1366 2239 1564 2295 pravus
1590 2227 1818 2297 quisque
1838 2245 1958 2298 pro-

370 2308 617 2377 greditur
643 2309 712 2365 ad
743 2311 1028 2383 intligenda
1058 2315 1260 2386 spicula
1292 2318 1663 2374 detractionis.
1693 2319 1830 2387 Quid
1854 2323 1955 2376 ita-

370 2412 478 2466 que
501 2399 569 2453 de
598 2408 649 2455 te
676 2400 851 2456 dicam
881 2403 973 2473 qui
1001 2420 1305 2475 quanquam
1332 2409 1504 2477 primo
1531 2408 1953 2466 foederata:ch-

370 2488 570 2543 θοι-ιιὶει»
596 2490 741 2546 circa
769 2508 856 2548 me
876 2492 999 2561 jura
1031 2498 1353 2561 servaveris,
1401 2501 1724 2567 quandoque
1773 2510 1950 2556 tamen

371 2584 428 2629 et
471 2576 856 2635 oblatrantium
897 2597 1091 2637 canum
1128 2585 1411 2654 neglexisti
1444 2588 1609 2642 rictus
1636 2588 1948 2659 infringere,

366 2677 425 2723 et
476 2668 635 2724 fidem
696 2687 804 2727 non
859 2674 1119 2731 borruisti
1188 2679 1598 2734 detrahentibns
1651 2682 1953 2737 adhibere?

371 2776 392 2809 σ
444 2756 607 2814 Vituli
654 2761 852 2829 multi,
902 2774 957 2819 et
1012 2766 1150 2818 tauri
1206 2766 1432 2836 pingues
1484 2768 1814 2823 obsederunt
1866 2782 1952 2824 me

311 2908 316 2914 _
366 2842 544 2914 (Psal.
578 2849 725 2919 ut);
756 2860 811 2904 et
835 2859 887 2905 tu
910 2852 1179 2921 patienter
1217 2855 1433 2910 audisti.
1473 2875 1492 2908 ι
1539 2856 1724 2912 Dicam
1767 2859 1951 2930 itaque

366 2935 434 2989 de
484 2952 709 2994 summa:
752 2941 896 2997 sedis
946 2944 1367 3010 archidiacono,
1430 2950 1572 3015 quod
1623 2949 1689 3003 de
1749 2949 1951 3007 Jacobo

317 3056 320 3059 -
365 3030 495 3079 tunc
536 3026 818 3082 dicebatur
860 3033 1151 3099 apostolo:
1188 3054 1206 3084 ‹
1259 3033 1304 3090 Ο
1344 3044 1398 3089 et
1436 3034 1616 3101 justus
1662 3040 1881 3093 erravit.
1921 3059 1940 3092 ι

2060 1880 2308 1938 Ferulam
2362 1882 2526 1955 igitur
2556 1883 2608 1937 in
2659 1892 2711 1938 te
2758 1884 3019 1940 doctrinae
3066 1894 3315 1958 tanquam
3376 1893 3637 1963 magister

2058 1974 2337 2043 arripiam,
2361 1984 2416 2029 et
2443 1974 2551 2046 74
2597 1975 2743 2031 velut
2767 1991 3071 2046 supparem,
3101 1979 3184 2035 vel
3213 1980 3466 2035 clientem
3496 1982 3632 2049 haec,

2057 2079 2184 2135 qu:e
2208 2064 2300 2119 tibi
2331 2063 2468 2119 forte
2513 2080 2672 2134 quam
2720 2066 2850 2121 mihi
2902 2069 3110 2123 notiora
3158 2080 3303 2133 sunt,
3343 2072 3635 2127 admonere

2056 2168 2397 2224 praesumam.
2430 2154 2497 2208 Et
2536 2156 2639 2209 hoc
2682 2156 2754 2210 sit
2795 2172 2971 2211 meum
3023 2174 3282 2229 pungere,
3333 2161 3628 2217 doctiorem

2057 2243 2193 2297 velle
2226 2244 2442 2299 docere.
2469 2246 2549 2299 Ad
2572 2247 2714 2300 hanc
2741 2244 2985 2301 fortassis
3015 2248 3264 2318 injuriam
3287 2261 3637 2319 experrectus

2056 2330 2354 2400 evigilabis,
2388 2344 2446 2390 ut
2486 2334 2580 2403 qui
2608 2336 2861 2391 cbaritati
2916 2337 3275 2406 denegaveras
3302 2339 3493 2402 vicem,
3545 2339 3634 2394 lae.

2056 2420 2203 2474 denti
2262 2421 2453 2477 saltem
2518 2423 2804 2479 redhibeas
2878 2424 3166 2491 talionem;
3219 2437 3632 2494 verumtamen,

2054 2526 2215 2581 quem
2249 2522 2303 2568 tu
2345 2514 2440 2569 tibi
2484 2515 2634 2570 vides
2674 2515 2789 2570 haec
2833 2516 3077 2572 hilariter
3122 2527 3514 2588 suggerentem,
3539 2517 3631 2588 ju-

2056 2603 2235 2657 niores
2279 2604 2474 2658 fratres
2501 2604 2603 2659 sibi
2658 2605 2842 2673 procul
2868 2605 3029 2661 dubio
3056 2606 3312 2675 deputent
3336 2607 3480 2662 serio
3502 2621 3637 2662 eon-

2053 2695 2336 2750 sulentem.
2898 2712 2901 2715 ‘

2122 2787 2237 2856 Age
2280 2786 2461 2858 igitur,
2517 2786 2623 2842 noli
2670 2785 2861 2851 frater,
2907 2789 3051 2858 quod
3107 2786 3348 2857 plenique
3399 2786 3627 2855 faciunt,

2055 2877 2449 2941 tantummodo,
2478 2878 2522 2931 si
2550 2878 2677 2946 quid
2707 2886 2790 2932 est
2824 2878 2877 2932 in
2913 2887 2966 2932 te
2994 2878 3208 2932 virtutis
3235 2878 3538 2943 attendere,
3570 2888 3634 2934 ut

2054 2968 2182 3022 vitia
2222 2969 2375 3038 quasi
2433 2976 2555 3036 post
2596 2977 2803 3037 tergum
2843 2969 3014 3038 posita
3080 2968 3316 3038 negligas
3362 2969 3630 3040 judicare.

2054 3060 2269 3113 Imitare
2295 3059 2556 3113 naturalis
2578 3059 2630 3112 in
2687 3071 2896 3125 pavone
2937 3059 3267 3113 diversitatis
3295 3058 3625 3128 exemplum.

367 3113 476 3169 Sed
519 3119 773 3186 quoniam
802 3130 857 3175 et
891 3137 988 3189 pro
1022 3123 1345 3191 faventibus,
1395 3135 1451 3181 et
1498 3143 1597 3196 pro
1631 3130 1948 3192 laedentibus

2051 3151 2152 3217 Qui
2185 3150 2437 3204 nimirum
2469 3113 2722 3219 pullities,
2758 3157 2815 3203 et
2839 3148 2984 3203 velut
3033 3148 3290 3217 ignobiles
3315 3113 3477 3216 pedes
3515 3161 3629 3218 pra

367 3204 475 3274 73
498 3206 864 3264 indifferenter
886 3213 1147 3267 orandum
1171 3223 1284 3281 est,
1322 3216 1578 3287 depositae
1600 3220 1833 3289 querelae
1859 3238 1949 3277 ca-

361 3293 626 3351 lumniam
655 3300 919 3355 orationis
955 3302 1061 3358 fine
1088 3304 1427 3360 concludam.

432 3385 576 3441 Deus
600 3384 957 3459 omnipotens,
979 3394 1302 3449 venerabilis
1333 3395 1522 3464 frater,
1554 3406 1609 3453 et
1635 3413 1703 3454 ex
1737 3400 1948 3471 impen-

363 3487 441 3528 sa:
461 3476 742 3533 cbaritatis
771 3477 947 3534 ofﬁcio
976 3480 1253 3552 multiplex
1284 3484 1378 3538 tibi
1418 3487 1700 3555 prmmium
1731 3490 1945 3557 reddat,

361 3572 420 3619 et
485 3567 628 3637 quod
679 3569 1074 3627 detractoribus
1122 3575 1449 3631 consensisti
1517 3578 1813 3635 clementer
1865 3581 1947 3636 in-

360 3653 599 3726 dulgent.

932 3731 1264 3791 EPISTOLA
1305 3736 1372 3789 X.

365 3828 437 3869 ΑΒ
477 3830 690 3872 νιπωι
739 3832 787 3874 8.
824 3835 879 3874 ιι.
918 3838 972 3875 Ε.
1012 3838 1351 3879 CABDINALEI
1401 3842 1943 3886 Αῐιςιιιρῐιεεωτιιιωι

966 3906 1401 3949 ιΑτειιΑΝεΝεεκ.

507 3973 780 4045 (Habetur
806 3989 932 4032 tam.
966 3978 1082 4042 111,
1113 3992 1289 4050 estque
1332 3986 1639 4053 opusculum
1689 3988 1802 4058 18.)

913 4070 1245 4127 EPISTOLA
1306 4074 1390 4128 XI.

360 4169 431 4211 ΑΒ
482 4171 803 4215 υεδιυειιιωι
853 4176 1098 4216 ΑΒΒΑΤΕΜ
1150 4179 1299 4218 δΑεῐιι
1330 4180 1650 4222 HONASTEBII
1694 4184 1943 4225 CASINEN-

429 4241 530 4289 SIS,
576 4242 622 4281 S.
673 4243 725 4290 ρ.
786 4245 838 4283 Β.
892 4246 943 4284 Ε.
1001 4248 1377 4289 ρκιεδιςγτειιωι
1431 4250 1788 4305 οΑιωιΝΑιειι,
1826 4256 1941 4296 'l'l'l'.

429 4309 477 4349 8.
520 4311 781 4351 ολεωιιιε.

357 4384 757 4443 Ancum-mrum.
793 4417 865 4451 -τ-
912 4390 1242 4450 Desiderium
1290 4393 1639 4450 Casiuensem
1689 4397 1939 4453 abbatem

429 4456 806 4529 saluberrimis
847 4462 1067 4516 monitis
1113 4463 1367 4519 instituit.
1402 4466 1476 4520 Ea
1513 4476 1660 4529 sunt,

429 4534 493 4602 u_t
524 4542 624 4581 sua
663 4528 831 4597 ipsius
858 4543 1039 4585 errata
1079 4549 1293 4602 semper
1354 4536 1424 4590 ob
1473 4528 1661 4591 oculos
1704 4528 1932 4602 habeat,

427 4596 1106 4676 virtutes_post_tergum;
1151 4596 1211 4658 ut
1253 4605 1494 4676 aliorum
1539 4596 1935 4676 increpationes

424 4681 533 4721 non
566 4668 791 4745 m_ol_e_ste
818 4668 1097 4745 ferat,_sed
1123 4675 1479 4744 amplectatur
1506 4693 1519 4740 ;
1550 4687 1608 4729 ut
1633 4668 1730 4745 pro
1756 4679 1933 4733 ollicio

425 4752 526 4818 suo
548 4738 883 4818 subditorum
908 4742 1092 4818 culpas
1121 4738 1227 4798 non
1268 4738 1520 4818 negligat,
1546 4738 1645 4801 sed
1667 4748 1932 4818 corrigat;

427 4807 742 4888 absentibus
776 4826 881 4864 non
921 4807 1198 4888 detrahat,
1215 4815 1312 4869 sed
1336 4807 1387 4869 in
1412 4807 1611 4888 faciem
1642 4807 1887 4888 objurgvet
1913 4807 1929 4883 ξ

418 4874 685 4953 jejunium
735 4888 911 4953 amet;
968 4890 1035 4953 ut;
1078 4882 1312 4953 denique
1355 4886 1681 4940 sacrificium
1707 4874 1932 4942 'Ch'i'isti

424 4948 698 5015 passionis
716 4951 933 5005 assidue
958 4951 1215 5007 celebret.

427 5037 898 5096 Reverendissimo
923 5042 1103 5097 abbati
1139 5045 1445 5109 Desmsmo,
1472 5045 1695 5101 Psrnus
1735 5062 1928 5115 pecca-

356 5136 442 5183 tor
465 5131 780 5195 monachus,
808 5132 1037 5187 salutem
1064 5134 1116 5187 in
1143 5135 1388 5188 Domino.

426 5217 592 5274 Sacra
645 5229 875 5277 testatur
941 5223 1164 5279 historia
1220 5223 1301 5289 (11
1341 5223 1465 5294 Reg.
1508 5226 1642 5295 xw),
1680 5225 1933 5293 quoniam

350 5308 589 5365 Absalon
636 5310 772 5367 Joab
806 5314 1012 5368 militia:
1055 5317 1377 5385 principem,
1417 5326 1477 5370 ut
1522 5318 1589 5370 ad
1638 5331 1698 5371 se
1727 5319 1938 5370 veniret

353 5398 546 5453 nuntio
582 5399 926 5457 discurrente
956 5406 1240 5474 peposcit;
1265 5406 1358 5474 qni
1390 5416 1567 5459 tamen
1595 5406 1777 5459 venire
1800 5422 1928 5459 eon-

353 5490 592 5557 tempsit.
621 5490 865 5562 Cumque
910 5495 974 5546 ad
1008 5495 1183 5563 ipsum
1218 5497 1394 5551 denuo
1443 5480 1668 5567 peteret,
1719 5499 1814 5552 sed
1849 5497 1936 5551 ille

354 5578 659 5636 obstinatus
704 5596 769 5636 ac
802 5583 1005 5653 rigidus
1052 5585 1290 5642 funditus
1316 5587 1609 5652 abnuisset,
1651 5590 1717 5642 ad
1746 5605 1932 5659 agrum

358 5667 503 5724 illius
553 5667 788 5728 Absalon
840 5674 1087 5744 protinus
1133 5676 1279 5755 misit
1338 5692 1679 5752 messemque
1722 5679 1933 5747 hordei,

1742 4468 1935 4523 rimum
1966 4472 2017 4532 D

2048 3240 2219 3294 oculis
2248 3254 2461 3308 semper
2497 3238 2679 3298 habet.
2722 3239 2983 3307 insignem
3013 3253 3140 3292 vero
3173 3237 3357 3291 caudae
3386 3235 3624 3306 pulchri-

2050 3330 2288 3383 tudinem
2317 3338 2436 3397 post
2466 3342 2524 3382 se
2570 3328 2920 3397 spectabilem
2950 3328 3173 3396 praebet.
3207 3325 3362 3382 Videt
3396 3326 3449 3380 in
3478 3325 3628 3395 pedi-

2050 3420 2148 3474 bus
2204 3418 2462 3474 rusticum
2518 3417 2718 3487 aliquid
2767 3418 2911 3486 quod
2961 3417 3259 3487 despiciat;
3313 3416 3525 3488 ignorat
3572 3416 3627 3470 in

2048 3512 2217 3567 cauda
2245 3510 2387 3580 quod
2436 3526 2561 3566 eum
2590 3510 2891 3566 mirabilem
2918 3510 3124 3566 reddat.
3152 3509 3209 3565 ln
3241 3520 3490 3580 promptu
3519 3518 3627 3575 est,

2048 3601 2189 3657 unde
2210 3617 2270 3657 se
2290 3602 2481 3657 debeat
2506 3602 2561 3657 in
2584 3602 2885 3657 humilitate
2911 3603 3244 3672 deprimere;
3272 3610 3392 3672 post
3416 3610 3627 3671 tergum

2048 3690 2189 3766 gerit
2222 3695 2362 3749 unde
2393 3695 2591 3761 valeat,
2633 3695 2789 3764 quasi
2826 3710 2936 3764 prae
2970 3695 3184 3749 cretei-is
3223 3694 3411 3749 avibus
3438 3708 3628 3761 supcr-

2047 3785 2188 3840 bire.
2214 3784 2295 3839 Tu
2333 3800 2548 3855 quoque
2597 3785 2995 3854 quodammodo
3026 3786 3169 3854 quod
3224 3785 3276 3839 in
3322 3792 3373 3839 te
3414 3784 3626 3839 virtutis

2048 3883 2132 3930 est
2162 3874 2356 3941 lateat;
2389 3875 2431 3930 si
2455 3876 2584 3944 quid
2621 3890 2751 3930 vero
2784 3875 3055 3941 vitiosum,
3087 3885 3141 3930 et
3163 3874 3516 3930 correctionis
3542 3883 3627 3929 est

2049 3967 2312 4034 indigum.
2379 3967 2447 4021 ab
2476 3976 2727 4035 aspectus
2752 3966 3054 4037 tuijudicio
3081 3982 3188 4021 non
3223 3966 3457 4021 recedat.
3490 3964 3626 4020 Fra-

2049 4065 2217 4111 ternaa
2261 4056 2613 4110 correctionis
2644 4056 2818 4109 zelum
2873 4054 2982 4108 noli
3032 4054 3257 4109 moleste
3306 4053 3479 4116 ferre,
3528 4055 3624 4107 sed

2047 4147 2466 4217 gratulabundus
2494 4145 2841 4214 amplectere,
2871 4160 2937 4199 ac
2971 4144 3116 4199 velut
3139 4153 3300 4199 certae
3329 4143 3625 4197 curationis

2046 4238 2347 4291 antidotum
2397 4237 2448 4290 in
2478 4236 2672 4290 aninue
2710 4236 3014 4304 languentis
3060 4236 3313 4290 interiora
3364 4232 3621 4292 dilfunde.

2047 4328 2315 4382 Memento
2344 4327 2524 4396 itaque
2544 4325 2686 4397 quod
2716 4341 2810 4395 per
2832 4325 3175 4380 Salomonem
3199 4326 3399 4379 dicitur
3426 4343 3439 4378 :
3470 4344 3488 4376 ι
3511 4324 3624 4379 Me-

2046 4418 2148 4472 lior
2170 4427 2252 4472 est
2276 4418 2559 4472 manifesta
2586 4416 2851 4471 correctio
2879 4432 3040 4483 quam
3067 4430 3223 4469 amor
3252 4414 3618 4469 absconditus.

2044 4508 2264 4563 Meliora
2309 4516 2437 4563 sunt
2482 4506 2708 4562 vulnera
2769 4506 3041 4576 diligentis
3087 4520 3249 4575 quam
3282 4504 3621 4559 fraudulenta

2035 4600 2221 4656 oscula
2266 4599 2499 4655 odieutis
2543 4597 2745 4669 (Prov.
2804 4598 3005 4666 xxvu).
3037 4615 3056 4650 ι
3094 4596 3160 4651 Et
3215 4597 3381 4651 alibi:
3430 4615 3448 4647 ι
3490 4596 3641 4658 Viro,

2038 4691 2229 4759 inquit,
2282 4690 2374 4760 qui
2430 4689 2811 4757 corripientem
2861 4688 2993 4740 dura
3036 4687 3250 4742 cervice
3299 4685 3616 4749 contemnit,

2036 4779 2347 4849 repentinus
2370 4778 2714 4848 superveniet
2754 4776 3027 4841 interitus,
3057 4786 3112 4831 et
3133 4790 3255 4831 eum
3283 4775 3489 4830 sanitas
3512 4789 3617 4827 non

2037 4879 2297 4940 sequetur
2329 4869 2511 4940 (Prov.
2547 4884 2672 4923 XXIX
2698 4868 2737 4938 ).
2763 4889 2781 4921 ι
2816 4868 2950 4923 lllud
2987 4869 3156 4924 etiam
3202 4869 3441 4933 attende,
3474 4868 3619 4937 quod

2038 4963 2153 5016 ait:
2184 4980 2203 5013 ι
2223 4960 2325 5028 Qui
2364 4960 2646 5015 abscondit
2678 4959 2879 5014 scelera
2913 4975 3031 5024 sua,
3063 4976 3168 5015 non
3199 4960 3490 5029 dirigetur;
3524 4958 3619 5027 qui

2039 5059 2222 5105 autem
2250 5048 2531 5105 confessus
2560 5048 2721 5104 fuerit
2756 5058 2813 5103 et
2862 5050 3140 5119 reliquerit
3173 5063 3235 5102 ea
3264 5089 3279 5114 ,
3311 5050 3620 5103 misericor-

2041 5137 2185 5190 diam
2327 5150 2688 5209 consequetur
2736 5137 2920 5208 (Prov.
2963 5140 3180 5206 xxvm).
3205 5158 3223 5191 ι
3278 5139 3343 5193 Εῑ
3374 5139 3568 5193 iterum
3599 5156 3614 5191 :

2045 5230 2185 5297 «Qui
2236 5229 2411 5300 diligit
2455 5229 2815 5297 disciplinam,
2882 5231 3068 5300 diliget
3113 5229 3467 5297 sapientiam;
3521 5228 3613 5297 qui

2041 5316 2219 5374 autem
2248 5319 2362 5375 odit
2391 5319 2807 5387 increpationes,
2836 5320 3094 5389 insipiens
3117 5329 3195 5373 est
3222 5318 3404 5387 (Prov.
3436 5320 3555 5385 xu).
3589 5339 3608 5370 ι

2040 5408 2246 5465 νίιιουηι
2278 5424 2489 5479 nempe,
2516 5411 2644 5479 quia
2684 5411 2829 5465 visus
2859 5427 3086 5464 acumen
3117 5408 3351 5464 admittit
3375 5418 3429 5463 et
3458 5409 3614 5478 quid-

2028 5500 2163 5569 quid
2193 5501 2244 5553 in
2267 5514 2325 5553 se
2361 5499 2489 5553 latet
2517 5499 2760 5569 exponit,
2792 5499 3134 5569 praestantius
3186 5498 3459 5552 videretur
3497 5513 3611 5551 om-

2040 5590 2195 5643 nibus
2220 5603 2338 5643 esse
2366 5588 2613 5652 metallis,
2642 5589 2744 5644 nisi
2780 5603 3097 5656 percussuro
3140 5587 3298 5641 facile
3335 5590 3614 5657 frangere-

2040 5692 2126 5738 tur
2152 5698 2167 5749 ;
2198 5681 2291 5737 sed
2341 5682 2597 5751 quoniam
2628 5682 2694 5736 ad
2732 5681 2965 5751 primum
2997 5678 3243 5733 ferientis
3272 5678 3435 5733 ictum
3469 5677 3613 5731 illico
