4078 6202
425 280 533 336 '27?

1608 281 1811 337 LIBER
1848 280 2227 348 SECUNDUS,
2259 278 2473 337 EPIST.
2502 280 2615 336 XII.

2628 222 2661 265 ιι,

3575 279 3693 336 273'

426 393 642 457 dissilit,
680 391 938 448 talentum
961 394 1085 448 vitri
1114 394 1200 448 vix
1228 394 1542 451 dodrantem
1578 398 2007 479 mquat’argeuti.
2040 405 2087 460 Α
2114 413 2207 451 ora
2238 408 2325 452 tua
2351 398 2551 452 Christi
2582 405 2921 467 perspexerit
2947 414 3139 455 cruore
3165 398 3436 461 rubentia,
3460 398 3685 451 territus

428 483 573 538 Rosa
624 498 891 554 purpurea
937 484 1245 538 rutilantior
1293 484 1506 539 videtur
1547 500 1667 539 esse
1696 485 2008 549 vermiculo,

427 574 521 628 sed
549 574 675 642 quia
703 573 905 626 nullam
947 572 1050 628 fert
1072 573 1275 629 laboris
1300 574 1748 645 injuriam,>inter
1771 575 2013 645 quisqui-

432 664 628 718 liarum
656 663 885 730 stipulas
918 664 1225 735 deputatur.

502 754 673 807 Porro
724 763 905 808 autem
967 754 1094 824 quia
1152 755 1323 810 sancti
1380 763 1680 809 conventus
1722 763 1901 810 rector
1955 769 2014 810 es

428 848 775 909 constitutus,
825 846 934 902 noli
983 840 1328 903 dissimulare
1367 845 1613 916 culpam;
1643 846 1734 900 sed
1778 861 1926 909 mox,
1958 853 2018 899 ut

428 938 736 1001 emerserit,
780 937 976 992 adhibe
1008 936 1368 1007 disciplinam,
1417 946 1477 991 ut
1528 952 1652 993 cum
1693 936 1927 991 Phinees
1963 944 2016 990 te

429 1028 581 1082 zelus
624 1029 693 1081 ad
728 1028 915 1082 atterni
968 1028 1259 1082 sacerdotii
1299 1028 1423 1098 jura
1464 1036 1778 1099 promoveat
1805 1031 1820 1095 (
1848 1026 2013 1080 Num.

431 1120 581 1190 xxv),
612 1135 720 1174 non
759 1134 883 1176 cum
928 1120 1046 1174 lleli
1092 1119 1195 1175 sub
1223 1128 1439 1190 torpore
1466 1119 1684 1175 desidiae
1710 1118 2017 1189 ignobiliter

429 1209 754 1262 oscitantem
816 1207 951 1262 ultio
1010 1208 1289 1278 repentina
1354 1207 1611 1277 percellat
1655 1206 1708 1277 (ι
1747 1205 1870 1277 Reg.
1917 1205 2017 1276 ιν).

435 1298 589 1353 Unde
614 1313 711 1363 per
757 1298 1101 1354 Salomonem
1144 1299 1372 1353 dicitur:
1413 1316 1432 1350 ι
1467 1297 1584 1353 Noli
1630 1298 1950 1353 subtrahere
1986 1312 2016 1349 a

432 1405 603 1461 puero
643 1390 1000 1459 disciplinam.
1048 1391 1107 1445 Si
1138 1390 1282 1445 enim
1325 1390 1655 1460 percusseris
1695 1404 1815 1443 eum
1842 1388 2015 1457 virga,

435 1498 544 1537 non
571 1482 854 1536 morietur.
901 1480 979 1535 Tu
1011 1482 1160 1553 virga
1210 1482 1450 1551 percutis
1501 1495 1646 1545 eum,
1693 1489 1748 1536 et
1781 1480 2015 1535 animam

432 1572 553 1641 ejus
599 1573 667 1627 de
709 1572 919 1627 inferno
945 1572 1203 1627 liberabis
1250 1570 1451 1641 (Prov.
1495 1574 1637 1641 xm).
1675 1590 1693 1623 ι
1737 1572 2018 1625 Verumta-

435 1678 560 1717 men
588 1676 719 1716 cave
749 1677 815 1717 ne
846 1662 1045 1716 nimius
1070 1662 1369 1732 disciplinae
1411 1663 1556 1733 rigor
1581 1662 1840 1715 duritiam
1886 1676 2016 1715 con-

436 1753 623 1806 trahat
663 1762 717 1806 et
758 1752 1145 1807 immoderatus
1167 1752 1265 1807 zeli
1293 1754 1474 1809 fervor
1495 1761 1736 1807 vertatur
1771 1752 1824 1806 in
1863 1754 2019 1816 iram,
2052 1746 2096 1803 Β

436 1856 508 1897 ne
558 1842 837 1906 videlicet,
890 1843 1015 1896 dum
1075 1843 1245 1913 culpae
1294 1844 1483 1915 rubigo
1542 1843 1868 1914 detergilur,
1928 1858 2022 1896 vas

434 1944 686 1988 tenerum
723 1931 1118 2003 confringatur.
1145 1933 1298 1989 Unde
1325 1941 1381 1988 et
1412 1932 1665 1987 Salomon
1694 1934 1808 1986 ait:
1857 1949 1876 1982 ι
1905 1930 2021 1984 Noli

434 2036 559 2076 esse
604 2021 811 2076 amicus
850 2022 1053 2076 homini
1103 2022 1383 2088 iracundo,
1413 2037 1588 2091 neque
1627 2020 1870 2077 ambules
1899 2037 2020 2076 cum

436 2115 557 2167 viro
584 2112 811 2175 furioso,
839 2129 904 2167 ne
940 2113 1078 2169 forte
1106 2113 1284 2169 discas
1317 2114 1541 2169 semitas
1570 2113 1719 2182 ejus,
1751 2122 1808 2169 et
1838 2129 2023 2168 sumas

434 2204 751 2259 scandalum
776 2204 969 2258 animae
1000 2214 1103 2258 tua:
1132 2202 1316 2273 (Prov.
1346 2203 1502 2274 xm).
1520 2223 1539 2256 ι
1566 2204 1769 2259 Aliter:
1793 2224 1811 2257 ι
1836 2204 2023 2259 Melius

436 2303 524 2348 est
576 2294 822 2348 habitare
872 2295 923 2347 in
958 2305 1101 2349 terra
1145 2294 1381 2359 deserta,
1423 2310 1583 2364 quam
1620 2302 1745 2350 cum
1798 2296 2023 2350 muliere

436 2387 619 2441 rixosa
641 2393 697 2440 et
727 2386 982 2440 iracunda
1008 2384 1188 2454 (Prov.
1218 2386 1351 2456 xxi).
1382 2405 1400 2438 ι
1434 2386 1540 2457 ’15
1568 2386 1817 2441 Nonnulli
1845 2386 2022 2455 plane,

436 2490 562 2530 eum
614 2490 711 2545 per
742 2474 1092 2544 impatientia:
1116 2474 1355 2529 fomitem
1401 2492 1431 2530 a
1479 2473 1709 2531 fratrum
1760 2477 2025 2530 chan‘tate

438 2564 717 2627 resiliunt,
765 2566 867 2620 hoc
915 2566 1058 2634 quod
1109 2564 1305 2624 Paulus
1351 2574 1408 2619 et
1463 2565 1745 2622 Barnabas
1800 2575 2025 2636 propter

437 2658 679 2715 Marcum
724 2660 1042 2730 discipulum
1089 2660 1158 2713 ab
1199 2660 1432 2716 invicem
1466 2659 1828 2715 discesserunt
1874 2659 2022 2727 (Act.

437 2749 565 2817 xv),
602 2748 656 2803 in
693 2747 1019 2804 defensionis
1045 2764 1155 2803 sure
1192 2749 1565 2803 testimonium
1596 2755 1830 2803 vertunt.
1864 2748 2016 2813 Quod

439 2838 628 2907 utique
672 2847 879 2893 constat
924 2854 1030 2893 non
1083 2839 1367 2893 discordiae
1399 2839 1557 2901 vitio,
1594 2839 1690 2893 sed
1728 2838 1924 2893 divium
1946 2837 2025 2890 di-

440 2926 802 2995 spensationis
828 2926 1029 2981 factum
1071 2942 1192 2982 esse
1215 2928 1441 2997 judicio,
1470 2935 1529 2982 ut
1557 2927 1824 2981 nimirum
1850 2928 2023 2981 sancti

441 3016 667 3086 apostoli
709 3028 965 3087 tanquam
1015 3033 1183 3089 grana
1220 3018 1383 3073 tritici
1415 3032 1480 3073 eo
1531 3018 1845 3089 spargenda:
1900 3017 2022 3072 fidei

2113 487 2513 547 contreniiscat,
2562 497 2757 556 prmsto
2805 487 3048 559 difl‘ugiat
3099 497 3155 543 et
3195 494 3533 542 sacramento
3580 502 3685 554 quo

2113 578 2417 644 captivatus
2445 585 2528 631 est
2571 577 2789 647 propius
2822 578 3079 631 accedere
3124 592 3228 631 non
3254 583 3562 645 praesumat.
3596 573 3688 627 Sie

2113 664 2287 719 effetis
2342 667 2600 724 continuo
2636 666 2840 720 viribus
2888 674 3123 729 corruat,
3168 673 3223 719 et
3264 664 3318 718 in
3361 664 3551 719 scrobe
3578 677 3688 717 sute

2116 758 2333 811 malitia:
2363 766 2621 827 quantum
2649 758 2714 811 ad
2741 767 2793 811 te
2820 766 3076 827 perpetuo
3098 757 3343 811 conditus
3387 755 3688 815 delitescat.

2116 849 2221 903 Sed
2249 848 2364 915 jam
2393 848 2599 903 calamo
2628 848 2896 902 silentium
2949 848 3172 915 impero,
3202 846 3325 915 quia
3363 845 3476 915 ipSe
3509 860 3595 898 me
3635 844 3687 897 iu

2115 940 2275 1008 hujus
2304 939 2737 1009 praesumptionis
2779 938 3004 993 audacia
3058 937 3412 1007 reprehendo,
3445 945 3498 991 et
3533 936 3689 1005 quasi

2117 1030 2282 1084 misso
2313 1030 2364 1083 in
2393 1043 2625 1084 messem
2664 1028 2786 1097 igne
2813 1029 3059 1098 protinus
3098 1027 3262 1097 fugio,
3288 1041 3355 1079 ne
3384 1025 3685 1095 deprehen-

2118 1120 2216 1173 dar
2243 1117 2426 1173 uberis
2462 1118 2577 1188 agri
2623 1125 2914 1187 proventus
2942 1130 3193 1179 exurere,
3222 1114 3311 1184 qui
3352 1114 3535 1183 spinas
3568 1120 3689 1166 tan-

2119 1218 2233 1263 tum
2258 1217 2311 1263 et
2337 1209 2555 1262 arbusta
2586 1207 2874 1262 debueram
2908 1205 3179 1262 silvestria
3207 1201 3561 1272 conflagrare.

2520 1358 2535 1387 ,
2658 1315 2987 1371 EPISTOLA
3031 1313 3143 1368 xu.

2203 1420 2270 1460 Δί)
2309 1419 2525 1461 Ευιιιιειι
2581 1418 2898 1460 θεειιιειιιιιιι
2956 1418 3235 1469 ΛΒΒΔἸῈΙ.
3280 1419 3349 1459 ετ
3409 1419 3596 1459 CAEDI-

2810 1490 3006 1529 NALEM.

2120 1588 2513 1643 Ancuusuruu.
2543 1616 2612 1626 —
2641 1586 2767 1641 Haec
2802 1585 3049 1656 epistola,
3081 1596 3140 1641 ut
3183 1588 3349 1655 prior,
3396 1596 3504 1639 tota
3530 1600 3698 1656 parre-

2192 1657 2367 1711 netica
2396 1662 2499 1710 est.
2532 1656 2866 1711 Adhortatur
2901 1657 3044 1710 enim
3069 1657 3313 1710 eumdem
3342 1656 3697 1719 liesiderium,

2195 1734 2254 1779 ut
2278 1726 2587 1780 monasterii
2606 1726 2708 1780 sibi
2730 1728 3004 1781 commissi
3028 1742 3211 1779 curam
3238 1724 3503 1780 indefesse
3524 1737 3696 1792 gerat,

2196 1796 2590 1851 assentationes
2640 1795 2831 1863 fugiat,
2862 1798 2927 1850 de
2952 1812 3009 1851 se
3030 1794 3237 1862 abjecte
3266 1795 3482 1857 sentiat,
3514 1809 3703 1847 mona-
3744 1846 3745 1849 η

2192 1866 2346 1928 chos,
2373 1880 2583 1935 eosque,
2636 1865 2964 1935 praesertim,
3012 1866 3103 1934 qui
3147 1864 3700 1935 simplicioresgsunt,

2193 1937 2258 1989 ad
2286 1937 2427 1987 viam
2466 1933 2813 2003 perfectionis
2843 1933 3056 2005 dirigat,
3102 1946 3156 1988 et
3200 1934 3429 2003 denique
3466 1933 3699 2002 seipsqu

2193 2005 2258 2057 ad
2290 2004 2764 2074 contemplationis
2793 2004 3007 2059 culmen
3030 2005 3229 2075 erigat.

2194 2094 2304 2165 76
2330 2094 2534 2148 Domno
2569 2095 2858 2149 Dssmsmo
2903 2094 3195 2148 venerabili
3236 2092 3453 2157 abbati,
3485 2090 3700 2146 Psruus

2126 2193 2378 2252 peccator
2402 2184 2697 2238 monachus
2725 2183 3060 2236 servitutem.

2195 2269 2345 2325 Licet
2392 2271 2531 2341 ignis
2586 2270 2969 2339 circumposita
3031 2284 3255 2338 qumque
3304 2268 3587 2338 corripiat,
3641 2281 3699 2320 se

2126 2371 2303 2415 tamen
2332 2376 2495 2431 super
2543 2375 2602 2415 se
2631 2360 2953 2433 naturaliter
2988 2360 3145 2429 erigit
3188 2373 3248 2412 ac
3272 2374 3483 2427 semper
3527 2358 3581 2411 in
3614 2371 3703 2409 su-

2125 2452 2335 2522 periora
2385 2452 2683 2517 contendit,
2736 2459 2790 2505 et
2838 2449 3113 2504 fraternus
3151 2464 3323 2514 amor,
3358 2448 3449 2519 qui
3475 2448 3527 2502 in
3570 2447 3705 2502 meis

2124 2544 2271 2597 circa
2324 2551 2375 2596 te
2405 2532 2702 2596 visceribus
2748 2550 2960 2605 mstuat,
2995 2556 3335 2615 nequaquam
3363 2548 3414 2593 te
3434 2538 3547 2594 solo
3577 2553 3707 2592 con-

2125 2639 2307 2686 tentus
2332 2631 2385 2683 in
2431 2638 2484 2683 te
2512 2629 2795 2683 constituit
2838 2630 3022 2693 finem,
3065 2629 3159 2683 sed
3198 2642 3292 2697 per
3318 2636 3369 2682 te
3408 2641 3624 2696 quoque
3651 2626 3707 2679 in

2125 2735 2467 2776 communem
2518 2717 2840 2774 transfertur
2879 2718 3315 2797 AuctoremaEst
3358 2717 3503 2772 enim
3554 2730 3709 2770 amor

2124 2809 2351 2876 inutilis,
2380 2810 2563 2865 aridus
2586 2818 2642 2863 et
2688 2808 2946 2874 insulsus,
2977 2808 3068 2878 qui
3090 2809 3169 2863 sic
3198 2822 3258 2863 se
3301 2816 3532 2875 occupat
3559 2805 3707 2861 circa

2124 2902 2453 2970 proximum,
2481 2912 2539 2955 ut
2587 2915 2692 2955 non
2732 2902 2898 2954 etiam
2946 2900 3253 2970 porrigatur
3309 2898 3363 2951 in
3417 2896 3607 2951 Deum.
3640 2894 3709 2949 Et

2126 3010 2432 3065 quanquam
2464 2994 2774 3065 principalis
2827 2994 2901 3049 sit
2950 3009 3102 3047 amor
3148 2992 3263 3057 Dei,
3318 3006 3418 3061 per
3465 3003 3707 3045 amorem

441 3075 753 3164 uberiorem
806 3075 1044 3164 messeni
1067 3111 1370 3175 redderent,
1417 3125 1523 3179 quo
1560 3075 1755 3179 procul
1810 3124 1905 3163 eos
1958 3108 2025 3161 ab
2053 3076 2099 3137 C
2134 3093 2310 3138 “me”
2355 3083 2611 3179 βξυξίτηίι
2641 3097 2801 3151 quem
2845 3082 3225 3179 ⁹⁰ξ¹ξρί⁰ί¹¹¹ξ¹ξν
3247 3078 3606 3179 ,Ρθννθηίξηυξ
3632 3075 3708 3179 ξδδ

444 3199 672 3253 invicem
745 3199 1097 3273 dissensionis
1168 3216 1298 3254 aura
1364 3199 1638 3269 perflaret.
1702 3200 2027 3254 Absentibus

446 3303 721 3357 nunquam
776 3289 1052 3356 detrahas,
1092 3289 1187 3344 sed
1218 3304 1314 3345 eos
1364 3290 1416 3343 in
1465 3288 1682 3356 faciem,
1733 3299 1893 3359 prout
1943 3304 2028 3343 res

346 3436 353 3439 _
444 3378 763 3443 dictaverit,
794 3388 1162 3447 competenter
1203 3380 1450 3451 objurga.
1486 3379 1620 3435 Hinc
1646 3389 1729 3434 est
1781 3377 1922 3448 quod
1976 3378 2027 3431 in

447 3464 757 3522 Proverbiis
806 3468 1041 3536 legitur:
1094 3487 1111 3519 ι
1141 3466 1379 3523 Remove
1422 3484 1454 3523 a
1506 3477 1557 3522 te
1584 3483 1646 3523 os
1684 3482 1930 3537 pravmn,
1975 3475 2031 3519 et

453 3556 797 3611 detrahentia
828 3556 965 3609 labia
989 3558 1098 3612 sint
1139 3557 1323 3625 procul
1352 3572 1383 3611 a
1423 3565 1474 3612 te
1502 3557 1683 3621 (Prov.
1710 3556 1842 3627 ιν).›
1874 3557 1939 3610 Ει
1974 3556 2026 3609 in

447 3643 777 3700 Ecclesiaste
798 3644 995 3715 (Eccle.
1028 3646 1082 3715 x)
1114 3664 1127 3700 :
1158 3665 1176 3698 ι
1200 3644 1259 3701 Si
1290 3646 1555 3711 mordeat,
1590 3645 1783 3713 inquit,
1809 3660 2030 3715 serpens

451 3732 509 3787 in
532 3733 763 3796 silentio,
790 3734 924 3788 nihil
969 3749 1034 3789 eo
1073 3735 1249 3789 minus
1280 3736 1464 3798 habet,
1496 3734 1587 3803 qui
1617 3734 1826 3789 occulte
1853 3734 2030 3789 detr‘a-

451 3822 553 3878 hit.
592 3842 611 3875 ι
644 3823 737 3879 Vir
765 3824 928 3878 etiam
961 3825 1175 3895 sapiens
1222 3826 1335 3879 ait:
1385 3843 1403 3877 ι
1436 3823 1670 3879 Susurro
1698 3834 1753 3877 et
1780 3823 2033 3893 bilinguis

454 3912 775 3983 maledictus
799 3923 904 3978 est,
938 3914 1136 3969 multos
1178 3914 1525 3969 conturbavit
1556 3928 1744 3982 pacem
1768 3913 2031 3968 habentes

454 4000 642 4070 (Eccli.
677 4004 902 4074 xxvm);
937 4024 955 4056 ι
995 4004 1231 4059 audienti
1276 4018 1406 4059 vero
1458 4003 1620 4059 dicit:
1653 4022 1671 4055 ι
1698 4002 1821 4072 Sepi
1872 4019 2032 4058 aures

454 4101 576 4148 tuas
596 4097 788 4165 spinis,
814 4106 868 4150 et
906 4097 1011 4150 noli
1060 4096 1248 4152 audire
1274 4095 1515 4165 linguam
1553 4112 1825 4166 nequam:
1858 4102 1910 4149 et
1947 4093 2031 4149 ori

456 4192 551 4240 tuo
571 4184 730 4240 facito
752 4188 915 4252 ostia,
937 4198 990 4242 et
1012 4202 1162 4243 seras
1193 4189 1413 4243 auribus
1435 4188 1769 4260 ejus(lbid.).
1784 4208 1801 4239 ι
1823 4187 2031 4242 Adver-

457 4289 548 4328 sus
582 4275 818 4345 linguam
862 4293 1096 4346 nequam
1160 4293 1320 4334 aures
1364 4287 1583 4333 nostras
1633 4277 1803 4347 spinis
1858 4276 2033 4347 sepire

456 4364 817 4431 praecipimur,
840 4374 901 4417 ut
930 4366 1277 4420 detrahentes
1296 4380 1537 4436 quosque
1557 4365 1788 4435 spinosas
1812 4378 2034 4432 respon-

459 4451 624 4506 sionis
653 4452 841 4506 aculeo
857 4455 1225 4508 retundamus.

529 4542 661 4595 Ama
703 4541 989 4613 jejunium,
1039 4554 1098 4598 ut
1137 4545 1262 4599 dum
1304 4541 1479 4599 inedia
1523 4558 1718 4613 corpus
1758 4543 2030 4606 atteritur,

459 4635 636 4687 anima
689 4636 927 4691 cmlestis
985 4639 1173 4707 gratia:
1225 4638 1546 4708 pinguedine
1606 4636 1899 4704 saginetur.
1967 4634 2033 4689 Et

461 4738 680 4794 serpens
724 4726 847 4791 ille,
895 4729 986 4797 qui
1037 4731 1408 4783 comedentem
1452 4728 1723 4783 hominem
1764 4726 1870 4781 cibi
1927 4726 2032 4780 telo

458 4820 825 4881 prostraverat
854 4814 1008 4886 (Ceu.
1078 4818 1182 4879 ιιι),
1219 4816 1481 4886 jejunanti
1521 4830 1664 4869 nunc
1701 4829 1796 4883 per
1823 4814 2030 4868 sobrie-

462 4901 589 4954 tatis
636 4917 787 4956 arma
830 4905 1165 4958 succumbat.
1221 4904 1456 4973 Serpens
1496 4904 1664 4966 enim,
1689 4904 1827 4957 sicut
1853 4903 2034 4972 perhi-

366 5040 377 5043 ι
458 4988 587 5042 bent
611 4991 703 5058 qui
740 4982 1044 5047 scrutandis
1073 5009 1253 5047 rerum
1275 4992 1484 5046 naturis
1512 4990 1781 5045 subtiliter
1808 4991 2030 5045 insuda-

462 5089 585 5130 runt
635 5078 808 5149 (Pun.
868 5080 906 5135 ι.
952 5097 1143 5146 xxvm,
1192 5098 1309 5151 cap.
1366 5081 1444 5150 4),
1488 5081 1533 5135 si
1582 5080 1755 5151 jejuni
1802 5081 2034 5135 hominis

460 5179 676 5237 sputum
715 5180 910 5239 gustet,
951 5174 1194 5240 protinus
1234 5174 1480 5229 moritur.
1529 5173 1662 5231 Cum
1717 5189 1845 5245 ergo
1888 5182 2034 5228 tanta

461 5260 536 5315 sit
552 5260 743 5329 jejunii
786 5263 957 5317 virtus
995 5264 1047 5318 in
1086 5266 1224 5320 hanc
1252 5266 1504 5329 bestiam,
1543 5280 1664 5334 qua:
1686 5264 2038 5334 corporaliter

463 5354 625 5421 repit,
653 5363 856 5423 quanto
877 5355 1251 5410 vehementior
1280 5358 1333 5411 in
1365 5357 1513 5411 illum
1536 5357 1825 5411 draconem
1856 5355 2037 5425 vigere

465 5446 729 5499 credenda
777 5456 881 5511 est,
925 5449 1017 5518 qui
1065 5449 1408 5504 invisibiliter
1435 5450 1647 5519 serpit?
1676 5448 1779 5502 Sed
1806 5460 1864 5501 ut
1898 5445 2039 5501 colu-

463 5536 621 5591 brum
676 5538 817 5593 hunc
875 5538 1054 5593 valeas
1113 5537 1384 5594 efficacius
1442 5554 1730 5609 rumpere,
1787 5534 2039 5591 sacrificii

469 5628 721 5683 salutaris
748 5628 978 5683 hostiam
1019 5620 1203 5698 satage
1233 5627 1539 5699 frequenter
1570 5626 1786 5691 offerre,
1820 5636 1876 5679 nt
1914 5625 2036 5678 dum

2130 3186 2370 3223 amorem
2401 3169 2521 3235 Dei,
2551 3185 2709 3239 quem
2740 3184 2847 3223 nou
2874 3169 3118 3224 videmus
3150 3167 3199 3236 (Ι
3230 3166 3390 3221 Joan.
3422 3165 3529 3235 tv).
3566 3164 3715 3219 inte-

2130 3260 2233 3315 rim
2266 3260 2446 3329 itaque
2472 3260 2599 3313 dum
2630 3268 2683 3313 te
2708 3260 2954 3315 cominus
2981 3258 3202 3313 attendo
3232 3272 3392 3328 quem
3420 3256 3604 3326 diligo,
3638 3255 3709 3309 ad

2132 3352 2278 3406 illum
2322 3365 2537 3422 semper
2587 3350 2775 3407 oculos
2813 3352 2933 3408 levo
2994 3352 3060 3406 ad
3128 3364 3286 3420 quem
3326 3360 3505 3405 tecum
3549 3347 3711 3403 simul

2131 3445 2396 3513 attingere
2451 3444 2798 3512 concupisco.
2867 3442 3105 3498 Consere
3160 3443 3322 3512 igitur
3382 3449 3437 3495 et
3497 3440 3712 3494 innecte

2131 3547 2340 3594 manus,
2367 3540 2550 3600 atque,
2579 3541 2634 3583 ut
2657 3530 2892 3585 laborem
2912 3529 3224 3584 alleviemus
3248 3528 3482 3592 itineris,
3510 3526 3711 3580 mutuis

2132 3637 2231 3677 nos
2267 3620 2737 3676 adhortationibus
2767 3620 3072 3675 incitemus.
3101 3618 3180 3673 Tu
3216 3628 3417 3683 autem,
3442 3616 3571 3686 quia
3616 3630 3705 3669 re-

2132 3711 2289 3783 gendi
2329 3711 2761 3780 praastantissimi
2814 3709 3126 3765 monasterii
3165 3708 3391 3762 nexibus
3429 3704 3709 3774 obligaris,

2131 3816 2262 3856 cave
2292 3817 2358 3857 ne
2389 3801 2443 3855 in
2495 3799 2655 3870 hujus
2684 3800 2783 3856 via:
2829 3799 3126 3861 laboribus,
3159 3794 3241 3853 vel
3273 3794 3631 3866 pusillanimis
3658 3803 3711 3849 te

2132 3892 2394 3946 lassitudo
2425 3890 2684 3955 retardet,
2723 3889 2807 3944 vel
2837 3888 3230 3944 assentautimn
3268 3884 3545 3939 delenifica
3587 3896 3705 3936 ver-

2134 3986 2199 4039 ba
2237 3984 2413 4039 robur'
2444 3984 2609 4038 animi
2641 3980 2779 4037 male
2832 3980 3223 4035 consentientis
3273 3984 3551 4031 enervent.
3580 3973 3712 4028 lllud

2134 4077 2316 4144 itaque
2366 4076 2431 4128 ad
2490 4074 2801 4129 memoriam
2844 4086 3060 4134 revoco,
3117 4069 3259 4139 quod
3291 4068 3355 4122 de
3380 4066 3549 4121 Tobia
3594 4064 3715 4118 viro

2128 4168 2275 4238 justo
2311 4165 2596 4236 Scriptura
2638 4171 2905 4217 testatur:
2971 4180 2989 4212 ι
3018 4159 3274 4230 Contigit,
3327 4157 3603 4227 inquiens,
3656 4162 3717 4207 ut

2134 4257 2366 4327 quadam
2397 4255 2489 4309 die
2535 4252 2790 4326 fatigatus
2818 4267 2847 4305 a
2878 4251 3178 4321 sepultura,
3223 4247 3447 4302 veniens
3470 4246 3710 4307 domum,

2131 4348 2395 4419 jactasset
2441 4360 2500 4400 se
2537 4345 2689 4415 juxta
2723 4343 2985 4414 parietem
3028 4352 3081 4395 et
3125 4334 3521 4398 obdormisset,
3552 4344 3713 4404 atque

2061 4422 2112 4481 Ῑ)
2136 4455 2201 4494 ex
2240 4439 2366 4493 nido
2392 4436 2740 4493 hirundinum
2781 4433 3069 4488 dormienti
3109 4431 3182 4485 illi
3232 4427 3406 4485 calida
3474 4436 3712 4481 stercora

2137 4528 2449 4583 insisterent
2508 4539 2671 4595 super
2742 4523 2930 4579 oculos
2994 4522 3144 4589 ejus,
3205 4522 3463 4587 fieretque
3534 4530 3713 4570 caecus

2137 4621 2290 4693 (Tob.
2328 4619 2420 4690 ιι).
2456 4638 2475 4672 ι
2512 4619 2789 4687 Fatigatus
2820 4633 2848 4669 a
2880 4614 3179 4685 sepultura,
3213 4614 3338 4665 dum
3368 4625 3425 4664 se
3450 4606 3714 4663 vcleffra-

2137 4712 2240 4765 clis
2260 4711 2464 4765 viribus
2488 4708 2723 4779 projicit,
2750 4706 2930 4761 lumen
2979 4704 3197 4759 amittit.
3245 4700 3473 4754 lllaesum
3516 4698 3715 4766 quippe

2138 4805 2318 4861 cordis
2362 4802 2575 4859 oculum
2621 4809 2825 4866 servat,
2872 4797 3120 4869 quisquis
3151 4795 3204 4849 in
3261 4792 3417 4848 bouis
3464 4787 3715 4859 operibus

2138 4893 2490 4966 infatigabilis
2547 4900 2895 4960 perseverat;
2946 4903 3067 4942 cum
3112 4900 3240 4941 vero
3301 4879 3717 4953 pusillanimiter

2140 4987 2423 5055 frangitur,
2456 4998 2561 5038 non
2611 4980 2881 5037 immerito
2927 4978 3046 5032 luce
3090 4976 3353 5046 privatur.
3406 4968 3543 5023 Hinc
3568 4966 3715 5021 enim

2141 5079 2402 5148 scriptum
2451 5084 2565 5131 est:
2602 5093 2621 5126 ι
2655 5073 2747 5128 Va:
2789 5073 2856 5127 iis
2892 5071 2983 5139 qui
3022 5066 3370 5137 perdidenmt
3402 5058 3713 5115 substineu-

2143 5168 2303 5224 tiaml
2329 5165 2515 5238 (Eccli.
2594 5162 2679 5233 ιι.)
2703 5182 2720 5214 ι
2748 5162 2884 5216 llinc
2909 5160 3103 5214 Paulus
3124 5157 3230 5211 ait:
3264 5173 3282 5207 ι
3306 5152 3551 5222 Vigilate,
3574 5156 3717 5204 state

2140 5261 2195 5315 in
2228 5260 2353 5322 fide,
2383 5257 2612 5312 viriliter
2635 5256 2777 5323 agite
2803 5252 2855 5324 (1
2887 5251 3007 5314 Cor.
3038 5248 3172 5319 xvi).
3209 5266 3227 5298 ι
3265 5244 3403 5312 Quid
3429 5256 3559 5298 vero
3578 5240 3715 5295 levi-

2142 5359 2226 5405 ter
2252 5348 2542 5404 volitantes
2569 5344 2916 5407 hirundines,
2950 5341 3052 5395 nisi
3093 5339 3236 5396 leves
3284 5335 3619 5391 adulantium
3663 5338 3717 5385 et

2141 5439 2339 5494 hianda
2394 5435 2727 5509 loquentium
2789 5433 3096 5503 significant
3162 5428 3385 5484 mores?
3431 5427 3532 5492 Qui
3588 5425 3713 5479 dum

2145 5526 2497 5594 blandiloquii
2526 5524 2608 5580 sui
2648 5523 2915 5578 suavitate
2940 5520 3265 5581 demulcent,
3297 5519 3422 5574 dum
3452 5513 3716 5569 adulatio-

2146 5620 2230 5673 nis
2283 5616 2400 5673 oleo
2462 5624 2626 5685 caput
2678 5615 2941 5671 audientis
3010 5616 3363 5685 impiuguant,
3432 5606 3715 5661 interiores
