4078 6202
351 241 459 300 279

884 242 942 297 s.
982 240 1186 298 rem:
1227 230 1505 298 parum
1540 226 1908 295 orarias
1945 237 2077 318 seu
2118 204 2351 305 renus
2380 244 2420 301 ι.
2462 273 2531 283 -
2576 241 2790 298 EPIST.
2831 238 2959 297 us.
2999 242 3130 299 Vlll.
3242 192 3263 214 ’

3494 239 3600 296 280

352 358 559 420 oculos,
588 369 656 415 ne
684 353 839 411 solita
869 353 986 417 lucc
1010 357 1377 432 perfruantur,
1413 355 1720 411 excaecant?
1748 371 1766 405 ι
1786 354 1922 411 Cor-
1949 361 1998 415 Α
2026 358 2179 411 duxit
2205 359 2273 413 ad
2302 359 2556 420 medium.
2579 357 2684 415 nisi
2703 364 2765 414 ut
2787 365 2842 414 tu
2867 355 3134 428 intelligas
3161 361 3310 426 quia,
3332 356 3600 427 minutum

356 448 517 521 ripiet
546 461 634 505 me
677 445 875 523 justus,
901 446 1096 516 inquit.
1134 446 1189 506 in
1214 444 1611 510 misericordia,
1663 453 1718 503 et
1747 444 1920 500 increo

353 542 501 609 pauit
529 555 649 606 me;
687 540 863 601 oleum
915 548 1094 602 autem
1131 536 1433 613 peccatoris
1467 552 1580 597 non
1628 536 1926 611 impiuguet

354 620 510 700 caput
540 646 719 693 meum
770 625 941 700 (Psal-
1072 626 1234 696 est).
1266 646 1288 680 ι
1322 626 1389 685 Et
1415 636 1668 701 tanquam
1714 634 1925 687 stercus

362 719 536 777 (culis
566 717 838 791 ingerunt,
875 717 1000 775 dum
1026 716 1380 775 lenocinantis
1407 715 1603 791 eloquii
1635 712 1928 790 quemlibet

365 804 560 858 blanda
622 804 950 864 verbositatc
996 812 1325 881 perungunt,
1378 804 1423 863 Α
1479 803 1675 880 quibus
1718 801 1927 862 scilicet

357 893 469 945 haec
498 905 639 962 saepe
665 891 960 953 dicuntur;
998 908 1017 941 ι
1052 889 1180 945 Vive
1209 892 1337 945 dum
1379 890 1537 959 vivis.
1574 903 1758 950 recrea
1804 900 1926 948 cor-

292 978 299 987 '
354 996 455 1050 pas
483 980 710 1045 eduliis;
740 996 809 1036 ne
836 982 880 1043 si
911 996 969 1038 se
996 982 1295 1043 districtius
1318 990 1537 1051 atterat,
1568 988 1646 1043 tot
1671 992 1927 1053 oppressa

358 1068 631 1124 laboribus
664 1084 795 1126 caro
835 1067 1042 1143 fragilis
1070 1085 1192 1129 mox
1231 1069 1569 1131 succumbat,
1601 1086 1621 1129 ρ
1684 1066 1927 1128 Persona

355 1165 448 1212 tua
470 1159 910 1219 clementioribus
933 1158 1214 1219 excolatur
1233 1157 1496 1231 induviis,
1525 1166 1585 1215 ut
1612 1158 1729 1233 eius
1767 1171 1928 1227 quam

357 1255 512 1304 tenes
541 1259 786 1306 servetur
811 1251 1025 1321 genium
1066 1250 1360 1320 dignitatis,
1394 1248 1805 1318 Agglomeretur
1847 1246 1930 1301 la-

358 1339 565 1394 teribus
607 1340 713 1394 tuis
765 1339 817 1394 in
872 1340 1093 1394 modum
1147 1339 1299 1394 cunei
1357 1339 1509 1392 turba
1537 1337 1838 1402 clientium,
1873 1343 1934 1391 ut

356 1432 483 1486 dum
528 1439 578 1485 te
612 1430 1035 1486 commeantium
1090 1429 1374 1489 multitudo
1420 1430 1770 1492 condecorat,
1814 1436 1924 1481 tam

359 1518 604 1575 sublimis
626 1518 801 1573 honor
825 1517 984 1573 oliicii
1008 1533 1112 1573 non
1152 1517 1391 1572 vilescat.
1424 1516 1530 1573 Sed
1558 1518 1604 1572 si
1635 1515 1790 1571 nobis
1818 1515 1934 1571 btec

361 1607 641 1664 diabolicae
690 1607 1047 1681 malignitatis
1093 1608 1396 1669 amaritudo
1423 1607 1714 1676 detegitur.
1757 1613 1934 1666 lenta-

2022 443 2188 499 distat
2224 444 2365 503 inter
2398 444 2585 507 oculos
2614 455 2673 503 et
2704 445 2943 515 capillos.
2984 455 3193 501 tantum
3232 446 3345 509 fere
3374 448 3434 505 in
3466 455 3601 498 oon-

2026 531 2385 603 templatiouis
2408 532 2588 592 studio
2619 533 2762 593 inter
2787 532 3034 603 praelatos
3056 532 3262 590 distare
3295 535 3512 601 debeat,
3540 539 3600 590 et

2022 620 2327 690 subiectos?
2371 630 2636 691 quatenus
2681 630 2736 676 tu
2786 638 2993 689 eorum.
3040 624 3135 698 qul
3179 623 3277 681 tibi
3321 626 3594 683 commissi

2024 718 2170 776 sunt,
2199 710 2409 783 oculus,
2440 721 2497 771 tu
2522 711 2894 781 spiritualium
2920 713 3111 771 studiis
3140 712 3217 771 sis
3248 713 3504 781 intentus,
3539 727 3597 771 et

2024 799 2211 859 videas
2244 814 2354 861 non
2378 801 2551 862 ‘modo
2578 801 2694 869 tibi,
2734 801 2829 861 sed
2863 811 2920 861 et
2955 801 3081 861 sibi.
3120 800 3257 861 Hinc
3290 802 3599 874 frequenter

2024 893 2267 956 exoritur
2301 893 2584 954 inundatio
2604 892 2855 959 ﬂetuum.
2880 892 3120 953 salubris
3146 894 3486 963 conrnunctio
3514 894 3596 950 la-

2014 964 2358 1054 ‘crymarum.
2390 980 2528 1043 Hinc
2548 990 2635 1043 est
2670 982 2816 1052 quod
2847 981 2902 1039 in
2929 979 3125 1041 Genesi
3167 980 3402 1051 legitur:
3436 1000 3457 1035 ι
3493 982 3600 1038 ista

2027 1083 2112 1128 est
2131 1111 2150 1136 ,
2200 1071 2374 1144 inquit
2393 1112 2414 1137 ,
2461 1070 2613 1139 Oua,
2639 1072 2737 1142 qui
2765 1071 2968 1129 invenit
2991 1085 3159 1140 aquas
3203 1071 3404 1130 calidas
3426 1072 3481 1132 in
3507 1086 3600 1130 so—

2029 1159 2291 1233 litudine,
2343 1161 2468 1215 dum
2512 1170 2760 1231 pasceret
2806 1161 2988 1221 asinos
3028 1159 3245 1223 Sebeon
3298 1163 3466 1231 patris
3512 1164 3599 1220 sui

2030 1247 2184 1321 (Gen.
2215 1252 2422 1320 xxxvi).
2456 1269 2474 1302 ι
2507 1250 2619 1310 Hoc
2653 1250 2815 1320 plane
2839 1262 3097 1320 quantum
3126 1252 3203 1317 .ad
3231 1251 3464 1313 litteram
3505 1269 3602 1309 va—

2031 1354 2161 1400 num
2185 1340 2396 1403 videtur
2416 1349 2473 1404 et
2493 1338 2761 1400 frivolum.
2790 1340 2926 1411 Quid
2953 1343 3095 1401 enim
3120 1343 3189 1402 ad
3219 1358 3430 1405 sacram
3456 1343 3603 1400 Scri-

2030 1438 2245 1500 pturam
2287 1430 2554 1506 pertinet,
2591 1437 2653 1491 ut
2696 1429 2890 1489 referat
2938 1432 3067 1504 quia
3102 1442 3289 1492 custos
3330 1433 3602 1492 asinorum

2032 1533 2202 1590 aquas
2230 1519 2431 1595 reperit
2471 1519 2526 1582 in
2569 1519 2822 1581 deserto?
2855 1519 2963 1581 Sed
3007 1522 3095 1581 ubi
3138 1523 3191 1582 in
3228 1522 3423 1585 litteris
3452 1525 3603 1583 nulla

2033 1610 2245 1669 videtur
2284 1611 2512 1676 utilitas,
2562 1612 2632 1666 ad
2678 1611 3012 1682 spiritualem
3054 1612 3461 1685 intelligentiam
3510 1633 3606 1674 ne.

358 1695 523 1758 tionis
561 1696 783 1767 ingestae
809 1695 1069 1767 caligines
1110 1695 1347 1754 funditus
1398 1703 1744 1758 evanescunt.
1775 1694 1930 1757 Unde
1962 1683 2009 1747 Β
2037 1712 2188 1755 cesse
2213 1706 2471 1759 estmons
2494 1709 2754 1761 recurrat.
2786 1699 2924 1771 Quid
2950 1709 3034 1757 est
3061 1701 3205 1763 enim
3232 1683 3327 1771 per
3351 1701 3603 1772 figuram,

356 1793 414 1840 et
463 1784 573 1844 illis
617 1784 846 1840 dicitur:
910 1801 929 1837 ι
965 1782 1117 1845 Tune
1161 1798 1382 1843 sumens
1428 1781 1625 1839 Tobias
1687 1782 1754 1837 de
1808 1780 1931 1838 felle

359 1874 547 1946 piscis,
570 1873 954 1929 lintvltoculos
988 1873 1129 1945 patri
1156 1888 1284 1941 suo;
1326 1886 1558 1943 moxque
1583 1872 1748 1944 carpit
1776 1871 1928 1928 albu-

362 1980 432 2037 go
475 1979 539 2020 ex
581 1964 752 2021 oculis
800 1963 938 2036 eius,
986 1965 1143 2037 quasi
1198 1964 1506 2023 membrana
1602 1963 1689 2025 ovi
1727 1962 1930 2035 egredi,

365 2056 655 2126 statimque
683 2056 856 2119 visum
898 2056 1100 2125 recepit
1145 2054 1294 2124 (Τοῦ.
1325 2054 1426 2123 ιι).
1461 2073 1480 2113 υ
1510 2052 1604 2110 Fel
1630 2052 1828 2113 etenim
1850 2050 1932 2126 pi-

358 2146 468 2203 scis
501 2154 585 2201 est
625 2144 829 2199 malitia
898 2138 1215 2225 Beehmotlt,
1256 2144 1346 2212 qui
1394 2151 1553 2219 caput
1599 2149 1684 2198 est
1736 2148 1793 2195 et
1830 2139 1932 2199 ini-

367 2236 501 2302 tium
529 2236 692 2300 totius
710 2233 1029 2304 iniquitatis.
1056 2234 1161 2310 77
1188 2233 1377 2295 Caecus
1404 2233 1582 2303 itaque
1610 2229 1735 2291 felle
1763 2229 1930 2301 piscis

367 2326 643 2393 oblinitur,
670 2334 724 2384 et
774 2326 1020 2403 protinus
1066 2325 1280 2383 cmcitas
1306 2323 1590 2395 ellugaturt
1621 2323 1769 2393 quia,
1807 2335 1931 2383 cum

365 2415 667 2481 amaritudo
691 2414 967 2475 diabolicae
993 2415 1245 2473 vet-sntiat
1274 2413 1478 2469 nostris
1512 2412 1685 2473 oculis
1710 2418 1931 2472 ostensa

368 2506 703 2585 proponitur.
756 2504 1099 2585 tenebrarum
1128 2518 1252 2562 mox
1297 2502 1470 2575 caligo
1499 2498 1832 2577 propellitur,
1874 2505 1931 2554 et

367 2584 731 2663 lunintcrior,
755 2584 874 2662 quae
901 2591 1047 2651 velut
1085 2589 1323 2662 eclipsim
1349 2603 1508 2667 passa
1534 2586 1732 2675 fuerat,
1763 2585 1933 2644 refor-

367 2694 563 2749 matur.

435 2775 505 2839 Et
546 2775 834 2837 notandum
874 2772 1015 2851 quod
1053 2771 1246 2850 dicitur
1271 2771 1399 2849 quia
1441 2770 1590 2840 prius
1629 2767 1824 2840 albugo
1866 2767 1933 2827 de

363 2863 533 2929 oculis
556 2873 642 2928 eat
668 2864 814 2928 illius
855 2877 1096 2935 egressa,
1135 2874 1189 2923 et
1216 2862 1295 2919 sic
1336 2861 1428 2921 lux
1472 2860 1614 2923 illico
1656 2866 1928 2932 reparata.

367 2950 462 3018 ille
487 2952 682 3032 quippe
720 2952 773 3015 in
807 2951 977 3013 oculis
1001 2950 1140 3029 gerit
1173 2950 1495 3020 albuginem.
1521 2950 1611 3025 qui
1638 2948 1704 3011 de
1724 2962 1783 3005 se
1807 2962 1933 3003 san-

2031 1787 2144 1843 Ona
2171 1788 2225 1843 in
2250 1787 2540 1848 solitudine
2571 1789 2742 1859 patris
2770 1790 2852 1848 sui
2880 1790 3061 1848 asinos
3087 1805 3329 1860 pascere,
3359 1793 3460 1850 nisi
3494 1795 3605 1865 spi-

2030 1875 2280 1937 ritualem
2310 1876 2616 1953 quempiam
2641 1877 2838 1949 virum,
2865 1878 2951 1934 cui
2997 1878 3139 1937 Deus
3164 1888 3317 1949 pater
3344 1891 3447 1948 est,
3472 1882 3605 1940 Sim-

2030 1965 2197 2035 plices
2222 1964 2419 2027 fratres
2443 1966 2544 2026 sub
2570 1966 2864 2044 disciplina:
2888 1968 3194 2030 remotioris
3220 1970 3397 2031 studio
3420 1982 3601 2032 custo-

2031 2056 2186 2119 dire?
2231 2057 2299 2119 Et
2337 2057 2466 2127 quid
2511 2066 2597 2121 est
2635 2072 2804 2135 aquas
2845 2059 3050 2119 calidas
3092 2060 3353 2128 invenire,
3400 2062 3501 2123 nisi
3546 2062 3600 2118 in

2030 2148 2460 2223 compunctionis
2492 2148 2782 2226 lacrytnas,
2806 2165 2927 2225 qua:
2950 2151 3016 2207 de
3047 2150 3255 2229 fervore
3284 2154 3453 2209 sancti
3481 2151 3636 2223 Spi-‘

2033 2240 2173 2294 ritus
2198 2239 2508 2304 eliciuntur,
2531 2240 2854 2309 erumpere?
2881 2239 3015 2297 Nam
3042 2250 3097 2296 et
3141 2242 3252 2310 ipsa
3284 2242 3605 2312 interpreta-

2033 2331 2108 2384 tio
2163 2329 2435 2389 nominttm
2500 2329 2660 2396 huius
2719 2328 2902 2405 ﬁgurae
2966 2344 3071 2390 non
3130 2330 3328 2400 refugit
3391 2331 3602 2391 intelle—

2030 2426 2197 2477 ctum.
2253 2418 2425 2479 Onam
2477 2416 2740 2493 siquidem
2778 2417 2946 2479 dolor.
3000 2417 3081 2475 vel
3139 2419 3350 2479 tristitia
3395 2437 3602 2488 eorum.

2031 2509 2144 2569 sive
2197 2508 2359 2567 etiam
2414 2508 2746 2579 mussitatio,
2805 2506 2888 2567 vel
2941 2511 3284 2575 murmuratio
3340 2510 3598 2581 interpre-

2033 2606 2195 2655 tatur.
2268 2597 2522 2671 Quisquis
2580 2598 2690 2673 78
2747 2598 2891 2657 enim
2947 2597 3374 2673 eumpunctionis
3420 2599 3609 2659 dolore

2033 2689 2296 2752 tristatur.
2343 2689 2494 2758 Quasi
2542 2687 2642 2749 sub
2690 2687 2919 2759 quadam
2967 2686 3187 2763 querula
3231 2688 3605 2747 mussitatione

2034 2779 2317 2833 adversum
2345 2778 2664 2848 pravitatem
2696 2777 2819 2834 vitae
2854 2791 2966 2835 suae
2999 2792 3338 2839 murmurare
3363 2779 3605 2848 eoinpat-

2033 2870 2181 2931 litur,
2233 2869 2443 2931 δεῦθοη
2486 2878 2663 2931 autem
2699 2868 3107 2943 interpretatur,
3158 2879 3305 2925 stans
3345 2870 3398 2929 in
3437 2870 3605 2939 aqui-

2035 2969 2175 3027 toto,
2229 2960 2370 3029 quod
2419 2957 2530 3019 Deo
2565 2971 2863 3029 congruere
2901 2971 3057 3016 nemo
3113 2970 3333 3024 prorsus
3372 2957 3602 3028 ignorat.

367 3023 765 3106 quatiet-taliet
799 3023 1122 3114 opinionem.
1162 3040 1413 3117 Quisquis
1446 3023 1575 3115 ergo
1608 3052 1931 3108 recuperare
1957 3023 2004 3087 (ἶ
2033 3023 2374 3125 Ιρεθήίιιιῖρρθ
2400 3044 2452 3098 in
2478 3023 2730 3112 aequitate
2749 3043 3115 3119 principaliter
3141 3054 3248 3104 stat
3276 3045 3369 3114 qui
3391 3023 3419 3099 5
3442 3045 3607 3119 justi-

365 3133 480 3200 vult
503 3133 700 3199 lucem,
731 3142 973 3210 amputet
996 3148 1026 3197 a
1064 3147 1123 3189 se
1147 3133 1297 3211 prius
1322 3131 1581 3189 affectatae
1617 3129 1933 3191 aestimatio-

365 3225 454 3292 uis
482 3224 809 3303 albugluem,
838 3232 898 3285 ut
938 3238 997 3281 se
1026 3237 1133 3287 non
1179 3224 1403 3298 abueget
1441 3230 1802 3295 peccatorem,
1842 3219 1933 3289 qui

366 3316 574 3387 peccati
594 3315 709 3375 vult
726 3315 954 3377 evadere
974 3315 1293 3377 czacitatem.
1317 3311 1507 3374 clienti
1530 3311 1729 3371 mundo
1751 3308 1931 3382 corde,

368 3408 623 3486 quoniam
651 3407 753 3487 ipsi
800 3405 965 3463 Deum
998 3406 1253 3467 videbunt
1281 3403 1494 3475 (Matth.
1520 3403 1599 3479 ν).
1638 3422 1658 3461 ο
1688 3402 1781 3459 [sti
1809 3408 1936 3461 sunt

368 3500 543 3574 oculi,
574 3499 641 3555 de
663 3498 860 3575 quibus
889 3497 940 3562 in
969 3495 1206 3557 Canticis
1232 3495 1463 3551 dicitur:
1502 3511 1521 3547 ι
1559 3492 1716 3550 Oculi
1745 3491 1818 3546 tui
1845 3505 1935 3547 co-

368 3591 693 3654 lumbarum,
729 3589 932 3659 absque
964 3601 1029 3642 eo
1065 3586 1206 3664 quod
1246 3584 1567 3646 intrinsecus
1600 3583 1730 3639 latet
1755 3582 1932 3653 (Cant.

371 3683 472 3757 iv).
509 3700 530 3737 ι
569 3680 708 3755 Quia
746 3679 871 3739 licet
906 3677 1080 3737 sancti
1121 3691 1264 3737 nunc
1299 3674 1609 3737 Creatorem
1645 3688 1799 3735 suum
1839 3687 1936 3743 per

367 3769 598 3840 gratiam
621 3765 1084 3836 contemplationis
1107 3764 1389 3843 sapiciant,
1412 3764 1542 3823 latet
1564 3772 1738 3819 tamen
1761 3762 1937 3823 adhuc

368 3874 623 3936 magnum
653 3858 882 3928 aliquid,
913 3855 980 3912 ad
1013 3856 1159 3926 quod
1197 3856 1249 3916 in
1287 3857 1391 3912 bac
1414 3854 1744 3938 corruptibili
1773 3867 1937 3913 carne

370 3950 620 4008 immane
645 3945 840 4007 mentis
863 3944 1006 4000 acies
1046 3959 1153 4005 non
1189 3943 1410 4013 aspirat.
1457 3941 1558 4003 Ubi
1596 3957 1720 3999 mox
1758 3941 1938 4013 sequi-

370 4048 498 4101 tur:
529 4058 548 4091 σ
582 4035 769 4111 Capilli
796 4036 872 4091 tui
896 4034 1035 4095 sicut
1060 4047 1248 4104 greges
1270 4047 1574 4106 caprarum,
1596 4046 1713 4107 qua:
1746 4045 1936 4092 ascen-

372 4130 567 4191 derunt
609 4127 674 4187 de
713 4122 1155 4194 Galaad(1bid.).
1188 4141 1207 4173 ι
1245 4120 1400 4181 Sicut
1437 4122 1581 4178 enim
1623 4136 1721 4195 per
1752 4119 1936 4185 oculos

374 4215 628 4279 Ecclesia
648 4215 896 4273 doctores
918 4211 1309 4287 intelliguntur,
1330 4211 1423 4280 qui
1448 4211 1515 4269 ad
1539 4211 1766 4273 videnda
1804 4208 1937 4265 infe-

2035 3138 2122 3192 tiae
2158 3134 2477 3194 rectitudine
2514 3131 2659 3193 nulla
2701 3133 3022 3196 necessitate
3058 3143 3277 3195 coactus
3312 3136 3606 3195 exorbitat.

2034 3226 2203 3283 Onam
2231 3238 2362 3294 ergo
2388 3221 2513 3276 dum
2542 3221 2713 3293 patris
2737 3220 2818 3283 sui
2846 3223 3055 3285 Sebeon
3100 3223 3281 3283 asinos
3321 3224 3374 3277 in
3416 3223 3605 3283 solitu.

2035 3317 2159 3377 dine
2192 3314 2384 3388 pascit,
2426 3328 2594 3383 aquas
2626 3312 2828 3375 calidas
2853 3311 3086 3383 reperit,
3115 3311 3241 3389 quia
3278 3312 3521 3389 quisquis
3548 3327 3609 3374 se

2032 3427 2129 3482 per
2153 3411 2278 3470 vitae
2307 3405 2683 3469 rectitudinem
2713 3405 2823 3466 Deo
2851 3404 3019 3464 lilium
3047 3404 3269 3464 exhibet
3294 3418 3360 3466 ac
3386 3403 3453 3459 de
3478 3418 3608 3479 μου

2035 3501 2173 3559 catis
2198 3500 2310 3562 suis
2334 3495 2642 3560 medullitus
2666 3494 2830 3564 dolet,
2854 3493 2981 3555 dum
3006 3507 3065 3552 se
3091 3493 3267 3555 reddit
3288 3493 3340 3551 in
3367 3493 3609 3567 pervigili

2036 3590 2260 3651 fratrum
2289 3603 2419 3647 cura
2447 3584 2759 3648 sollicitum.
2784 3583 2966 3643 divino
2987 3596 3209 3641 munere
3235 3581 3463 3657 percipit
3485 3596 3609 3651 gra.

2038 3680 2166 3740 tiam
2188 3677 2548 3753 lacrymarum
2576 3691 2591 3737 ;
2623 3688 2747 3731 nam
2780 3682 2836 3734 et
2859 3673 3018 3729 beata
3047 3670 3135 3731 illa
3161 3671 3433 3741 peccatrix
3461 3670 3610 3740 prius

2034 3770 2200 3841 pedes
2225 3767 2435 3825 Domini
2463 3776 2735 3844 unguento
2767 3765 3050 3844 perunxit,
3086 3764 3424 3838 postmodum
3446 3764 3609 3824 etiam

2037 3860 2362 3915 alabastrum
2391 3856 2647 3929 unguenti
2678 3855 2899 3931 pretiosi
2921 3868 3083 3929 super
3106 3863 3269 3922 caput
3295 3854 3611 3917 recumben-

2038 3950 2106 4005 tis
2122 3947 2307 4005 effudit
2326 3946 2542 4018 (Matth.
2566 3961 2693 4003 xxvr
2713 3962 2730 4012 ;
2754 3945 2924 4007 Marc.
2951 3960 3072 4011 xrv;
3100 3945 3261 3999 Joan.
3287 3959 3341 4003 χι
3367 3944 3408 4017 ).
3436 3944 3611 4015 Caput

2036 4035 2257 4109 Christi,
2296 4035 2468 4105 Deus;
2509 4035 2674 4111 pedes
2696 4032 2921 4104 Christi,
2960 4032 3102 4091 servi
3133 4032 3247 4093 Dei.
3288 4032 3440 4094 Sicut
3464 4032 3608 4094 enim

2038 4121 2146 4188 illa,
2172 4122 2299 4180 dum
2324 4122 2644 4183 humanitati
2675 4120 2873 4181 Christi
2903 4120 3155 4191 dependit
3179 4120 3517 4193 obsequium,
3539 4119 3610 4179 ad

2038 4212 2332 4269 divinitatis
2375 4212 2642 4285 attingere
2692 4211 2891 4273 meruit
2933 4209 3288 4276 intellectum,
3329 4212 3410 4271 sic
3451 4210 3612 4267 nimi—

374 4304 608 4367 rioribus
629 4303 884 4366 membris
905 4316 1112 4361 summa
1139 4316 1202 4359 ac
1223 4298 1523 4375 spiritualia
1550 4309 1675 4364 sunt
1704 4298 1931 4371 praelati,
1970 4370 1975 4375 λ
2039 4316 2177 4372 rum.
2213 4301 2292 4365 sic
2319 4303 2506 4365 doctor
2531 4297 2808 4367 Ecclesiae.
2841 4301 2968 4361 dum
3004 4299 3207 4356 Christi
3244 4301 3480 4357 membra
3518 4315 3613 4360 cu-

372 4395 454 4459 sic
472 4394 634 4460 etiam
655 4407 755 4463 per
782 4391 1020 4467 capillos,
1042 4370 1333 4467 gregesque
1354 4403 1635 4459 caprarum
1656 4389 1934 4466 designan-

2039 4370 2237 4454 stodit,
2286 4390 2712 4459 contemplanda
2756 4388 3052 4449 divinitatis
3093 4389 3325 4465 gratiam
3362 4384 3647 4462 percipit."

369 4493 462 4553 tur
484 4484 764 4551 simplices
781 4489 837 4546 et
853 4476 1106 4548 subiecti.
1129 4476 1233 4546 Qui
1253 4476 1538 4547 nimirum.
1557 4478 1662 4543 etsi
1679 4492 1789 4557 prae
1811 4479 1944 4541 sint-

370 4577 612 4649 plicitate
640 4574 895 4649 mysteria
921 4585 1155 4646 qumque
1171 4585 1234 4627 ac
1257 4584 1470 4634 Summa
1494 4584 1602 4631 non
1634 4576 1945 4644 penetrant.

378 4663 719 4730 multitudine
750 4672 931 4725 tamen
959 4671 1014 4721 et
1040 4660 1425 4730 compositione
1448 4674 1547 4723 sua
1567 4668 1808 4723 sanctam
1833 4657 1938 4719 Ec-

378 4756 621 4827 clesium,
650 4754 797 4817 velut
824 4753 998 4824 capilli
1040 4761 1221 4829 caput,
1257 4759 1541 4815 exornant.
1586 4750 1781 4823 Capra,
1813 4749 1943 4823 quia

375 4846 692 4923 plerumque
743 4861 866 4905 cum
918 4852 1140 4915 peccato
1189 4840 1433 4912 oUertur.
1485 4842 1656 4917 figura
1702 4839 1939 4917 pccCati;

376 4934 579 4997 Galand
619 4952 638 4997 ί
682 4948 907 4997 acervus
949 4952 969 4985 ι
1011 4941 1096 4997 est
1132 4949 1150 4983 ι
1198 4931 1511 4997 testimonii.
1546 4951 1563 4983 ο
1604 4930 1708 4993 Per
1743 4928 1945 4991 Galaatl.

379 5041 530 5108 ergo,
568 5025 865 5090 Christum,
902 5024 987 5080 cui
1031 5033 1357 5087 sanctorum.
1382 5023 1622 5083 omnium
1660 5020 1946 5083 multitudo

379 5118 629 5190 perhibet
657 5116 1059 5181 tastintoniutn;
1092 5131 1186 5187 per
1212 5113 1435 5186 capillos
1466 5127 1612 5174 vero,
1646 5111 1731 5166 vel
1757 5126 1943 5181 capra-

288 5264 291 5271 _
381 5223 501 5273 rum
529 5221 740 5285 greges,
764 5205 1158 5271 multitudinem
1187 5202 1532 5276 intelligimus
1558 5199 1939 5270 subiectorum.

378 5298 584 5375 Greges
609 5312 739 5373 ergo
775 5312 1056 5367 caprarum
1086 5297 1381 5359 ascendunt
1407 5296 1474 5359 de
1510 5303 1690 5354 monte
1718 5292 1943 5359 Galaad.

377 5387 504 5456 quia
526 5394 835 5443 sanctorum
861 5384 1101 5447 omnium
1129 5384 1412 5445 multitudo
1435 5384 1503 5439 de
1527 5383 1760 5446 Christo,
1785 5395 1944 5450 quem

379 5476 595 5541 sibimet
617 5473 819 5535 faciunt
858 5473 1286 5547 fundamentum,
1312 5474 1674 5535 conscendere
1698 5480 1950 5542 satagunt

379 5567 591 5631 excelsa
610 5568 891 5633 Virtutum.
935 5566 1040 5622 Sed
1071 5583 1165 5627 cur
1191 5566 1291 5627 hoc
1320 5564 1626 5633 exemplum
1651 5564 1823 5623 oratio
1849 5564 1934 5617 de-

2038 4452 2304 4537 Prarterea
2349 4452 2589 4542 nonnulli
2630 4487 2757 4537 sunt
2788 4479 3059 4550 simplices
3094 4452 3314 4549 iratres,
3350 4452 3443 4555 qui
3481 4452 3610 4550 quid
3650 4452 3669 4507 '-

2039 4568 2112 4623 sit
2140 4568 2523 4638 contemplatio
2543 4568 2813 4635 nesciunt.
2842 4578 3003 4638 atque
3026 4569 3145 4629 ideo
3166 4568 3220 4625 in
3246 4567 3614 4640 spiritua'tibns

2039 4654 2234 4709 studiis
2265 4670 2325 4709 se
2353 4669 2609 4710 exercere
2640 4654 2944 4710 nullatenus
2981 4666 3223 4727 possunt,
3264 4655 3357 4717 sed
3384 4655 3511 4710 dum
3553 4667 3613 4711 se

2041 4744 2283 4801 funditus
2312 4746 2379 4799 ab
2409 4744 2512 4800 hoc
2537 4746 2738 4800 mundo
2766 4746 3113 4810 mortilicant,
3147 4746 3273 4803 dum
3300 4743 3526 4820 fatigare
3552 4758 3611 4805 se

2048 4837 2274 4894 diversis
2309 4852 2406 4908 per
2446 4836 2807 4895 obedientiam
2844 4837 3116 4895 laboribus
3156 4845 3407 4911 satagunt
3447 4851 3512 4890 ac
3557 4835 3612 4895 in

2045 4926 2296 4991 omnibus
2339 4927 2715 5002 obtemperare
2760 4926 2873 4984 suis
2916 4926 3186 5001 prioribus
3235 4924 3611 4987 inardescunt.

2045 5018 2186 5089 apud
2213 5012 2633 5098 om’nipotentem
2667 5017 2835 5077 Deum
2859 5017 3034 5080 locum
3064 5017 3445 5079 familiaritatis
3468 5015 3609 5077 οι)ιί-

2046 5118 2193 5171 nent,
2225 5106 2297 5162 ita
2328 5114 2388 5160 ut
2416 5120 2513 5175 per
2549 5120 2643 5162 eos
2670 5105 2957 5183 aliquando
2980 5107 3145 5169 etiam
3176 5107 3326 5183 signa
3352 5105 3611 5167 virtutum

2044 5198 2197 5253 ﬁant.

2116 5286 2297 5342 Pridie
2330 5294 2495 5353 certe,
2523 5287 2779 5367 duritiam
2818 5287 2899 5351 sol
2932 5302 3183 5350 occasum
3208 5296 3472 5361 vergeret,
3504 5284 3611 5343 fra-

2048 5385 2132 5430 ter
2155 5377 2394 5443 quidam,
2424 5375 2658 5433 Joannes
2684 5378 2923 5447 nomine,
2954 5379 3022 5439 ad
3047 5392 3134 5433 me
3169 5378 3335 5438 venit,
3366 5388 3419 5432 et
3446 5375 3608 5435 mira-

2048 5467 2227 5523 culum
2271 5468 2469 5525 celebri
2511 5469 2767 5545 memqria
2796 5468 3014 5539 dignum
3054 5466 3156 5527 sibi
3200 5467 3397 5525 dudum
3438 5463 3613 5525 εοῐιιὶσε

2063 5562 2202 5630 gisse
2233 5563 2488 5630 narravit.
2520 5565 2676 5629 Cum.
2707 5562 2906 5633 inquit,
2936 5563 2990 5621 in
3026 5560 3308 5623 Classense
3343 5567 3608 5617 monaste-
