4078 6202
1415 337 1619 394 LIBER
1638 324 2045 404 SECUNDUS,"
2065 333 2278 392 EPIST.
2319 320 2463 394 χιιιζ

3502 335 3610 394 282

364 458 447 513 rio
467 453 824 524 degeremct
847 449 1189 508 commissam
1218 447 1351 505 mihi
1378 461 1655 506 sacrorum
1675 452 1930 505 exedram
1955 450 2007 508 Δ
2032 461 2138 501 non
2175 448 2429 505 deﬁcient
2467 461 2620 517 aqua:
2656 444 2815 522 (frui.
2839 448 3016 516 um).
3045 463 3069 499 ο
3098 445 3240 502 Cum
3278 446 3384 503 hoc
3423 446 3607 517 itaque

361 543 718 607 custodirem,
762 543 995 610 quadam
1030 540 1119 597 die
1161 548 1283 609 post
1319 539 1728 608 completorium
1769 541 1936 596 libros

361 632 606 691 ecclesia:
631 632 687 688 in
726 630 950 688 archivo
986 629 1258 700 congessi,
1300 629 1492 686 deinde
1517 630 1721 685 clavem
1749 631 1937 700 impri-

361 737 534 786 mens,
574 728 632 778 ut
669 719 911 789 quotidie
950 734 1364 784 consueverant,
1404 720 1690 776 obseravi:
1729 721 1846 785 sed,
1879 727 1939 776 ut

360 819 482 880 post
523 809 726 881 liquido
769 807 966 878 patuit,
1011 806 1079 864 de
1126 822 1284 864 cereo
1327 822 1485 878 quem
1529 807 1803 873 ferebam,
1841 823 1936 865 ne-

360 899 568 957 sciente
613 911 744 964 me,
781 911 947 966 vapor
989 895 1242 966 emicuit,
1279 904 1338 951 et
1383 896 1607 952 linteum
1644 911 1755 965 quo
1798 895 1936 953 liber

360 987 706 1059 operiebatur
747 985 965 1040 amavit.
1002 985 1160 1041 Mane
1189 995 1368 1041 autem
1413 986 1556 1044 facto
1592 1002 1712 1043 cum
1750 1002 1932 1043 arcam

359 1077 652 1148 aperirem,
681 1084 739 1129 ut
765 1075 930 1132 libros
960 1075 1220 1140 tollerem,
1249 1086 1466 1144 repente
1489 1077 1621 1132 mihi
1653 1077 1705 1132 in
1729 1077 1932 1134 vultum

357 1167 540 1226 fumus
575 1175 631 1225 et
663 1167 854 1238 igneus
900 1182 1067 1240 vapor
1105 1169 1364 1226 occurrit.
1411 1167 1754 1238 Stupefactus
1787 1170 1934 1228 illico

358 1266 521 1327 atque
546 1258 885 1332 perterritus.
911 1258 955 1315 si
981 1257 1122 1317 forte
1146 1261 1214 1317 de
1240 1259 1392 1318 libris
1419 1261 1593 1318 adimo
1618 1261 1818 1331 aliquid
1843 1279 1938 1320 su-

355 1355 634 1416 peresset,
677 1349 817 1424 ccepi
847 1349 1056 1405 curiose
1097 1350 1413 1420 perquirere
1443 1368 1458 1409 ε
1501 1353 1628 1414 sed.
1661 1368 1694 1410 ο
1723 1354 1932 1410 incom-

353 1435 734 1504 prehensibilis
775 1435 969 1494 divinae
1008 1437 1220 1493 virtutis
1265 1436 1520 1494 effectus!
1574 1455 1701 1498 cum
1744 1456 1934 1501 omnes

356 1526 504 1583 lintei
529 1525 714 1596 viginti
745 1527 964 1583 circiter
985 1529 1158 1583 exusti
1185 1536 1365 1584 essent
1391 1529 1446 1584 in
1475 1529 1819 1601 cineremque
1849 1547 1935 1590 re—

354 1617 518 1680 dacti.
555 1616 750 1687 quibus
780 1616 1033 1695 nimirum
1062 1618 1278 1676 codices
1307 1617 1521 1676 fuerant
1551 1620 1799 1686 involuti,
1829 1622 1932 1697 ipsi

353 1707 568 1764 codices
586 1707 809 1764 omnino
826 1709 1182 1764 servabantur
1204 1709 1374 1766 illaesi.
1395 1711 1563 1768 Porro
1587 1727 1769 1770 arcam
1794 1713 1933 1781 ignis

353 1805 753 1864 penetraverat,
781 1805 837 1854 et
863 1796 1071 1868 largum
1104 1799 1493 1859 combustionis
1519 1801 1707 1860 orbem
1734 1803 1787 1861 in
1812 1804 1931 1874 ejus

353 1883 518 1941 fundo
544 1885 855 1959 reliquerat.
891 1887 1008 1945 Hoc
1047 1888 1229 1962 itaque
1262 1900 1540 1962 comperto
1573 1893 1772 1952 fratres
1795 1896 1931 1950 divi-

354 1988 481 2032 nam
510 1973 795 2034 laudavere
823 1976 1138 2048 potentiam,
1157 1966 1415 2050 quoniam
1441 1979 1497 2037 in
1521 1980 1814 2040 Cbaldaico
1839 1994 1932 2038 ca-

353 2064 501 2118 mino
524 2063 779 2120 llebrzeos
800 2066 1130 2124 custodierat
1154 2082 1350 2138 pueros
1378 2069 1539 2141 (Dan.
1568 2071 1675 2141 ιιι),
1702 2087 1846 2128 nunc
1872 2073 1929 2127 in

351 2169 494 2208 arca:
530 2155 808 2225 flagrantis
851 2155 1100 2214 incendio
1142 2173 1268 2228 suos
1295 2159 1461 2214 etiam
1509 2171 1821 2217 servaverat
1866 2163 1931 2217 li-

350 2245 502 2300 bros.
531 2245 626 2300 Est
665 2255 846 2302 autem
890 2245 1060 2306 frater
1097 2247 1186 2304 ille
1221 2250 1312 2317 qui
1345 2250 1474 2306 mihi
1520 2250 1624 2307 ista
1663 2253 1926 2319 narravit,

351 2336 519 2394 idiota
553 2337 804 2404 quidem,
850 2338 942 2392 sed
979 2347 1086 2396 tam
1127 2338 1385 2398 ferventis
1425 2342 1774 2406 obedientiaa,
1819 2353 1926 2401 tam

350 2427 455 2495 pia:
494 2427 734 2491 vitae,‘ut
778 2443 1114 2500 nequaquam
1159 2431 1403 2488 videatur
1446 2433 1742 2503 indignum,
1784 2437 1928 2505 quod

350 2515 494 2569 Deus
523 2531 616 2584 per
644 2530 765 2570 eum
794 2516 1105 2586 dignaretur
1132 2520 1390 2580 exhibere
1418 2522 1738 2591 prodigium.

422 2603 503 2659 Tu
533 2614 733 2669 autem,
758 2607 1079 2663 venerabilis
1105 2606 1295 2672 frater,
1325 2609 1404 2666 sic
1435 2610 1650 2667 domum
1683 2611 1774 2668 Dei
1803 2626 1926 2668 cum

347 2695 640 2752 commisso
664 2710 826 2766 grege
852 2697 1141 2762 custodias,
1171 2707 1230 2753 ut
1258 2707 1308 2756 te
1331 2709 1510 2758 tamen
1539 2715 1634 2770 per
1662 2701 1924 2761 incuriam

349 2799 458 2839 non
497 2783 797 2855 relinquas;
830 2785 908 2839 sic
942 2785 1325 2845 fecunditatem
1367 2787 1475 2845 Lize
1499 2789 1781 2859 gignendis
1803 2790 1926 2848 fetiv

348 2873 449 2927 bus
486 2871 720 2935 excolas,
763 2881 821 2926 ut
863 2889 892 2926 a
924 2885 1157 2932 venusun
1202 2875 1404 2931 Rachel
1433 2876 1768 2946 amplexibus
1815 2893 1924 2936 non

349 2960 572 3015 recedas
617 2958 770 3030 (Gen.
803 2962 975 3032 xxix).
1022 2962 1141 3018 Noli
1188 2971 1239 3020 te
1286 2963 1337 3016 in
1382 2965 1768 3021 assentantium
1817 2966 1943 3039 79,

347 3050 710 3106 blandimenta
744 3053 1027 3123 projicere,
1057 3069 1126 3112 ne
1156 3056 1281 3110 dum
1329 3065 1379 3112 te
1418 3055 1611 3112 levium
1647 3057 1920 3112 hominum

2047 540 2128 601 tit,
2158 545 2287 593 tunc
2317 536 2550 592 hominis
2573 537 2751 590 anima
2779 536 2915 593 facta
2943 545 3027 592 est
3051 536 3353 605 paradisus,
3371 545 3432 591 et
3455 539 3609 606 quasi

2036 641 2162 682 vere
2183 627 2248 683 ﬁt
2276 627 2466 683 hortus
2489 627 2824 694 deliciarum.
2863 627 3014 682 Tunc
3039 642 3192 693 amor
3221 625 3410 682 mundi
3449 629 3610 698 hujus

2039 717 2094 772 in
2144 716 2559 772 amaritudinem
2612 717 2860 780 vertitur,
2911 731 3064 772 mens
3113 717 3346 772 carnalis
3386 717 3610 772 affectus

2036 805 2262 860 vinculis
2291 805 2537 876 expedita
2583 805 2639 860 in
2668 805 2776 860 alta
2816 805 3138 872 sustollitur,
3179 815 3238 862 et.
3271 807 3324 861 in
3370 807 3485 862 solo
3522 811 3608 864 sui

2033 893 2305 949 Creatoris
2334 893 2590 949 ineﬂabili
2614 895 2970 951 contubernio
2996 894 3312 962 delectatur,
3341 897 3480 953 sicut
3512 914 3608 966 per

2032 973 2277 1040 eumdem
2304 986 2620 1053 prophetam
2646 984 2844 1040 dicitur
2872 1003 2886 1042 :
2924 1004 2942 1037 ι
2973 986 3108 1041 Tum
3139 986 3490 1043 delectaberis
3516 1005 3603 1044 su-

2033 1091 2130 1145 per
2157 1075 2407 1147 Domino,
2429 1085 2485 1132 et
2515 1077 2790 1140 sustollant
2822 1086 2874 1131 te
2897 1092 3059 1148 super
3082 1078 3420 1136 altitudinem
3445 1088 3606 1143 terra:

2031 1175 2088 1220 et
2107 1167 2298 1222 cibabo
2327 1177 2379 1222 te
2406 1168 2720 1223 haereditate
2739 1167 2910 1226 «Iacob
2933 1170 3102 1239 patris
3126 1171 3200 1225 tui
3231 1170 3438 1240 (llud).
3475 1189 3493 1224 ι
3523 1172 3608 1226 Ad

2033 1256 2136 1312 hoc
2172 1259 2460 1325 enitamur,
2500 1258 2808 1316 dulcissime
2839 1259 3028 1323 frater,
3067 1261 3266 1316 intimae
3298 1261 3607 1317 reiectionis

2031 1349 2246 1419 epulum
2299 1351 2546 1416 tendere;
2595 1352 2693 1408 has
2737 1368 3008 1421 nunquam
3057 1353 3364 1408 desinamus
3408 1354 3605 1424 dapum

2032 1437 2336 1495 ctelestium
2367 1440 2588 1496 delicias
2613 1441 2844 1504 esurire,
2871 1451 3139 1510 quatenus
3164 1444 3289 1496 dum
3325 1444 3427 1498 hoc
3450 1443 3605 1512 quasi

2033 1540 2199 1595 parvo
2220 1525 2512 1596 ientaculo,
2542 1543 2611 1584 ne
2651 1528 2966 1583 deficiamus
2991 1527 3045 1582 in
3074 1528 3179 1591 via,
3215 1527 3505 1591 reficimur,
3535 1529 3604 1582 ad

2033 1616 2163 1673 illud
2208 1607 2444 1688 plenum,
2490 1619 2633 1689 quod
2663 1619 2714 1672 in
2762 1619 2900 1675 caelo
2944 1628 3047 1682 est,
3079 1619 3332 1687 nuptialis
3376 1620 3604 1674 convivii

2035 1707 2299 1765 ferculum
2325 1711 2650 1765 nutriamur.
2691 1710 2759 1766 Et
2787 1725 3094 1778 quanquam
3118 1709 3345 1764 diversis
3369 1720 3420 1764 te
3446 1723 3607 1778 nego-

1961 1781 2006 1842 Β
2035 1797 2124 1853 tiis
2145 1812 2274 1854 cura
2301 1799 2580 1869 regimiuis
2598 1798 2887 1868 opprimat,
2915 1798 2983 1852 ad
3013 1798 3187 1852 sinum
3212 1809 3390 1852 tamen
3410 1797 3607 1865 quietis

2033 1887 2257 1951 intimae,
2296 1903 2420 1943 cum
2449 1888 2668 1958 poterit,
2697 1902 2850 1943 mens
2887 1895 3152 1943 recurrat.
3185 1886 3429 1941 Imitatus
3455 1886 3606 1940 scili-

2029 1987 2116 2034 cet
2148 1977 2390 2050 Moysen,
2435 1979 2527 2049 qui
2579 1979 2984 2035 tabernaculum
3028 1977 3248 2034 foederis
3295 1977 3608 2046 frequenter

2028 2067 2264 2125 intrabat
2285 2077 2342 2122 et
2361 2068 2546 2124 exibat
2567 2068 2764 2138 (Exod.
2788 2068 3005 2136 xum).
3035 2066 3172 2134 Quid
3192 2074 3275 2123 est
3296 2066 3438 2122 enim
3460 2068 3606 2136 quod

2026 2156 2116 2212 ille
2137 2157 2329 2212 crebro
2355 2157 2754 2213 tabernaculum
2783 2155 3087 2226 ingreditur
3104 2165 3161 2208 et
3177 2155 3469 2223 egreditur,
3497 2155 3604 2210 nisi

2027 2253 2088 2299 ut.
2113 2244 2414 2315 exemplum
2444 2245 2699 2313 praebeat,
2724 2245 2865 2313 quod
2899 2244 2962 2308 is,
2990 2243 3080 2316 qui
3112 2243 3256 2298 intus
3280 2243 3333 2298 in
3364 2253 3606 2299 eontem-

2026 2336 2314 2406 plationem
2362 2336 2590 2406 rapitur,
2622 2334 2754 2391 foris
2793 2333 3179 2389 inﬁrmantium
3223 2334 3452 2402 negotiis
3499 2333 3606 2389 fre-

2026 2434 2254 2494 quenter
2285 2433 2529 2493 urgetur,
2572 2423 2716 2478 intus
2759 2421 2851 2478 Dei
2887 2437 3083 2476 arcana
3117 2421 3439 2487 considerat,
3470 2422 3606 2476 foris

2024 2529 2190 2569 onera
2221 2513 2516 2569 carnalium
2547 2510 2756 2582 portat?
2776 2511 2878 2578 Qui
2907 2512 2972 2566 de
3002 2511 3162 2565 rebus
3189 2525 3403 2580 quoque
3428 2510 3606 2567 dubiis

2024 2616 2240 2673 semper
2273 2602 2340 2655 ad
2369 2599 2776 2657 tabernaculum
2819 2599 3070 2664 recurrit,
3111 2615 3176 2657 ac
3211 2614 3396 2656 coram
3437 2608 3604 2656 testa-

2025 2692 2189 2748 menti
2218 2705 2340 2746 arca
2373 2691 2656 2744 Dominum
2687 2689 2940 2756 consulit,
2969 2687 3196 2743 formam
3225 2687 3410 2758 procul
3439 2689 3604 2743 dubio

2025 2783 2324 2839 rectoribus
2346 2781 2613 2852 przcbens,
2639 2790 2695 2835 ut
2723 2795 2846 2835 cum
2875 2779 3006 2836 foris
3033 2780 3310 2849 ambigunt
3335 2781 3461 2848 quid
3487 2780 3603 2835 dis-

2024 2880 2265 2941 ponant,
2297 2871 2364 2925 ad
2397 2879 2630 2927 tuentem
2672 2885 2886 2940 semper
2912 2870 3061 2940 quasi
3095 2871 3162 2927 ad
3197 2871 3599 2927 tabernaculum

2022 2959 2262 3025 redeant,
2307 2970 2362 3017 et
2388 2960 2530 3014 velut
2568 2975 2748 3015 coram
2793 2960 3094 3014 testamenti
3141 2974 3267 3015 arca
3315 2960 3598 3019 Dominum

2023 3052 2327 3118 consulant,
2357 3053 2402 3110 si
2443 3054 2510 3107 de
2543 3052 2631 3116 iis,
2659 3051 2710 3106 in
2739 3052 2934 3122 quibus
2961 3053 3208 3106 dubitant
3234 3052 3374 3120 apud
3403 3064 3597 3108 semet-

345 3153 485 3197 vana
511 3137 672 3193 verba
699 3140 986 3207 delectant,
1017 3142 1082 3194 ad
1116 3142 1285 3196 instar
1313 3142 1492 3202 Tobiae
1519 3146 1714 3202 mentis
1739 3146 1921 3204 oculos
1948 3137 1994 3198 C
2022 3143 2168 3212 ipsos
2196 3143 2340 3199 intus
2370 3143 2509 3198 sacri
2539 3143 2735 3212 eloquii
2767 3143 2989 3214 paginas
3017 3142 3313 3211 requirunt.
3366 3142 3517 3200 Unde
3546 3155 3596 3198 et

349 3231 693 3289 hirundinum
723 3243 933 3292 stemus
959 3235 1193 3292 obducat
1213 3235 1362 3306 (Tob.
1388 3237 1472 3307 ιι).
1503 3237 1558 3295 Si
1581 3238 1702 3311 quis
1724 3248 1808 3296 est
1832 3239 1922 3310 qui

347 3332 405 3382 te
429 3322 784 3380 amicabiliter
813 3325 1058 3394 corripit,
1087 3326 1214 3384 huic
1244 3342 1404 3386 aures
1430 3329 1806 3397 aequanimiter
1829 3330 1926 3386 ad-

347 3411 508 3478 hibe;
561 3411 628 3465 ab
673 3412 778 3466 illis
820 3423 998 3468 autem
1042 3415 1188 3468 velut
1227 3428 1489 3476 excreans
1530 3425 1585 3476 et
1635 3428 1924 3476 nauseatus

347 3508 554 3562 averte,
582 3515 650 3557 ne
682 3501 775 3560 tibi
803 3512 1061 3575 congruat
1095 3505 1237 3575 quod
1280 3504 1532 3565 Salomon
1561 3508 1638 3566 ait
1667 3525 1680 3564 :
1717 3526 1736 3563 t
1775 3506 1920 3576 Viro,

308 3640 309 3643 η
337 3587 442 3657 qui
469 3589 847 3658 corripientem
869 3591 1002 3645 dura
1032 3593 1243 3648 cervice
1271 3595 1587 3660 contemnit,
1614 3597 1924 3663 repentinus

348 3679 694 3750 superveniet
735 3679 1006 3744 interitus,
1035 3689 1090 3734 et
1117 3697 1238 3738 eum
1280 3683 1482 3742 sanitas
1526 3699 1629 3739 non
1670 3696 1925 3754 sequetur

347 3766 535 3838 (Prov.
569 3774 744 3838 xxix).
779 3791 797 3823 ι
847 3771 922 3826 De
971 3772 1166 3827 talibus
1214 3782 1268 3829 et
1312 3788 1409 3846 per
1449 3775 1640 3831 Isaiam
1681 3776 1920 3832 dicitur:

351 3877 371 3910 ι
401 3857 636 3928 Populus
661 3859 802 3913 enim
832 3861 897 3913 ad
928 3860 1258 3917 iracundiam
1280 3878 1579 3934 provocans
1603 3875 1716 3930 est,
1747 3874 1799 3918 et
1830 3863 1921 3918 ﬁlii

348 3952 661 4018 mendaces,
689 3951 780 4006 ﬁlii
807 3953 1047 4010 nolentes
1069 3954 1256 4010 audire
1284 3954 1453 4028 legem
1481 3956 1604 4017 Dei;
1628 3956 1720 4029 qui
1743 3955 1926 4012 dicunt

347 4043 658 4096 videntibus
697 4060 710 4094 :
752 4041 925 4099 Nolite
949 4044 1164 4110 videre;
1206 4056 1262 4104 et
1291 4045 1714 4115 aspicientibus:
1748 4045 1924 4104 Nolite

346 4129 595 4202 aspicere
626 4131 779 4185 nobis
813 4146 877 4186 ea
908 4146 1027 4201 quae
1069 4142 1215 4190 recta
1259 4144 1404 4188 sunt.
1435 4133 1740 4204 Loquimini
1769 4134 1925 4193 nobis

345 4219 640 4290 placentia,
673 4221 850 4276 videte
892 4223 1046 4279 nobis
1071 4239 1303 4290 errores,
1347 4225 1556 4292 auferte
1583 4241 1614 4280 a
1644 4240 1730 4284 me
1760 4226 1922 4291 viam.

345 4307 614 4367 declinate
643 4327 672 4366 a
702 4328 787 4369 me
820 4315 1087 4381 semitam,
1126 4324 1303 4376 cesset
1331 4331 1362 4373 a
1393 4315 1532 4375 facie
1560 4331 1676 4374 mea
1705 4326 1926 4376 sanctus

343 4398 512 4454 Israel
544 4399 676 4475 (Ira.
705 4405 858 4474 xxx).
895 4423 915 4456 ι
953 4405 1140 4476 lgitur,
1183 4407 1323 4462 sicut
1347 4407 1460 4477 jam
1501 4407 1748 4478 superius
1785 4406 1924 4463 dixi-

346 4504 490 4554 mus,
517 4491 772 4547 adeamns
793 4508 914 4548 cum
940 4493 1134 4549 ﬁducia
1156 4495 1222 4550 ad
1233 4495 1495 4562 thronum
1519 4495 1705 4569 gratia:
1732 4493 1916 4568 (Hebr.

345 4578 422 4649 tv)
456 4596 470 4630 :
502 4579 815 4636 deseramus
854 4585 1107 4639 tenebras
1153 4585 1358 4650 szeculi,
1405 4587 1473 4639 ab
1506 4583 1676 4642 oculis
1719 4583 1919 4638 nostris

345 4677 582 4727 terrenae
623 4674 1070 4743 concupiscentiae
1115 4689 1174 4730 se
1200 4675 1374 4746 caligo
1399 4675 1688 4741 dimoveat,
1723 4686 1782 4728 ut
1811 4674 1918 4728 ela-

345 4757 462 4827 psis
488 4759 796 4827 passionum
824 4761 1120 4816 carnalium
1161 4763 1416 4828 tenebris,
1444 4763 1558 4820 veri
1587 4761 1729 4816 Solis
1767 4761 1918 4816 nobis

341 4848 600 4918 splendor
633 4861 896 4926 erumpat.
940 4854 1269 4909 Anhelemus
1311 4855 1378 4910 ad
1422 4869 1567 4921 eum,
1611 4854 1701 4926 qui
1743 4853 1917 4912 lucem

344 4939 560 4996 habitat
599 4941 1022 4999 inaccessibilem
1055 4943 1104 5013 (I
1132 4944 1264 4998 Tim.
1293 4945 1393 5018 vi),
1433 4955 1489 5001 et
1523 4944 1711 4998 intimo
1742 4945 1920 5000 cordis

342 5043 572 5109 accessu
603 5047 948 5102 properemus
981 5036 1049 5088 ad
1086 5051 1208 5089 eum
1237 5036 1326 5109 qui
1367 5051 1464 5090 nos
1501 5044 1746 5109 expectat
1781 5051 1922 5091 verte

339 5107 488 5174 iucis
521 5131 816 5178 auctorem.
866 5123 920 5177 Si
955 5125 1166 5184 curiose
1205 5107 1496 5195 quaerimus
1537 5107 1611 5182 in)
1635 5124 1922 5184 solitudine

341 5226 521 5281 aquas
548 5212 772 5279 calidas,
804 5230 1090 5287 possumus
1119 5217 1377 5281 invenire,
1420 5225 1499 5280 ut,
1527 5216 1650 5273 dum
1685 5229 1926 5274 remove-

344 5307 477 5352 mur
503 5314 533 5352 a
562 5301 781 5370 szeculo,
807 5309 861 5356 et
893 5301 951 5357 S.
984 5301 1217 5374 Spiritus
1245 5319 1343 5358 nos
1372 5303 1550 5359 fervor
1585 5303 1841 5359 accendat
1867 5312 1923 5357 ct

341 5389 644 5446 salutifera:
682 5394 1111 5466 compunctionis
1141 5397 1326 5450 mador
1365 5411 1395 5449 a
1439 5395 1698 5468 contagiis
1722 5394 1918 5462 abluat,

338 5478 493 5532 sicut
520 5494 618 5548 per
639 5480 834 5542 lsaiaru
862 5483 1059 5538 dicitur
1087 5502 1099 5538 :
1135 5503 1153 5536 ι
1188 5484 1431 5554 Implebit
1462 5485 1716 5540 Dominus
1746 5485 1923 5557 splen-

337 5567 573 5630 dotibus
604 5570 838 5625 animam
881 5582 1024 5629 tuam
1052 5583 1106 5630 et
1128 5589 1247 5629 ossa
1290 5584 1376 5628 tua
1415 5573 1690 5640 liberabit;
1732 5583 1784 5628 et
1814 5575 1923 5631 eris

335 5660 507 5731 Quasi
539 5661 731 5722 hortus
755 5664 1010 5740 irrigans,
1038 5675 1090 5721 ct
1132 5669 1269 5722 sicut
1304 5666 1422 5721 fons
1459 5682 1741 5737 aquarum,
1769 5667 1922 5737 cujus

2026 3231 2140 3300 ipsa
2170 3229 2402 3298 Veritas,
2431 3245 2530 3302 per
2557 3233 2951 3304 susceptionem
2981 3231 3138 3287 nobis
3161 3241 3358 3287 nostra)
3387 3233 3600 3288 humili-

2025 3322 2154 3376 tatis
2181 3332 2419 3388 osteusa,
2453 3323 2702 3378 noctibus
2741 3324 2795 3376 in
2837 3332 3016 3376 monte
3053 3323 3386 3378 orationibus
3420 3334 3599 3387 vacat,

2021 3411 2133 3483 80
2158 3411 2244 3465 die
2272 3426 2402 3469 vero
2431 3411 2484 3464 in
2523 3411 2746 3467 urbibus
2783 3426 2880 3480 per
2918 3411 3299 3465 miraculorqu
3317 3412 3479 3481 signa
3508 3427 3596 3466 eo-

1963 3499 1968 3506 ’
2023 3507 2236 3567 ruscat,
2274 3500 2590 3556 imitationis
2629 3500 2877 3556 videlicet
2914 3500 3054 3553 viam
3098 3499 3254 3555 bonis
3297 3502 3597 3558 rectoribus

2021 3599 2291 3654 sternens,
2319 3600 2377 3644 ut
2405 3589 2452 3643 si
2483 3589 2595 3659 jam
2625 3605 2834 3645 summa
2861 3590 3274 3660 contemplanda
3317 3603 3598 3663 appetunt,

2022 3680 2433 3736 necessitatibus
2473 3689 2648 3736 tamen
2681 3680 3066 3735 inﬁrmantium
3091 3682 3469 3748 compatiendo
3497 3684 3592 3738 mi.

2020 3777 2296 3834 secantur,
2326 3769 2451 3839 quia
2485 3779 2609 3822 tunc
2634 3768 2702 3824 ad
2731 3767 2837 3824 alta
2865 3769 3105 3824 cbaritas
3132 3759 3450 3825 mirabiliter
3476 3786 3594 3826 sur-

2021 3860 2122 3931 git,
2154 3875 2276 3913 cum
2306 3859 2372 3913 ad
2420 3859 2526 3912 ima
2574 3860 2941 3928 proximorum
2984 3875 3044 3916 se
3073 3861 3495 3918 misericorditer
3513 3874 3590 3920 at.

2021 3950 2189 4006 trahit
2216 3958 2288 4014 ct,
2325 3967 2431 4024 quo
2459 3949 2684 4022 benigne
2714 3951 2992 4010 descendit
3022 3954 3089 4010 ad
3121 3953 3330 4020 intima,
3357 3953 3587 4010 valenter

2021 4041 2252 4096 recurrit
2286 4041 2351 4095 ad
2381 4056 2611 4098 summa.
2805 4055 2826 4064 -

2550 4172 2878 4229 EPISTOLA
2918 4173 3052 4228 Xlll.

2071 4280 2140 4318 an
2175 4279 2392 4322 neuneu
2431 4253 2751 4321 nuswémuu
2791 4281 3035 4322 assumi
3072 4281 3146 4323 nr
3180 4283 3537 4324 CARDlNALl-Ill.

2024 4355 2526 4442 Ancuunnruu‘..——
2570 4356 2627 4438 fn
2669 4358 2835 4438 .hujus
2879 4358 3119 4442 epistola:
3146 4359 3497 4442 fragmentis,
3535 4362 3592 4442 _iu

2094 4427 2311 4505 quibus”,
2351 4434 2412 4505 ut
2440 4426 2720 4505 inscriptio
2751 4426 3005 4505 testatur,
3035 4429 3100 4482 de
3127 4426 3586 4505 dignitatibusab-

2086 4495 2338 4568 jicieudis
2365 4495 2680 4568 disserebat.
2701 4498 2948 4568 nonnulla
2975 4512 3142 4551 sacrae
3171 4495 3591 4568 Seriptumloca

2092 4563 2156 4618 ex
2190 4564 2342 4618 libris
2372 4563 2574 4633 Regum
2606 4565 2830 4633 mystice
2859 4565 3257 4634 interpretatur.

2095 4671 2308 4726 Domno'
2328 4669 2614 4731 Desmnnto
2641 4673 2914 4730 abbati....
2945 4672 3160 4730 Psrnus
3191 4685 3446 4746 peccator
3472 4691 3589 4732 nio--

2021 4764 2253 4820 nachus:
2726 4811 2728 4813 ,

2093 4855 2259 4922 Quem
2286 4870 2391 4908 non
2419 4856 2646 4910 aediﬁcet
2667 4864 2832 4930 atque
2853 4857 2920 4913 ad
2950 4846 3331 4927 perfectionem
3354 4855 3588 4911 cbarita-

2019 4938 2090 4996 tis
2117 4942 2332 5006 excitet,
2356 4957 2539 5012 Quem,
2572 4943 2816 5013 inquam,
2847 4961 2953 5001 non
2985 4944 3158 5001 solum
3189 4943 3253 4998 ad
3287 4942 3593 5008 oﬂiciosum

2018 5035 2120 5102 piae
2144 5032 2501 5096 humanitatis
2523 5038 2766 5096 Studium
2786 5041 3175 5103 exercendum,
3213 5049 3398 5090 verum
3425 5034 3590 5091 etiam

2020 5123 2088 5178 ad
2115 5125 2254 5181 bona
2295 5141 2397 5199 pro
2435 5128 2592 5187 malis
2627 5128 3018 5186 redhibendum
3055 5141 3165 5183 nou
3199 5134 3457 5193 provocet
3483 5124 3590 5180 hoc

2018 5216 2159 5282 quod
2200 5215 2270 5273 de
2323 5216 2648 5287 Pythonissa
2701 5218 2792 5274 illa
2843 5231 3052 5289 magum
3109 5215 3356 5286 profecto
3415 5214 3596 5272 laudis

2018 5306 2179 5374 digna
2204 5311 2474 5376 praeconio
2495 5310 2696 5379 legitur
2714 5309 2765 5380 (Ι
2786 5308 2918 5378 Reg.
2935 5309 3150 5379 xxviii)?
3162 5307 3316 5376 Qum,
3339 5308 3593 5375 videlicet

2021 5395 2087 5448 ad
2119 5391 2469 5447 imitationem
2503 5391 2630 5458 Dei,
2674 5390 2802 5448 Saul
2841 5401 2950 5448 tam
2979 5392 3118 5449 bene
3156 5393 3434 5470 tractavit,
3479 5408 3585 5447 non

2022 5483 2181 5538 modo
2208 5481 2354 5551 regio
2378 5479 2488 5548 jam
2515 5479 2746 5536 culmine
2776 5481 3133 5555 desperatum,
3164 5481 3258 5538 sed
3289 5490 3347 5540 et.
3382 5482 3434 5536 in
3461 5498 3584 5536 cra-

2022 5575 2163 5629 stiuo
2188 5571 2588 5628 Philistinorum
2613 5570 2803 5644 gladiis
2827 5571 3213 5642 perimendum.
3244 5581 3300 5630 et
3332 5581 3587 5643 tanquam

2023 5661 2276 5730 prudens,
2316 5657 2468 5727 juxta
2514 5659 2877 5730 Evangeliutn.
2927 5676 3146 5735 serpens
3174 5660 3388 5733 (Matth.
3417 5660 3474 5732 ι)
3509 5658 3586 5715 illi
