4078 6202
423 351 530 407 283

972 348 1031 403 S.
1059 346 1258 403 PETRI
1288 343 1565 402 DAMIANI
1599 342 1749 401 OPP.
1779 339 1957 397 PARS
1995 336 2127 397 SEU
2168 339 2403 397 TOMUS
2425 340 2466 394 l.
2509 372 2577 383 —-
2615 340 2830 397 EPIST.
2871 341 2998 396 LIB.
3031 341 3161 397 Vill.

3556 342 3661 399 985

422 464 674 534 praestitit
693 461 1031 524 beneﬁcium.
1063 478 1092 513 a
1112 475 1220 529 quo
1249 457 1450 513 nullum
1471 474 1530 513 se
1554 457 1806 526 consequi
1829 467 1989 524 posse
2020 456 2066 510 Α
2096 458 2176 505 ter
2205 454 2397 522 populo
2428 469 2521 520 per
2546 452 2713 522 legem
2746 455 2955 518 datam,
2985 470 3081 522 per
3113 462 3451 508 vncttmarum
3491 458 3662 509 sacri-

423 557 676 624 sperabat
694 554 1131 609 emolumentum.
1156 551 1246 606 ille
1267 562 1545 621 praeterea,
1569 552 1707 604 sicut
1729 551 1843 619 ipsa
1863 565 1994 603 eou-

420 644 687 711 queritur,
710 657 897 697 omnes
917 640 1115 695 ariolos
1137 642 1203 694 de
1233 649 1373 694 terra
1398 639 1559 693 Israel
1588 650 1643 693 et
1669 653 1853 708 magos
1876 654 1994 692 cra-

422 737 513 798 sit,
547 751 610 790 ac
654 751 751 804 per
779 736 879 788 hoc
908 733 1081 787 eidem
1124 732 1453 785 mulierculae
1489 747 1702 786 onmem
1730 739 1991 799 quzestum

420 824 592 879 solitae
635 823 980 878 divinationis
1025 823 1244 877 ademit.
1290 822 1380 876 llla
1412 822 1632 875 vitulum
1663 821 1991 891 paseualetn,

422 915 514 983 qui
539 915 638 969 sibi
664 914 732 968 de
761 924 1074 982 consumpta
1104 914 1189 966 vix
1221 922 1537 983 paupertate
1565 922 1864 979 supererat,
1897 928 1990 965 co-

422 1006 523 1069 xit,
552 1015 605 1059 et
650 1019 869 1075 azymos
912 1020 1078 1075 panes
1118 1006 1183 1060 de
1224 1007 1512 1075 perexigua
1560 1005 1731 1058 farina
1762 1004 1989 1059 commi-

418 1111 599 1158 seens.
639 1096 734 1161 illi,
775 1106 834 1151 ut
867 1106 1197 1161 vesceretur,
1238 1097 1505 1167 apposuit.
1554 1096 1704 1164 Quod
1744 1111 1865 1151 cum
1906 1095 1995 1149 ille

418 1184 657 1254 lugubris
687 1194 743 1239 et
764 1187 1014 1254 contigua
1042 1195 1214 1242 morte
1242 1188 1559 1256 perterritus
1590 1195 1890 1256 sperneret,
1928 1200 1992 1240 ac

417 1276 597 1330 cibum
653 1291 848 1345 capere
895 1275 1133 1332 funditus
1183 1286 1491 1342 recusaret;
1543 1276 1850 1331 econtrario
1904 1275 1991 1329 illa

415 1364 666 1433 precibus
690 1366 924 1430 obnixis,
952 1374 1006 1421 et
1042 1366 1360 1435 quibusdam
1397 1367 1540 1420 velut
1574 1367 1994 1437 argumentatio-

416 1452 575 1508 nibus
618 1454 1006 1510 incessabiliter
1050 1455 1354 1521 insistebat,
1400 1465 1463 1509 ut
1493 1456 1698 1524 roganti
1735 1455 1987 1510 talionem

416 1542 685 1609 redderet,
715 1552 788 1608 et,
816 1544 955 1599 sicut
983 1545 1076 1599 illa
1099 1545 1305 1613 jubenti
1332 1556 1603 1615 paruerat,
1635 1546 1714 1600 sic
1739 1547 1839 1601 iste
1867 1562 1991 1615 sup—

413 1629 660 1698 plicantis
709 1633 959 1703 precibus
1014 1644 1317 1689 aunueret:
1353 1654 1371 1685 ‹
1407 1635 1570 1701 Ecce,
1624 1636 1818 1706 inquit,
1863 1637 1994 1691 ohe-

413 1718 545 1773 divit
566 1716 759 1775 ancilla
790 1730 877 1776 tua
901 1723 1018 1777 voci
1052 1733 1173 1789 tute,
1202 1733 1256 1778 et
1282 1726 1433 1793 posui
1467 1726 1699 1779 animant
1733 1741 1906 1780 meam
1937 1728 1987 1778 in

2095 540 2238 604 licia,
2268 556 2364 609 per
2390 542 2788 595 tabernaculum
2816 543 3065 611 denique,
3097 544 3211 596 sive
3240 544 3492 613 templum
3522 546 3665 602 Deus

2093 634 2361 700 quievisse
2382 634 2617 688 videtur.
2662 633 2813 688 Sicut
2842 636 3005 689 David
3040 654 3052 689 :
3093 656 3111 687 ι
3144 638 3330 702 Notus,
3369 639 3576 707 inquit,
3611 641 3663 695 in

2091 722 2271 777 Judtea
2314 724 2486 789 Dens,
2533 727 2583 779 in
2618 727 2777 781 Israel
2813 744 3061 797 magnum
3103 744 3293 783 nomen
3335 730 3449 799 ejus
3488 730 3661 802 (Paul.

2094 816 2278 883 Lxxv).
2309 835 2327 867 ι
2358 816 2532 885 Atque
2557 828 2615 871 ut
2647 818 2747 872 iste
2772 820 2994 888 populus
3025 822 3192 889 patris
3223 837 3323 889 pax
3352 837 3470 877 esse
3494 825 3666 877 videa-

2095 914 2197 959 tur.
2224 908 2346 960 audi
2370 910 2511 977 quod
2536 911 2775 977 sequitur
2800 926 2814 963 :
2845 930 2861 962 ‹
2894 911 2960 964 Ει
2986 912 3159 967 factus
3180 925 3259 967 cst
3285 914 3336 967 in
3353 931 3493 983 pace
3515 916 3665 972 locus

2092 995 2209 1063 ejus
2242 997 2451 1067 (lbid.).
2483 1018 2503 1051 ι
2541 1000 2687 1063 Sive,
2718 1017 2812 1070 per
2840 1003 3096 1067 Absalon,
3128 1004 3294 1059 ludas
3327 1005 3547 1062 traditor
3572 1009 3668 1063 de-

2092 1088 2358 1155 signatur,
2389 1091 2565 1158 quiet
2603 1091 2717 1159 ipse
2751 1092 2919 1160 patris
2950 1108 3057 1161 pax
3094 1110 3199 1149 non
3237 1096 3504 1151 immerito
3531 1098 3666 1152 dici-

2094 1185 2199 1240 tur,
2228 1178 2367 1232 sicut
2388 1179 2501 1246 ipse
2519 1177 2587 1234 de
2607 1178 2700 1234 illo
2719 1179 2966 1235 Christus
2989 1182 3042 1235 iu
3067 1182 3270 1251 psalmo
3290 1186 3659 1254 conqueritur,

2092 1266 2276 1322 diwns
2301 1285 2315 1322 :
2346 1285 2366 1319 ς
2396 1268 2605 1323 Etenim
2632 1270 2793 1325 homo
2812 1272 2960 1341 pacis
2978 1287 3131 1338 meae,
3157 1274 3209 1328 in
3233 1288 3339 1343 quo
3359 1275 3659 1343 sperabam,

2092 1357 2457 1427 magniﬁcavit
2504 1361 2787 1415 adversum
2837 1377 2926 1417 me
2966 1363 3449 1433 supplantationem
3488 1363 3661 1436 (Prol.

2093 1450 2204 1520 ιι).
2238 1470 2257 1501 ι
2293 1450 2430 1505 Nam
2458 1460 2511 1507 et
2542 1451 2791 1507 Christus
2816 1470 2929 1512 non
2960 1455 3251 1524 incongrue
3280 1466 3431 1525 pater
3467 1456 3666 1511 asseri-

2093 1550 2204 1605 tur,
2219 1542 2359 1597 sicut
2379 1543 2639 1613 propheta
2654 1553 2889 1598 testatur
2909 1558 2923 1596 :
2948 1563 2965 1595 t
2979 1544 3287 1610 Vocabitur,
3310 1546 3503 1615 inquit,
3523 1546 3663 1602 Deus

2096 1632 2263 1694 fortis,
2294 1644 2448 1702 pater
2471 1634 2634 1689 futuri
2662 1634 2864 1701 saeculi,
2892 1635 3140 1705 princeps
3161 1637 3308 1706 pacis
3333 1635 3484 1706 (Isai.
3508 1639 3603 1701 rx).
3638 1655 3657 1689 υ

2094 1722 2199 1778 lste
2230 1738 2361 1793 ergo
2401 1724 2597 1779 dicitur
2630 1725 2879 1794 princeps
2907 1726 3089 1794 pacis,
3118 1736 3174 1781 et
3202 1727 3291 1782 ille
3326 1741 3425 1795 pax
3471 1726 3660 1796 patris.

416 1824 573 1861 manu
606 1819 715 1874 tua,
757 1820 811 1865 et
834 1811 1011 1865 audivi
1040 1826 1318 1868 sermones
1346 1824 1481 1877 tuos,
1516 1830 1653 1884 quos
1694 1814 1904 1869 loeutus
1933 1832 1992 1870 es
2021 1786 2066 1844 Β
2093 1815 2189 1870 Cui
2220 1815 2409 1881 etiam,
2438 1815 2590 1871 Judze
2620 1816 2901 1883 videlicet,
2928 1818 2982 1872 in
3014 1819 3127 1888 ipso
3154 1819 3539 1888 persecutionis
3584 1834 3663 1872 ar-

412 1897 481 1950 ad
509 1914 628 1965 me;
670 1916 812 1955 nunc
836 1916 967 1972 ergo
999 1904 1123 1958 audi
1152 1913 1208 1958 et
1239 1913 1292 1958 tu
1325 1920 1509 1959 vocem
1541 1907 1748 1961 aueilhe
1780 1917 1901 1972 tum,
1937 1916 1989 1961 ct

412 2004 607 2059 ponam
638 2007 820 2047 coram
852 2005 904 2049 te
934 1996 1226 2051 buccellam
1270 1999 1443 2067 panis,
1466 2009 1523 2054 ut
1546 2000 1831 2055 comedens
1857 2016 1987 2055 con-

412 2080 658 2136 valescas
682 2092 737 2136 et
761 2084 935 2152 possis
967 2086 1073 2140 iter
1094 2086 1274 2142 facere
1309 2088 1360 2159 (I
1389 2088 1517 2159 Reg.
1546 2091 1753 2158 xxvtn).
1794 2111 1813 2144 ι
1858 2090 1990 2157 Quis

410 2172 555 2226 enim
602 2173 706 2228 hoc
746 2187 1069 2232 coruscante
1111 2178 1315 2235 faceret
1354 2182 1666 2253 Evangelio,
1703 2186 1845 2254 quod
1876 2187 1990 2241 haec

410 2260 604 2315 mulier
625 2264 725 2317 sub
751 2265 937 2318 umbra
966 2266 1098 2337 legis
1120 2268 1297 2338 egisse
1321 2271 1664 2338 describitur,
1688 2275 1987 2343 praesertim

408 2362 531 2403 cum
560 2361 715 2406 vetus
747 2354 940 2408 oilerat
974 2357 1390 2412 instrumentum
1429 2377 1441 2412 :
1478 2379 1497 2413 ‹
1530 2360 1725 2430 Diliges
1753 2363 1986 2417 amicum

411 2447 583 2505 tuum,
616 2448 671 2493 et
692 2438 818 2493 odio
841 2441 1063 2498 habebis
1090 2443 1365 2499 inimicum
1387 2458 1536 2502 tuum
1569 2445 1757 2514 (Leuit.
1786 2454 1921 2516 xu).
1958 2463 1977 2496 ι

409 2530 725 2602 evattgelica
757 2548 885 2589 vero
914 2536 1038 2588 tttha
1068 2539 1386 2593 terribiliter
1418 2540 1630 2593 intonet
1667 2540 1883 2607 (.llatth.
1913 2554 1984 2606 v;

411 2623 590 2683 Marc.
625 2624 723 2695 xu)
766 2642 780 2655 ·
822 2643 853 2677 «κ
883 2626 1022 2693 Quia
1064 2645 1163 2684 nec
1200 2630 1358 2686 Pater
1402 2643 1579 2686 vester
1624 2633 1861 2687 dimittet
1885 2648 1981 2687 vo-

415 2709 498 2764 bis
526 2720 742 2778 peccata
771 2722 973 2777 vestra,
1018 2714 1063 2767 si
1113 2731 1218 2768 non
1264 2717 1581 2771 retniseritis
1625 2720 1993 2787 unusquisque

413 2799 569 2854 fratri
606 2815 707 2855 suo
729 2802 795 2856 de
829 2803 1085 2857 cordibus
1114 2805 1345 2859 vestris?
1374 2824 1391 2856 ι
1425 2805 1551 2860 Saul
1580 2807 1722 2859 enim
1755 2808 1828 2861 ita
1857 2808 1991 2862 divi-

415 2891 669 2945 nantibus
693 2901 749 2946 et
768 2893 953 2948 ariolis
977 2894 1224 2950 inimicus
1246 2897 1475 2959 exstitit,
1500 2908 1559 2950 ut
1582 2898 1779 2965 passim
1803 2915 1992 2954 omnes

413 2982 761 3048 interficeret,
791 2994 845 3039 et
874 2986 958 3038 vix
988 3001 1176 3041 eorum
1204 2989 1493 3057 quispiam,
1543 2990 1645 3044 nisi
1694 2991 1808 3045 huic
1849 2991 1988 3045 dun-

414 3082 561 3126 taxat
606 3077 929 3145 paupercula
977 3077 1189 3144 mulier,
1244 3081 1622 3145 remansisset;
1674 3081 1788 3135 haec
1828 3081 1989 3136 etiam

2094 1905 2256 1961 ticulo
2284 1907 2434 1975 pacis
2461 1906 2702 1961 osculum
2732 1923 2837 1962 non
2868 1909 3084 1977 negavit
3112 1907 3326 1979 (Matth.
3356 1908 3523 1976 xxvi).
3555 1904 3666 1961 Nec

2090 1996 2289 2050 mirum
2328 1996 2372 2051 si
2409 1996 2560 2052 Iuda:
2590 1998 2868 2052 traditoris
2911 1998 3144 2067 speciem
3178 1997 3411 2052 Absalon
3452 1998 3621 2051 tenuit
3646 2038 3662 2062 ,

2091 2103 2251 2156 quem
2294 2103 2399 2141 non
2446 2088 2617 2142 solum
2658 2088 2709 2142 in
2757 2088 3128 2156 persecutione
3173 2087 3376 2151 David,
3410 2088 3500 2141 sed
3549 2088 3666 2157 ipso

2090 2193 2305 2247 quoque
2342 2194 2539 2250 genere
2578 2195 2688 2233 sua:
2731 2179 2919 2233 mortis
2948 2180 3233 2249 expressit.
3268 2179 3359 2233 llle
3400 2180 3663 2248 siquidem

2099 2262 2346 2326 quer-eui,
2373 2261 2500 2313 dum
2527 2262 2763 2316 transire
2785 2260 2963 2324 vellet,
2998 2261 3213 2315 iuba-sit
3232 2260 3315 2328 (11
3340 2263 3463 2332 Reg.
3490 2264 3664 2331 xvut),

2095 2352 2201 2404 iste
2228 2351 2421 2421 laqueo
2445 2369 2525 2419 se,
2553 2352 2829 2423 Scriptura
2857 2363 3103 2417 testante,
3131 2355 3406 2422 suspendit
3443 2355 3657 2415 (Matth.

2098 2458 2267 2499 xxvu.
2301 2444 2369 2500 Ut
2395 2445 2645 2515 quoniam
2679 2455 2904 2514 uterque
2939 2447 3246 2501 redundans
3279 2450 3507 2515 vipereae
3539 2448 3666 2503 felle

2096 2537 2355 2606 nequitia:
2408 2549 2462 2591 et
2519 2550 2661 2592 terra
2716 2540 2967 2606 indiguus
3028 2551 3145 2593 erat
3187 2550 3242 2595 et
3304 2542 3461 2601 «mlo,
3522 2541 3665 2593 inter

2094 2638 2385 2699 utrumque
2414 2630 2666 2698 libratus,
2694 2641 2748 2686 et
2769 2641 2964 2686 terram
2991 2636 3262 2701 perderet,
3295 2644 3348 2687 rt
3370 2632 3433 2684 ad
3460 2632 3661 2686 cmlum

2093 2721 2403 2781 nullatenus
2428 2723 2711 2793 aSpiraret.
2747 2724 2881 2779 Nam
2905 2735 2957 2781 et
2982 2725 3321 2792 Achitophel,
3355 2726 3443 2793 qui
3487 2723 3661 2777 David

2092 2815 2343 2884 persequi
2367 2830 2475 2869 non
2503 2816 2841 2871 dissimiliter
2868 2817 3057 2881 voluit,
3088 2818 3430 2886 exigentibus
3454 2816 3663 2869 meritis

2094 2904 2331 2974 idipsum
2355 2921 2525 2974 genus
2545 2908 2733 2962 mortis
2748 2907 2907 2976 elegit
2928 2907 3013 2976 (11
3043 2907 3172 2975 Reg.
3194 2914 3349 2974 xvtt).
3381 2905 3478 2959 llic
3514 2906 3662 2959 enim

2092 2987 2327 3041 Absalou
2358 2988 2701 3056 persequcnti
2740 2989 2905 3042 David
2947 2987 3226 3041 consilium
3258 2988 3401 3041 dedit
3453 2996 3512 3040 ut
3537 3002 3669 3040 eon-

2093 3079 2319 3133 cubinas
2346 3080 2537 3148 patris,
2569 3095 2702 3149 quas
2729 3079 3005 3134 dimiserat
3040 3079 3108 3133 ad
3137 3078 3537 3133 custodiendam
3572 3079 3665 3133 do-

410 3165 517 3234 81
546 3181 666 3235 qua:
701 3144 981 3236 supererat
1004 3211 1017 3232 ,
1058 3178 1204 3224 tanta
1242 3172 1403 3241 regite
1441 3172 1832 3241 persecutionis
1869 3181 1989 3228 erat
2016 3144 2064 3207 (ἶ
2096 3186 2242 3224 mum
2270 3210 2287 3235 ,
2331 3144 2594 3241 sacrilega
2639 3171 2986 3241 permiStione
3040 3170 3345 3241 pollueret,
3392 3180 3554 3238 atque
3598 3170 3665 3223 ad

414 3257 750 3314 immanitate
793 3261 1084 3316 constricta
1105 3302 1121 3326 ,
1158 3272 1212 3316 ut
1243 3264 1369 3318 dum
1415 3264 1719 3319 nullatenus
1744 3266 1820 3319 ttti
1847 3265 1985 3319 divi-

414 3349 633 3404 natione
663 3362 1038 3420 praasumeret,
1080 3365 1397 3409 consuetum
1424 3356 1655 3425 promite
1684 3357 1816 3411 artis
1842 3373 1987 3427 qua:-

411 3449 554 3493 stum
591 3439 831 3495 funditus
859 3442 1150 3498 amisisset.
1190 3444 1311 3499 Ilaec
1342 3454 1518 3500 tamen
1538 3487 1552 3510 ,
1586 3446 1814 3517 idipsum
1842 3449 1986 3518 quod

411 3539 745 3584 remanserat
766 3532 1013 3598 reddens,
1042 3532 1180 3588 bona
1202 3550 1299 3604 pro
1325 3536 1478 3591 malis
1500 3537 1752 3592 alacriter
1771 3538 1984 3605 obtulit,

410 3630 467 3675 et
496 3620 770 3676 inimicum
802 3639 991 3691 suum,
1027 3626 1175 3681 velut
1216 3627 1473 3697 Apostolo
1503 3628 1614 3697 jam
1647 3630 1762 3686 haec
1804 3634 1989 3702 praeei-

412 3712 625 3780 picnte,
661 3715 863 3770 cibavit
907 3717 1081 3786 (Rom.
1126 3735 1243 3786 xu;
1306 3719 1463 3776 Prov.
1500 3721 1647 3788 xxv).
1679 3723 1747 3777 Et
1774 3724 1892 3779 haec
1922 3740 1987 3780 eo

414 3813 655 3872 tempore
695 3804 976 3862 laudabilis
1020 3810 1211 3864 mulier
1247 3812 1401 3873 iecit,
1442 3828 1562 3867 cum
1608 3813 1758 3868 illum
1805 3826 1988 3871 nosset

412 3892 555 3947 illico
589 3894 940 3960 moriturum,
974 3908 1135 3967 atque
1170 3900 1291 3953 ideo
1325 3916 1427 3956 nec
1456 3912 1698 3970 speraret
1731 3902 1841 3970 jam
1874 3904 1990 3973 pla-

412 3984 623 4050 cidum,
654 4000 753 4040 nec
776 3996 994 4057 paveret
1020 3989 1236 4044 iratum.
1264 3991 1611 4061 Argumentis
1641 4002 1866 4048 utuntur
1892 3996 1989 4049 ho-

413 4075 605 4140 mines,
642 4086 703 4130 ut
728 4091 759 4131 e
791 4078 1019 4147 propriis
1050 4080 1295 4135 domibus
1330 4082 1588 4151 hospitari
1619 4082 1862 4139 volentes
1891 4084 1986 4152 eji-

410 4165 577 4227 ciant,
604 4174 662 4218 ut
683 4166 749 4219 ad
786 4168 1035 4222 tabernas
1056 4208 1071 4232 ,
1102 4169 1185 4223 vel
1212 4172 1474 4240 emptoria
1502 4171 1676 4227 vicina
1706 4173 1986 4227 transmit-

414 4260 548 4307 tant.
578 4252 851 4322 Siquidem
879 4255 1029 4311 locus
1059 4259 1161 4314 iste
1188 4258 1537 4326 depretiatur,
1566 4261 1654 4315 ille
1678 4261 1981 4331 praefertur.

412 4340 511 4396 llic
558 4357 656 4410 per
702 4344 1098 4399 inclementiam
1147 4348 1416 4404 annotinte
1462 4353 1796 4421 tempestatis
1841 4367 1983 4423 :rgra

408 4447 563 4501 seges
592 4449 790 4503 negare
823 4434 994 4488 fertur
1026 4437 1277 4507 agricolis
1305 4438 1505 4494 vietum
1528 4480 1542 4503 ,
1582 4440 1692 4496 illic
1726 4440 1982 4497 feracium

2086 3260 2395 3317 fmdandum
2424 3270 2635 3331 patrem
2666 3276 2926 3316 novercas
2961 3276 3086 3316 suas
3116 3261 3342 3329 turpiter
3371 3259 3664 3313 incestaret

2087 3355 2171 3425 (ιι
2211 3353 2337 3425 Reg.
2385 3352 2522 3421 xvt).
2563 3352 2700 3420 Quid
2746 3360 2924 3407 autem
2970 3367 3067 3421 per
3105 3352 3289 3407 decem
3334 3348 3663 3404 concubinas

2086 3447 2286 3511 David,
2340 3447 2445 3501 nisi
2502 3461 2628 3516 pars
2686 3445 2773 3499 illa
2824 3444 3060 3499 Iudaica:
3104 3442 3272 3514 plebis
3321 3440 3659 3511 exprimitur,

2086 3553 2206 3608 qua:
2238 3537 2514 3593 Christum
2568 3552 2777 3601 verum,
2826 3536 3011 3605 utique
3066 3534 3231 3589 David
3287 3533 3396 3603 82
3448 3531 3660 3599 fugien—

2086 3639 2229 3692 tem,
2290 3628 2346 3683 itt
2399 3626 2713 3697 gentilitatis
2779 3625 2989 3679 deserta
3049 3640 3153 3677 non
3214 3623 3485 3691 sequitur,
3532 3620 3660 3689 quia

2087 3717 2223 3789 legis
2273 3732 2332 3772 se
2398 3717 2599 3771 habere
2674 3714 2993 3785 Decalogum
3067 3712 3355 3783 gloriatur.
3394 3710 3497 3765 Per
3565 3726 3661 3764 nu-

2086 3823 2293 3863 merum
2358 3821 2592 3876 namque
2659 3806 3112 3869 concubiuarum,
3162 3816 3418 3857 numerus
3480 3799 3661 3869 expri-

2086 3900 2253 3954 mitur
2286 3899 2681 3953 mandatorum.
2723 3896 3047 3952 Concubinze
3075 3909 3231 3965 ergo,
3256 3909 3381 3961 ,qure
3428 3907 3530 3946 non
3576 3908 3661 3944 se-

2086 4000 2313 4058 quentes
2334 3988 2519 4051 David,
2544 3989 2759 4042 domum
2785 3994 3020 4047 servant,
3048 3984 3099 4037 hi
3125 3992 3249 4059 sunt
3269 3985 3355 4052 qui
3387 3983 3439 4035 iu
3467 3982 3660 4035 veteris

2085 4075 2220 4147 legis
2262 4076 2503 4131 custodia
2545 4082 2913 4144 perseverant.
2960 4073 3194 4131 Absalon
3246 4074 3405 4142 igitur
3449 4073 3513 4125 ad
3559 4073 3659 4125 has

2086 4167 2412 4222 concubinas
2442 4166 2608 4220 David
2645 4164 2959 4236 ingreditttr,
2997 4165 3121 4233 quia
3169 4163 3431 4228 diabolus,
3472 4162 3561 4231 qui
3605 4163 3657 4215 in

2083 4255 2317 4311 Absalon
2342 4265 2475 4322 erat,
2497 4271 2593 4325 per
2610 4270 2867 4311 excessus
2888 4256 3222 4310 diversorum
3249 4253 3509 4308 scelerum
3534 4268 3655 4306 cum

2088 4346 2283 4402 talibus
2319 4346 2636 4402 fornicatur.
2677 4346 2744 4401 Et
2784 4346 2923 4402 bene
2954 4346 3170 4410 dicitur,
3199 4346 3320 4414 quia
3360 4344 3525 4397 David
3564 4357 3658 4397 eas

2086 4438 2366 4494 dimiserat
2394 4440 2462 4494 ad
2489 4437 2891 4494 custodiendam
2921 4435 3159 4491 domum.
3201 4435 3426 4489 Provida
3460 4434 3658 4502 quippe

409 4492 621 4592 frugum
649 4492 843 4576 dicitur
864 4492 1191 4581 exuberasse
1221 4538 1529 4597 proventus.
1561 4528 1717 4585 Modo
1744 4530 1982 4589 brevitas
2008 4492 2060 4551 Β
2088 4528 2457 4597 Redemptoris
2507 4528 2677 4582 nostri
2717 4526 3113 4595 dispensatione
3156 4524 3411 4579 divinitus
3455 4523 3655 4591 agitur,

408 4614 821 4667 commendatur
851 4615 1090 4681 itineris,
1119 4618 1278 4673 modo
1308 4619 1389 4674 sol
1418 4620 1608 4675 altiora
1635 4622 1757 4676 coeli
1799 4631 1982 4678 tenere

409 4703 581 4771 spatia
610 4704 939 4772 perhibetur.
980 4705 1092 4762 Hac
1134 4708 1298 4778 igitur
1327 4712 1669 4767 aceuratione
1694 4713 1978 4768 verborum

410 4791 540 4846 nihil
560 4792 702 4847 aliud
728 4796 924 4865 agitur,
952 4812 1112 4865 quam
1144 4808 1199 4851 ut
1221 4804 1658 4869 supervenientes
1708 4805 1848 4859 aliud
1876 4807 1978 4860 sibi

406 4880 687 4950 providere
715 4885 1103 4953 compellantur
1132 4888 1439 4957 hospitium.
1473 4893 1597 4947 llaec
1630 4903 1809 4948 autem
1847 4913 1973 4966 pru-

406 4969 540 5025 dens
574 4980 627 5025 et
658 4973 884 5042 ingenua
920 4975 1112 5031 mulier
1151 4980 1535 5045 rhetoricatur,
1568 4992 1628 5037 ut
1655 4983 1732 5037 ita
1767 4984 1975 5055 loquar,

406 5071 463 5119 et
500 5074 778 5120 oratorum
818 5066 1152 5122 orationibus
1199 5069 1389 5136 utitur,
1433 5081 1491 5126 ut
1531 5073 1780 5128 inimicus
1815 5076 1931 5144 ejus
1960 5119 1974 5141 ,

407 5154 533 5206 dum
562 5156 768 5221 respuit
793 5170 858 5209 ac
884 5156 1137 5220 resultat,
1169 5158 1234 5211 ad
1264 5160 1499 5214 edulium
1531 5173 1869 5230 provocetur.

476 5241 561 5312 (II
591 5242 718 5314 Reg.
753 5262 869 5309 χιιι.
898 5264 989 5315 per
1014 5248 1224 5317 totum.)
1257 5249 1489 5304 Absalon
1517 5250 1780 5319 siquidem
1806 5252 1976 5307 inter-

404 5340 669 5403 pretatur,
706 5338 872 5403 putris
909 5354 1042 5403 pax,
1078 5354 1175 5408 per
1212 5355 1371 5408 quem
1412 5341 1721 5412 designatur
1752 5342 1977 5413 populus

404 5421 709 5476 Jadaeornnt
736 5463 751 5488 ,
801 5426 891 5494 qui
935 5442 1104 5495 usque
1153 5430 1220 5481 ad
1268 5439 1492 5484 mortem
1537 5442 1851 5501 persecutus
1893 5444 1975 5487 est

406 5510 698 5563 Christum.
722 5512 796 5566 De
818 5529 923 5582 quo
940 5516 1133 5585 populo
1155 5534 1248 5587 per
1266 5518 1457 5574 Isaiam
1474 5521 1602 5574 dicit
1624 5538 1637 5573 :
1660 5539 1679 5572 ι
1709 5521 1870 5576 Filius
1886 5539 2003 5593 gc-.

411 5601 500 5653 nui
525 5609 579 5653 et
617 5601 880 5667 exaltavi;
908 5603 1007 5673 ipsi
1036 5614 1213 5660 autem
1241 5618 1559 5675 spreverunt
1580 5625 1666 5663 me
1686 5609 1840 5679 (Isai.
1866 5613 1928 5680 ι).
1951 5629 1967 5662 ι

408 5691 508 5758 Qui
536 5693 702 5762 patris
728 5708 832 5764 pax
854 5693 975 5766 jure
1002 5695 1218 5762 dicitur,
1250 5698 1503 5767 quoniam
1532 5700 1585 5754 iu
1616 5700 1704 5756 illo
1733 5703 1975 5771 speciali~

2084 4630 2142 4674 ut
2167 4619 2321 4690 quasi
2349 4619 2417 4673 ad
2451 4618 2770 4673 servandam
2803 4617 2935 4686 legis
2962 4618 3177 4670 domum
3215 4614 3518 4669 Iudaeorum
3571 4627 3655 4665 re-

2084 4711 2262 4780 liquis:
2299 4718 2607 4775 serventur,
2654 4716 2713 4761 ut
2752 4708 2852 4778 ipsi
2899 4705 3291 4777 quodammodo
3334 4704 3500 4758 nostri
3542 4703 3657 4757 sint

2079 4800 2374 4863 scriniarii,
2396 4809 2452 4854 et
2473 4798 2639 4853 libros
2660 4797 2896 4853 caelestis
2920 4798 3139 4865 eloquii,
3170 4797 3221 4849 in
3253 4796 3439 4848 eadem
3471 4793 3521 4845 in
3548 4807 3653 4861 qua

2079 4888 2282 4942 conditi
2312 4897 2436 4941 sunt
2480 4887 2680 4957 lingua,
2712 4885 2909 4955 ubique
2939 4896 3202 4940 terrarum
3236 4882 3431 4963 feraut,
3458 4892 3650 4949 quate-

2085 4992 2185 5031 nus
2214 4977 2334 5046 ipsi,
2356 4975 2447 5046 qui
2468 4976 2622 5031 nobis
2646 4976 2851 5029 inituici
2881 4986 3028 5040 sunt,
3059 4976 3102 5028 si
3131 4975 3344 5044 quando
3369 4971 3655 5040 scrupulus

2083 5064 2370 5119 dubietatis
2393 5064 2695 5128 emerserit,
2724 5079 2884 5118 omne
2917 5064 3072 5117 nobis
3099 5063 3406 5129 ambiguum
3443 5058 3651 5114 tollant.

2085 5153 2237 5209 Unde
2260 5169 2356 5223 per
2382 5153 2720 5209 Psalmistam
2752 5154 2977 5207 dicitur:
3012 5169 3032 5202 ι
3066 5151 3207 5204 Deus
3231 5165 3398 5214 meus,
3428 5149 3655 5204 ostende

2081 5244 2213 5297 mihi
2239 5243 2378 5298 bona
2410 5243 2551 5298 inter
2588 5242 2832 5297 inimicos
2873 5256 3043 5304 meos,
3090 5254 3156 5293 ne
3188 5238 3401 5293 occidas
3437 5253 3551 5301 eos,
3585 5251 3652 5290 ne

2080 5342 2292 5409 quando
2304 5338 2826 5409 obliviscanturlegis
2850 5345 2951 5390 tua:
2968 5335 3137 5406 (Psal.
3153 5334 3325 5404 LVIII).
3350 5352 3368 5384 ι
3389 5331 3650 5386 llebraica

2078 5435 2274 5501 quippe
2313 5432 2488 5502 lingua
2534 5448 2651 5500 quae
2706 5440 2818 5486 toto
2861 5431 2992 5485 orbe
3037 5428 3378 5498 dispergitur,
3425 5424 3649 5480 multum

2078 5523 2397 5578 Christianze
2420 5522 2541 5576 ftdei
2572 5521 2866 5576 auctoritas
2889 5520 3190 5589 adjuvetur.
3219 5517 3354 5572 Nam
3385 5515 3486 5570 nisi
3518 5513 3651 5567 illud

2079 5619 2359 5673 accederet
2404 5615 2801 5679 testimonium,
2843 5613 2984 5682 quod
3027 5612 3171 5681 apud
3213 5626 3314 5665 nos
3355 5607 3648 5670 scribitur,

2078 5706 2470 5774 quodammodo
2486 5703 2661 5775 putari
2688 5711 2868 5772 posset
2887 5717 3004 5757 esse
3028 5701 3366 5772 figmentum;
3406 5695 3498 5751 sed
3521 5711 3647 5750 cum
