4078 6202
394 378 500 433 235

1482 375 1676 430 LIBER
1717 371 2102 438 SECUNDUS,
2142 372 2355 429 EPIST.
2395 373 2530 429 XIII.

3530 382 3634 438 286

396 470 526 525 illud
547 467 912 523 testimonium
943 465 1245 530 adhibetur,
1274 465 1418 520 illico
1447 467 1697 522 dubietas
1736 467 1957 520 tollitur.
1986 471 2031 530 Α
2065 464 2434 518 vicissitudine
2459 463 2546 535 (11
2594 463 2721 534 Reg.
2751 464 2886 536 xu).
2919 483 2938 518 ι
2970 464 3134 534 Cujus
3173 466 3398 539 figuram
3434 477 3634 526 tenent.

395 557 546 614 Unde
573 567 628 613 et
658 557 764 612 illic
790 565 976 626 aperte
1009 553 1384 626 subiungitur:
1428 574 1448 607 ι
1478 557 1733 627 Disperge
1758 556 1877 610 illos
1908 557 1964 610 in

393 649 593 702 virtute
618 655 706 701 tua
740 643 910 716 (Psal.
940 644 1147 712 ινιιι.);
1183 663 1202 696 ι
1236 659 1299 700 ac
1326 645 1370 698 si
1400 645 1543 699 dicat
1565 643 1735 698 Filius
1766 645 1828 699 ad
1858 644 1963 700 Pa-

393 747 532 793 trem
562 756 576 791 :
603 737 878 806 Disperge,
907 743 1069 805 atque
1095 736 1378 790 «'issemina
1402 751 1499 805 per
1525 744 1692 790 totum
1709 736 1962 790 mundum

388 830 482 899 qui
524 827 889 897 superfuerint
929 827 997 880 de
1041 827 1234 896 populo
1272 825 1601 892 Iudaeorum,
1650 834 1708 880 ut
1752 826 1854 896 ipsi
1896 826 1965 881 de

388 918 665 974 veteribus
694 917 848 972 libris
879 917 1246 972 testimonium
1284 917 1602 987 perhibeant
1643 931 1794 973 nova:
1841 917 1965 974 fidei

387 1006 629 1062 veritati.

460 1095 703 1164 Cumque
745 1095 984 1150 venisset
1029 1095 1196 1150 David
1242 1094 1298 1149 in
1339 1103 1515 1150 castra
1556 1095 1788 1161 Madian,
1835 1094 1966 1150 Sobi

389 1185 534 1242 ﬁlius
584 1183 750 1249 Naas,
797 1194 854 1240 et
897 1184 1088 1239 Macbil
1141 1184 1281 1240 illius
1330 1184 1551 1250 Amihil,
1608 1194 1662 1240 et
1707 1183 1964 1241 Berzellai

343 1293 350 1298 κ
388 1272 698 1330 Galaadites
733 1272 1043 1328 obtulerunt
1091 1274 1141 1328 ei
1186 1275 1472 1338 stratoria,
1523 1282 1578 1329 et
1621 1275 1856 1343 tapetia,
1900 1288 1966 1329 ac

389 1377 517 1416 vasa
563 1361 745 1416 fictilia
775 1401 792 1428 ,
830 1370 935 1417 etc.
980 1361 1065 1420 (II
1119 1361 1244 1433 Reg.
1291 1365 1446 1434 xvn).
1491 1363 1794 1418 Madianitae
1835 1375 1968 1418 vero

387 1453 480 1522 qui
518 1454 797 1519 praebuere
830 1453 939 1523 regi
971 1442 1135 1508 David
1179 1455 1455 1520 stratoris,
1486 1463 1540 1510 et
1585 1455 1808 1524 tapetia,
1833 1453 1965 1524 quid

387 1540 530 1595 aliud
562 1541 867 1610 significant
897 1557 1058 1610 quam
1086 1542 1310 1612 gentiles
1340 1558 1631 1598 conversos
1659 1543 1726 1597 ad
1761 1541 1966 1598 Iidem?

387 1629 489 1696 Qui
528 1630 656 1684 dum
690 1630 794 1700 piis
841 1632 1050 1686 actibus
1101 1633 1436 1687 incessanter
1481 1633 1758 1698 insistunt,
1806 1632 1964 1703 quasi

386 1720 610 1775 textrini
655 1722 834 1790 operis
882 1722 1191 1777 linteamina
1255 1735 1598 1792 praeparant.
1656 1727 1708 1780 in
1767 1725 1963 1795 quibus

2062 554 2153 623 qui
2178 555 2438 622 spirituali
2479 555 2729 624 cuiquam
2771 557 2907 621 viro,
2933 572 3158 628 seseque
3186 560 3254 613 ad
3289 559 3480 614 altiora
3515 576 3637 628 pro-

2063 644 2317 708 vocanti,
2371 645 2524 712 quasi
2595 645 2870 699 humiliter
2921 647 3251 703 deeantant:
3317 648 3640 704 Peecatores

2059 733 2275 802 quidem
2324 750 2528 798 sumus,
2563 736 2784 803 tibique,
2823 737 3002 800 Pater,
3042 738 3496 808 obtemperamus,
3540 741 3634 794 sed

2059 822 2402 877 districtioris
2431 823 2659 878 instituti
2685 825 2920 894 regulam
2944 841 3162 881 servare
3193 843 3297 881 nun
3328 835 3634 897 pessumus.

2057 911 2259 965 Infirmi
2304 927 2489 968 sumus
2534 922 2589 968 et
2619 912 2857 985 fragiles,
2891 927 3053 985 atque
3096 919 3216 972 ideo
3261 920 3452 974 melius
3488 918 3632 986 judi-

2059 1016 2247 1078 camus
2274 1003 2376 1058 sub
2403 1002 2506 1057 levi
2537 1019 2638 1060 nos
2665 1004 2810 1060 fasce
2854 1007 3106 1076 inglorios
3140 1016 3408 1076 utcunque
3433 1009 3635 1075 vivere,

2056 1107 2220 1164 quam
2248 1094 2350 1149 sub
2389 1097 2571 1164 gravis
2613 1095 2842 1150 sarcina:
2869 1097 3104 1166 pondere
3128 1098 3280 1165 quasi
3326 1097 3490 1153 fortes
3518 1098 3637 1152 fun-

2058 1183 2206 1238 ditus
2237 1182 2477 1239 interire.
2509 1183 2646 1237 Nam
2684 1191 2740 1238 et
2764 1185 2906 1252 quod
2935 1184 3074 1238 idem
3103 1185 3362 1240 Berzellai
3392 1187 3637 1256 superius

2058 1269 2311 1345 dixerat,
2359 1271 2428 1326 ab
2473 1271 2699 1326 istorum
2735 1272 3010 1327 interioris
3053 1273 3287 1329 hominis
3335 1275 3487 1329 senio
3526 1292 3634 1330 non

2057 1361 2350 1418 discordat.
2406 1361 2588 1429 «Quot
2644 1373 2794 1430 sunt,
2846 1363 3042 1433 inquit,
3083 1366 3198 1420 dies
3225 1381 3486 1420 annorum
3511 1367 3636 1422 vita

2058 1469 2192 1510 mea:
2219 1462 2278 1509 ut
2302 1455 2592 1508 ascendam
2615 1469 2739 1510 cum
2765 1469 2890 1525 rege
2915 1456 2970 1509 in
2998 1454 3331 1511 Hierusalem
3354 1455 3378 1509 ?
3399 1474 3417 1508 ι
3445 1454 3635 1527 (Ibid.)

2058 1542 2128 1598 Et
2154 1541 2351 1611 adjecit
2376 1561 2390 1596 :
2429 1560 2452 1595 ι
2483 1541 2733 1612 Nunquid
2756 1543 2938 1615 vigent
2973 1559 3168 1600 sensus
3196 1545 3301 1599 mei
3327 1545 3393 1600 ad
3430 1546 3637 1601 discer-

2057 1630 2292 1686 nendum
2340 1646 2506 1685 suave
2551 1639 2612 1694 et,
2656 1632 2948 1687 amarum?
3001 1641 3096 1688 ant
3137 1633 3407 1688 delectare
3459 1641 3638 1703 potest

2057 1735 2272 1777 servum
2302 1728 2449 1776 tuum
2477 1722 2629 1776 cibus
2657 1731 2713 1778 et
2740 1723 2942 1793 potus?
2971 1723 3052 1777 vel
3083 1724 3266 1777 audire
3299 1738 3515 1792 possum
3543 1739 3640 1776 vu-

387 1811 573 1880 utique
603 1812 860 1867 Dominus
893 1815 1130 1868 suaviter
1165 1815 1486 1883 requiescat.
1518 1816 1640 1870 llzec
1665 1817 1805 1871 enim
1835 1827 1962 1873 sunt
1990 1801 2038 1861 Β
2060 1828 2178 1869 cem
2213 1823 2495 1868 cantorum
2531 1823 2585 1868 et
2624 1813 3022 1868 cantatricum?
3057 1833 3076 1866 ι
3129 1813 3325 1885 (Ibid.)
3363 1814 3639 1870 \‘eraciter

385 1901 694 1970 evangelica
744 1901 830 1955 illa
866 1903 1205 1970 vestimenta,
1234 1919 1352 1974 quae
1387 1905 1610 1974 apostoli
1660 1921 1822 1974 super
1856 1908 1964 1962 asi-

387 2007 515 2046 num
536 2002 765 2060 ponunt,
785 2003 838 2046 et
857 1990 1038 2046 Jesum
1061 1995 1248 2048 sedere
1270 1995 1499 2064 desuper
1522 1995 1725 2050 faciunt
1745 1995 1959 2066 (Matth.

387 2095 518 2144 xu;
563 2080 732 2134 Herc.
781 2097 872 2144 xl;
905 2079 1034 2135 Luc.
1075 2095 1210 2151 xtx).
1244 2083 1398 2149 Quod
1438 2092 1616 2137 autem
1671 2084 1957 2153 sequitur:

387 2171 522 2238 Quia
551 2175 811 2226 dederunt
842 2174 1003 2226 David
1034 2175 1195 2228 etiam
1227 2191 1348 2228 vasa
1380 2175 1580 2237 fictilia.
1610 2174 1960 2242 frumentum,

386 2272 442 2317 et
471 2261 752 2324 hordeum,
784 2263 1030 2327 farinam,
1056 2277 1103 2318 et
1135 2264 1336 2326 fabam,
1359 2273 1414 2318 et
1444 2265 1660 2330 lentem.
1683 2276 1740 2322 et
1765 2267 1962 2322 frixum

389 2350 560 2416 cicer,
597 2359 653 2404 et
683 2351 806 2414 mel,
850 2362 906 2406 et
953 2355 1226 2423 butyrum,
1273 2369 1400 2408 oves
1427 2355 1610 2420 etiam,
1642 2363 1697 2409 et
1742 2356 1963 2426 pingues

389 2438 586 2492 vitulos
616 2437 702 2508 (11
738 2438 861 2508 Reg.
904 2441 1057 2509 xvn),
1092 2441 1334 2510 plurima:
1373 2443 1615 2497 ciborum
1648 2445 1854 2512 species
1881 2445 1962 2500 di-

387 2529 529 2581 versi
559 2535 683 2581 sunt
707 2538 1014 2583 sanctormn
1045 2531 1315 2584 hominum
1342 2547 1538 2588 mores.
1571 2533 1774 2600 Quibus
1796 2534 1962 2588 nimi-

386 2633 511 2670 rum
542 2617 708 2670 David
746 2633 866 2670 cum
913 2619 1024 2672 suis
1041 2620 1511 2680 commilitonibus
1545 2625 1803 2692 pascitur,
1835 2627 1960 2695 quia

388 2705 929 2775 Redemptormoster
956 2721 1080 2763 cum
1103 2701 1308 2768 sanctis
1344 2714 1457 2768 suis
1501 2717 1666 2772 rectis
1690 2717 1958 2787 iustorum

386 2797 644 2865 operibus
671 2795 808 2846 velut
833 2798 1080 2853 esuriens
1105 2795 1373 2865 epulatur.

459 2883 714 2937 Berzellai
758 2884 1065 2939 Galaadites
1107 2897 1271 2940 senex
1319 2887 1494 2951 valde,
1539 2891 1589 2944 id
1640 2901 1742 2956 est,
1813 2903 1960 2949 octo-

385 2974 663 3044 genarius,
693 2983 752 3029 ut
787 2991 939 3030 sacra
975 2985 1203 3029 testatur
1241 2977 1486 3044 historia,
1535 2983 1864 3039 descendens
1892 2985 1958 3040 de

389 3065 667 3134 Rogelim,
717 3066 1020 3120 transduxit
1067 3081 1244 3137 regem
1291 3067 1456 3124 David
1499 3070 1806 3127 Jordanem.
1857 3073 1956 3129 Cui

2056 1904 2202 1960 enim
2223 1903 2406 1957 talium
2428 1904 2702 1958 hominum
2728 1919 2919 1958 sensus
2938 1904 3264 1960 intrinsecus
3287 1905 3464 1959 obtusi
3485 1913 3630 1968 sunt,

2056 1993 2183 2064 quia
2225 1992 2524 2063 spiritualia
2576 1992 2773 2048 mentis
2817 1991 3016 2056 edulia,
3060 1993 3143 2045 vel
3191 1993 3394 2046 intima:
3438 1993 3635 2061 iubila-

2057 2082 2220 2136 tionis
2259 2097 2462 2152 organa
2515 2096 2621 2134 non
2661 2081 2992 2136 discernunt.
3037 2079 3153 2134 Non
3195 2081 3339 2135 enim
3384 2081 3464 2134 eis
3497 2082 3636 2150 sapit

2054 2173 2209 2228 cibus
2251 2172 2340 2227 ille
2391 2171 2659 2236 cmlestis,
2700 2171 2768 2225 ad
2805 2185 2964 2240 quem
3009 2170 3276 2239 PrOpheta
3325 2171 3638 2238 spirituales

2053 2261 2306 2316 convivas
2351 2260 2540 2315 invitat
2589 2243 2680 2313 z'c
2729 2259 2994 2324 Gustate,
3059 2259 3275 2326 inquit,
3342 2267 3396 2312 et
3437 2259 3632 2323 videte,

2053 2349 2306 2420 quoniam
2328 2350 2510 2402 suavis
2529 2355 2612 2402 est
2644 2347 2898 2402 Dominus
2922 2347 3094 2419 (I’sal.
3121 2350 3334 2418 χχχιιι).
3367 2369 3386 2401 ι
3413 2348 3522 2404 Nec
3545 2349 3633 2402 illa

2055 2439 2236 2494 fauces
2267 2454 2453 2493 eorum
2485 2438 2640 2491 mella
2679 2439 3012 2502 discernunt,
3056 2438 3123 2492 de
3161 2439 3358 2506 quibus
3405 2440 3627 2494 aiebat:

2061 2548 2082 2584 ι
2116 2531 2290 2598 Quam
2324 2529 2503 2584 dulcia
2535 2529 2778 2585 faucibus
2807 2531 2943 2585 meis
2970 2529 3183 2598 eloquia
3223 2539 3334 2593 tua,
3381 2529 3630 2593 Domine,

2052 2635 2214 2691 super
2231 2618 2337 2673 mel
2363 2627 2417 2674 et
2441 2617 2621 2672 favum
2641 2620 2722 2673 ori
2746 2620 2891 2674 meo!
2915 2637 2934 2671 ι
2965 2617 3135 2690 (Psal.
3162 2617 3371 2686 cxvnt.)
3393 2617 3634 2674 Necdum

2052 2713 2279 2768 ad‘illud
2318 2710 2608 2780 Sapientiae
2637 2711 2957 2767 discubuere
2980 2711 3308 2776 convivium,
3339 2709 3406 2764 de
3435 2725 3542 2779 quo
3577 2711 3633 2765 in

2051 2801 2190 2858 libro
2215 2803 2471 2858 Proverb.
2513 2803 2752 2857 dicitur:
2791 2823 2810 2856 ι
2855 2803 2990 2870 Quia
3026 2802 3288 2871 sapientia
3334 2801 3636 2856 immolavit

2049 2892 2300 2948 victimas
2339 2908 2500 2955 suas,
2563 2893 2780 2947 miscuit
2827 2895 3011 2948 vinum
3063 2903 3117 2948 et
3163 2892 3343 2961 posuit
3390 2907 3632 2947 mensam
3661 2931 3702 2942 ,ν

2051 2995 2205 3038 suam
2247 2982 2429 3053 (Prov.
2460 2983 2572 3052 1x);
2609 3003 2630 3036 ο
2658 2984 2749 3039 ubi
2797 2992 2851 3040 et
2878 2985 3157 3054 sequitur:
3186 3001 3205 3034 ι
3235 2982 3382 3037 Misit
3411 2983 3634 3040 ancillas

2051 3087 2180 3129 suas
2207 3082 2267 3126 ut
2293 3082 2552 3128 vocarent
2583 3074 2652 3127 ad
2693 3087 2873 3128 arcem
2917 3082 2973 3128 et
3011 3073 3079 3127 ad
3109 3073 3307 3127 moenia
3354 3073 3629 3127 civitatis:

388 3171 483 3211 rex
524 3173 540 3211 :
578 3176 596 3208 ι
622 3157 774 3223 Veni,
809 3159 1004 3229 inquit,
1034 3165 1419 3234 utrequiescas
1442 3148 1651 3223 mecum
1682 3164 1737 3218 in
1771 3136 2026 3220 Hieru-c
2053 3162 2267 3229 Venite,
2313 3163 2581 3219 comedite
2620 3177 2814 3234 panem
2860 3177 3062 3227 meum,
3120 3171 3178 3218 et
3232 3162 3400 3218 bibite
3445 3163 3629 3217 vinum

382 3245 553 3298 salem
571 3245 654 3314 (ΙΙ
669 3247 792 3318 Reg.
811 3250 943 3320 xtx).
968 3269 981 3302 ι
1005 3249 1095 3306 Ille
1109 3261 1285 3308 autem
1312 3269 1543 3310 renuens
1555 3257 1959 3314 excusationem

382 3337 681 3392 senectutis
700 3339 960 3401 obtendit,
976 3349 1030 3394 et
1050 3341 1235 3396 relicto
1255 3358 1380 3410 rege
1405 3360 1527 3399 mox
1549 3347 1615 3400 ad
1639 3348 1858 3418 propria
1879 3363 1960 3403 re-

382 3427 621 3495 pedavit.
647 3428 784 3483 Sunt
814 3445 1048 3500 namque
1068 3435 1308 3489 nonnulli
1332 3436 1423 3505 qui
1452 3452 1630 3506 regem
1646 3439 1832 3506 David,
1857 3440 1960 3495 hoc

380 3527 487 3581 est,
513 3517 848 3575 Salvatorem
887 3531 1131 3577 nostrum
1156 3534 1468 3593 sequentes,
1492 3525 1740 3583 Iordanis
1763 3525 1959 3584 fluenta

382 3610 775 3674 transmittunt,
806 3613 908 3667 hoc
927 3621 1029 3680 est,
1059 3615 1142 3670 vel
1171 3617 1420 3686 baptismi
1444 3619 1741 3688 suscipiunt
1770 3635 1956 3675 sacra-

378 3709 652 3769 mentum,
667 3701 913 3771 vel.quod
956 3705 1249 3760 secundum
1272 3715 1353 3760 est
1380 3707 1671 3772 lavacrum.
1693 3710 1958 3776 arripiunt

377 3788 659 3856 spirituale
687 3793 1036 3860 propositum.
1073 3793 1207 3848 Nam
1247 3797 1370 3864 quia
1416 3798 1468 3850 in
1504 3796 1736 3852 Jordane
1769 3807 1958 3866 auctor

2052 3259 2196 3328 quod
2241 3258 2434 3314 miscui
2469 3257 2620 3314 vobis
2661 3254 2872 3330 (Ibid.).
2924 3274 2944 3308 ι
2979 3253 3044 3308 Ili
3086 3267 3246 3309 voces
3295 3253 3456 3307 etiam
3503 3268 3632 3308 can-

2053 3355 2230 3404 torum
2257 3358 2314 3404 et
2347 3348 2702 3405 cantatricum
2747 3360 2855 3402 non
2907 3345 3162 3411 audiunt;
3201 3344 3329 3412 quia
3355 3357 3476 3412 quae
3503 3356 3632 3397 san-

2051 3447 2265 3496 ctorum
2299 3447 2620 3508 martyrum,
2662 3451 2784 3505 qua:
2831 3443 3142 3490 sanctarum
3190 3433 3458 3504 virginum
3504 3441 3632 3486 ante

2052 3530 2222 3586 Deum
2240 3528 2434 3598 jubilet
2470 3526 2782 3590 modulatio,
2815 3524 3118 3578 nullatenus
3147 3521 3626 3592 comprehendunt.

2049 3619 2186 3675 Nam
2244 3619 2369 3689 quia
2416 3615 2708 3672 carnaliter
2751 3622 3172 3678 conversantes,
3222 3613 3289 3666 ad
3344 3611 3626 3666 Dominum

2048 3708 2513 3780 contemplationis
2551 3707 2713 3763 corda
2759 3721 2864 3760 non
2906 3705 3148 3766 elevant,
3205 3703 3439 3758 cmlcstis
3497 3703 3627 3757 har-

2049 3801 2244 3856 moniae
2295 3797 2572 3862 modulos,
2624 3806 2679 3852 et
2734 3795 3016 3850 melliiluas
3054 3793 3282 3865 angelici
3331 3801 3629 3847 concentus

375 3875 629 3946 baptismi
646 3878 891 3935 Christus
912 3892 994 3936 est
1022 3882 1322 3949 baptizatus
1341 3885 1557 3956 (Matth.
1580 3903 1640 3942 ιιι
1658 3904 1672 3952 ς
1691 3887 1818 3942 Luc:
1847 3903 1954 3960 Ill),

2053 3897 2342 3946 suavitates
2385 3889 2654 3958 ignorant.
2687 3885 2840 3941 Unde
2886 3901 2991 3940 non
3026 3886 3301 3938 immerito
3340 3897 3506 3944 senex
3535 3881 3627 3935 Ille

373 3966 488 4037 83
533 3977 679 4024 recte
722 3985 820 4039 per
862 3987 986 4027 eum
1024 3974 1343 4044 intelligitur
1383 3977 1701 4047 baptisnnts.
1727 3977 1832 4034 Sed
1871 3981 1950 4048 ht,
2045 3980 2305 4038 Berzellai
2349 3978 2516 4034 fuisse
2551 3977 2750 4033 dicitur
2773 3977 2841 4031 de
2879 3974 3146 4046 Rogelitn,
3181 3973 3322 4043 quod
3357 3973 3624 4054 interpre-

376 4069 531 4113 veste
566 4061 794 4128 variata,
840 4078 945 4117 non
989 4074 1190 4127 mente,
1242 4067 1482 4121 habitum
1525 4068 1802 4133 mutando,
1844 4084 1950 4124 non
2045 4070 2150 4126 tari
2216 4068 2414 4125 dicitur
2475 4067 2647 4139 pedes.
2697 4065 2983 4120 Pedestres
3051 4063 3195 4117 enim
3249 4060 3382 4115 tales
3433 4061 3623 4113 ambu-

375 4149 642 4217 auimum,
683 4152 749 4206 ad
783 4153 1037 4221 pristinos
1065 4156 1292 4210 redeunt
1335 4173 1533 4220 mores,
1574 4166 1629 4212 et
1670 4159 1953 4216 saeculares
2043 4157 2180 4224 lant,
2215 4165 2272 4214 et
2311 4155 2565 4225 quoniam
2612 4170 2642 4208 a
2688 4163 2912 4208 terrenae
2958 4150 3382 4216 conversationis
3435 4149 3628 4202 itinere

375 4247 628 4305 repetunt
673 4241 949 4307 actiones;
999 4249 1054 4296 et
1079 4242 1203 4311 quia
1249 4256 1520 4313 nequeunt
1554 4260 1582 4298 a
1616 4249 1951 4315 negotiorum
2043 4261 2105 4302 se
2148 4244 2475 4315 suSpendere
2518 4243 2797 4305 nesciunt,
2853 4241 2919 4296 ad
2966 4237 3467 4308 comprehendenda
3511 4249 3626 4290 ca:-

369 4327 713 4382 szecularium
745 4331 1145 4398 perturbatione
1169 4333 1470 4402 quiescere,
1515 4335 1703 4391 nolunt
1732 4338 1786 4394 in
1820 4339 1949 4396 Ilie-
2043 4337 2193 4394 Iestis
2229 4335 2476 4392 melodiaa
2509 4333 2722 4389 cantica
2759 4348 2865 4386 non
2901 4339 3209 4401 assurgunt.
3237 4329 3438 4384 Nolunt
3479 4329 3624 4383 cuitu

371 4417 637 4482 rusalem,
691 4418 793 4473 hoc
840 4429 945 4486 est,
997 4421 1051 4475 in
1096 4423 1303 4478 visione
1345 4425 1494 4493 pacis
1547 4426 1790 4484 habitare
1825 4445 1948 4486 cmn

370 4524 523 4578 rege.
561 4508 729 4564 Senes
753 4510 896 4565 enim
928 4521 1054 4568 sunt
1081 4520 1136 4567 et
1161 4513 1467 4580 inveterati,
1495 4525 1657 4584 atque
1693 4518 1813 4574 ideo
1853 4535 1950 4575 ne-

369 4609 583 4668 queunt
612 4601 666 4654 in
709 4617 900 4657 novam
929 4603 996 4658 de
1035 4613 1244 4660 vetusta
1271 4609 1682 4664 conversatione
1729 4610 1951 4665 mutari.

375 4689 513 4743 Nam
561 4698 616 4745 et
654 4689 945 4749 Jordanem
984 4703 1262 4750 transeunt
1301 4706 1359 4751 et
1403 4697 1736 4768 octogenarii
1784 4708 1950 4764 sunt;

368 4781 504 4848 quia
533 4789 590 4834 et
613 4779 870 4851 baptizati
913 4793 1070 4850 sunt,
1109 4794 1164 4839 et
1206 4788 1656 4843 resurrectionem
1687 4789 1953 4870 futuram,

371 4884 499 4939 quae
525 4885 623 4939 per
659 4873 996 4926 octonarium
1026 4874 1335 4946 designatur
1373 4892 1676 4942 numerum,
1708 4880 1954 4934 credunt.

366 4957 482 5014 Sed
508 4958 563 5012 hi
594 4975 901 5030 quanquam
938 4962 1050 5032 regi
1103 4963 1379 5020 humiliter
1405 4976 1461 5022 et
1488 4965 1680 5022 blande
1723 4967 1950 5037 loquan-

366 5059 483 5114 tur,
511 5066 690 5121 regem
728 5064 904 5106 tamen
943 5054 1220 5122 deserunt,
1248 5067 1304 5112 et
1331 5058 1397 5111 ad
1439 5059 1612 5113 solita:
1654 5075 1949 5117 conversa-

364 5145 538 5200 tionis
588 5147 1030 5203 consuetudinem
1080 5158 1440 5215 revertuntur.
1489 5151 1628 5220 Quid
1675 5162 1760 5209 est
1802 5155 1946 5209 enim

363 5234 486 5304 regi
516 5235 709 5290 blanda
746 5237 908 5291 verba
939 5237 1201 5308 proferre,
1233 5239 1335 5294 nisi
1377 5240 1516 5294 sicut
1561 5240 1614 5294 in
1658 5241 1948 5312 Evangelio

361 5322 593 5388 dicitur,
626 5339 686 5379 se
713 5325 904 5381 callide
931 5327 1112 5397 potius
1140 5340 1302 5397 quam
1333 5329 1608 5384 humiliter
1645 5331 1948 5386 excusare?

365 5435 386 5467 ι
432 5415 633 5486 Rogo,
691 5417 909 5488 inquit,
981 5429 1071 5483 te,
1125 5420 1262 5476 habe
1303 5437 1390 5476 me
1426 5431 1739 5476 excusatum
1792 5421 1945 5492 (Luc.

361 5505 507 5580 xlv).
532 5526 551 5558 ›
587 5506 806 5563 Dicebat
825 5510 970 5564 enim
985 5509 1242 5566 Berzellai
1261 5513 1405 5582 regi:
1435 5530 1454 5563 ι
1477 5512 1585 5567 Cur
1611 5528 1801 5569 servus
1828 5523 1948 5569 tuus

359 5599 426 5652 ﬁt
482 5598 636 5652 oneri
691 5599 909 5654 domino
959 5616 1080 5656 meo
1126 5602 1285 5672 regi?
1335 5602 1612 5656 Paululum
1657 5604 1944 5673 procedam

360 5689 606 5745 famulus
643 5699 764 5746 tuus
803 5691 871 5746 ab
904 5691 1138 5748 Iordane
1173 5705 1346 5750 tecum
1375 5736 1390 5760 ,
1455 5709 1553 5752 nec
1598 5695 1810 5766 indigeo
1846 5697 1948 5752 hac

1974 4478 2028 4539 D

2047 4430 2160 4504 84
2195 4429 2297 4484 nisi
2343 4427 2551 4498 pedites
2591 4440 2806 4495 semper
2849 4425 3128 4487 incedere,
3169 4432 3334 4492 atque
3374 4423 3494 4476 ideo
3536 4437 3626 4476 ne-

2049 4530 2254 4590 queunt
2281 4519 2388 4572 alta
2413 4517 2746 4586 jubilationis
2774 4516 2975 4570 intima:
2999 4515 3189 4584 gaudia
3225 4523 3531 4583 penetrare.
3559 4513 3628 4566 Et

2050 4611 2303 4682 quoniam
2333 4608 2532 4663 terreni
2556 4615 2730 4670 actus,
2767 4606 3044 4674 in‘quibus
3069 4605 3240 4675 sparsi
3281 4613 3428 4668 sunt;
3461 4605 3626 4657 duros

2051 4717 2146 4758 eos
2185 4709 2346 4769 atque
2387 4697 2728 4752 insensibiles
2773 4696 3044 4760 reddunt,
3087 4694 3382 4764 spiritualis
3427 4693 3624 4746 laetitiae

2053 4788 2402 4858 contemplari
2433 4787 2648 4843 subtilia
2678 4796 2969 4856 nequeunt.
3011 4785 3149 4840 Hinc
3173 4793 3258 4840 est
3287 4785 3449 4838 etiam
3481 4783 3623 4851 quod

2053 4883 2156 4938 iste
2181 4878 2438 4947 Berzellai
2465 4877 2767 4934 Galaadites
2792 4877 3052 4932 asseritur
3077 4875 3220 4945 quod
3251 4889 3464 4927 acervus
3488 4873 3626 4926 καὶ·
3651 4891 3667 4947 ι

2052 4971 2212 5025 monii
2247 4970 2652 5039 interpretatur.
2699 4966 2765 5022 Et
2800 4963 3051 5035 quoniam
3095 4963 3320 5040 acervus
3357 4960 3444 5015 ille
3481 4960 3624 5014 testi-

2051 5060 2257 5124 monii,
2301 5058 2392 5129 qui
2435 5057 2638 5113 Calaad
2685 5056 2913 5120 dicitur,
2957 5069 2986 5107 a
3036 5053 3218 5107 Laban
3253 5060 3309 5106 et
3349 5049 3517 5105 Iacob
3555 5049 3623 5104 de
3663 5060 3677 5090 ι

2051 5153 2322 5224 lapidibus
2364 5151 2536 5206 factus
2580 5149 2889 5222 agnoscitur
2928 5146 3080 5218 (Gen.
3119 5143 3271 5211 xxxt)
3297 5181 3312 5207 ,
3355 5143 3489 5196 bene
3527 5157 3624 5211 per
3667 5132 3676 5144 ’

2049 5247 2192 5300 Ιιιιιιο
2214 5244 2544 5299 Galaadilem
2569 5283 2584 5307 ,
2618 5239 2736 5295 duri
2769 5254 2834 5294 ac
2857 5237 3050 5308 lapidei
3078 5234 3325 5289 homines
3346 5233 3621 5302 designau-

2051 5347 2161 5400 tur,
2203 5335 2294 5404 qui
2325 5334 2449 5388 dum
2493 5331 2559 5386 ad
2595 5344 2833 5385 amorem
2875 5317 3171 5396 spiritualis
3208 5324 3334 5379 vita:
3375 5340 3470 5380 cor
3513 5340 3620 5380 non

2050 5424 2361 5490 emolliunt,
2391 5432 2644 5491 tanquam
2686 5420 2889 5489 lapides
2912 5417 3058 5481 facti,
3088 5417 3142 5472 in
3173 5416 3437 5486 pertinaci
3459 5431 3624 5471 saecu-

2052 5517 2245 5572 larium
2272 5514 2606 5586 negotiorum
2637 5513 2816 5582 rigore
2843 5511 3152 5566 durescunt.
3179 5507 3261 5562 Ad
3291 5523 3452 5577 quam
3480 5505 3624 5562 duri-

2054 5608 2182 5663 tiam
2222 5605 2452 5676 pcttinet
2488 5604 2628 5674 quod
2663 5603 2800 5658 idem
2838 5616 3052 5671 quoque
3085 5598 3341 5653 Berzellai
3368 5637 3383 5662 ,
3425 5597 3620 5664 ferrum

2051 5713 2220 5752 meum
2246 5694 2587 5768 interpretari
2625 5693 2839 5750 dicitur.
2878 5691 3015 5761 Quid
3040 5698 3128 5746 est
3152 5688 3336 5744 durius
3365 5685 3539 5740 ferro?
3563 5691 3619 5736 et
