  <div class='ocr_page' id='page_1' title='image "/cluster/home/n/w/nwhite01/storage/ocr_20150623/144/hvd.32044054760046/151.png"; bbox 0 0 4078 6202; ppageno 0'>
   <div class='ocr_carea' id='block_1_1' title="bbox 469 364 567 421">
    <p class='ocr_par' dir='ltr' id='par_1_1' title="bbox 469 364 567 421">
     <span class='ocr_line' id='line_1_1' title="bbox 469 364 567 421; baseline 0.031 -3"><span class='ocrx_word' id='word_1_1' title='bbox 469 364 567 421; x_wconf 73' lang='grc'><strong>991</strong></span> 
     </span>
    </p>
   </div>
   <div class='ocr_carea' id='block_1_2' title="bbox 1027 339 3219 414">
    <p class='ocr_par' dir='ltr' id='par_1_2' title="bbox 1027 339 3219 414">
     <span class='ocr_line' id='line_1_2' title="bbox 1027 339 3219 414; baseline -0.008 -1"><span class='ocrx_word' id='word_1_2' title='bbox 1027 357 1085 413; x_wconf 83' lang='grc'><strong>5.</strong></span> <span class='ocrx_word' id='word_1_3' title='bbox 1125 353 1327 414; x_wconf 78' lang='lat' dir='ltr'><strong>PETRI</strong></span> <span class='ocrx_word' id='word_1_4' title='bbox 1364 350 1647 409; x_wconf 80' lang='lat' dir='ltr'><strong>DAMIANI</strong></span> <span class='ocrx_word' id='word_1_5' title='bbox 1668 350 1824 407; x_wconf 84' lang='lat' dir='ltr'><strong>OPP.</strong></span> <span class='ocrx_word' id='word_1_6' title='bbox 1846 345 2027 404; x_wconf 76' lang='lat' dir='ltr'><strong>PARS</strong></span> <span class='ocrx_word' id='word_1_7' title='bbox 2065 344 2197 401; x_wconf 70' lang='grc' dir='ltr'><strong>εει]</strong></span> <span class='ocrx_word' id='word_1_8' title='bbox 2239 343 2475 401; x_wconf 82' lang='lat' dir='ltr'><strong>TOMUS</strong></span> <span class='ocrx_word' id='word_1_9' title='bbox 2498 343 2541 401; x_wconf 83' lang='grc'><strong>1.</strong></span> <span class='ocrx_word' id='word_1_10' title='bbox 2582 374 2650 385; x_wconf 91' lang='grc'><strong>-</strong></span> <span class='ocrx_word' id='word_1_11' title='bbox 2678 341 2894 399; x_wconf 83' lang='lat' dir='ltr'><strong>EPIST.</strong></span> <span class='ocrx_word' id='word_1_12' title='bbox 2926 339 3052 397; x_wconf 82' lang='lat' dir='ltr'><strong>LIB.</strong></span> <span class='ocrx_word' id='word_1_13' title='bbox 3086 340 3219 397; x_wconf 76' lang='lat' dir='ltr'><strong>Vlil.</strong></span> 
     </span>
    </p>
   </div>
   <div class='ocr_carea' id='block_1_3' title="bbox 3604 342 3708 399">
    <p class='ocr_par' dir='ltr' id='par_1_3' title="bbox 3604 342 3708 399">
     <span class='ocr_line' id='line_1_3' title="bbox 3604 342 3708 399; baseline 0 0"><span class='ocrx_word' id='word_1_14' title='bbox 3604 342 3708 399; x_wconf 63' lang='grc' dir='ltr'><strong>ειη</strong></span> 
     </span>
    </p>
   </div>
   <div class='ocr_carea' id='block_1_4' title="bbox 542 453 3707 550">
    <p class='ocr_par' dir='ltr' id='par_1_4' title="bbox 542 453 3707 550">
     <span class='ocr_line' id='line_1_4' title="bbox 542 453 3707 550; baseline -0.008 -16"><span class='ocrx_word' id='word_1_15' title='bbox 542 481 684 550; x_wconf 88' lang='lat' dir='ltr'><strong>quod</strong></span> <span class='ocrx_word' id='word_1_16' title='bbox 724 477 886 550; x_wconf 73' lang='lat' dir='ltr'><strong>etiam</strong></span> <span class='ocrx_word' id='word_1_17' title='bbox 913 489 1013 550; x_wconf 52' lang='grc' dir='ltr'><strong>ειν</strong></span> <span class='ocrx_word' id='word_1_18' title='bbox 1036 470 1278 550; x_wconf 89' lang='lat' dir='ltr'><strong>moribus</strong></span> <span class='ocrx_word' id='word_1_19' title='bbox 1306 468 1584 550; x_wconf 63' lang='lat' dir='ltr'><strong>utriusque</strong></span> <span class='ocrx_word' id='word_1_20' title='bbox 1609 466 1771 550; x_wconf 69' lang='lat' dir='ltr'><strong>facile</strong></span> <span class='ocrx_word' id='word_1_21' title='bbox 1794 459 2115 550; x_wconf 48' lang='lat' dir='ltr'><strong>dignosciA</strong></span> <span class='ocrx_word' id='word_1_22' title='bbox 2143 460 2488 550; x_wconf 87' lang='lat' dir='ltr'><strong>deponendus</strong></span> <span class='ocrx_word' id='word_1_23' title='bbox 2519 466 2622 522; x_wconf 87' lang='lat' dir='ltr'><strong>est,</strong></span> <span class='ocrx_word' id='word_1_24' title='bbox 2654 458 2779 527; x_wconf 86' lang='lat' dir='ltr'><strong>quia</strong></span> <span class='ocrx_word' id='word_1_25' title='bbox 2805 456 2889 512; x_wconf 89' lang='lat' dir='ltr'><strong>sui</strong></span> <span class='ocrx_word' id='word_1_26' title='bbox 2921 455 3144 550; x_wconf 75' lang='lat' dir='ltr'><strong>sibimet</strong></span> <span class='ocrx_word' id='word_1_27' title='bbox 3164 453 3499 550; x_wconf 74' lang='lat' dir='ltr'><strong>privilegium</strong></span> <span class='ocrx_word' id='word_1_28' title='bbox 3528 456 3707 525; x_wconf 86' lang='lat' dir='ltr'><strong>ponti-</strong></span> 
     </span>
    </p>
   </div>
   <div class='ocr_carea' id='block_1_5' title="bbox 540 531 2039 619">
    <p class='ocr_par' dir='ltr' id='par_1_5' title="bbox 540 531 2039 619">
     <span class='ocr_line' id='line_1_5' title="bbox 540 531 2039 619; baseline -0.014 -15"><span class='ocrx_word' id='word_1_29' title='bbox 540 531 1061 619; x_wconf 18' lang='lat' dir='ltr'><strong>pos&#39;sit.VCon_sil_ium</strong></span> <span class='ocrx_word' id='word_1_30' title='bbox 1111 531 1633 619; x_wconf 37' lang='lat' dir='ltr'><strong>autch&#39;quod—sibi</strong></span> <span class='ocrx_word' id='word_1_31' title='bbox 1673 535 1811 619; x_wconf 88' lang='lat' dir='ltr'><strong>idem</strong></span> <span class='ocrx_word' id='word_1_32' title='bbox 1860 531 2039 619; x_wconf 24' lang='lat' dir='ltr'><strong>archig-</strong></span> 
     </span>
    </p>
   </div>
   <div class='ocr_carea' id='block_1_6' title="bbox 539 601 2037 686">
    <p class='ocr_par' dir='ltr' id='par_1_6' title="bbox 539 601 2037 686">
     <span class='ocr_line' id='line_1_6' title="bbox 539 601 2037 686; baseline -0.013 -13"><span class='ocrx_word' id='word_1_33' title='bbox 539 601 821 686; x_wconf 73' lang='lat' dir='ltr'><strong>episcOpus</strong></span> <span class='ocrx_word' id='word_1_34' title='bbox 855 614 1098 686; x_wconf 81' lang='lat' dir='ltr'><strong>dederat,</strong></span> <span class='ocrx_word' id='word_1_35' title='bbox 1130 617 1187 663; x_wconf 90' lang='lat' dir='ltr'><strong>ut</strong></span> <span class='ocrx_word' id='word_1_36' title='bbox 1206 601 1426 686; x_wconf 71' lang='lat' dir='ltr'><strong>scilicet</strong></span> <span class='ocrx_word' id='word_1_37' title='bbox 1465 605 1695 686; x_wconf 80' lang='lat' dir='ltr'><strong>occulte.</strong></span> <span class='ocrx_word' id='word_1_38' title='bbox 1727 618 1832 656; x_wconf 93' lang='lat' dir='ltr'><strong>non</strong></span> <span class='ocrx_word' id='word_1_39' title='bbox 1863 601 2037 686; x_wconf 60' lang='lat' dir='ltr'><strong>palam</strong></span> 
     </span>
    </p>
   </div>
   <div class='ocr_carea' id='block_1_7' title="bbox 544 670 2041 749">
    <p class='ocr_par' dir='ltr' id='par_1_7' title="bbox 544 670 2041 749">
     <span class='ocr_line' id='line_1_7' title="bbox 544 670 2041 749; baseline -0.013 -7"><span class='ocrx_word' id='word_1_40' title='bbox 544 670 762 742; x_wconf 53' lang='lat' dir='ltr'><strong>Cratialoi</strong></span> <span class='ocrx_word' id='word_1_41' title='bbox 822 670 1565 749; x_wconf 73' lang='lat' dir='ltr'><strong>electionem_improbaret,</strong></span> <span class='ocrx_word' id='word_1_42' title='bbox 1622 682 1876 749; x_wconf 78' lang='lat' dir='ltr'><strong>tanquam</strong></span> <span class='ocrx_word' id='word_1_43' title='bbox 1938 670 2041 749; x_wconf 76' lang='lat' dir='ltr'><strong>sibi</strong></span> 
     </span>
    </p>
   </div>
   <div class='ocr_carea' id='block_1_8' title="bbox 541 739 2041 820">
    <p class='ocr_par' dir='ltr' id='par_1_8' title="bbox 541 739 2041 820">
     <span class='ocr_line' id='line_1_8' title="bbox 541 739 2041 820; baseline -0.013 -9"><span class='ocrx_word' id='word_1_44' title='bbox 541 739 719 811; x_wconf 74' lang='lat' dir='ltr'><strong>minus</strong></span> <span class='ocrx_word' id='word_1_45' title='bbox 759 753 1042 820; x_wconf 87' lang='lat' dir='ltr'><strong>honestum</strong></span> <span class='ocrx_word' id='word_1_46' title='bbox 1091 739 1295 816; x_wconf 61' lang='lat' dir='ltr'><strong>rejicit:</strong></span> <span class='ocrx_word' id='word_1_47' title='bbox 1329 744 1443 820; x_wconf 85' lang='lat' dir='ltr'><strong>N_on</strong></span> <span class='ocrx_word' id='word_1_48' title='bbox 1464 743 1625 820; x_wconf 85' lang='lat' dir='ltr'><strong>_en_im</strong></span> <span class='ocrx_word' id='word_1_49' title='bbox 1644 739 1840 820; x_wconf 37' lang='lat' dir='ltr'><strong>“clam,</strong></span> <span class='ocrx_word' id='word_1_50' title='bbox 1853 739 1955 820; x_wconf 83' lang='lat' dir='ltr'><strong>sed</strong></span> <span class='ocrx_word' id='word_1_51' title='bbox 1986 739 2041 791; x_wconf 91' lang='lat' dir='ltr'><strong>in</strong></span> 
     </span>
    </p>
   </div>
   <div class='ocr_carea' id='block_1_9' title="bbox 537 810 2042 893">
    <p class='ocr_par' dir='ltr' id='par_1_9' title="bbox 537 810 2042 893">
     <span class='ocr_line' id='line_1_9' title="bbox 537 810 2042 893; baseline -0.011 -14"><span class='ocrx_word' id='word_1_52' title='bbox 537 810 1165 893; x_wconf 24' lang='lat' dir='ltr'><strong>conspectu‘hominmu&#39;</strong></span> <span class='ocrx_word' id='word_1_53' title='bbox 1206 829 1304 887; x_wconf 91' lang='lat' dir='ltr'><strong>pro</strong></span> <span class='ocrx_word' id='word_1_54' title='bbox 1352 812 1595 869; x_wconf 82' lang='lat' dir='ltr'><strong>Ecclesia</strong></span> <span class='ocrx_word' id='word_1_55' title='bbox 1644 810 1741 867; x_wconf 87' lang='lat' dir='ltr'><strong>Dei</strong></span> <span class='ocrx_word' id='word_1_56' title='bbox 1793 810 1871 864; x_wconf 92' lang='lat' dir='ltr'><strong>ait</strong></span> <span class='ocrx_word' id='word_1_57' title='bbox 1921 820 2042 864; x_wconf 87' lang='lat' dir='ltr'><strong>esse</strong></span> 
     </span>
    </p>
   </div>
   <div class='ocr_carea' id='block_1_10' title="bbox 538 889 982 961">
    <p class='ocr_par' dir='ltr' id='par_1_10' title="bbox 538 889 982 961">
     <span class='ocr_line' id='line_1_10' title="bbox 538 889 982 961; baseline -0.014 -14"><span class='ocrx_word' id='word_1_58' title='bbox 538 889 982 961; x_wconf 69' lang='lat' dir='ltr'><strong>belligerandum.</strong></span> 
     </span>
    </p>
   </div>
   <div class='ocr_carea' id='block_1_11' title="bbox 540 986 2042 1060">
    <p class='ocr_par' dir='ltr' id='par_1_11' title="bbox 540 986 2042 1060">
     <span class='ocr_line' id='line_1_11' title="bbox 540 986 2042 1060; baseline -0.012 -3"><span class='ocrx_word' id='word_1_59' title='bbox 540 1004 744 1057; x_wconf 89' lang='lat' dir='ltr'><strong>Domno</strong></span> <span class='ocrx_word' id='word_1_60' title='bbox 773 999 838 1054; x_wconf 82' lang='grc' dir='ltr'><strong>Η.</strong></span> <span class='ocrx_word' id='word_1_61' title='bbox 873 994 1321 1053; x_wconf 89' lang='lat' dir='ltr'><strong>reverendissimo</strong></span> <span class='ocrx_word' id='word_1_62' title='bbox 1364 990 1792 1060; x_wconf 88' lang='lat' dir='ltr'><strong>archiepiscopo,</strong></span> <span class='ocrx_word' id='word_1_63' title='bbox 1824 986 2042 1042; x_wconf 73' lang='lat' dir='ltr'><strong>Penus</strong></span> 
     </span>
    </p>
   </div>
   <div class='ocr_carea' id='block_1_12' title="bbox 468 1076 2040 1163">
    <p class='ocr_par' dir='ltr' id='par_1_12' title="bbox 468 1076 2040 1163">
     <span class='ocr_line' id='line_1_12' title="bbox 468 1076 2040 1163; baseline -0.012 -16"><span class='ocrx_word' id='word_1_64' title='bbox 468 1100 721 1163; x_wconf 74' lang='lat' dir='ltr'><strong>peccator</strong></span> <span class='ocrx_word' id='word_1_65' title='bbox 792 1086 1090 1144; x_wconf 85' lang='lat' dir='ltr'><strong>monachus</strong></span> <span class='ocrx_word' id='word_1_66' title='bbox 1165 1082 1359 1139; x_wconf 64' lang='lat' dir='ltr'><strong>debita:</strong></span> <span class='ocrx_word' id='word_1_67' title='bbox 1442 1077 1790 1150; x_wconf 89' lang='lat' dir='ltr'><strong>subjectionis</strong></span> <span class='ocrx_word' id='word_1_68' title='bbox 1880 1076 2040 1130; x_wconf 88' lang='lat' dir='ltr'><strong>obse-</strong></span> 
     </span>
    </p>
   </div>
   <div class='ocr_carea' id='block_1_13' title="bbox 470 1183 1059 1253">
    <p class='ocr_par' dir='ltr' id='par_1_13' title="bbox 470 1183 1059 1253">
     <span class='ocr_line' id='line_1_13' title="bbox 470 1183 1059 1253; baseline -0.01 -16"><span class='ocrx_word' id='word_1_69' title='bbox 470 1183 678 1253; x_wconf 90' lang='lat' dir='ltr'><strong>quium.</strong></span> <span class='ocrx_word' id='word_1_70' title='bbox 1058 1222 1059 1225; x_wconf 54' lang='grc' dir='ltr'><strong>η</strong></span> 
     </span>
    </p>
   </div>
   <div class='ocr_carea' id='block_1_14' title="bbox 542 1261 2043 1338">
    <p class='ocr_par' dir='ltr' id='par_1_14' title="bbox 542 1261 2043 1338">
     <span class='ocr_line' id='line_1_14' title="bbox 542 1261 2043 1338; baseline -0.01 -12"><span class='ocrx_word' id='word_1_71' title='bbox 542 1272 774 1326; x_wconf 73' lang='lat' dir='ltr'><strong>Litteras</strong></span> <span class='ocrx_word' id='word_1_72' title='bbox 802 1266 977 1338; x_wconf 81' lang='lat' dir='ltr'><strong>sigillo</strong></span> <span class='ocrx_word' id='word_1_73' title='bbox 1004 1273 1197 1320; x_wconf 61' lang='lat' dir='ltr'><strong>vestras</strong></span> <span class='ocrx_word' id='word_1_74' title='bbox 1221 1262 1525 1317; x_wconf 75' lang='lat' dir='ltr'><strong>sanctitatis</strong></span> <span class='ocrx_word' id='word_1_75' title='bbox 1555 1261 1865 1330; x_wconf 81' lang='lat' dir='ltr'><strong>impressas,</strong></span> <span class='ocrx_word' id='word_1_76' title='bbox 1889 1270 2043 1312; x_wconf 80' lang='lat' dir='ltr'><strong>vene-</strong></span> 
     </span>
    </p>
   </div>
   <div class='ocr_carea' id='block_1_15' title="bbox 472 1347 2044 1423">
    <p class='ocr_par' dir='ltr' id='par_1_15' title="bbox 472 1347 2044 1423">
     <span class='ocr_line' id='line_1_15' title="bbox 472 1347 2044 1423; baseline -0.01 -8"><span class='ocrx_word' id='word_1_77' title='bbox 472 1361 657 1415; x_wconf 84' lang='lat' dir='ltr'><strong>rabilis</strong></span> <span class='ocrx_word' id='word_1_78' title='bbox 674 1360 856 1423; x_wconf 86' lang='lat' dir='ltr'><strong>Pater,</strong></span> <span class='ocrx_word' id='word_1_79' title='bbox 883 1372 1007 1411; x_wconf 90' lang='lat' dir='ltr'><strong>mox</strong></span> <span class='ocrx_word' id='word_1_80' title='bbox 1030 1365 1088 1408; x_wconf 93' lang='lat' dir='ltr'><strong>ut</strong></span> <span class='ocrx_word' id='word_1_81' title='bbox 1114 1354 1318 1423; x_wconf 89' lang='lat' dir='ltr'><strong>aspexi,</strong></span> <span class='ocrx_word' id='word_1_82' title='bbox 1345 1359 1624 1421; x_wconf 87' lang='lat' dir='ltr'><strong>promptus</strong></span> <span class='ocrx_word' id='word_1_83' title='bbox 1647 1348 1873 1417; x_wconf 87' lang='lat' dir='ltr'><strong>arripui.</strong></span> <span class='ocrx_word' id='word_1_84' title='bbox 1894 1347 2044 1399; x_wconf 61' lang='lat' dir='ltr'><strong>laetus</strong></span> 
     </span>
    </p>
   </div>
   <div class='ocr_carea' id='block_1_16' title="bbox 471 1436 2044 1521">
    <p class='ocr_par' dir='ltr' id='par_1_16' title="bbox 471 1436 2044 1521">
     <span class='ocr_line' id='line_1_16' title="bbox 471 1436 2044 1521; baseline -0.011 -15"><span class='ocrx_word' id='word_1_85' title='bbox 471 1450 727 1521; x_wconf 75' lang='lat' dir='ltr'><strong>explicui,</strong></span> <span class='ocrx_word' id='word_1_86' title='bbox 754 1448 968 1504; x_wconf 80' lang='lat' dir='ltr'><strong>curiose</strong></span> <span class='ocrx_word' id='word_1_87' title='bbox 997 1444 1216 1517; x_wconf 88' lang='lat' dir='ltr'><strong>perlegi.</strong></span> <span class='ocrx_word' id='word_1_88' title='bbox 1248 1443 1305 1496; x_wconf 82' lang='grc' dir='ltr'><strong>ιιι</strong></span> <span class='ocrx_word' id='word_1_89' title='bbox 1331 1442 1528 1512; x_wconf 88' lang='lat' dir='ltr'><strong>quibus</strong></span> <span class='ocrx_word' id='word_1_90' title='bbox 1559 1440 1813 1495; x_wconf 87' lang='lat' dir='ltr'><strong>nimirum</strong></span> <span class='ocrx_word' id='word_1_91' title='bbox 1844 1436 2044 1506; x_wconf 88' lang='lat' dir='ltr'><strong>liquido</strong></span> 
     </span>
    </p>
   </div>
   <div class='ocr_carea' id='block_1_17' title="bbox 470 1526 2045 1610">
    <p class='ocr_par' dir='ltr' id='par_1_17' title="bbox 470 1526 2045 1610">
     <span class='ocr_line' id='line_1_17' title="bbox 470 1526 2045 1610; baseline -0.008 -16"><span class='ocrx_word' id='word_1_92' title='bbox 470 1541 730 1610; x_wconf 87' lang='lat' dir='ltr'><strong>comperi,</strong></span> <span class='ocrx_word' id='word_1_93' title='bbox 771 1548 826 1593; x_wconf 88' lang='lat' dir='ltr'><strong>et</strong></span> <span class='ocrx_word' id='word_1_94' title='bbox 865 1539 1100 1607; x_wconf 87' lang='lat' dir='ltr'><strong>primum</strong></span> <span class='ocrx_word' id='word_1_95' title='bbox 1143 1535 1286 1587; x_wconf 90' lang='lat' dir='ltr'><strong>circa</strong></span> <span class='ocrx_word' id='word_1_96' title='bbox 1324 1548 1411 1586; x_wconf 91' lang='lat' dir='ltr'><strong>me</strong></span> <span class='ocrx_word' id='word_1_97' title='bbox 1448 1540 1642 1585; x_wconf 64' lang='lat' dir='ltr'><strong>vestrae</strong></span> <span class='ocrx_word' id='word_1_98' title='bbox 1673 1529 1886 1600; x_wconf 86' lang='lat' dir='ltr'><strong>pietatis</strong></span> <span class='ocrx_word' id='word_1_99' title='bbox 1916 1526 2045 1581; x_wconf 83' lang='lat' dir='ltr'><strong>affe-</strong></span> 
     </span>
    </p>
   </div>
   <div class='ocr_carea' id='block_1_18' title="bbox 472 1620 2042 1692">
    <p class='ocr_par' dir='ltr' id='par_1_18' title="bbox 472 1620 2042 1692">
     <span class='ocr_line' id='line_1_18' title="bbox 472 1620 2042 1692; baseline -0.008 -11"><span class='ocrx_word' id='word_1_100' title='bbox 472 1637 638 1692; x_wconf 75' lang='lat' dir='ltr'><strong>ctuni,</strong></span> <span class='ocrx_word' id='word_1_101' title='bbox 663 1637 717 1681; x_wconf 90' lang='lat' dir='ltr'><strong>et</strong></span> <span class='ocrx_word' id='word_1_102' title='bbox 746 1634 951 1680; x_wconf 89' lang='lat' dir='ltr'><strong>certum</strong></span> <span class='ocrx_word' id='word_1_103' title='bbox 984 1624 1049 1678; x_wconf 92' lang='lat' dir='ltr'><strong>de</strong></span> <span class='ocrx_word' id='word_1_104' title='bbox 1077 1637 1139 1677; x_wconf 91' lang='lat' dir='ltr'><strong>ea</strong></span> <span class='ocrx_word' id='word_1_105' title='bbox 1166 1636 1327 1691; x_wconf 87' lang='lat' dir='ltr'><strong>quam</strong></span> <span class='ocrx_word' id='word_1_106' title='bbox 1354 1620 1506 1674; x_wconf 84' lang='lat' dir='ltr'><strong>vobis</strong></span> <span class='ocrx_word' id='word_1_107' title='bbox 1526 1627 1652 1673; x_wconf 83' lang='lat' dir='ltr'><strong>ante</strong></span> <span class='ocrx_word' id='word_1_108' title='bbox 1674 1631 2042 1686; x_wconf 83' lang='lat' dir='ltr'><strong>suggesseram</strong></span> 
     </span>
    </p>
   </div>
   <div class='ocr_carea' id='block_1_19' title="bbox 473 1707 2044 1787">
    <p class='ocr_par' dir='ltr' id='par_1_19' title="bbox 473 1707 2044 1787">
     <span class='ocr_line' id='line_1_19' title="bbox 473 1707 2044 1787; baseline -0.006 -16"><span class='ocrx_word' id='word_1_109' title='bbox 473 1733 590 1771; x_wconf 89' lang='lat' dir='ltr'><strong>mea</strong></span> <span class='ocrx_word' id='word_1_110' title='bbox 620 1716 877 1787; x_wconf 88' lang='lat' dir='ltr'><strong>petitione</strong></span> <span class='ocrx_word' id='word_1_111' title='bbox 903 1714 1249 1784; x_wconf 86' lang='lat' dir='ltr'><strong>promissum.</strong></span> <span class='ocrx_word' id='word_1_112' title='bbox 1282 1711 1412 1765; x_wconf 88' lang='lat' dir='ltr'><strong>Illud</strong></span> <span class='ocrx_word' id='word_1_113' title='bbox 1443 1720 1619 1764; x_wconf 91' lang='lat' dir='ltr'><strong>autem</strong></span> <span class='ocrx_word' id='word_1_114' title='bbox 1649 1709 1791 1778; x_wconf 89' lang='lat' dir='ltr'><strong>quod</strong></span> <span class='ocrx_word' id='word_1_115' title='bbox 1822 1708 1873 1760; x_wconf 95' lang='lat' dir='ltr'><strong>in</strong></span> <span class='ocrx_word' id='word_1_116' title='bbox 1898 1707 2044 1761; x_wconf 89' lang='lat' dir='ltr'><strong>calce</strong></span> 
     </span>
    </p>
   </div>
   <div class='ocr_carea' id='block_1_20' title="bbox 2140 544 3710 619">
    <p class='ocr_par' dir='ltr' id='par_1_20' title="bbox 2140 544 3710 619">
     <span class='ocr_line' id='line_1_20' title="bbox 2140 544 3710 619; baseline -0.003 -15"><span class='ocrx_word' id='word_1_117' title='bbox 2140 549 2257 604; x_wconf 86' lang='lat' dir='ltr'><strong>ficis</strong></span> <span class='ocrx_word' id='word_1_118' title='bbox 2296 550 2595 619; x_wconf 84' lang='lat' dir='ltr'><strong>usurpavit,</strong></span> <span class='ocrx_word' id='word_1_119' title='bbox 2640 562 2746 618; x_wconf 92' lang='lat' dir='ltr'><strong>quo</strong></span> <span class='ocrx_word' id='word_1_120' title='bbox 2780 556 2942 618; x_wconf 91' lang='lat' dir='ltr'><strong>pacto</strong></span> <span class='ocrx_word' id='word_1_121' title='bbox 2976 546 3174 615; x_wconf 89' lang='lat' dir='ltr'><strong>poterit</strong></span> <span class='ocrx_word' id='word_1_122' title='bbox 3215 544 3261 599; x_wconf 92' lang='lat' dir='ltr'><strong>is</strong></span> <span class='ocrx_word' id='word_1_123' title='bbox 3292 546 3385 613; x_wconf 87' lang='lat' dir='ltr'><strong>qui</strong></span> <span class='ocrx_word' id='word_1_124' title='bbox 3431 546 3710 600; x_wconf 88' lang='lat' dir='ltr'><strong>ordinatus</strong></span> 
     </span>
    </p>
   </div>
   <div class='ocr_carea' id='block_1_21' title="bbox 2139 634 3712 707">
    <p class='ocr_par' dir='ltr' id='par_1_21' title="bbox 2139 634 3712 707">
     <span class='ocr_line' id='line_1_21' title="bbox 2139 634 3712 707; baseline -0.002 -14"><span class='ocrx_word' id='word_1_125' title='bbox 2139 647 2244 703; x_wconf 86' lang='lat' dir='ltr'><strong>est,</strong></span> <span class='ocrx_word' id='word_1_126' title='bbox 2276 647 2440 702; x_wconf 89' lang='lat' dir='ltr'><strong>stare,</strong></span> <span class='ocrx_word' id='word_1_127' title='bbox 2472 646 2690 707; x_wconf 87' lang='lat' dir='ltr'><strong>propter</strong></span> <span class='ocrx_word' id='word_1_128' title='bbox 2722 651 2879 706; x_wconf 90' lang='lat' dir='ltr'><strong>quem</strong></span> <span class='ocrx_word' id='word_1_129' title='bbox 2917 634 3089 689; x_wconf 89' lang='lat' dir='ltr'><strong>solum</strong></span> <span class='ocrx_word' id='word_1_130' title='bbox 3119 634 3398 689; x_wconf 89' lang='lat' dir='ltr'><strong>ordinator</strong></span> <span class='ocrx_word' id='word_1_131' title='bbox 3424 634 3540 703; x_wconf 85' lang='lat' dir='ltr'><strong>ejus</strong></span> <span class='ocrx_word' id='word_1_132' title='bbox 3568 634 3712 704; x_wconf 85' lang='lat' dir='ltr'><strong>judi-</strong></span> 
     </span>
    </p>
   </div>
   <div class='ocr_carea' id='block_1_22' title="bbox 2139 722 3710 795">
    <p class='ocr_par' dir='ltr' id='par_1_22' title="bbox 2139 722 3710 795">
     <span class='ocr_line' id='line_1_22' title="bbox 2139 722 3710 795; baseline -0.002 -14"><span class='ocrx_word' id='word_1_133' title='bbox 2139 735 2294 781; x_wconf 87' lang='lat' dir='ltr'><strong>catus</strong></span> <span class='ocrx_word' id='word_1_134' title='bbox 2313 734 2395 782; x_wconf 91' lang='lat' dir='ltr'><strong>est</strong></span> <span class='ocrx_word' id='word_1_135' title='bbox 2419 741 2450 779; x_wconf 92' lang='lat' dir='ltr'><strong>a</strong></span> <span class='ocrx_word' id='word_1_136' title='bbox 2478 740 2573 781; x_wconf 89' lang='lat' dir='ltr'><strong>sua</strong></span> <span class='ocrx_word' id='word_1_137' title='bbox 2606 725 2864 795; x_wconf 76' lang='lat' dir='ltr'><strong>dignitate</strong></span> <span class='ocrx_word' id='word_1_138' title='bbox 2893 725 3183 777; x_wconf 79' lang='lat' dir='ltr'><strong>corruere?</strong></span> <span class='ocrx_word' id='word_1_139' title='bbox 3211 722 3329 778; x_wconf 77' lang='lat' dir='ltr'><strong>Huc</strong></span> <span class='ocrx_word' id='word_1_140' title='bbox 3350 724 3558 778; x_wconf 89' lang='lat' dir='ltr'><strong>accedit</strong></span> <span class='ocrx_word' id='word_1_141' title='bbox 3583 725 3710 794; x_wconf 84' lang='lat' dir='ltr'><strong>quia</strong></span> 
     </span>
    </p>
   </div>
   <div class='ocr_carea' id='block_1_23' title="bbox 2139 811 3711 886">
    <p class='ocr_par' dir='ltr' id='par_1_23' title="bbox 2139 811 3711 886">
     <span class='ocr_line' id='line_1_23' title="bbox 2139 811 3711 886; baseline -0.001 -16"><span class='ocrx_word' id='word_1_142' title='bbox 2139 815 2240 886; x_wconf 63' lang='lat' dir='ltr'><strong>pia:</strong></span> <span class='ocrx_word' id='word_1_143' title='bbox 2299 814 2572 869; x_wconf 71' lang='lat' dir='ltr'><strong>memoria:</strong></span> <span class='ocrx_word' id='word_1_144' title='bbox 2626 812 2933 883; x_wconf 84' lang='lat' dir='ltr'><strong>Stephanus</strong></span> <span class='ocrx_word' id='word_1_145' title='bbox 2986 826 3123 882; x_wconf 89' lang='lat' dir='ltr'><strong>papa</strong></span> <span class='ocrx_word' id='word_1_146' title='bbox 3177 811 3515 882; x_wconf 73' lang='lat' dir='ltr'><strong>congregatis</strong></span> <span class='ocrx_word' id='word_1_147' title='bbox 3569 812 3711 868; x_wconf 78' lang='lat' dir='ltr'><strong>intra</strong></span> 
     </span>
    </p>
   </div>
   <div class='ocr_carea' id='block_1_24' title="bbox 2139 902 3715 975">
    <p class='ocr_par' dir='ltr' id='par_1_24' title="bbox 2139 902 3715 975">
     <span class='ocr_line' id='line_1_24' title="bbox 2139 902 3715 975; baseline -0.001 -14"><span class='ocrx_word' id='word_1_148' title='bbox 2139 905 2420 961; x_wconf 89' lang='lat' dir='ltr'><strong>ecclesiam</strong></span> <span class='ocrx_word' id='word_1_149' title='bbox 2469 905 2736 975; x_wconf 87' lang='lat' dir='ltr'><strong>episcopis</strong></span> <span class='ocrx_word' id='word_1_150' title='bbox 2781 904 3095 973; x_wconf 82' lang='lat' dir='ltr'><strong>civibusque</strong></span> <span class='ocrx_word' id='word_1_151' title='bbox 3137 902 3427 969; x_wconf 80' lang='lat' dir='ltr'><strong>Romanis,</strong></span> <span class='ocrx_word' id='word_1_152' title='bbox 3471 903 3619 960; x_wconf 90' lang='lat' dir='ltr'><strong>clero</strong></span> <span class='ocrx_word' id='word_1_153' title='bbox 3658 917 3715 960; x_wconf 90' lang='lat' dir='ltr'><strong>et</strong></span> 
     </span>
    </p>
   </div>
   <div class='ocr_carea' id='block_1_25' title="bbox 2140 993 3715 1067">
    <p class='ocr_par' dir='ltr' id='par_1_25' title="bbox 2140 993 3715 1067">
     <span class='ocr_line' id='line_1_25' title="bbox 2140 993 3715 1067; baseline -0.001 -17"><span class='ocrx_word' id='word_1_154' title='bbox 2140 996 2357 1067; x_wconf 90' lang='lat' dir='ltr'><strong>populo,</strong></span> <span class='ocrx_word' id='word_1_155' title='bbox 2390 996 2493 1050; x_wconf 89' lang='lat' dir='ltr'><strong>hoc</strong></span> <span class='ocrx_word' id='word_1_156' title='bbox 2529 996 2630 1051; x_wconf 90' lang='lat' dir='ltr'><strong>sub</strong></span> <span class='ocrx_word' id='word_1_157' title='bbox 2663 994 2897 1049; x_wconf 89' lang='lat' dir='ltr'><strong>districti</strong></span> <span class='ocrx_word' id='word_1_158' title='bbox 2943 993 3306 1048; x_wconf 89' lang='lat' dir='ltr'><strong>anathematis</strong></span> <span class='ocrx_word' id='word_1_159' title='bbox 3346 994 3715 1049; x_wconf 79' lang='lat' dir='ltr'><strong>excommuni-</strong></span> 
     </span>
    </p>
   </div>
   <div class='ocr_carea' id='block_1_26' title="bbox 2140 1084 3716 1153">
    <p class='ocr_par' dir='ltr' id='par_1_26' title="bbox 2140 1084 3716 1153">
     <span class='ocr_line' id='line_1_26' title="bbox 2140 1084 3716 1153; baseline -0.003 -11"><span class='ocrx_word' id='word_1_160' title='bbox 2140 1088 2353 1142; x_wconf 90' lang='lat' dir='ltr'><strong>catione</strong></span> <span class='ocrx_word' id='word_1_161' title='bbox 2381 1094 2666 1150; x_wconf 88' lang='lat' dir='ltr'><strong>statuerat,</strong></span> <span class='ocrx_word' id='word_1_162' title='bbox 2696 1094 2756 1140; x_wconf 91' lang='lat' dir='ltr'><strong>ut</strong></span> <span class='ocrx_word' id='word_1_163' title='bbox 2783 1085 2829 1139; x_wconf 90' lang='lat' dir='ltr'><strong>si</strong></span> <span class='ocrx_word' id='word_1_164' title='bbox 2869 1100 2992 1139; x_wconf 90' lang='lat' dir='ltr'><strong>eum</strong></span> <span class='ocrx_word' id='word_1_165' title='bbox 3023 1084 3089 1138; x_wconf 90' lang='lat' dir='ltr'><strong>de</strong></span> <span class='ocrx_word' id='word_1_166' title='bbox 3119 1084 3224 1139; x_wconf 92' lang='lat' dir='ltr'><strong>hoc</strong></span> <span class='ocrx_word' id='word_1_167' title='bbox 3252 1084 3447 1139; x_wconf 83' lang='lat' dir='ltr'><strong>saeculo</strong></span> <span class='ocrx_word' id='word_1_168' title='bbox 3478 1084 3716 1153; x_wconf 87' lang='lat' dir='ltr'><strong>migrare</strong></span> 
     </span>
    </p>
   </div>
   <div class='ocr_carea' id='block_1_27' title="bbox 2141 1173 3714 1247">
    <p class='ocr_par' dir='ltr' id='par_1_27' title="bbox 2141 1173 3714 1247">
     <span class='ocr_line' id='line_1_27' title="bbox 2141 1173 3714 1247; baseline -0.004 -14"><span class='ocrx_word' id='word_1_169' title='bbox 2141 1177 2478 1247; x_wconf 88' lang='lat' dir='ltr'><strong>contingeret</strong></span> <span class='ocrx_word' id='word_1_170' title='bbox 2502 1185 2790 1244; x_wconf 88' lang='lat' dir='ltr'><strong>antequam</strong></span> <span class='ocrx_word' id='word_1_171' title='bbox 2823 1174 3219 1229; x_wconf 78' lang='lat' dir='ltr'><strong>ilildebrandus</strong></span> <span class='ocrx_word' id='word_1_172' title='bbox 3250 1173 3505 1228; x_wconf 76' lang='lat' dir='ltr'><strong>Romana:</strong></span> <span class='ocrx_word' id='word_1_173' title='bbox 3530 1173 3714 1228; x_wconf 86' lang='lat' dir='ltr'><strong>Eccle-</strong></span> 
     </span>
    </p>
   </div>
   <div class='ocr_carea' id='block_1_28' title="bbox 2142 1264 3717 1335">
    <p class='ocr_par' dir='ltr' id='par_1_28' title="bbox 2142 1264 3717 1335">
     <span class='ocr_line' id='line_1_28' title="bbox 2142 1264 3717 1335; baseline -0.003 -13"><span class='ocrx_word' id='word_1_174' title='bbox 2142 1266 2235 1322; x_wconf 78' lang='lat' dir='ltr'><strong>sia:</strong></span> <span class='ocrx_word' id='word_1_175' title='bbox 2267 1267 2647 1332; x_wconf 85' lang='lat' dir='ltr'><strong>subdiaconus,</strong></span> <span class='ocrx_word' id='word_1_176' title='bbox 2684 1265 2775 1335; x_wconf 89' lang='lat' dir='ltr'><strong>qui</strong></span> <span class='ocrx_word' id='word_1_177' title='bbox 2807 1280 2928 1320; x_wconf 91' lang='lat' dir='ltr'><strong>cum</strong></span> <span class='ocrx_word' id='word_1_178' title='bbox 2963 1264 3232 1318; x_wconf 90' lang='lat' dir='ltr'><strong>communi</strong></span> <span class='ocrx_word' id='word_1_179' title='bbox 3262 1264 3501 1318; x_wconf 90' lang='lat' dir='ltr'><strong>omnium</strong></span> <span class='ocrx_word' id='word_1_180' title='bbox 3536 1264 3717 1318; x_wconf 79' lang='lat' dir='ltr'><strong>consi-</strong></span> 
     </span>
    </p>
   </div>
   <div class='ocr_carea' id='block_1_29' title="bbox 2146 1353 3714 1424">
    <p class='ocr_par' dir='ltr' id='par_1_29' title="bbox 2146 1353 3714 1424">
     <span class='ocr_line' id='line_1_29' title="bbox 2146 1353 3714 1424; baseline -0.001 -15"><span class='ocrx_word' id='word_1_181' title='bbox 2146 1356 2219 1411; x_wconf 92' lang='lat' dir='ltr'><strong>lio</strong></span> <span class='ocrx_word' id='word_1_182' title='bbox 2278 1357 2629 1420; x_wconf 90' lang='lat' dir='ltr'><strong>mittebatur,</strong></span> <span class='ocrx_word' id='word_1_183' title='bbox 2676 1355 2744 1410; x_wconf 92' lang='lat' dir='ltr'><strong>ab</strong></span> <span class='ocrx_word' id='word_1_184' title='bbox 2803 1353 3180 1424; x_wconf 74' lang='lat' dir='ltr'><strong>imperatricei</strong></span> <span class='ocrx_word' id='word_1_185' title='bbox 3220 1353 3458 1415; x_wconf 87' lang='lat' dir='ltr'><strong>rediret,</strong></span> <span class='ocrx_word' id='word_1_186' title='bbox 3519 1369 3714 1423; x_wconf 88' lang='lat' dir='ltr'><strong>papam</strong></span> 
     </span>
    </p>
   </div>
   <div class='ocr_carea' id='block_1_30' title="bbox 2143 1441 3715 1516">
    <p class='ocr_par' dir='ltr' id='par_1_30' title="bbox 2143 1441 3715 1516">
     <span class='ocr_line' id='line_1_30' title="bbox 2143 1441 3715 1516; baseline -0.003 -15"><span class='ocrx_word' id='word_1_187' title='bbox 2143 1446 2324 1501; x_wconf 92' lang='lat' dir='ltr'><strong>nullus</strong></span> <span class='ocrx_word' id='word_1_188' title='bbox 2350 1445 2594 1516; x_wconf 86' lang='lat' dir='ltr'><strong>eligeret,</strong></span> <span class='ocrx_word' id='word_1_189' title='bbox 2625 1444 2721 1499; x_wconf 89' lang='lat' dir='ltr'><strong>sed</strong></span> <span class='ocrx_word' id='word_1_190' title='bbox 2748 1444 2907 1498; x_wconf 90' lang='lat' dir='ltr'><strong>sedes</strong></span> <span class='ocrx_word' id='word_1_191' title='bbox 2946 1441 3240 1511; x_wconf 90' lang='lat' dir='ltr'><strong>apostolica</strong></span> <span class='ocrx_word' id='word_1_192' title='bbox 3270 1457 3438 1511; x_wconf 88' lang='lat' dir='ltr'><strong>usque</strong></span> <span class='ocrx_word' id='word_1_193' title='bbox 3470 1445 3536 1496; x_wconf 89' lang='lat' dir='ltr'><strong>ad</strong></span> <span class='ocrx_word' id='word_1_194' title='bbox 3574 1443 3715 1497; x_wconf 91' lang='lat' dir='ltr'><strong>illius</strong></span> 
     </span>
    </p>
   </div>
   <div class='ocr_carea' id='block_1_31' title="bbox 2140 1532 3718 1602">
    <p class='ocr_par' dir='ltr' id='par_1_31' title="bbox 2140 1532 3718 1602">
     <span class='ocr_line' id='line_1_31' title="bbox 2140 1532 3718 1602; baseline -0.004 -9"><span class='ocrx_word' id='word_1_195' title='bbox 2140 1536 2374 1601; x_wconf 80' lang='lat' dir='ltr'><strong>reditum</strong></span> <span class='ocrx_word' id='word_1_196' title='bbox 2420 1537 2620 1589; x_wconf 89' lang='lat' dir='ltr'><strong>intacta</strong></span> <span class='ocrx_word' id='word_1_197' title='bbox 2662 1542 2900 1587; x_wconf 88' lang='lat' dir='ltr'><strong>vacaret.</strong></span> <span class='ocrx_word' id='word_1_198' title='bbox 2946 1533 3021 1586; x_wconf 90' lang='lat' dir='ltr'><strong>De</strong></span> <span class='ocrx_word' id='word_1_199' title='bbox 3069 1532 3153 1587; x_wconf 88' lang='lat' dir='ltr'><strong>his</strong></span> <span class='ocrx_word' id='word_1_200' title='bbox 3197 1546 3360 1601; x_wconf 91' lang='lat' dir='ltr'><strong>porro</strong></span> <span class='ocrx_word' id='word_1_201' title='bbox 3402 1532 3551 1602; x_wconf 89' lang='lat' dir='ltr'><strong>plura</strong></span> <span class='ocrx_word' id='word_1_202' title='bbox 3590 1541 3718 1588; x_wconf 89' lang='lat' dir='ltr'><strong>sunt</strong></span> 
     </span>
    </p>
   </div>
   <div class='ocr_carea' id='block_1_32' title="bbox 2144 1622 3715 1697">
    <p class='ocr_par' dir='ltr' id='par_1_32' title="bbox 2144 1622 3715 1697">
     <span class='ocr_line' id='line_1_32' title="bbox 2144 1622 3715 1697; baseline -0.003 -15"><span class='ocrx_word' id='word_1_203' title='bbox 2144 1642 2263 1697; x_wconf 76' lang='lat' dir='ltr'><strong>qua:</strong></span> <span class='ocrx_word' id='word_1_204' title='bbox 2298 1626 2567 1681; x_wconf 82' lang='lat' dir='ltr'><strong>dicantur.</strong></span> <span class='ocrx_word' id='word_1_205' title='bbox 2599 1624 2705 1679; x_wconf 89' lang='lat' dir='ltr'><strong>Sed</strong></span> <span class='ocrx_word' id='word_1_206' title='bbox 2740 1639 2806 1679; x_wconf 91' lang='lat' dir='ltr'><strong>ne</strong></span> <span class='ocrx_word' id='word_1_207' title='bbox 2848 1623 3110 1679; x_wconf 87' lang='lat' dir='ltr'><strong>sanctitas</strong></span> <span class='ocrx_word' id='word_1_208' title='bbox 3145 1633 3319 1677; x_wconf 89' lang='lat' dir='ltr'><strong>vestra</strong></span> <span class='ocrx_word' id='word_1_209' title='bbox 3354 1622 3599 1693; x_wconf 88' lang='lat' dir='ltr'><strong>pluribus</strong></span> <span class='ocrx_word' id='word_1_210' title='bbox 3629 1623 3715 1678; x_wconf 91' lang='lat' dir='ltr'><strong>in-</strong></span> 
     </span>
    </p>
   </div>
   <div class='ocr_carea' id='block_1_33' title="bbox 2148 1713 3714 1785">
    <p class='ocr_par' dir='ltr' id='par_1_33' title="bbox 2148 1713 3714 1785">
     <span class='ocr_line' id='line_1_33' title="bbox 2148 1713 3714 1785; baseline -0.001 -15"><span class='ocrx_word' id='word_1_211' title='bbox 2148 1724 2294 1772; x_wconf 91' lang='lat' dir='ltr'><strong>tenta</strong></span> <span class='ocrx_word' id='word_1_212' title='bbox 2331 1715 2563 1785; x_wconf 85' lang='lat' dir='ltr'><strong>negotiis</strong></span> <span class='ocrx_word' id='word_1_213' title='bbox 2601 1714 2831 1785; x_wconf 85' lang='lat' dir='ltr'><strong>prolixa,</strong></span> <span class='ocrx_word' id='word_1_214' title='bbox 2875 1713 3017 1783; x_wconf 92' lang='lat' dir='ltr'><strong>quod</strong></span> <span class='ocrx_word' id='word_1_215' title='bbox 3062 1713 3223 1779; x_wconf 90' lang='lat' dir='ltr'><strong>absit,</strong></span> <span class='ocrx_word' id='word_1_216' title='bbox 3257 1714 3423 1768; x_wconf 89' lang='lat' dir='ltr'><strong>verba</strong></span> <span class='ocrx_word' id='word_1_217' title='bbox 3458 1713 3714 1778; x_wconf 80' lang='lat' dir='ltr'><strong>fastidiat,</strong></span> 
     </span>
    </p>
   </div>
   <div class='ocr_carea' id='block_1_34' title="bbox 469 1798 3718 1878">
    <p class='ocr_par' dir='ltr' id='par_1_34' title="bbox 469 1798 3718 1878">
     <span class='ocr_line' id='line_1_34' title="bbox 469 1798 3718 1878; baseline -0.002 -15"><span class='ocrx_word' id='word_1_218' title='bbox 469 1808 777 1878; x_wconf 89' lang='lat' dir='ltr'><strong>subjecistis</strong></span> <span class='ocrx_word' id='word_1_219' title='bbox 818 1805 1081 1876; x_wconf 68' lang='lat' dir='ltr'><strong>epistolm,</strong></span> <span class='ocrx_word' id='word_1_220' title='bbox 1113 1812 1173 1857; x_wconf 89' lang='lat' dir='ltr'><strong>ut</strong></span> <span class='ocrx_word' id='word_1_221' title='bbox 1206 1804 1357 1858; x_wconf 88' lang='lat' dir='ltr'><strong>vobis</strong></span> <span class='ocrx_word' id='word_1_222' title='bbox 1399 1803 1693 1858; x_wconf 86' lang='lat' dir='ltr'><strong>scriberem</strong></span> <span class='ocrx_word' id='word_1_223' title='bbox 1738 1800 1867 1871; x_wconf 88' lang='lat' dir='ltr'><strong>quid</strong></span> <span class='ocrx_word' id='word_1_224' title='bbox 1913 1798 2042 1853; x_wconf 89' lang='lat' dir='ltr'><strong>mihi</strong></span> <span class='ocrx_word' id='word_1_225' title='bbox 2071 1802 2121 1865; x_wconf 66' lang='grc' dir='ltr'><strong><em>Β</em></strong></span> <span class='ocrx_word' id='word_1_226' title='bbox 2146 1816 2200 1862; x_wconf 73' lang='grc' dir='ltr'>οι</span> <span class='ocrx_word' id='word_1_227' title='bbox 2231 1806 2426 1877; x_wconf 59' lang='lat' dir='ltr'><strong>regula:</strong></span> <span class='ocrx_word' id='word_1_228' title='bbox 2459 1820 2571 1859; x_wconf 64' lang='lat' dir='ltr'><strong>sum</strong></span> <span class='ocrx_word' id='word_1_229' title='bbox 2609 1804 2835 1858; x_wconf 86' lang='lat' dir='ltr'><strong>limitem</strong></span> <span class='ocrx_word' id='word_1_230' title='bbox 2873 1803 3163 1874; x_wconf 88' lang='lat' dir='ltr'><strong>epistolare</strong></span> <span class='ocrx_word' id='word_1_231' title='bbox 3199 1803 3575 1873; x_wconf 84' lang='lat' dir='ltr'><strong>compendium</strong></span> <span class='ocrx_word' id='word_1_232' title='bbox 3609 1819 3718 1859; x_wconf 88' lang='lat' dir='ltr'><strong>non</strong></span> 
     </span>
    </p>
   </div>
   <div class='ocr_carea' id='block_1_35' title="bbox 468 1886 2045 1963">
    <p class='ocr_par' dir='ltr' id='par_1_35' title="bbox 468 1886 2045 1963">
     <span class='ocr_line' id='line_1_35' title="bbox 468 1886 2045 1963; baseline -0.008 -12"><span class='ocrx_word' id='word_1_233' title='bbox 468 1896 536 1951; x_wconf 90' lang='lat' dir='ltr'><strong>de</strong></span> <span class='ocrx_word' id='word_1_234' title='bbox 576 1912 641 1951; x_wconf 88' lang='lat' dir='ltr'><strong>eo</strong></span> <span class='ocrx_word' id='word_1_235' title='bbox 668 1896 757 1963; x_wconf 91' lang='lat' dir='ltr'><strong>qui</strong></span> <span class='ocrx_word' id='word_1_236' title='bbox 791 1895 845 1949; x_wconf 93' lang='lat' dir='ltr'><strong>in</strong></span> <span class='ocrx_word' id='word_1_237' title='bbox 871 1890 1165 1963; x_wconf 90' lang='lat' dir='ltr'><strong>apostolica</strong></span> <span class='ocrx_word' id='word_1_238' title='bbox 1206 1891 1334 1946; x_wconf 89' lang='lat' dir='ltr'><strong>sede</strong></span> <span class='ocrx_word' id='word_1_239' title='bbox 1377 1904 1519 1944; x_wconf 92' lang='lat' dir='ltr'><strong>nunc</strong></span> <span class='ocrx_word' id='word_1_240' title='bbox 1560 1888 1831 1959; x_wconf 73' lang='lat' dir='ltr'><strong>przrsidet,</strong></span> <span class='ocrx_word' id='word_1_241' title='bbox 1861 1886 1945 1941; x_wconf 90' lang='lat' dir='ltr'><strong>vel</strong></span> <span class='ocrx_word' id='word_1_242' title='bbox 1978 1901 2045 1940; x_wconf 92' lang='lat' dir='ltr'><strong>eo</strong></span> 
     </span>
    </p>
   </div>
   <div class='ocr_carea' id='block_1_36' title="bbox 471 1980 2046 2056">
    <p class='ocr_par' dir='ltr' id='par_1_36' title="bbox 471 1980 2046 2056">
     <span class='ocr_line' id='line_1_36' title="bbox 471 1980 2046 2056; baseline -0.006 -16"><span class='ocrx_word' id='word_1_243' title='bbox 471 1987 562 2056; x_wconf 91' lang='lat' dir='ltr'><strong>qui</strong></span> <span class='ocrx_word' id='word_1_244' title='bbox 600 1984 840 2053; x_wconf 87' lang='lat' dir='ltr'><strong>ejusdem</strong></span> <span class='ocrx_word' id='word_1_245' title='bbox 879 1983 1024 2038; x_wconf 87' lang='lat' dir='ltr'><strong>sedis</strong></span> <span class='ocrx_word' id='word_1_246' title='bbox 1060 1981 1262 2037; x_wconf 90' lang='lat' dir='ltr'><strong>electus</strong></span> <span class='ocrx_word' id='word_1_247' title='bbox 1304 1995 1425 2036; x_wconf 91' lang='lat' dir='ltr'><strong>esse</strong></span> <span class='ocrx_word' id='word_1_248' title='bbox 1466 1980 1707 2044; x_wconf 90' lang='lat' dir='ltr'><strong>videtur;</strong></span> <span class='ocrx_word' id='word_1_249' title='bbox 1736 1992 2046 2048; x_wconf 87' lang='lat' dir='ltr'><strong>quanquam</strong></span> 
     </span>
    </p>
   </div>
   <div class='ocr_carea' id='block_1_37' title="bbox 476 2067 2050 2146">
    <p class='ocr_par' dir='ltr' id='par_1_37' title="bbox 476 2067 2050 2146">
     <span class='ocr_line' id='line_1_37' title="bbox 476 2067 2050 2146; baseline -0.008 -14"><span class='ocrx_word' id='word_1_250' title='bbox 476 2092 576 2146; x_wconf 91' lang='lat' dir='ltr'><strong>per</strong></span> <span class='ocrx_word' id='word_1_251' title='bbox 614 2074 899 2131; x_wconf 88' lang='lat' dir='ltr'><strong>nonnullos</strong></span> <span class='ocrx_word' id='word_1_252' title='bbox 930 2072 1182 2127; x_wconf 73' lang='lat' dir='ltr'><strong>Ecclesia:</strong></span> <span class='ocrx_word' id='word_1_253' title='bbox 1220 2080 1411 2125; x_wconf 70' lang='lat' dir='ltr'><strong>vestra:</strong></span> <span class='ocrx_word' id='word_1_254' title='bbox 1442 2069 1577 2123; x_wconf 87' lang='lat' dir='ltr'><strong>filios</strong></span> <span class='ocrx_word' id='word_1_255' title='bbox 1599 2068 1709 2146; x_wconf 83' lang='lat' dir='ltr'><strong>jam</strong></span> <span class='ocrx_word' id='word_1_256' title='bbox 1739 2067 2050 2137; x_wconf 88' lang='lat' dir='ltr'><strong>potuissetis</strong></span> 
     </span>
    </p>
   </div>
   <div class='ocr_carea' id='block_1_38' title="bbox 475 2145 2048 2237">
    <p class='ocr_par' dir='ltr' id='par_1_38' title="bbox 475 2145 2048 2237">
     <span class='ocr_line' id='line_1_38' title="bbox 475 2145 2048 2237; baseline -0.009 -14"><span class='ocrx_word' id='word_1_257' title='bbox 475 2145 663 2224; x_wconf 80' lang='lat' dir='ltr'><strong>audire</strong></span> <span class='ocrx_word' id='word_1_258' title='bbox 706 2182 827 2237; x_wconf 71' lang='lat' dir='ltr'><strong>qua:</strong></span> <span class='ocrx_word' id='word_1_259' title='bbox 864 2165 937 2219; x_wconf 86' lang='lat' dir='ltr'><strong>sit</strong></span> <span class='ocrx_word' id='word_1_260' title='bbox 976 2172 1159 2218; x_wconf 90' lang='lat' dir='ltr'><strong>nostra</strong></span> <span class='ocrx_word' id='word_1_261' title='bbox 1190 2176 1350 2230; x_wconf 81' lang='lat' dir='ltr'><strong>super</strong></span> <span class='ocrx_word' id='word_1_262' title='bbox 1386 2161 1574 2215; x_wconf 88' lang='lat' dir='ltr'><strong>horum</strong></span> <span class='ocrx_word' id='word_1_263' title='bbox 1614 2145 1840 2213; x_wconf 83' lang='lat' dir='ltr'><strong>duorum</strong></span> <span class='ocrx_word' id='word_1_264' title='bbox 1874 2157 2048 2211; x_wconf 87' lang='lat' dir='ltr'><strong>homi-</strong></span> 
     </span>
    </p>
   </div>
   <div class='ocr_carea' id='block_1_39' title="bbox 468 2248 2046 2320">
    <p class='ocr_par' dir='ltr' id='par_1_39' title="bbox 468 2248 2046 2320">
     <span class='ocr_line' id='line_1_39' title="bbox 468 2248 2046 2320; baseline -0.009 -4"><span class='ocrx_word' id='word_1_265' title='bbox 468 2276 599 2316; x_wconf 91' lang='lat' dir='ltr'><strong>num</strong></span> <span class='ocrx_word' id='word_1_266' title='bbox 652 2259 964 2314; x_wconf 81' lang='lat' dir='ltr'><strong>diversitate</strong></span> <span class='ocrx_word' id='word_1_267' title='bbox 1024 2255 1321 2317; x_wconf 88' lang='lat' dir='ltr'><strong>sententia,</strong></span> <span class='ocrx_word' id='word_1_268' title='bbox 1354 2260 1530 2306; x_wconf 89' lang='lat' dir='ltr'><strong>tamen</strong></span> <span class='ocrx_word' id='word_1_269' title='bbox 1570 2250 1694 2319; x_wconf 86' lang='lat' dir='ltr'><strong>quia</strong></span> <span class='ocrx_word' id='word_1_270' title='bbox 1723 2248 2046 2320; x_wconf 68' lang='lat' dir='ltr'><strong>praecipitis,</strong></span> 
     </span>
    </p>
   </div>
   <div class='ocr_carea' id='block_1_40' title="bbox 467 2342 2049 2422">
    <p class='ocr_par' dir='ltr' id='par_1_40' title="bbox 467 2342 2049 2422">
     <span class='ocr_line' id='line_1_40' title="bbox 467 2342 2049 2422; baseline -0.011 -12"><span class='ocrx_word' id='word_1_271' title='bbox 467 2355 633 2411; x_wconf 90' lang='lat' dir='ltr'><strong>etiam</strong></span> <span class='ocrx_word' id='word_1_272' title='bbox 673 2352 917 2422; x_wconf 87' lang='lat' dir='ltr'><strong>apicibus</strong></span> <span class='ocrx_word' id='word_1_273' title='bbox 958 2348 1301 2402; x_wconf 88' lang='lat' dir='ltr'><strong>adnotamus.</strong></span> <span class='ocrx_word' id='word_1_274' title='bbox 1334 2345 1429 2399; x_wconf 88' lang='lat' dir='ltr'><strong>Ille</strong></span> <span class='ocrx_word' id='word_1_275' title='bbox 1460 2344 1736 2407; x_wconf 87' lang='lat' dir='ltr'><strong>nimirum,</strong></span> <span class='ocrx_word' id='word_1_276' title='bbox 1784 2342 1836 2396; x_wconf 93' lang='lat' dir='ltr'><strong>in</strong></span> <span class='ocrx_word' id='word_1_277' title='bbox 1875 2355 2049 2409; x_wconf 88' lang='lat' dir='ltr'><strong>quan-</strong></span> 
     </span>
    </p>
   </div>
   <div class='ocr_carea' id='block_1_41' title="bbox 473 2432 2044 2507">
    <p class='ocr_par' dir='ltr' id='par_1_41' title="bbox 473 2432 2044 2507">
     <span class='ocr_line' id='line_1_41' title="bbox 473 2432 2044 2507; baseline -0.011 -6"><span class='ocrx_word' id='word_1_278' title='bbox 473 2455 585 2501; x_wconf 90' lang='lat' dir='ltr'><strong>tum</strong></span> <span class='ocrx_word' id='word_1_279' title='bbox 615 2444 747 2498; x_wconf 89' lang='lat' dir='ltr'><strong>mihi</strong></span> <span class='ocrx_word' id='word_1_280' title='bbox 773 2442 1011 2505; x_wconf 86' lang='lat' dir='ltr'><strong>videtur,</strong></span> <span class='ocrx_word' id='word_1_281' title='bbox 1035 2439 1240 2507; x_wconf 89' lang='lat' dir='ltr'><strong>absque</strong></span> <span class='ocrx_word' id='word_1_282' title='bbox 1269 2435 1375 2491; x_wconf 91' lang='lat' dir='ltr'><strong>ulla</strong></span> <span class='ocrx_word' id='word_1_283' title='bbox 1399 2434 1747 2490; x_wconf 89' lang='lat' dir='ltr'><strong>excusatione</strong></span> <span class='ocrx_word' id='word_1_284' title='bbox 1773 2432 2044 2488; x_wconf 87' lang='lat' dir='ltr'><strong>Simonia-</strong></span> 
     </span>
    </p>
   </div>
   <div class='ocr_carea' id='block_1_42' title="bbox 465 2522 2045 2600">
    <p class='ocr_par' dir='ltr' id='par_1_42' title="bbox 465 2522 2045 2600">
     <span class='ocr_line' id='line_1_42' title="bbox 465 2522 2045 2600; baseline -0.011 -11"><span class='ocrx_word' id='word_1_285' title='bbox 465 2549 564 2589; x_wconf 90' lang='lat' dir='ltr'><strong>cus</strong></span> <span class='ocrx_word' id='word_1_286' title='bbox 591 2541 695 2598; x_wconf 86' lang='lat' dir='ltr'><strong>est,</strong></span> <span class='ocrx_word' id='word_1_287' title='bbox 719 2530 845 2600; x_wconf 90' lang='lat' dir='ltr'><strong>quia</strong></span> <span class='ocrx_word' id='word_1_288' title='bbox 878 2528 1036 2583; x_wconf 92' lang='lat' dir='ltr'><strong>nobis</strong></span> <span class='ocrx_word' id='word_1_289' title='bbox 1068 2525 1320 2582; x_wconf 92' lang='lat' dir='ltr'><strong>omnibus</strong></span> <span class='ocrx_word' id='word_1_290' title='bbox 1350 2522 1590 2592; x_wconf 89' lang='lat' dir='ltr'><strong>ejusdem</strong></span> <span class='ocrx_word' id='word_1_291' title='bbox 1620 2522 1769 2576; x_wconf 88' lang='lat' dir='ltr'><strong>urbis</strong></span> <span class='ocrx_word' id='word_1_292' title='bbox 1792 2522 2045 2576; x_wconf 86' lang='lat' dir='ltr'><strong>cardina-</strong></span> 
     </span>
    </p>
   </div>
   <div class='ocr_carea' id='block_1_43' title="bbox 468 2611 2044 2689">
    <p class='ocr_par' dir='ltr' id='par_1_43' title="bbox 468 2611 2044 2689">
     <span class='ocr_line' id='line_1_43' title="bbox 468 2611 2044 2689; baseline -0.009 -13"><span class='ocrx_word' id='word_1_293' title='bbox 468 2622 608 2676; x_wconf 89' lang='lat' dir='ltr'><strong>libus</strong></span> <span class='ocrx_word' id='word_1_294' title='bbox 631 2618 898 2689; x_wconf 85' lang='lat' dir='ltr'><strong>episc0pis</strong></span> <span class='ocrx_word' id='word_1_295' title='bbox 937 2615 1377 2678; x_wconf 90' lang='lat' dir='ltr'><strong>reclamantibus,</strong></span> <span class='ocrx_word' id='word_1_296' title='bbox 1407 2611 1799 2667; x_wconf 90' lang='lat' dir='ltr'><strong>obsistentibus</strong></span> <span class='ocrx_word' id='word_1_297' title='bbox 1840 2620 1897 2665; x_wconf 87' lang='lat' dir='ltr'><strong>et</strong></span> <span class='ocrx_word' id='word_1_298' title='bbox 1936 2619 2044 2663; x_wconf 86' lang='lat' dir='ltr'><strong>ter-</strong></span> 
     </span>
    </p>
   </div>
   <div class='ocr_carea' id='block_1_44' title="bbox 469 2704 2047 2770">
    <p class='ocr_par' dir='ltr' id='par_1_44' title="bbox 469 2704 2047 2770">
     <span class='ocr_line' id='line_1_44' title="bbox 469 2704 2047 2770; baseline -0.008 -4"><span class='ocrx_word' id='word_1_299' title='bbox 469 2711 701 2766; x_wconf 89' lang='lat' dir='ltr'><strong>ribiliter</strong></span> <span class='ocrx_word' id='word_1_300' title='bbox 769 2704 1387 2770; x_wconf 85' lang='lat' dir='ltr'><strong>anathematizantibus,</strong></span> <span class='ocrx_word' id='word_1_301' title='bbox 1459 2712 1725 2758; x_wconf 90' lang='lat' dir='ltr'><strong>nocturno</strong></span> <span class='ocrx_word' id='word_1_302' title='bbox 1805 2711 2047 2769; x_wconf 90' lang='lat' dir='ltr'><strong>tempore</strong></span> 
     </span>
    </p>
   </div>
   <div class='ocr_carea' id='block_1_45' title="bbox 472 2791 2050 2862">
    <p class='ocr_par' dir='ltr' id='par_1_45' title="bbox 472 2791 2050 2862">
     <span class='ocr_line' id='line_1_45' title="bbox 472 2791 2050 2862; baseline -0.005 -8"><span class='ocrx_word' id='word_1_303' title='bbox 472 2815 599 2855; x_wconf 90' lang='lat' dir='ltr'><strong>cum</strong></span> <span class='ocrx_word' id='word_1_304' title='bbox 647 2807 977 2853; x_wconf 83' lang='lat' dir='ltr'><strong>armatorum</strong></span> <span class='ocrx_word' id='word_1_305' title='bbox 1015 2795 1186 2849; x_wconf 89' lang='lat' dir='ltr'><strong>turbis</strong></span> <span class='ocrx_word' id='word_1_306' title='bbox 1228 2794 1462 2862; x_wconf 91' lang='lat' dir='ltr'><strong>undique</strong></span> <span class='ocrx_word' id='word_1_307' title='bbox 1509 2791 1959 2846; x_wconf 87' lang='lat' dir='ltr'><strong>tumultuantibus</strong></span> <span class='ocrx_word' id='word_1_308' title='bbox 1993 2800 2050 2846; x_wconf 92' lang='lat' dir='ltr'><strong>ct</strong></span> 
     </span>
    </p>
   </div>
   <div class='ocr_carea' id='block_1_46' title="bbox 468 2881 2048 2950">
    <p class='ocr_par' dir='ltr' id='par_1_46' title="bbox 468 2881 2048 2950">
     <span class='ocr_line' id='line_1_46' title="bbox 468 2881 2048 2950; baseline -0.003 -9"><span class='ocrx_word' id='word_1_309' title='bbox 468 2889 773 2943; x_wconf 90' lang='lat' dir='ltr'><strong>furentibus</strong></span> <span class='ocrx_word' id='word_1_310' title='bbox 822 2887 1219 2942; x_wconf 84' lang='lat' dir='ltr'><strong>inthronizalus</strong></span> <span class='ocrx_word' id='word_1_311' title='bbox 1254 2894 1355 2938; x_wconf 91' lang='lat' dir='ltr'><strong>est.</strong></span> <span class='ocrx_word' id='word_1_312' title='bbox 1396 2883 1601 2938; x_wconf 90' lang='lat' dir='ltr'><strong>Dehinc</strong></span> <span class='ocrx_word' id='word_1_313' title='bbox 1642 2882 1709 2936; x_wconf 91' lang='lat' dir='ltr'><strong>ad</strong></span> <span class='ocrx_word' id='word_1_314' title='bbox 1749 2881 2048 2950; x_wconf 84' lang='lat' dir='ltr'><strong>marsupio—</strong></span> 
     </span>
    </p>
   </div>
   <div class='ocr_carea' id='block_1_47' title="bbox 471 2972 2048 3048">
    <p class='ocr_par' dir='ltr' id='par_1_47' title="bbox 471 2972 2048 3048">
     <span class='ocr_line' id='line_1_47' title="bbox 471 2972 2048 3048; baseline -0.006 -14"><span class='ocrx_word' id='word_1_315' title='bbox 471 2995 589 3034; x_wconf 89' lang='lat' dir='ltr'><strong>rum</strong></span> <span class='ocrx_word' id='word_1_316' title='bbox 627 2977 925 3048; x_wconf 88' lang='lat' dir='ltr'><strong>patrocinia</strong></span> <span class='ocrx_word' id='word_1_317' title='bbox 968 2977 1177 3031; x_wconf 90' lang='lat' dir='ltr'><strong>funesta</strong></span> <span class='ocrx_word' id='word_1_318' title='bbox 1218 2973 1523 3036; x_wconf 91' lang='lat' dir='ltr'><strong>concurrit,</strong></span> <span class='ocrx_word' id='word_1_319' title='bbox 1558 2972 1787 3042; x_wconf 89' lang='lat' dir='ltr'><strong>pecunia</strong></span> <span class='ocrx_word' id='word_1_320' title='bbox 1825 2986 1923 3041; x_wconf 90' lang='lat' dir='ltr'><strong>per</strong></span> <span class='ocrx_word' id='word_1_321' title='bbox 1961 2986 2048 3025; x_wconf 87' lang='lat' dir='ltr'><strong>re-</strong></span> 
     </span>
    </p>
   </div>
   <div class='ocr_carea' id='block_1_48' title="bbox 467 3059 2046 3140">
    <p class='ocr_par' dir='ltr' id='par_1_48' title="bbox 467 3059 2046 3140">
     <span class='ocr_line' id='line_1_48' title="bbox 467 3059 2046 3140; baseline -0.006 -18"><span class='ocrx_word' id='word_1_322' title='bbox 467 3070 678 3140; x_wconf 88' lang='lat' dir='ltr'><strong>giones,</strong></span> <span class='ocrx_word' id='word_1_323' title='bbox 708 3068 997 3131; x_wconf 87' lang='lat' dir='ltr'><strong>andronas,</strong></span> <span class='ocrx_word' id='word_1_324' title='bbox 1029 3064 1114 3120; x_wconf 89' lang='lat' dir='ltr'><strong>vel</strong></span> <span class='ocrx_word' id='word_1_325' title='bbox 1153 3064 1470 3133; x_wconf 87' lang='lat' dir='ltr'><strong>angiportus</strong></span> <span class='ocrx_word' id='word_1_326' title='bbox 1506 3063 1560 3116; x_wconf 92' lang='lat' dir='ltr'><strong>in</strong></span> <span class='ocrx_word' id='word_1_327' title='bbox 1598 3059 1825 3131; x_wconf 90' lang='lat' dir='ltr'><strong>populos</strong></span> <span class='ocrx_word' id='word_1_328' title='bbox 1851 3074 2046 3131; x_wconf 85' lang='lat' dir='ltr'><strong>eroga-</strong></span> 
     </span>
    </p>
   </div>
   <div class='ocr_carea' id='block_1_49' title="bbox 2145 1893 3011 1961">
    <p class='ocr_par' dir='ltr' id='par_1_49' title="bbox 2145 1893 3011 1961">
     <span class='ocr_line' id='line_1_49' title="bbox 2145 1893 3011 1961; baseline -0.001 -12"><span class='ocrx_word' id='word_1_329' title='bbox 2145 1897 2387 1961; x_wconf 88' lang='lat' dir='ltr'><strong>excedat,</strong></span> <span class='ocrx_word' id='word_1_330' title='bbox 2421 1910 2563 1949; x_wconf 91' lang='lat' dir='ltr'><strong>nunc</strong></span> <span class='ocrx_word' id='word_1_331' title='bbox 2591 1896 2692 1950; x_wconf 87' lang='lat' dir='ltr'><strong>ista</strong></span> <span class='ocrx_word' id='word_1_332' title='bbox 2724 1893 3011 1949; x_wconf 74' lang='lat' dir='ltr'><strong>sufﬁciant.</strong></span> 
     </span>
    </p>
   </div>
   <div class='ocr_carea' id='block_1_50' title="bbox 2218 1983 3719 2054">
    <p class='ocr_par' dir='ltr' id='par_1_50' title="bbox 2218 1983 3719 2054">
     <span class='ocr_line' id='line_1_50' title="bbox 2218 1983 3719 2054; baseline -0.001 -14"><span class='ocrx_word' id='word_1_333' title='bbox 2218 1984 2287 2041; x_wconf 89' lang='lat' dir='ltr'><strong>Ut</strong></span> <span class='ocrx_word' id='word_1_334' title='bbox 2338 1995 2517 2038; x_wconf 89' lang='lat' dir='ltr'><strong>autem</strong></span> <span class='ocrx_word' id='word_1_335' title='bbox 2573 1983 3003 2054; x_wconf 89' lang='lat' dir='ltr'><strong>percunctationi</strong></span> <span class='ocrx_word' id='word_1_336' title='bbox 3054 1992 3249 2038; x_wconf 76' lang='lat' dir='ltr'><strong>vestra:</strong></span> <span class='ocrx_word' id='word_1_337' title='bbox 3298 1983 3351 2038; x_wconf 93' lang='lat' dir='ltr'><strong>in</strong></span> <span class='ocrx_word' id='word_1_338' title='bbox 3406 1984 3507 2039; x_wconf 87' lang='lat' dir='ltr'><strong>hoc</strong></span> <span class='ocrx_word' id='word_1_339' title='bbox 3551 1984 3719 2039; x_wconf 90' lang='lat' dir='ltr'><strong>etiam</strong></span> 
     </span>
    </p>
   </div>
   <div class='ocr_carea' id='block_1_51' title="bbox 2146 2072 3719 2143">
    <p class='ocr_par' dir='ltr' id='par_1_51' title="bbox 2146 2072 3719 2143">
     <span class='ocr_line' id='line_1_51' title="bbox 2146 2072 3719 2143; baseline 0 -14"><span class='ocrx_word' id='word_1_340' title='bbox 2146 2083 2332 2130; x_wconf 88' lang='lat' dir='ltr'><strong>nostra</strong></span> <span class='ocrx_word' id='word_1_341' title='bbox 2381 2075 2660 2143; x_wconf 89' lang='lat' dir='ltr'><strong>responsio</strong></span> <span class='ocrx_word' id='word_1_342' title='bbox 2712 2072 3047 2138; x_wconf 81' lang='lat' dir='ltr'><strong>satisfaciat,</strong></span> <span class='ocrx_word' id='word_1_343' title='bbox 3094 2072 3161 2127; x_wconf 91' lang='lat' dir='ltr'><strong>de</strong></span> <span class='ocrx_word' id='word_1_344' title='bbox 3213 2073 3386 2128; x_wconf 89' lang='lat' dir='ltr'><strong>electo</strong></span> <span class='ocrx_word' id='word_1_345' title='bbox 3435 2074 3538 2129; x_wconf 90' lang='lat' dir='ltr'><strong>hoc</strong></span> <span class='ocrx_word' id='word_1_346' title='bbox 3584 2074 3719 2129; x_wconf 86' lang='lat' dir='ltr'><strong>mihi</strong></span> 
     </span>
    </p>
   </div>
   <div class='ocr_carea' id='block_1_52' title="bbox 2146 2164 3717 2236">
    <p class='ocr_par' dir='ltr' id='par_1_52' title="bbox 2146 2164 3717 2236">
     <span class='ocr_line' id='line_1_52' title="bbox 2146 2164 3717 2236; baseline 0.002 -18"><span class='ocrx_word' id='word_1_347' title='bbox 2146 2165 2379 2231; x_wconf 88' lang='lat' dir='ltr'><strong>videtur,</strong></span> <span class='ocrx_word' id='word_1_348' title='bbox 2406 2165 2531 2233; x_wconf 89' lang='lat' dir='ltr'><strong>quia</strong></span> <span class='ocrx_word' id='word_1_349' title='bbox 2572 2165 2711 2220; x_wconf 88' lang='lat' dir='ltr'><strong>bene</strong></span> <span class='ocrx_word' id='word_1_350' title='bbox 2748 2164 3017 2219; x_wconf 90' lang='lat' dir='ltr'><strong>litteratus</strong></span> <span class='ocrx_word' id='word_1_351' title='bbox 3052 2175 3153 2229; x_wconf 87' lang='lat' dir='ltr'><strong>est,</strong></span> <span class='ocrx_word' id='word_1_352' title='bbox 3180 2174 3236 2219; x_wconf 91' lang='lat' dir='ltr'><strong>et</strong></span> <span class='ocrx_word' id='word_1_353' title='bbox 3268 2167 3466 2221; x_wconf 77' lang='lat' dir='ltr'><strong>vivacis</strong></span> <span class='ocrx_word' id='word_1_354' title='bbox 3493 2167 3717 2236; x_wconf 83' lang='lat' dir='ltr'><strong>ingenii,</strong></span> 
     </span>
    </p>
   </div>
   <div class='ocr_carea' id='block_1_53' title="bbox 2146 2256 3721 2330">
    <p class='ocr_par' dir='ltr' id='par_1_53' title="bbox 2146 2256 3721 2330">
     <span class='ocr_line' id='line_1_53' title="bbox 2146 2256 3721 2330; baseline 0.001 -18"><span class='ocrx_word' id='word_1_355' title='bbox 2146 2256 2264 2312; x_wconf 91' lang='lat' dir='ltr'><strong>sine</strong></span> <span class='ocrx_word' id='word_1_356' title='bbox 2310 2257 2617 2326; x_wconf 89' lang='lat' dir='ltr'><strong>suspicione</strong></span> <span class='ocrx_word' id='word_1_357' title='bbox 2666 2264 2881 2321; x_wconf 90' lang='lat' dir='ltr'><strong>castus,</strong></span> <span class='ocrx_word' id='word_1_358' title='bbox 2932 2257 2985 2310; x_wconf 89' lang='lat' dir='ltr'><strong>in</strong></span> <span class='ocrx_word' id='word_1_359' title='bbox 3033 2258 3318 2328; x_wconf 83' lang='lat' dir='ltr'><strong>erogandis</strong></span> <span class='ocrx_word' id='word_1_360' title='bbox 3362 2258 3721 2330; x_wconf 86' lang='lat' dir='ltr'><strong>eleemosynis</strong></span> 
     </span>
    </p>
   </div>
   <div class='ocr_carea' id='block_1_54' title="bbox 2144 2347 3723 2418">
    <p class='ocr_par' dir='ltr' id='par_1_54' title="bbox 2144 2347 3723 2418">
     <span class='ocr_line' id='line_1_54' title="bbox 2144 2347 3723 2418; baseline 0.001 -16"><span class='ocrx_word' id='word_1_361' title='bbox 2144 2349 2284 2418; x_wconf 92' lang='lat' dir='ltr'><strong>pius.</strong></span> <span class='ocrx_word' id='word_1_362' title='bbox 2324 2348 2416 2402; x_wconf 82' lang='lat' dir='ltr'><strong>His</strong></span> <span class='ocrx_word' id='word_1_363' title='bbox 2445 2347 2583 2402; x_wconf 88' lang='lat' dir='ltr'><strong>ultra</strong></span> <span class='ocrx_word' id='word_1_364' title='bbox 2613 2363 2718 2401; x_wconf 94' lang='lat' dir='ltr'><strong>non</strong></span> <span class='ocrx_word' id='word_1_365' title='bbox 2749 2348 2912 2413; x_wconf 89' lang='lat' dir='ltr'><strong>addo,</strong></span> <span class='ocrx_word' id='word_1_366' title='bbox 2941 2362 3008 2401; x_wconf 90' lang='lat' dir='ltr'><strong>ne</strong></span> <span class='ocrx_word' id='word_1_367' title='bbox 3036 2365 3141 2403; x_wconf 91' lang='lat' dir='ltr'><strong>non</strong></span> <span class='ocrx_word' id='word_1_368' title='bbox 3172 2349 3356 2404; x_wconf 87' lang='lat' dir='ltr'><strong>videar</strong></span> <span class='ocrx_word' id='word_1_369' title='bbox 3403 2350 3723 2405; x_wconf 85' lang='lat' dir='ltr'><strong>universita-</strong></span> 
     </span>
    </p>
   </div>
   <div class='ocr_carea' id='block_1_55' title="bbox 2148 2436 3717 2507">
    <p class='ocr_par' dir='ltr' id='par_1_55' title="bbox 2148 2436 3717 2507">
     <span class='ocr_line' id='line_1_55' title="bbox 2148 2436 3717 2507; baseline 0.002 -15"><span class='ocrx_word' id='word_1_370' title='bbox 2148 2438 2217 2492; x_wconf 88' lang='lat' dir='ltr'><strong>tis</strong></span> <span class='ocrx_word' id='word_1_371' title='bbox 2248 2446 2478 2503; x_wconf 88' lang='lat' dir='ltr'><strong>amator,</strong></span> <span class='ocrx_word' id='word_1_372' title='bbox 2523 2439 2616 2491; x_wconf 89' lang='lat' dir='ltr'><strong>sed</strong></span> <span class='ocrx_word' id='word_1_373' title='bbox 2662 2436 3052 2507; x_wconf 58' lang='lat' dir='ltr'><strong>singularitatis</strong></span> <span class='ocrx_word' id='word_1_374' title='bbox 3101 2447 3359 2493; x_wconf 83' lang='lat' dir='ltr'><strong>assertor.</strong></span> <span class='ocrx_word' id='word_1_375' title='bbox 3409 2438 3501 2494; x_wconf 90' lang='lat' dir='ltr'><strong>Ille</strong></span> <span class='ocrx_word' id='word_1_376' title='bbox 3535 2449 3717 2494; x_wconf 90' lang='lat' dir='ltr'><strong>autem</strong></span> 
     </span>
    </p>
   </div>
   <div class='ocr_carea' id='block_1_56' title="bbox 2145 2527 3719 2597">
    <p class='ocr_par' dir='ltr' id='par_1_56' title="bbox 2145 2527 3719 2597">
     <span class='ocr_line' id='line_1_56' title="bbox 2145 2527 3719 2597; baseline 0.001 -16"><span class='ocrx_word' id='word_1_377' title='bbox 2145 2534 2392 2592; x_wconf 89' lang='lat' dir='ltr'><strong>econtra,</strong></span> <span class='ocrx_word' id='word_1_378' title='bbox 2419 2528 2463 2582; x_wconf 91' lang='lat' dir='ltr'><strong>si</strong></span> <span class='ocrx_word' id='word_1_379' title='bbox 2501 2542 2687 2591; x_wconf 88' lang='lat' dir='ltr'><strong>unum,</strong></span> <span class='ocrx_word' id='word_1_380' title='bbox 2716 2541 2821 2580; x_wconf 94' lang='lat' dir='ltr'><strong>non</strong></span> <span class='ocrx_word' id='word_1_381' title='bbox 2852 2527 3026 2582; x_wconf 90' lang='lat' dir='ltr'><strong>dicam</strong></span> <span class='ocrx_word' id='word_1_382' title='bbox 3066 2529 3277 2597; x_wconf 87' lang='lat' dir='ltr'><strong>psalmi,</strong></span> <span class='ocrx_word' id='word_1_383' title='bbox 3307 2528 3399 2583; x_wconf 92' lang='lat' dir='ltr'><strong>sed</strong></span> <span class='ocrx_word' id='word_1_384' title='bbox 3432 2529 3515 2584; x_wconf 89' lang='lat' dir='ltr'><strong>vel</strong></span> <span class='ocrx_word' id='word_1_385' title='bbox 3546 2530 3719 2584; x_wconf 87' lang='lat' dir='ltr'><strong>homi-</strong></span> 
     </span>
    </p>
   </div>
   <div class='ocr_carea' id='block_1_57' title="bbox 2147 2616 3718 2690">
    <p class='ocr_par' dir='ltr' id='par_1_57' title="bbox 2147 2616 3718 2690">
     <span class='ocr_line' id='line_1_57' title="bbox 2147 2616 3718 2690; baseline 0.003 -20"><span class='ocrx_word' id='word_1_386' title='bbox 2147 2616 2232 2671; x_wconf 74' lang='lat' dir='ltr'><strong>lize</strong></span> <span class='ocrx_word' id='word_1_387' title='bbox 2263 2618 2477 2685; x_wconf 88' lang='lat' dir='ltr'><strong>quidem</strong></span> <span class='ocrx_word' id='word_1_388' title='bbox 2506 2616 2832 2672; x_wconf 87' lang='lat' dir='ltr'><strong>versiculum</strong></span> <span class='ocrx_word' id='word_1_389' title='bbox 2866 2617 3027 2686; x_wconf 89' lang='lat' dir='ltr'><strong>plene</strong></span> <span class='ocrx_word' id='word_1_390' title='bbox 3064 2619 3192 2672; x_wconf 90' lang='lat' dir='ltr'><strong>mihi</strong></span> <span class='ocrx_word' id='word_1_391' title='bbox 3229 2619 3404 2674; x_wconf 85' lang='lat' dir='ltr'><strong>valeat</strong></span> <span class='ocrx_word' id='word_1_392' title='bbox 3426 2636 3718 2690; x_wconf 86' lang='lat' dir='ltr'><strong>exponere,</strong></span> 
     </span>
    </p>
   </div>
   <div class='ocr_carea' id='block_1_58' title="bbox 2147 2706 3717 2776">
    <p class='ocr_par' dir='ltr' id='par_1_58' title="bbox 2147 2706 3717 2776">
     <span class='ocr_line' id='line_1_58' title="bbox 2147 2706 3717 2776; baseline 0.003 -16"><span class='ocrx_word' id='word_1_393' title='bbox 2147 2706 2373 2760; x_wconf 89' lang='lat' dir='ltr'><strong>multum</strong></span> <span class='ocrx_word' id='word_1_394' title='bbox 2414 2707 2673 2761; x_wconf 88' lang='lat' dir='ltr'><strong>adversus</strong></span> <span class='ocrx_word' id='word_1_395' title='bbox 2702 2722 2826 2760; x_wconf 90' lang='lat' dir='ltr'><strong>eum</strong></span> <span class='ocrx_word' id='word_1_396' title='bbox 2867 2706 3007 2761; x_wconf 85' lang='lat' dir='ltr'><strong>ultra</strong></span> <span class='ocrx_word' id='word_1_397' title='bbox 3053 2724 3158 2762; x_wconf 85' lang='lat' dir='ltr'><strong>non</strong></span> <span class='ocrx_word' id='word_1_398' title='bbox 3200 2708 3360 2773; x_wconf 83' lang='lat' dir='ltr'><strong>facio,</strong></span> <span class='ocrx_word' id='word_1_399' title='bbox 3398 2724 3588 2763; x_wconf 91' lang='lat' dir='ltr'><strong>manus</strong></span> <span class='ocrx_word' id='word_1_400' title='bbox 3626 2712 3717 2776; x_wconf 91' lang='lat' dir='ltr'><strong>do,</strong></span> 
     </span>
    </p>
   </div>
   <div class='ocr_carea' id='block_1_59' title="bbox 2146 2795 3720 2868">
    <p class='ocr_par' dir='ltr' id='par_1_59' title="bbox 2146 2795 3720 2868">
     <span class='ocr_line' id='line_1_59' title="bbox 2146 2795 3720 2868; baseline 0.004 -20"><span class='ocrx_word' id='word_1_401' title='bbox 2146 2795 2360 2865; x_wconf 90' lang='lat' dir='ltr'><strong>plantas</strong></span> <span class='ocrx_word' id='word_1_402' title='bbox 2384 2795 2623 2862; x_wconf 89' lang='lat' dir='ltr'><strong>osculor,</strong></span> <span class='ocrx_word' id='word_1_403' title='bbox 2651 2805 2707 2850; x_wconf 90' lang='lat' dir='ltr'><strong>et</strong></span> <span class='ocrx_word' id='word_1_404' title='bbox 2744 2812 2849 2857; x_wconf 89' lang='lat' dir='ltr'><strong>non</strong></span> <span class='ocrx_word' id='word_1_405' title='bbox 2888 2797 3045 2851; x_wconf 89' lang='lat' dir='ltr'><strong>modo</strong></span> <span class='ocrx_word' id='word_1_406' title='bbox 3077 2796 3189 2864; x_wconf 88' lang='lat' dir='ltr'><strong>jam</strong></span> <span class='ocrx_word' id='word_1_407' title='bbox 3221 2798 3598 2868; x_wconf 89' lang='lat' dir='ltr'><strong>apostolicum,</strong></span> <span class='ocrx_word' id='word_1_408' title='bbox 3626 2801 3720 2855; x_wconf 83' lang='lat' dir='ltr'><strong>sed</strong></span> 
     </span>
    </p>
   </div>
   <div class='ocr_carea' id='block_1_60' title="bbox 2146 2885 3551 2955">
    <p class='ocr_par' dir='ltr' id='par_1_60' title="bbox 2146 2885 3551 2955">
     <span class='ocr_line' id='line_1_60' title="bbox 2146 2885 3551 2955; baseline 0.001 -15"><span class='ocrx_word' id='word_1_409' title='bbox 2146 2886 2311 2940; x_wconf 91' lang='lat' dir='ltr'><strong>etiam</strong></span> <span class='ocrx_word' id='word_1_410' title='bbox 2342 2887 2664 2954; x_wconf 87' lang='lat' dir='ltr'><strong>apostolum,</strong></span> <span class='ocrx_word' id='word_1_411' title='bbox 2698 2885 2740 2941; x_wconf 91' lang='lat' dir='ltr'><strong>si</strong></span> <span class='ocrx_word' id='word_1_412' title='bbox 2767 2885 2994 2952; x_wconf 89' lang='lat' dir='ltr'><strong>jubetis,</strong></span> <span class='ocrx_word' id='word_1_413' title='bbox 3022 2888 3253 2955; x_wconf 86' lang='lat' dir='ltr'><strong>appello.</strong></span> <span class='ocrx_word' id='word_1_414' title='bbox 3546 2948 3551 2953; x_wconf 19' lang='grc' dir='ltr'><strong>κ</strong></span> 
     </span>
    </p>
   </div>
   <div class='ocr_carea' id='block_1_61' title="bbox 2220 2976 3721 3045">
    <p class='ocr_par' dir='ltr' id='par_1_61' title="bbox 2220 2976 3721 3045">
     <span class='ocr_line' id='line_1_61' title="bbox 2220 2976 3721 3045; baseline 0.004 -15"><span class='ocrx_word' id='word_1_415' title='bbox 2220 2976 2373 3043; x_wconf 86' lang='lat' dir='ltr'><strong>Quod</strong></span> <span class='ocrx_word' id='word_1_416' title='bbox 2408 2984 2587 3030; x_wconf 90' lang='lat' dir='ltr'><strong>autem</strong></span> <span class='ocrx_word' id='word_1_417' title='bbox 2624 2977 2916 3045; x_wconf 89' lang='lat' dir='ltr'><strong>scripsistis</strong></span> <span class='ocrx_word' id='word_1_418' title='bbox 2943 2987 3001 3030; x_wconf 91' lang='lat' dir='ltr'><strong>ut</strong></span> <span class='ocrx_word' id='word_1_419' title='bbox 3031 2979 3298 3032; x_wconf 87' lang='lat' dir='ltr'><strong>mitterem</strong></span> <span class='ocrx_word' id='word_1_420' title='bbox 3330 2980 3481 3034; x_wconf 91' lang='lat' dir='ltr'><strong>vobis</strong></span> <span class='ocrx_word' id='word_1_421' title='bbox 3514 2979 3721 3036; x_wconf 85' lang='lat' dir='ltr'><strong>litteras</strong></span> 
     </span>
    </p>
   </div>
   <div class='ocr_carea' id='block_1_62' title="bbox 2149 3069 3721 3138">
    <p class='ocr_par' dir='ltr' id='par_1_62' title="bbox 2149 3069 3721 3138">
     <span class='ocr_line' id='line_1_62' title="bbox 2149 3069 3721 3138; baseline 0.002 -16"><span class='ocrx_word' id='word_1_422' title='bbox 2149 3069 2516 3124; x_wconf 89' lang='lat' dir='ltr'><strong>taciturnitate</strong></span> <span class='ocrx_word' id='word_1_423' title='bbox 2554 3069 2815 3138; x_wconf 76' lang='lat' dir='ltr'><strong>signatas,</strong></span> <span class='ocrx_word' id='word_1_424' title='bbox 2840 3069 2991 3138; x_wconf 89' lang='lat' dir='ltr'><strong>quasi</strong></span> <span class='ocrx_word' id='word_1_425' title='bbox 3024 3078 3247 3137; x_wconf 90' lang='lat' dir='ltr'><strong>paterno</strong></span> <span class='ocrx_word' id='word_1_426' title='bbox 3279 3069 3409 3123; x_wconf 91' lang='lat' dir='ltr'><strong>mihi</strong></span> <span class='ocrx_word' id='word_1_427' title='bbox 3441 3071 3721 3127; x_wconf 89' lang='lat' dir='ltr'><strong>consulen-</strong></span> 
     </span>
    </p>
   </div>
   <div class='ocr_carea' id='block_1_63' title="bbox 467 3152 3720 3225">
    <p class='ocr_par' dir='ltr' id='par_1_63' title="bbox 467 3152 3720 3225">
     <span class='ocr_line' id='line_1_63' title="bbox 467 3152 3720 3225; baseline -0.001 -6"><span class='ocrx_word' id='word_1_428' title='bbox 467 3169 594 3225; x_wconf 70' lang='grc'><strong>1111⁸,</strong></span> <span class='ocrx_word' id='word_1_429' title='bbox 642 3158 702 3211; x_wconf 72' lang='grc' dir='ltr'><strong>Β.</strong></span> <span class='ocrx_word' id='word_1_430' title='bbox 750 3156 898 3210; x_wconf 66' lang='lat' dir='ltr'><strong>Petri</strong></span> <span class='ocrx_word' id='word_1_431' title='bbox 945 3153 1270 3209; x_wconf 69' lang='lat' dir='ltr'><strong>venerabilis</strong></span> <span class='ocrx_word' id='word_1_432' title='bbox 1315 3167 1439 3207; x_wconf 71' lang='lat' dir='ltr'><strong>arca</strong></span> <span class='ocrx_word' id='word_1_433' title='bbox 1490 3152 1820 3221; x_wconf 66' lang='lat' dir='ltr'><strong>Pervadillﬂ‘.</strong></span> <span class='ocrx_word' id='word_1_434' title='bbox 1865 3152 2121 3221; x_wconf 83' lang='lat' dir='ltr'><strong>sicquec</strong></span> <span class='ocrx_word' id='word_1_435' title='bbox 2153 3169 2233 3214; x_wconf 88' lang='lat' dir='ltr'><strong>tes</strong></span> <span class='ocrx_word' id='word_1_436' title='bbox 2288 3158 2507 3219; x_wconf 70' lang='lat' dir='ltr'><strong>affectu,</strong></span> <span class='ocrx_word' id='word_1_437' title='bbox 2555 3174 2623 3214; x_wconf 90' lang='lat' dir='ltr'><strong>ne</strong></span> <span class='ocrx_word' id='word_1_438' title='bbox 2676 3159 2901 3214; x_wconf 88' lang='lat' dir='ltr'><strong>adversa</strong></span> <span class='ocrx_word' id='word_1_439' title='bbox 2957 3157 3200 3213; x_wconf 87' lang='lat' dir='ltr'><strong>fortassis</strong></span> <span class='ocrx_word' id='word_1_440' title='bbox 3256 3159 3617 3225; x_wconf 79' lang='lat' dir='ltr'><strong>incurrerent,</strong></span> <span class='ocrx_word' id='word_1_441' title='bbox 3673 3161 3720 3215; x_wconf 87' lang='lat' dir='ltr'><strong>si</strong></span> 
     </span>
    </p>
   </div>
   <div class='ocr_carea' id='block_1_64' title="bbox 469 3241 2042 3319">
    <p class='ocr_par' dir='ltr' id='par_1_64' title="bbox 469 3241 2042 3319">
     <span class='ocr_line' id='line_1_64' title="bbox 469 3241 2042 3319; baseline -0.006 -13"><span class='ocrx_word' id='word_1_442' title='bbox 469 3263 565 3319; x_wconf 80' lang='lat' dir='ltr'><strong>per</strong></span> <span class='ocrx_word' id='word_1_443' title='bbox 605 3257 772 3303; x_wconf 90' lang='lat' dir='ltr'><strong>totam</strong></span> <span class='ocrx_word' id='word_1_444' title='bbox 820 3248 1012 3301; x_wconf 89' lang='lat' dir='ltr'><strong>urbem</strong></span> <span class='ocrx_word' id='word_1_445' title='bbox 1057 3246 1203 3300; x_wconf 91' lang='lat' dir='ltr'><strong>velut</strong></span> <span class='ocrx_word' id='word_1_446' title='bbox 1238 3243 1505 3299; x_wconf 74' lang='lat' dir='ltr'><strong>ofﬁcinam</strong></span> <span class='ocrx_word' id='word_1_447' title='bbox 1546 3243 1687 3297; x_wconf 90' lang='lat' dir='ltr'><strong>male</strong></span> <span class='ocrx_word' id='word_1_448' title='bbox 1726 3241 2042 3297; x_wconf 87' lang='lat' dir='ltr'><strong>fabricantis</strong></span> 
     </span>
    </p>
   </div>
   <div class='ocr_carea' id='block_1_65' title="bbox 468 3333 2039 3403">
    <p class='ocr_par' dir='ltr' id='par_1_65' title="bbox 468 3333 2039 3403">
     <span class='ocr_line' id='line_1_65' title="bbox 468 3333 2039 3403; baseline -0.004 -8"><span class='ocrx_word' id='word_1_449' title='bbox 468 3338 706 3395; x_wconf 83' lang='lat' dir='ltr'><strong>Simonis</strong></span> <span class='ocrx_word' id='word_1_450' title='bbox 756 3337 984 3402; x_wconf 90' lang='lat' dir='ltr'><strong>factam,</strong></span> <span class='ocrx_word' id='word_1_451' title='bbox 1036 3338 1125 3390; x_wconf 86' lang='lat' dir='ltr'><strong>vix</strong></span> <span class='ocrx_word' id='word_1_452' title='bbox 1172 3336 1315 3389; x_wconf 88' lang='lat' dir='ltr'><strong>aliud</strong></span> <span class='ocrx_word' id='word_1_453' title='bbox 1362 3349 1560 3403; x_wconf 91' lang='lat' dir='ltr'><strong>quam,</strong></span> <span class='ocrx_word' id='word_1_454' title='bbox 1605 3342 1664 3386; x_wconf 92' lang='lat' dir='ltr'><strong>ut</strong></span> <span class='ocrx_word' id='word_1_455' title='bbox 1708 3335 1781 3387; x_wconf 92' lang='lat' dir='ltr'><strong>ita</strong></span> <span class='ocrx_word' id='word_1_456' title='bbox 1832 3333 2039 3403; x_wconf 89' lang='lat' dir='ltr'><strong>loquar,</strong></span> 
     </span>
    </p>
   </div>
   <div class='ocr_carea' id='block_1_66' title="bbox 468 3420 2041 3494">
    <p class='ocr_par' dir='ltr' id='par_1_66' title="bbox 468 3420 2041 3494">
     <span class='ocr_line' id='line_1_66' title="bbox 468 3420 2041 3494; baseline 0 -17"><span class='ocrx_word' id='word_1_457' title='bbox 468 3426 781 3481; x_wconf 85' lang='lat' dir='ltr'><strong>malleorum</strong></span> <span class='ocrx_word' id='word_1_458' title='bbox 801 3433 965 3494; x_wconf 88' lang='lat' dir='ltr'><strong>atque</strong></span> <span class='ocrx_word' id='word_1_459' title='bbox 985 3423 1292 3479; x_wconf 87' lang='lat' dir='ltr'><strong>incudinum</strong></span> <span class='ocrx_word' id='word_1_460' title='bbox 1317 3420 1382 3493; x_wconf 82' lang='grc' dir='ltr'><strong>[ι’.</strong></span> <span class='ocrx_word' id='word_1_461' title='bbox 1403 3420 1676 3493; x_wconf 79' lang='grc' dir='ltr'>ἱηοιιιΙιιιιι]</span> <span class='ocrx_word' id='word_1_462' title='bbox 1705 3422 1928 3478; x_wconf 89' lang='lat' dir='ltr'><strong>tinnitus</strong></span> <span class='ocrx_word' id='word_1_463' title='bbox 1948 3439 2041 3477; x_wconf 82' lang='lat' dir='ltr'><strong>au-</strong></span> 
     </span>
    </p>
   </div>
   <div class='ocr_carea' id='block_1_67' title="bbox 465 3514 2045 3585">
    <p class='ocr_par' dir='ltr' id='par_1_67' title="bbox 465 3514 2045 3585">
     <span class='ocr_line' id='line_1_67' title="bbox 465 3514 2045 3585; baseline -0.002 -12"><span class='ocrx_word' id='word_1_464' title='bbox 465 3518 632 3577; x_wconf 90' lang='lat' dir='ltr'><strong>ditur.</strong></span> <span class='ocrx_word' id='word_1_465' title='bbox 668 3518 753 3583; x_wconf 88' lang='lat' dir='ltr'><strong>Et,</strong></span> <span class='ocrx_word' id='word_1_466' title='bbox 781 3533 813 3572; x_wconf 96' lang='lat' dir='ltr'><strong>o</strong></span> <span class='ocrx_word' id='word_1_467' title='bbox 842 3516 1016 3572; x_wconf 85' lang='lat' dir='ltr'><strong>scelus</strong></span> <span class='ocrx_word' id='word_1_468' title='bbox 1064 3525 1121 3570; x_wconf 90' lang='lat' dir='ltr'><strong>et</strong></span> <span class='ocrx_word' id='word_1_469' title='bbox 1160 3514 1329 3570; x_wconf 84' lang='lat' dir='ltr'><strong>ferale</strong></span> <span class='ocrx_word' id='word_1_470' title='bbox 1364 3514 1699 3585; x_wconf 70' lang='lat' dir='ltr'><strong>prodigium!</strong></span> <span class='ocrx_word' id='word_1_471' title='bbox 1734 3515 1929 3569; x_wconf 85' lang='lat' dir='ltr'><strong>Petrus</strong></span> <span class='ocrx_word' id='word_1_472' title='bbox 1954 3530 2045 3570; x_wconf 94' lang='lat' dir='ltr'><strong>co-</strong></span> 
     </span>
    </p>
   </div>
   <div class='ocr_carea' id='block_1_68' title="bbox 466 3605 2046 3678">
    <p class='ocr_par' dir='ltr' id='par_1_68' title="bbox 466 3605 2046 3678">
     <span class='ocr_line' id='line_1_68' title="bbox 466 3605 2046 3678; baseline -0.001 -18"><span class='ocrx_word' id='word_1_473' title='bbox 466 3608 611 3678; x_wconf 85' lang='lat' dir='ltr'><strong>gitur</strong></span> <span class='ocrx_word' id='word_1_474' title='bbox 646 3607 915 3661; x_wconf 90' lang='lat' dir='ltr'><strong>nundinas</strong></span> <span class='ocrx_word' id='word_1_475' title='bbox 953 3605 1190 3662; x_wconf 89' lang='lat' dir='ltr'><strong>Simonis</strong></span> <span class='ocrx_word' id='word_1_476' title='bbox 1230 3621 1297 3660; x_wconf 91' lang='lat' dir='ltr'><strong>ex</strong></span> <span class='ocrx_word' id='word_1_477' title='bbox 1345 3620 1441 3659; x_wconf 89' lang='lat' dir='ltr'><strong>sua</strong></span> <span class='ocrx_word' id='word_1_478' title='bbox 1487 3606 1793 3674; x_wconf 89' lang='lat' dir='ltr'><strong>quantitate</strong></span> <span class='ocrx_word' id='word_1_479' title='bbox 1838 3606 2046 3675; x_wconf 65' lang='lat' dir='ltr'><strong>persol-l</strong></span> 
     </span>
    </p>
   </div>
   <div class='ocr_carea' id='block_1_69' title="bbox 468 3694 2042 3764">
    <p class='ocr_par' dir='ltr' id='par_1_69' title="bbox 468 3694 2042 3764">
     <span class='ocr_line' id='line_1_69' title="bbox 468 3694 2042 3764; baseline 0.001 -15"><span class='ocrx_word' id='word_1_480' title='bbox 468 3712 618 3760; x_wconf 89' lang='lat' dir='ltr'><strong>vere,</strong></span> <span class='ocrx_word' id='word_1_481' title='bbox 647 3696 739 3764; x_wconf 91' lang='lat' dir='ltr'><strong>qui</strong></span> <span class='ocrx_word' id='word_1_482' title='bbox 790 3695 1065 3750; x_wconf 88' lang='lat' dir='ltr'><strong>Simonem</strong></span> <span class='ocrx_word' id='word_1_483' title='bbox 1107 3710 1231 3749; x_wconf 92' lang='lat' dir='ltr'><strong>cum</strong></span> <span class='ocrx_word' id='word_1_484' title='bbox 1269 3694 1415 3748; x_wconf 90' lang='lat' dir='ltr'><strong>omni</strong></span> <span class='ocrx_word' id='word_1_485' title='bbox 1453 3709 1552 3749; x_wconf 94' lang='lat' dir='ltr'><strong>suo</strong></span> <span class='ocrx_word' id='word_1_486' title='bbox 1588 3695 1917 3750; x_wconf 89' lang='lat' dir='ltr'><strong>commercio</strong></span> <span class='ocrx_word' id='word_1_487' title='bbox 1949 3711 2042 3750; x_wconf 90' lang='lat' dir='ltr'><strong>co-</strong></span> 
     </span>
    </p>
   </div>
   <div class='ocr_carea' id='block_1_70' title="bbox 467 3783 2045 3857">
    <p class='ocr_par' dir='ltr' id='par_1_70' title="bbox 467 3783 2045 3857">
     <span class='ocr_line' id='line_1_70' title="bbox 467 3783 2045 3857; baseline 0 -17"><span class='ocrx_word' id='word_1_488' title='bbox 467 3787 745 3856; x_wconf 82' lang='lat' dir='ltr'><strong>gnoscitur</strong></span> <span class='ocrx_word' id='word_1_489' title='bbox 800 3794 1058 3854; x_wconf 89' lang='lat' dir='ltr'><strong>perpetua</strong></span> <span class='ocrx_word' id='word_1_490' title='bbox 1109 3783 1487 3857; x_wconf 78' lang='lat' dir='ltr'><strong>maledictione</strong></span> <span class='ocrx_word' id='word_1_491' title='bbox 1538 3785 1841 3839; x_wconf 88' lang='lat' dir='ltr'><strong>damnasse.</strong></span> <span class='ocrx_word' id='word_1_492' title='bbox 1892 3784 2045 3852; x_wconf 86' lang='lat' dir='ltr'><strong>Quod</strong></span> 
     </span>
    </p>
   </div>
   <div class='ocr_carea' id='block_1_71' title="bbox 465 3874 2045 3945">
    <p class='ocr_par' dir='ltr' id='par_1_71' title="bbox 465 3874 2045 3945">
     <span class='ocr_line' id='line_1_71' title="bbox 465 3874 2045 3945; baseline 0.001 -16"><span class='ocrx_word' id='word_1_493' title='bbox 465 3887 648 3931; x_wconf 89' lang='lat' dir='ltr'><strong>autem</strong></span> <span class='ocrx_word' id='word_1_494' title='bbox 686 3876 777 3930; x_wconf 90' lang='lat' dir='ltr'><strong>ille</strong></span> <span class='ocrx_word' id='word_1_495' title='bbox 813 3876 1018 3930; x_wconf 89' lang='lat' dir='ltr'><strong>crimen</strong></span> <span class='ocrx_word' id='word_1_496' title='bbox 1061 3876 1163 3929; x_wconf 92' lang='lat' dir='ltr'><strong>hoc</strong></span> <span class='ocrx_word' id='word_1_497' title='bbox 1192 3874 1398 3944; x_wconf 92' lang='lat' dir='ltr'><strong>palliat,</strong></span> <span class='ocrx_word' id='word_1_498' title='bbox 1429 3886 1485 3930; x_wconf 92' lang='lat' dir='ltr'><strong>et</strong></span> <span class='ocrx_word' id='word_1_499' title='bbox 1527 3884 1752 3929; x_wconf 87' lang='lat' dir='ltr'><strong>tractum</strong></span> <span class='ocrx_word' id='word_1_500' title='bbox 1791 3892 1849 3931; x_wconf 90' lang='lat' dir='ltr'><strong>se</strong></span> <span class='ocrx_word' id='word_1_501' title='bbox 1883 3877 2045 3945; x_wconf 83' lang='lat' dir='ltr'><strong>vique</strong></span> 
     </span>
    </p>
   </div>
   <div class='ocr_carea' id='block_1_72' title="bbox 468 3966 2047 4036">
    <p class='ocr_par' dir='ltr' id='par_1_72' title="bbox 468 3966 2047 4036">
     <span class='ocr_line' id='line_1_72' title="bbox 468 3966 2047 4036; baseline -0.001 -14"><span class='ocrx_word' id='word_1_502' title='bbox 468 3977 737 4032; x_wconf 87' lang='lat' dir='ltr'><strong>coactum,</strong></span> <span class='ocrx_word' id='word_1_503' title='bbox 768 3967 962 4036; x_wconf 89' lang='lat' dir='ltr'><strong>quibus</strong></span> <span class='ocrx_word' id='word_1_504' title='bbox 1008 3974 1186 4035; x_wconf 86' lang='lat' dir='ltr'><strong>potest</strong></span> <span class='ocrx_word' id='word_1_505' title='bbox 1226 3966 1404 4020; x_wconf 86' lang='lat' dir='ltr'><strong>verbis</strong></span> <span class='ocrx_word' id='word_1_506' title='bbox 1446 3975 1695 4031; x_wconf 83' lang='lat' dir='ltr'><strong>excusat,</strong></span> <span class='ocrx_word' id='word_1_507' title='bbox 1724 3967 1827 4021; x_wconf 87' lang='lat' dir='ltr'><strong>hoc</strong></span> <span class='ocrx_word' id='word_1_508' title='bbox 1854 3982 1953 4035; x_wconf 85' lang='lat' dir='ltr'><strong>ego</strong></span> <span class='ocrx_word' id='word_1_509' title='bbox 1983 3967 2047 4021; x_wconf 84' lang='lat' dir='ltr'><strong>li-</strong></span> 
     </span>
    </p>
   </div>
   <div class='ocr_carea' id='block_1_73' title="bbox 466 4056 2045 4127">
    <p class='ocr_par' dir='ltr' id='par_1_73' title="bbox 466 4056 2045 4127">
     <span class='ocr_line' id='line_1_73' title="bbox 466 4056 2045 4127; baseline -0.001 -14"><span class='ocrx_word' id='word_1_510' title='bbox 466 4068 556 4113; x_wconf 88' lang='lat' dir='ltr'><strong>cet</strong></span> <span class='ocrx_word' id='word_1_511' title='bbox 589 4059 656 4112; x_wconf 90' lang='lat' dir='ltr'><strong>ad</strong></span> <span class='ocrx_word' id='word_1_512' title='bbox 688 4058 946 4126; x_wconf 91' lang='lat' dir='ltr'><strong>liquidum</strong></span> <span class='ocrx_word' id='word_1_513' title='bbox 981 4056 1242 4121; x_wconf 90' lang='lat' dir='ltr'><strong>nesciam,</strong></span> <span class='ocrx_word' id='word_1_514' title='bbox 1267 4064 1444 4110; x_wconf 90' lang='lat' dir='ltr'><strong>tamen</strong></span> <span class='ocrx_word' id='word_1_515' title='bbox 1479 4066 1536 4110; x_wconf 91' lang='lat' dir='ltr'><strong>et</strong></span> <span class='ocrx_word' id='word_1_516' title='bbox 1574 4056 1691 4127; x_wconf 88' lang='lat' dir='ltr'><strong>ipse</strong></span> <span class='ocrx_word' id='word_1_517' title='bbox 1715 4071 1820 4111; x_wconf 90' lang='lat' dir='ltr'><strong>non</strong></span> <span class='ocrx_word' id='word_1_518' title='bbox 1848 4070 2045 4127; x_wconf 88' lang='lat' dir='ltr'><strong>usque-</strong></span> 
     </span>
    </p>
   </div>
   <div class='ocr_carea' id='block_1_74' title="bbox 466 4143 2041 4216">
    <p class='ocr_par' dir='ltr' id='par_1_74' title="bbox 466 4143 2041 4216">
     <span class='ocr_line' id='line_1_74' title="bbox 466 4143 2041 4216; baseline 0.002 -18"><span class='ocrx_word' id='word_1_519' title='bbox 466 4160 679 4216; x_wconf 88' lang='lat' dir='ltr'><strong>quaque</strong></span> <span class='ocrx_word' id='word_1_520' title='bbox 707 4143 956 4200; x_wconf 78' lang='lat' dir='ltr'><strong>dimteor.</strong></span> <span class='ocrx_word' id='word_1_521' title='bbox 988 4145 1066 4201; x_wconf 87' lang='lat' dir='ltr'><strong>Ita</strong></span> <span class='ocrx_word' id='word_1_522' title='bbox 1104 4146 1300 4215; x_wconf 90' lang='lat' dir='ltr'><strong>quippe</strong></span> <span class='ocrx_word' id='word_1_523' title='bbox 1340 4153 1424 4200; x_wconf 90' lang='lat' dir='ltr'><strong>est</strong></span> <span class='ocrx_word' id='word_1_524' title='bbox 1465 4145 1626 4201; x_wconf 92' lang='lat' dir='ltr'><strong>homo</strong></span> <span class='ocrx_word' id='word_1_525' title='bbox 1663 4146 1912 4210; x_wconf 90' lang='lat' dir='ltr'><strong>stolidus,</strong></span> <span class='ocrx_word' id='word_1_526' title='bbox 1944 4147 2041 4201; x_wconf 87' lang='lat' dir='ltr'><strong>de-</strong></span> 
     </span>
    </p>
   </div>
   <div class='ocr_carea' id='block_1_75' title="bbox 468 4235 2045 4308">
    <p class='ocr_par' dir='ltr' id='par_1_75' title="bbox 468 4235 2045 4308">
     <span class='ocr_line' id='line_1_75' title="bbox 468 4235 2045 4308; baseline -0.001 -14"><span class='ocrx_word' id='word_1_527' title='bbox 468 4254 557 4294; x_wconf 86' lang='lat' dir='ltr'><strong>ses</strong></span> <span class='ocrx_word' id='word_1_528' title='bbox 587 4253 650 4292; x_wconf 88' lang='lat' dir='ltr'><strong>ac</strong></span> <span class='ocrx_word' id='word_1_529' title='bbox 680 4235 878 4292; x_wconf 90' lang='lat' dir='ltr'><strong>nullius</strong></span> <span class='ocrx_word' id='word_1_530' title='bbox 926 4238 1143 4307; x_wconf 88' lang='lat' dir='ltr'><strong>ingenii,</strong></span> <span class='ocrx_word' id='word_1_531' title='bbox 1177 4246 1237 4290; x_wconf 90' lang='lat' dir='ltr'><strong>ut</strong></span> <span class='ocrx_word' id='word_1_532' title='bbox 1272 4238 1417 4292; x_wconf 91' lang='lat' dir='ltr'><strong>credi</strong></span> <span class='ocrx_word' id='word_1_533' title='bbox 1466 4238 1635 4308; x_wconf 88' lang='lat' dir='ltr'><strong>possit</strong></span> <span class='ocrx_word' id='word_1_534' title='bbox 1676 4238 1918 4293; x_wconf 85' lang='lat' dir='ltr'><strong>nescisse</strong></span> <span class='ocrx_word' id='word_1_535' title='bbox 1948 4254 2045 4308; x_wconf 81' lang='lat' dir='ltr'><strong>per</strong></span> 
     </span>
    </p>
   </div>
   <div class='ocr_carea' id='block_1_76' title="bbox 469 4326 2041 4393">
    <p class='ocr_par' dir='ltr' id='par_1_76' title="bbox 469 4326 2041 4393">
     <span class='ocr_line' id='line_1_76' title="bbox 469 4326 2041 4393; baseline -0.001 -10"><span class='ocrx_word' id='word_1_536' title='bbox 469 4343 530 4383; x_wconf 87' lang='lat' dir='ltr'><strong>se</strong></span> <span class='ocrx_word' id='word_1_537' title='bbox 574 4326 702 4381; x_wconf 88' lang='lat' dir='ltr'><strong>talia</strong></span> <span class='ocrx_word' id='word_1_538' title='bbox 750 4326 1074 4380; x_wconf 89' lang='lat' dir='ltr'><strong>machinari.</strong></span> <span class='ocrx_word' id='word_1_539' title='bbox 1127 4326 1507 4381; x_wconf 80' lang='lat' dir='ltr'><strong>Verumtamen</strong></span> <span class='ocrx_word' id='word_1_540' title='bbox 1554 4327 1609 4381; x_wconf 90' lang='lat' dir='ltr'><strong>in</strong></span> <span class='ocrx_word' id='word_1_541' title='bbox 1643 4326 1747 4382; x_wconf 92' lang='lat' dir='ltr'><strong>hoc</strong></span> <span class='ocrx_word' id='word_1_542' title='bbox 1778 4342 1903 4382; x_wconf 89' lang='lat' dir='ltr'><strong>reus</strong></span> <span class='ocrx_word' id='word_1_543' title='bbox 1938 4336 2041 4393; x_wconf 90' lang='lat' dir='ltr'><strong>est,</strong></span> 
     </span>
    </p>
   </div>
   <div class='ocr_carea' id='block_1_77' title="bbox 460 4415 2044 4487">
    <p class='ocr_par' dir='ltr' id='par_1_77' title="bbox 460 4415 2044 4487">
     <span class='ocr_line' id='line_1_77' title="bbox 460 4415 2044 4487; baseline 0 -17"><span class='ocrx_word' id='word_1_544' title='bbox 460 4417 595 4487; x_wconf 88' lang='lat' dir='ltr'><strong>quia</strong></span> <span class='ocrx_word' id='word_1_545' title='bbox 628 4417 681 4470; x_wconf 93' lang='lat' dir='ltr'><strong>in</strong></span> <span class='ocrx_word' id='word_1_546' title='bbox 710 4415 852 4470; x_wconf 67' lang='lat' dir='ltr'><strong>casui</strong></span> <span class='ocrx_word' id='word_1_547' title='bbox 895 4415 1170 4485; x_wconf 89' lang='lat' dir='ltr'><strong>voragine,</strong></span> <span class='ocrx_word' id='word_1_548' title='bbox 1201 4416 1255 4470; x_wconf 94' lang='lat' dir='ltr'><strong>in</strong></span> <span class='ocrx_word' id='word_1_549' title='bbox 1284 4430 1446 4484; x_wconf 87' lang='lat' dir='ltr'><strong>quam</strong></span> <span class='ocrx_word' id='word_1_550' title='bbox 1475 4415 1643 4470; x_wconf 88' lang='lat' dir='ltr'><strong>semel</strong></span> <span class='ocrx_word' id='word_1_551' title='bbox 1671 4423 1755 4471; x_wconf 88' lang='lat' dir='ltr'><strong>est</strong></span> <span class='ocrx_word' id='word_1_552' title='bbox 1780 4415 2044 4471; x_wconf 91' lang='lat' dir='ltr'><strong>violenter</strong></span> 
     </span>
    </p>
   </div>
   <div class='ocr_carea' id='block_1_78' title="bbox 2142 3248 3721 3316">
    <p class='ocr_par' dir='ltr' id='par_1_78' title="bbox 2142 3248 3721 3316">
     <span class='ocr_line' id='line_1_78' title="bbox 2142 3248 3721 3316; baseline 0 -13"><span class='ocrx_word' id='word_1_553' title='bbox 2142 3263 2297 3303; x_wconf 88' lang='lat' dir='ltr'><strong>sensa</strong></span> <span class='ocrx_word' id='word_1_554' title='bbox 2343 3249 2522 3303; x_wconf 87' lang='lat' dir='ltr'><strong>cordis</strong></span> <span class='ocrx_word' id='word_1_555' title='bbox 2563 3263 2686 3303; x_wconf 89' lang='lat' dir='ltr'><strong>cum</strong></span> <span class='ocrx_word' id='word_1_556' title='bbox 2731 3248 2981 3303; x_wconf 88' lang='lat' dir='ltr'><strong>libertate</strong></span> <span class='ocrx_word' id='word_1_557' title='bbox 3008 3248 3341 3316; x_wconf 85' lang='lat' dir='ltr'><strong>proferrem;</strong></span> <span class='ocrx_word' id='word_1_558' title='bbox 3378 3250 3518 3303; x_wconf 90' lang='lat' dir='ltr'><strong>absit</strong></span> <span class='ocrx_word' id='word_1_559' title='bbox 3559 3265 3589 3303; x_wconf 95' lang='lat' dir='ltr'><strong>a</strong></span> <span class='ocrx_word' id='word_1_560' title='bbox 3634 3266 3721 3304; x_wconf 91' lang='lat' dir='ltr'><strong>me</strong></span> 
     </span>
    </p>
   </div>
   <div class='ocr_carea' id='block_1_79' title="bbox 2143 3338 3711 3409">
    <p class='ocr_par' dir='ltr' id='par_1_79' title="bbox 2143 3338 3711 3409">
     <span class='ocr_line' id='line_1_79' title="bbox 2143 3338 3711 3409; baseline -0.001 -16"><span class='ocrx_word' id='word_1_561' title='bbox 2143 3350 2202 3393; x_wconf 91' lang='lat' dir='ltr'><strong>nt</strong></span> <span class='ocrx_word' id='word_1_562' title='bbox 2241 3340 2294 3394; x_wconf 89' lang='lat' dir='ltr'><strong>in</strong></span> <span class='ocrx_word' id='word_1_563' title='bbox 2342 3338 2432 3393; x_wconf 90' lang='lat' dir='ltr'><strong>tali</strong></span> <span class='ocrx_word' id='word_1_564' title='bbox 2481 3339 2693 3407; x_wconf 83' lang='lat' dir='ltr'><strong>negotio</strong></span> <span class='ocrx_word' id='word_1_565' title='bbox 2733 3338 2865 3392; x_wconf 92' lang='lat' dir='ltr'><strong>dura</strong></span> <span class='ocrx_word' id='word_1_566' title='bbox 2912 3353 3131 3406; x_wconf 86' lang='lat' dir='ltr'><strong>prorsus</strong></span> <span class='ocrx_word' id='word_1_567' title='bbox 3175 3346 3231 3392; x_wconf 88' lang='lat' dir='ltr'><strong>et</strong></span> <span class='ocrx_word' id='word_1_568' title='bbox 3272 3354 3462 3409; x_wconf 88' lang='lat' dir='ltr'><strong>aspera</strong></span> <span class='ocrx_word' id='word_1_569' title='bbox 3501 3343 3711 3409; x_wconf 57' lang='lat' dir='ltr'><strong>perpeti</strong></span> 
     </span>
    </p>
   </div>
   <div class='ocr_carea' id='block_1_80' title="bbox 2142 3412 3713 3500">
    <p class='ocr_par' dir='ltr' id='par_1_80' title="bbox 2142 3412 3713 3500">
     <span class='ocr_line' id='line_1_80' title="bbox 2142 3412 3713 3500; baseline -0.001 -15"><span class='ocrx_word' id='word_1_570' title='bbox 2142 3412 2563 3500; x_wconf 81' lang='lat' dir='ltr'><strong>subterfugiam,</strong></span> <span class='ocrx_word' id='word_1_571' title='bbox 2611 3439 2667 3484; x_wconf 89' lang='lat' dir='ltr'><strong>et</strong></span> <span class='ocrx_word' id='word_1_572' title='bbox 2714 3430 3027 3499; x_wconf 84' lang='lat' dir='ltr'><strong>negligenda</strong></span> <span class='ocrx_word' id='word_1_573' title='bbox 3075 3438 3182 3483; x_wconf 88' lang='lat' dir='ltr'><strong>tam</strong></span> <span class='ocrx_word' id='word_1_574' title='bbox 3233 3430 3476 3499; x_wconf 70' lang='lat' dir='ltr'><strong>ingenua:</strong></span> <span class='ocrx_word' id='word_1_575' title='bbox 3525 3432 3713 3485; x_wconf 87' lang='lat' dir='ltr'><strong>matris</strong></span> 
     </span>
    </p>
   </div>
   <div class='ocr_carea' id='block_1_81' title="bbox 2142 3518 3717 3588">
    <p class='ocr_par' dir='ltr' id='par_1_81' title="bbox 2142 3518 3717 3588">
     <span class='ocr_line' id='line_1_81' title="bbox 2142 3518 3717 3588; baseline 0 -13"><span class='ocrx_word' id='word_1_576' title='bbox 2142 3521 2425 3583; x_wconf 88' lang='lat' dir='ltr'><strong>incestum,</strong></span> <span class='ocrx_word' id='word_1_577' title='bbox 2462 3520 2561 3574; x_wconf 93' lang='lat' dir='ltr'><strong>sub</strong></span> <span class='ocrx_word' id='word_1_578' title='bbox 2590 3519 2781 3575; x_wconf 87' lang='lat' dir='ltr'><strong>umbra</strong></span> <span class='ocrx_word' id='word_1_579' title='bbox 2812 3519 3046 3588; x_wconf 84' lang='lat' dir='ltr'><strong>degener</strong></span> <span class='ocrx_word' id='word_1_580' title='bbox 3073 3518 3213 3574; x_wconf 86' lang='lat' dir='ltr'><strong>filius</strong></span> <span class='ocrx_word' id='word_1_581' title='bbox 3242 3520 3571 3575; x_wconf 86' lang='lat' dir='ltr'><strong>delitescam.</strong></span> <span class='ocrx_word' id='word_1_582' title='bbox 3605 3521 3717 3575; x_wconf 81' lang='lat' dir='ltr'><strong>lino</strong></span> 
     </span>
    </p>
   </div>
   <div class='ocr_carea' id='block_1_82' title="bbox 2142 3608 3721 3679">
    <p class='ocr_par' dir='ltr' id='par_1_82' title="bbox 2142 3608 3721 3679">
     <span class='ocr_line' id='line_1_82' title="bbox 2142 3608 3721 3679; baseline 0 -16"><span class='ocrx_word' id='word_1_583' title='bbox 2142 3619 2269 3679; x_wconf 90' lang='lat' dir='ltr'><strong>peto</strong></span> <span class='ocrx_word' id='word_1_584' title='bbox 2298 3619 2357 3663; x_wconf 91' lang='lat' dir='ltr'><strong>ut</strong></span> <span class='ocrx_word' id='word_1_585' title='bbox 2382 3609 2607 3678; x_wconf 87' lang='lat' dir='ltr'><strong>epistola</strong></span> <span class='ocrx_word' id='word_1_586' title='bbox 2638 3610 2752 3664; x_wconf 73' lang='lat' dir='ltr'><strong>haec</strong></span> <span class='ocrx_word' id='word_1_587' title='bbox 2791 3609 2843 3662; x_wconf 95' lang='lat' dir='ltr'><strong>in</strong></span> <span class='ocrx_word' id='word_1_588' title='bbox 2886 3608 3155 3679; x_wconf 90' lang='lat' dir='ltr'><strong>publicum</strong></span> <span class='ocrx_word' id='word_1_589' title='bbox 3182 3609 3380 3673; x_wconf 88' lang='lat' dir='ltr'><strong>veniat,</strong></span> <span class='ocrx_word' id='word_1_590' title='bbox 3405 3610 3590 3678; x_wconf 91' lang='lat' dir='ltr'><strong>sicque</strong></span> <span class='ocrx_word' id='word_1_591' title='bbox 3625 3625 3721 3678; x_wconf 86' lang='lat' dir='ltr'><strong>per</strong></span> 
     </span>
    </p>
   </div>
   <div class='ocr_carea' id='block_1_83' title="bbox 2144 3699 3723 3771">
    <p class='ocr_par' dir='ltr' id='par_1_83' title="bbox 2144 3699 3723 3771">
     <span class='ocr_line' id='line_1_83' title="bbox 2144 3699 3723 3771; baseline 0 -18"><span class='ocrx_word' id='word_1_592' title='bbox 2144 3717 2263 3766; x_wconf 89' lang='lat' dir='ltr'><strong>vos,</strong></span> <span class='ocrx_word' id='word_1_593' title='bbox 2290 3702 2417 3771; x_wconf 87' lang='lat' dir='ltr'><strong>quid</strong></span> <span class='ocrx_word' id='word_1_594' title='bbox 2446 3715 2611 3770; x_wconf 87' lang='lat' dir='ltr'><strong>super</strong></span> <span class='ocrx_word' id='word_1_595' title='bbox 2646 3702 2749 3755; x_wconf 86' lang='lat' dir='ltr'><strong>hoc</strong></span> <span class='ocrx_word' id='word_1_596' title='bbox 2785 3700 2949 3754; x_wconf 88' lang='lat' dir='ltr'><strong>totius</strong></span> <span class='ocrx_word' id='word_1_597' title='bbox 2987 3699 3170 3753; x_wconf 91' lang='lat' dir='ltr'><strong>mundi</strong></span> <span class='ocrx_word' id='word_1_598' title='bbox 3209 3699 3452 3768; x_wconf 90' lang='lat' dir='ltr'><strong>periculo</strong></span> <span class='ocrx_word' id='word_1_599' title='bbox 3482 3701 3723 3755; x_wconf 86' lang='lat' dir='ltr'><strong>sentien-</strong></span> 
     </span>
    </p>
   </div>
   <div class='ocr_carea' id='block_1_84' title="bbox 2144 3789 3723 3854">
    <p class='ocr_par' dir='ltr' id='par_1_84' title="bbox 2144 3789 3723 3854">
     <span class='ocr_line' id='line_1_84' title="bbox 2144 3789 3723 3854; baseline 0.001 -11"><span class='ocrx_word' id='word_1_600' title='bbox 2144 3791 2269 3844; x_wconf 91' lang='lat' dir='ltr'><strong>dum</strong></span> <span class='ocrx_word' id='word_1_601' title='bbox 2310 3791 2399 3854; x_wconf 90' lang='lat' dir='ltr'><strong>sit,</strong></span> <span class='ocrx_word' id='word_1_602' title='bbox 2438 3790 2689 3845; x_wconf 90' lang='lat' dir='ltr'><strong>omnibus</strong></span> <span class='ocrx_word' id='word_1_603' title='bbox 2736 3790 3060 3845; x_wconf 89' lang='lat' dir='ltr'><strong>innotescat.</strong></span> <span class='ocrx_word' id='word_1_604' title='bbox 3101 3789 3175 3844; x_wconf 89' lang='lat' dir='ltr'><strong>De</strong></span> <span class='ocrx_word' id='word_1_605' title='bbox 3217 3789 3592 3845; x_wconf 90' lang='lat' dir='ltr'><strong>benedictione</strong></span> <span class='ocrx_word' id='word_1_606' title='bbox 3622 3806 3723 3844; x_wconf 78' lang='lat' dir='ltr'><strong>au-</strong></span> 
     </span>
    </p>
   </div>
   <div class='ocr_carea' id='block_1_85' title="bbox 2144 3866 3715 3949">
    <p class='ocr_par' dir='ltr' id='par_1_85' title="bbox 2144 3866 3715 3949">
     <span class='ocr_line' id='line_1_85' title="bbox 2144 3866 3715 3949; baseline 0.001 -16"><span class='ocrx_word' id='word_1_607' title='bbox 2144 3887 2253 3933; x_wconf 88' lang='lat' dir='ltr'><strong>tem</strong></span> <span class='ocrx_word' id='word_1_608' title='bbox 2307 3889 2525 3945; x_wconf 90' lang='lat' dir='ltr'><strong>vestra,</strong></span> <span class='ocrx_word' id='word_1_609' title='bbox 2576 3895 2736 3949; x_wconf 91' lang='lat' dir='ltr'><strong>quam</strong></span> <span class='ocrx_word' id='word_1_610' title='bbox 2788 3880 2939 3949; x_wconf 90' lang='lat' dir='ltr'><strong>petii,</strong></span> <span class='ocrx_word' id='word_1_611' title='bbox 2990 3866 3308 3935; x_wconf 38' lang='lat' dir='ltr'><strong>venerande.</strong></span> <span class='ocrx_word' id='word_1_612' title='bbox 3348 3880 3529 3944; x_wconf 84' lang='lat' dir='ltr'><strong>Pater,</strong></span> <span class='ocrx_word' id='word_1_613' title='bbox 3576 3881 3715 3936; x_wconf 86' lang='lat' dir='ltr'><strong>nihil</strong></span> 
     </span>
    </p>
   </div>
   <div class='ocr_carea' id='block_1_86' title="bbox 2144 3967 3726 4039">
    <p class='ocr_par' dir='ltr' id='par_1_86' title="bbox 2144 3967 3726 4039">
     <span class='ocr_line' id='line_1_86' title="bbox 2144 3967 3726 4039; baseline 0.001 -17"><span class='ocrx_word' id='word_1_614' title='bbox 2144 3967 2288 4022; x_wconf 91' lang='lat' dir='ltr'><strong>aliud</strong></span> <span class='ocrx_word' id='word_1_615' title='bbox 2321 3969 2465 4034; x_wconf 91' lang='lat' dir='ltr'><strong>dico,</strong></span> <span class='ocrx_word' id='word_1_616' title='bbox 2490 3969 2592 4023; x_wconf 89' lang='lat' dir='ltr'><strong>nisi</strong></span> <span class='ocrx_word' id='word_1_617' title='bbox 2624 3968 2749 4037; x_wconf 88' lang='lat' dir='ltr'><strong>quia</strong></span> <span class='ocrx_word' id='word_1_618' title='bbox 2774 3968 3035 4038; x_wconf 90' lang='lat' dir='ltr'><strong>quidquid</strong></span> <span class='ocrx_word' id='word_1_619' title='bbox 3074 3969 3122 4023; x_wconf 92' lang='lat' dir='ltr'><strong>ei</strong></span> <span class='ocrx_word' id='word_1_620' title='bbox 3164 3969 3257 4039; x_wconf 88' lang='lat' dir='ltr'><strong>qui</strong></span> <span class='ocrx_word' id='word_1_621' title='bbox 3300 3969 3498 4025; x_wconf 89' lang='lat' dir='ltr'><strong>missus</strong></span> <span class='ocrx_word' id='word_1_622' title='bbox 3523 3979 3608 4025; x_wconf 88' lang='lat' dir='ltr'><strong>est</strong></span> <span class='ocrx_word' id='word_1_623' title='bbox 3631 3971 3726 4025; x_wconf 84' lang='lat' dir='ltr'><strong>da-</strong></span> 
     </span>
    </p>
   </div>
   <div class='ocr_carea' id='block_1_87' title="bbox 2146 4059 3723 4132">
    <p class='ocr_par' dir='ltr' id='par_1_87' title="bbox 2146 4059 3723 4132">
     <span class='ocr_line' id='line_1_87' title="bbox 2146 4059 3723 4132; baseline 0.003 -19"><span class='ocrx_word' id='word_1_624' title='bbox 2146 4070 2263 4125; x_wconf 90' lang='lat' dir='ltr'><strong>tur,</strong></span> <span class='ocrx_word' id='word_1_625' title='bbox 2314 4059 2429 4129; x_wconf 87' lang='lat' dir='ltr'><strong>ejus</strong></span> <span class='ocrx_word' id='word_1_626' title='bbox 2466 4060 2655 4130; x_wconf 89' lang='lat' dir='ltr'><strong>procul</strong></span> <span class='ocrx_word' id='word_1_627' title='bbox 2684 4062 2851 4116; x_wconf 86' lang='lat' dir='ltr'><strong>dubio</strong></span> <span class='ocrx_word' id='word_1_628' title='bbox 2897 4061 3147 4116; x_wconf 88' lang='lat' dir='ltr'><strong>manibus</strong></span> <span class='ocrx_word' id='word_1_629' title='bbox 3189 4061 3281 4132; x_wconf 87' lang='lat' dir='ltr'><strong>qui</strong></span> <span class='ocrx_word' id='word_1_630' title='bbox 3328 4063 3476 4119; x_wconf 90' lang='lat' dir='ltr'><strong>misit</strong></span> <span class='ocrx_word' id='word_1_631' title='bbox 3520 4063 3723 4119; x_wconf 85' lang='lat' dir='ltr'><strong>immit-</strong></span> 
     </span>
    </p>
   </div>
   <div class='ocr_carea' id='block_1_88' title="bbox 2120 4152 2296 4208">
    <p class='ocr_par' dir='ltr' id='par_1_88' title="bbox 2120 4152 2296 4208">
     <span class='ocr_line' id='line_1_88' title="bbox 2120 4152 2296 4208; baseline 0 -1"><span class='ocrx_word' id='word_1_632' title='bbox 2120 4152 2133 4155; x_wconf 69' lang='grc'>”</span> <span class='ocrx_word' id='word_1_633' title='bbox 2147 4154 2296 4208; x_wconf 89' lang='lat' dir='ltr'><strong>titur.</strong></span> 
     </span>
    </p>
   </div>
   <div class='ocr_carea' id='block_1_89' title="bbox 2724 4242 3160 4300">
    <p class='ocr_par' dir='ltr' id='par_1_89' title="bbox 2724 4242 3160 4300">
     <span class='ocr_line' id='line_1_89' title="bbox 2724 4242 3160 4300; baseline 0.002 -2"><span class='ocrx_word' id='word_1_634' title='bbox 2724 4242 3053 4300; x_wconf 81' lang='lat' dir='ltr'><strong>EPISTOLA</strong></span> <span class='ocrx_word' id='word_1_635' title='bbox 3095 4243 3160 4299; x_wconf 70' lang='grc' dir='ltr'><strong>ν.</strong></span> 
     </span>
    </p>
   </div>
   <div class='ocr_carea' id='block_1_90' title="bbox 2289 4348 3585 4390">
    <p class='ocr_par' dir='ltr' id='par_1_90' title="bbox 2289 4348 3585 4390">
     <span class='ocr_line' id='line_1_90' title="bbox 2289 4348 3585 4390; baseline 0.001 -1"><span class='ocrx_word' id='word_1_636' title='bbox 2289 4351 2356 4389; x_wconf 73' lang='grc' dir='ltr'><strong>ΑΒ</strong></span> <span class='ocrx_word' id='word_1_637' title='bbox 2390 4348 2677 4390; x_wconf 64' lang='grc' dir='ltr'>ινιιιειιτωι</span> <span class='ocrx_word' id='word_1_638' title='bbox 2716 4348 3166 4390; x_wconf 70' lang='grc' dir='ltr'>Αιιςιιιειδιεεοιιιιι</span> <span class='ocrx_word' id='word_1_639' title='bbox 3207 4348 3585 4390; x_wconf 66' lang='grc' dir='ltr'>ιηειιιιιιτιι.</span> 
     </span>
    </p>
   </div>
   <div class='ocr_carea' id='block_1_91' title="bbox 2146 4424 3723 4495">
    <p class='ocr_par' dir='ltr' id='par_1_91' title="bbox 2146 4424 3723 4495">
     <span class='ocr_line' id='line_1_91' title="bbox 2146 4424 3723 4495; baseline -0.002 -13"><span class='ocrx_word' id='word_1_640' title='bbox 2146 4428 2542 4483; x_wconf 74' lang='lat' dir='ltr'><strong>Aacuusuruu.</strong></span> <span class='ocrx_word' id='word_1_641' title='bbox 2578 4455 2649 4465; x_wconf 89' lang='lat'><strong>—</strong></span> <span class='ocrx_word' id='word_1_642' title='bbox 2685 4424 2989 4480; x_wconf 89' lang='lat' dir='ltr'><strong>Wibertum</strong></span> <span class='ocrx_word' id='word_1_643' title='bbox 3034 4425 3497 4494; x_wconf 88' lang='lat' dir='ltr'><strong>archiepiscopum</strong></span> <span class='ocrx_word' id='word_1_644' title='bbox 3547 4434 3723 4495; x_wconf 83' lang='lat' dir='ltr'><strong>rogat,</strong></span> 
     </span>
    </p>
   </div>
   <div class='ocr_carea' id='block_1_92' title="bbox 470 4494 3722 4576">
    <p class='ocr_par' dir='ltr' id='par_1_92' title="bbox 470 4494 3722 4576">
     <span class='ocr_line' id='line_1_92' title="bbox 470 4494 3722 4576; baseline -0.001 -14"><span class='ocrx_word' id='word_1_645' title='bbox 470 4506 717 4574; x_wconf 90' lang='lat' dir='ltr'><strong>injectus,</strong></span> <span class='ocrx_word' id='word_1_646' title='bbox 747 4504 1019 4559; x_wconf 84' lang='lat' dir='ltr'><strong>volutatur</strong></span> <span class='ocrx_word' id='word_1_647' title='bbox 1048 4504 1344 4570; x_wconf 88' lang='lat' dir='ltr'><strong>ultroneus,</strong></span> <span class='ocrx_word' id='word_1_648' title='bbox 1376 4515 1432 4561; x_wconf 90' lang='lat' dir='ltr'><strong>et</strong></span> <span class='ocrx_word' id='word_1_649' title='bbox 1460 4505 1512 4559; x_wconf 94' lang='lat' dir='ltr'><strong>in</strong></span> <span class='ocrx_word' id='word_1_650' title='bbox 1543 4504 1867 4561; x_wconf 89' lang='lat' dir='ltr'><strong>adulterium</strong></span> <span class='ocrx_word' id='word_1_651' title='bbox 1895 4505 2041 4576; x_wconf 90' lang='lat' dir='ltr'><strong>quod</strong></span> <span class='ocrx_word' id='word_1_652' title='bbox 2069 4496 2119 4556; x_wconf 90' lang='lat' dir='ltr'><strong>D</strong></span> <span class='ocrx_word' id='word_1_653' title='bbox 2215 4498 2305 4567; x_wconf 93' lang='lat' dir='ltr'><strong>qui</strong></span> <span class='ocrx_word' id='word_1_654' title='bbox 2326 4512 2510 4576; x_wconf 54' lang='lat' dir='ltr'><strong>suum</strong></span> <span class='ocrx_word' id='word_1_655' title='bbox 2558 4495 2959 4576; x_wconf 63' lang='lat' dir='ltr'><strong>monasterium</strong></span> <span class='ocrx_word' id='word_1_656' title='bbox 2993 4495 3312 4576; x_wconf 59' lang='lat' dir='ltr'><strong>visitaturus</strong></span> <span class='ocrx_word' id='word_1_657' title='bbox 3363 4494 3722 4576; x_wconf 40' lang='lat' dir='ltr'><strong>adveniam“.</strong></span> 
     </span>
    </p>
   </div>
   <div class='ocr_carea' id='block_1_93' title="bbox 467 4598 1333 4661">
    <p class='ocr_par' dir='ltr' id='par_1_93' title="bbox 467 4598 1333 4661">
     <span class='ocr_line' id='line_1_93' title="bbox 467 4598 1333 4661; baseline -0.003 -9"><span class='ocrx_word' id='word_1_658' title='bbox 467 4598 658 4653; x_wconf 83' lang='lat' dir='ltr'><strong>nolens</strong></span> <span class='ocrx_word' id='word_1_659' title='bbox 731 4605 857 4651; x_wconf 90' lang='lat' dir='ltr'><strong>ante</strong></span> <span class='ocrx_word' id='word_1_660' title='bbox 941 4598 1333 4661; x_wconf 78' lang='lat' dir='ltr'><strong>commiserat,</strong></span> 
     </span>
    </p>
   </div>
   <div class='ocr_carea' id='block_1_94' title="bbox 467 4701 640 4744">
    <p class='ocr_par' dir='ltr' id='par_1_94' title="bbox 467 4701 640 4744">
     <span class='ocr_line' id='line_1_94' title="bbox 467 4701 640 4744; baseline -0.006 -2"><span class='ocrx_word' id='word_1_661' title='bbox 467 4701 640 4744; x_wconf 86' lang='lat' dir='ltr'><strong>verat.</strong></span> 
     </span>
    </p>
   </div>
   <div class='ocr_carea' id='block_1_95' title="bbox 542 4776 2044 4848">
    <p class='ocr_par' dir='ltr' id='par_1_95' title="bbox 542 4776 2044 4848">
     <span class='ocr_line' id='line_1_95' title="bbox 542 4776 2044 4848; baseline -0.002 -14"><span class='ocrx_word' id='word_1_662' title='bbox 542 4778 612 4834; x_wconf 84' lang='lat' dir='ltr'><strong>Ut</strong></span> <span class='ocrx_word' id='word_1_663' title='bbox 653 4787 833 4835; x_wconf 86' lang='lat' dir='ltr'><strong>autem</strong></span> <span class='ocrx_word' id='word_1_664' title='bbox 869 4787 924 4835; x_wconf 91' lang='lat' dir='ltr'><strong>et</strong></span> <span class='ocrx_word' id='word_1_665' title='bbox 961 4777 1029 4833; x_wconf 93' lang='lat' dir='ltr'><strong>de</strong></span> <span class='ocrx_word' id='word_1_666' title='bbox 1065 4778 1177 4847; x_wconf 86' lang='lat' dir='ltr'><strong>ipsa</strong></span> <span class='ocrx_word' id='word_1_667' title='bbox 1212 4776 1328 4845; x_wconf 86' lang='lat' dir='ltr'><strong>ejus</strong></span> <span class='ocrx_word' id='word_1_668' title='bbox 1355 4776 1695 4847; x_wconf 87' lang='lat' dir='ltr'><strong>promotione</strong></span> <span class='ocrx_word' id='word_1_669' title='bbox 1719 4776 2044 4848; x_wconf 79' lang='lat' dir='ltr'><strong>lacrymosa,</strong></span> 
     </span>
    </p>
   </div>
   <div class='ocr_carea' id='block_1_96' title="bbox 469 4868 2049 4938">
    <p class='ocr_par' dir='ltr' id='par_1_96' title="bbox 469 4868 2049 4938">
     <span class='ocr_line' id='line_1_96' title="bbox 469 4868 2049 4938; baseline -0.003 -13"><span class='ocrx_word' id='word_1_670' title='bbox 469 4881 530 4925; x_wconf 88' lang='grc' dir='ltr'><strong>ιιι</strong></span> <span class='ocrx_word' id='word_1_671' title='bbox 558 4872 731 4938; x_wconf 86' lang='lat' dir='ltr'><strong>aiunt,</strong></span> <span class='ocrx_word' id='word_1_672' title='bbox 752 4871 915 4926; x_wconf 80' lang='lat' dir='ltr'><strong>verba</strong></span> <span class='ocrx_word' id='word_1_673' title='bbox 963 4885 1067 4923; x_wconf 92' lang='lat' dir='ltr'><strong>non</strong></span> <span class='ocrx_word' id='word_1_674' title='bbox 1106 4870 1439 4937; x_wconf 78' lang='lat' dir='ltr'><strong>protr-aliam,</strong></span> <span class='ocrx_word' id='word_1_675' title='bbox 1470 4868 1627 4922; x_wconf 86' lang='lat' dir='ltr'><strong>nobis</strong></span> <span class='ocrx_word' id='word_1_676' title='bbox 1655 4868 1924 4936; x_wconf 87' lang='lat' dir='ltr'><strong>episcopis</strong></span> <span class='ocrx_word' id='word_1_677' title='bbox 1950 4883 2049 4937; x_wconf 89' lang='lat' dir='ltr'><strong>per</strong></span> 
     </span>
    </p>
   </div>
   <div class='ocr_carea' id='block_1_97' title="bbox 470 4957 2046 5028">
    <p class='ocr_par' dir='ltr' id='par_1_97' title="bbox 470 4957 2046 5028">
     <span class='ocr_line' id='line_1_97' title="bbox 470 4957 2046 5028; baseline -0.001 -13"><span class='ocrx_word' id='word_1_678' title='bbox 470 4964 681 5017; x_wconf 89' lang='lat' dir='ltr'><strong>diversa</strong></span> <span class='ocrx_word' id='word_1_679' title='bbox 746 4959 967 5015; x_wconf 85' lang='lat' dir='ltr'><strong>latibula</strong></span> <span class='ocrx_word' id='word_1_680' title='bbox 1032 4958 1391 5028; x_wconf 73' lang='lat' dir='ltr'><strong>fugientibus,</strong></span> <span class='ocrx_word' id='word_1_681' title='bbox 1448 4959 1728 5028; x_wconf 86' lang='lat' dir='ltr'><strong>presbyter</strong></span> <span class='ocrx_word' id='word_1_682' title='bbox 1782 4957 2046 5014; x_wconf 87' lang='lat' dir='ltr'><strong>Ostiensis</strong></span> 
     </span>
    </p>
   </div>
   <div class='ocr_carea' id='block_1_98' title="bbox 475 5048 2043 5121">
    <p class='ocr_par' dir='ltr' id='par_1_98' title="bbox 475 5048 2043 5121">
     <span class='ocr_line' id='line_1_98' title="bbox 475 5048 2043 5121; baseline -0.003 -14"><span class='ocrx_word' id='word_1_683' title='bbox 475 5053 747 5117; x_wconf 67' lang='lat' dir='ltr'><strong>Ecclesiae,</strong></span> <span class='ocrx_word' id='word_1_684' title='bbox 777 5052 868 5121; x_wconf 88' lang='lat' dir='ltr'><strong>qui</strong></span> <span class='ocrx_word' id='word_1_685' title='bbox 913 5050 1119 5104; x_wconf 88' lang='lat' dir='ltr'><strong>utinam</strong></span> <span class='ocrx_word' id='word_1_686' title='bbox 1175 5048 1479 5117; x_wconf 85' lang='lat' dir='ltr'><strong>syllabatim</strong></span> <span class='ocrx_word' id='word_1_687' title='bbox 1526 5058 1707 5102; x_wconf 84' lang='lat' dir='ltr'><strong>nosset</strong></span> <span class='ocrx_word' id='word_1_688' title='bbox 1750 5049 1832 5102; x_wconf 90' lang='lat' dir='ltr'><strong>vel</strong></span> <span class='ocrx_word' id='word_1_689' title='bbox 1885 5065 2043 5103; x_wconf 89' lang='lat' dir='ltr'><strong>unam</strong></span> 
     </span>
    </p>
   </div>
   <div class='ocr_carea' id='block_1_99' title="bbox 471 5140 2046 5213">
    <p class='ocr_par' dir='ltr' id='par_1_99' title="bbox 471 5140 2046 5213">
     <span class='ocr_line' id='line_1_99' title="bbox 471 5140 2046 5213; baseline 0 -19"><span class='ocrx_word' id='word_1_690' title='bbox 471 5144 718 5213; x_wconf 81' lang='lat' dir='ltr'><strong>paginam</strong></span> <span class='ocrx_word' id='word_1_691' title='bbox 776 5144 876 5197; x_wconf 90' lang='lat' dir='ltr'><strong>rite</strong></span> <span class='ocrx_word' id='word_1_692' title='bbox 921 5155 1278 5209; x_wconf 83' lang='lat' dir='ltr'><strong>percurrere,</strong></span> <span class='ocrx_word' id='word_1_693' title='bbox 1326 5148 1384 5193; x_wconf 91' lang='lat' dir='ltr'><strong>ut</strong></span> <span class='ocrx_word' id='word_1_694' title='bbox 1430 5154 1551 5192; x_wconf 88' lang='lat' dir='ltr'><strong>eum</strong></span> <span class='ocrx_word' id='word_1_695' title='bbox 1599 5140 1663 5191; x_wconf 89' lang='lat' dir='ltr'><strong>ad</strong></span> <span class='ocrx_word' id='word_1_696' title='bbox 1719 5141 2046 5209; x_wconf 88' lang='lat' dir='ltr'><strong>apostolatus</strong></span> 
     </span>
    </p>
   </div>
   <div class='ocr_carea' id='block_1_100' title="bbox 469 5227 2045 5300">
    <p class='ocr_par' dir='ltr' id='par_1_100' title="bbox 469 5227 2045 5300">
     <span class='ocr_line' id='line_1_100' title="bbox 469 5227 2045 5300; baseline -0.001 -16"><span class='ocrx_word' id='word_1_697' title='bbox 469 5231 682 5284; x_wconf 87' lang='lat' dir='ltr'><strong>culmen</strong></span> <span class='ocrx_word' id='word_1_698' title='bbox 729 5232 1068 5300; x_wconf 87' lang='lat' dir='ltr'><strong>proveheret,</strong></span> <span class='ocrx_word' id='word_1_699' title='bbox 1104 5238 1288 5298; x_wconf 87' lang='lat' dir='ltr'><strong>raptus</strong></span> <span class='ocrx_word' id='word_1_700' title='bbox 1325 5246 1355 5283; x_wconf 91' lang='lat' dir='ltr'><strong>a</strong></span> <span class='ocrx_word' id='word_1_701' title='bbox 1392 5227 1716 5282; x_wconf 89' lang='lat' dir='ltr'><strong>satellitibus</strong></span> <span class='ocrx_word' id='word_1_702' title='bbox 1753 5229 1964 5281; x_wconf 71' lang='lat' dir='ltr'><strong>Satana:</strong></span> <span class='ocrx_word' id='word_1_703' title='bbox 1992 5238 2045 5282; x_wconf 87' lang='lat' dir='ltr'><strong>et</strong></span> 
     </span>
    </p>
   </div>
   <div class='ocr_carea' id='block_1_101' title="bbox 470 5320 2043 5382">
    <p class='ocr_par' dir='ltr' id='par_1_101' title="bbox 470 5320 2043 5382">
     <span class='ocr_line' id='line_1_101' title="bbox 470 5320 2043 5382; baseline 0 -9"><span class='ocrx_word' id='word_1_704' title='bbox 470 5323 732 5376; x_wconf 89' lang='lat' dir='ltr'><strong>violenter</strong></span> <span class='ocrx_word' id='word_1_705' title='bbox 780 5332 1042 5375; x_wconf 79' lang='lat' dir='ltr'><strong>attractus</strong></span> <span class='ocrx_word' id='word_1_706' title='bbox 1084 5331 1187 5375; x_wconf 90' lang='lat' dir='ltr'><strong>est.</strong></span> <span class='ocrx_word' id='word_1_707' title='bbox 1221 5320 1287 5373; x_wconf 87' lang='lat' dir='ltr'><strong>Et</strong></span> <span class='ocrx_word' id='word_1_708' title='bbox 1334 5335 1481 5382; x_wconf 90' lang='lat' dir='ltr'><strong>ecce,</strong></span> <span class='ocrx_word' id='word_1_709' title='bbox 1526 5328 1584 5372; x_wconf 90' lang='grc' dir='ltr'><strong>ιιι</strong></span> <span class='ocrx_word' id='word_1_710' title='bbox 1628 5335 1722 5373; x_wconf 85' lang='lat' dir='ltr'><strong>vos</strong></span> <span class='ocrx_word' id='word_1_711' title='bbox 1772 5320 2043 5373; x_wconf 66' lang='lat' dir='ltr'><strong>canonicac</strong></span> 
     </span>
    </p>
   </div>
   <div class='ocr_carea' id='block_1_102' title="bbox 468 5411 2044 5478">
    <p class='ocr_par' dir='ltr' id='par_1_102' title="bbox 468 5411 2044 5478">
     <span class='ocr_line' id='line_1_102' title="bbox 468 5411 2044 5478; baseline -0.003 -11"><span class='ocrx_word' id='word_1_712' title='bbox 468 5412 765 5467; x_wconf 83' lang='lat' dir='ltr'><strong>sanctionis</strong></span> <span class='ocrx_word' id='word_1_713' title='bbox 790 5412 1006 5466; x_wconf 85' lang='lat' dir='ltr'><strong>decreta</strong></span> <span class='ocrx_word' id='word_1_714' title='bbox 1054 5427 1159 5465; x_wconf 89' lang='lat' dir='ltr'><strong>non</strong></span> <span class='ocrx_word' id='word_1_715' title='bbox 1201 5412 1385 5471; x_wconf 87' lang='lat' dir='ltr'><strong>latent,</strong></span> <span class='ocrx_word' id='word_1_716' title='bbox 1417 5412 1462 5464; x_wconf 90' lang='lat' dir='ltr'><strong>si</strong></span> <span class='ocrx_word' id='word_1_717' title='bbox 1492 5420 1687 5464; x_wconf 88' lang='lat' dir='ltr'><strong>cuncta</strong></span> <span class='ocrx_word' id='word_1_718' title='bbox 1724 5411 1887 5464; x_wconf 89' lang='lat' dir='ltr'><strong>etiam</strong></span> <span class='ocrx_word' id='word_1_719' title='bbox 1924 5425 2044 5478; x_wconf 71' lang='lat' dir='ltr'><strong>qua:</strong></span> 
     </span>
    </p>
   </div>
   <div class='ocr_carea' id='block_1_103' title="bbox 471 5499 2046 5571">
    <p class='ocr_par' dir='ltr' id='par_1_103' title="bbox 471 5499 2046 5571">
     <span class='ocr_line' id='line_1_103' title="bbox 471 5499 2046 5571; baseline -0.004 -15"><span class='ocrx_word' id='word_1_720' title='bbox 471 5502 573 5556; x_wconf 86' lang='lat' dir='ltr'><strong>sibi</strong></span> <span class='ocrx_word' id='word_1_721' title='bbox 611 5502 807 5571; x_wconf 86' lang='lat' dir='ltr'><strong>opponi</strong></span> <span class='ocrx_word' id='word_1_722' title='bbox 852 5510 1109 5569; x_wconf 91' lang='lat' dir='ltr'><strong>possunt,</strong></span> <span class='ocrx_word' id='word_1_723' title='bbox 1159 5501 1521 5568; x_wconf 84' lang='lat' dir='ltr'><strong>objectionum</strong></span> <span class='ocrx_word' id='word_1_724' title='bbox 1564 5499 1799 5568; x_wconf 81' lang='lat' dir='ltr'><strong>capitula</strong></span> <span class='ocrx_word' id='word_1_725' title='bbox 1833 5499 2046 5567; x_wconf 88' lang='lat' dir='ltr'><strong>suppri-</strong></span> 
     </span>
    </p>
   </div>
   <div class='ocr_carea' id='block_1_104' title="bbox 472 5590 2045 5655">
    <p class='ocr_par' dir='ltr' id='par_1_104' title="bbox 472 5590 2045 5655">
     <span class='ocr_line' id='line_1_104' title="bbox 472 5590 2045 5655; baseline -0.004 -6"><span class='ocrx_word' id='word_1_726' title='bbox 472 5602 708 5655; x_wconf 87' lang='lat' dir='ltr'><strong>mantur,</strong></span> <span class='ocrx_word' id='word_1_727' title='bbox 740 5593 839 5645; x_wconf 90' lang='lat' dir='ltr'><strong>hoc</strong></span> <span class='ocrx_word' id='word_1_728' title='bbox 868 5592 1039 5645; x_wconf 87' lang='lat' dir='ltr'><strong>solum</strong></span> <span class='ocrx_word' id='word_1_729' title='bbox 1088 5591 1189 5644; x_wconf 85' lang='lat' dir='ltr'><strong>tale</strong></span> <span class='ocrx_word' id='word_1_730' title='bbox 1232 5598 1338 5649; x_wconf 86' lang='lat' dir='ltr'><strong>est,</strong></span> <span class='ocrx_word' id='word_1_731' title='bbox 1365 5599 1421 5641; x_wconf 91' lang='grc' dir='ltr'><strong>ιιι</strong></span> <span class='ocrx_word' id='word_1_732' title='bbox 1450 5603 1514 5643; x_wconf 82' lang='lat' dir='ltr'><strong>ex</strong></span> <span class='ocrx_word' id='word_1_733' title='bbox 1547 5603 1609 5642; x_wconf 89' lang='lat' dir='ltr'><strong>eo</strong></span> <span class='ocrx_word' id='word_1_734' title='bbox 1645 5605 1702 5642; x_wconf 88' lang='lat' dir='ltr'><strong>se</strong></span> <span class='ocrx_word' id='word_1_735' title='bbox 1744 5590 2045 5642; x_wconf 79' lang='lat' dir='ltr'><strong>imllatenus</strong></span> 
     </span>
    </p>
   </div>
   <div class='ocr_carea' id='block_1_105' title="bbox 471 5677 2039 5751">
    <p class='ocr_par' dir='ltr' id='par_1_105' title="bbox 471 5677 2039 5751">
     <span class='ocr_line' id='line_1_105' title="bbox 471 5677 2039 5751; baseline -0.003 -16"><span class='ocrx_word' id='word_1_736' title='bbox 471 5683 647 5739; x_wconf 82' lang='lat' dir='ltr'><strong>valeat</strong></span> <span class='ocrx_word' id='word_1_737' title='bbox 673 5684 946 5751; x_wconf 86' lang='lat' dir='ltr'><strong>expedire.</strong></span> <span class='ocrx_word' id='word_1_738' title='bbox 981 5681 1111 5733; x_wconf 82' lang='lat' dir='ltr'><strong>Nam</strong></span> <span class='ocrx_word' id='word_1_739' title='bbox 1151 5680 1194 5733; x_wconf 87' lang='lat' dir='ltr'><strong>si</strong></span> <span class='ocrx_word' id='word_1_740' title='bbox 1233 5678 1511 5749; x_wconf 83' lang='lat' dir='ltr'><strong>presbyter</strong></span> <span class='ocrx_word' id='word_1_741' title='bbox 1538 5679 1721 5746; x_wconf 87' lang='lat' dir='ltr'><strong>procul</strong></span> <span class='ocrx_word' id='word_1_742' title='bbox 1747 5679 1908 5733; x_wconf 87' lang='lat' dir='ltr'><strong>dubio</strong></span> <span class='ocrx_word' id='word_1_743' title='bbox 1936 5677 2039 5746; x_wconf 77' lang='lat'><strong>91</strong></span> 
     </span>
    </p>
   </div>
   <div class='ocr_carea' id='block_1_106' title="bbox 1411 4595 2049 4667">
    <p class='ocr_par' dir='ltr' id='par_1_106' title="bbox 1411 4595 2049 4667">
     <span class='ocr_line' id='line_1_106' title="bbox 1411 4595 2049 4667; baseline 0.002 -17"><span class='ocrx_word' id='word_1_744' title='bbox 1411 4595 1801 4651; x_wconf 89' lang='lat' dir='ltr'><strong>delectabiliter</strong></span> <span class='ocrx_word' id='word_1_745' title='bbox 1864 4610 2049 4667; x_wconf 88' lang='lat' dir='ltr'><strong>perse-</strong></span> 
     </span>
    </p>
   </div>
   <div class='ocr_carea' id='block_1_107' title="bbox 2220 4563 3721 4633">
    <p class='ocr_par' dir='ltr' id='par_1_107' title="bbox 2220 4563 3721 4633">
     <span class='ocr_line' id='line_1_107' title="bbox 2220 4563 3721 4633; baseline -0.003 -12"><span class='ocrx_word' id='word_1_746' title='bbox 2220 4563 2277 4621; x_wconf 83' lang='lat' dir='ltr'><strong>ut</strong></span> <span class='ocrx_word' id='word_1_747' title='bbox 2326 4566 2510 4620; x_wconf 89' lang='lat' dir='ltr'><strong>habita</strong></span> <span class='ocrx_word' id='word_1_748' title='bbox 2568 4565 2778 4619; x_wconf 89' lang='lat' dir='ltr'><strong>ratione</strong></span> <span class='ocrx_word' id='word_1_749' title='bbox 2831 4563 2975 4619; x_wconf 91' lang='lat' dir='ltr'><strong>illius</strong></span> <span class='ocrx_word' id='word_1_750' title='bbox 3023 4563 3218 4633; x_wconf 67' lang='lat' dir='ltr'><strong>inopiae</strong></span> <span class='ocrx_word' id='word_1_751' title='bbox 3257 4572 3309 4617; x_wconf 88' lang='lat' dir='ltr'><strong>et</strong></span> <span class='ocrx_word' id='word_1_752' title='bbox 3348 4564 3721 4633; x_wconf 87' lang='lat' dir='ltr'><strong>necessitatis,</strong></span> 
     </span>
    </p>
   </div>
   <div class='ocr_carea' id='block_1_108' title="bbox 2220 4632 3720 4704">
    <p class='ocr_par' dir='ltr' id='par_1_108' title="bbox 2220 4632 3720 4704">
     <span class='ocr_line' id='line_1_108' title="bbox 2220 4632 3720 4704; baseline -0.003 -13"><span class='ocrx_word' id='word_1_753' title='bbox 2220 4636 2394 4692; x_wconf 89' lang='lat' dir='ltr'><strong>eidem</strong></span> <span class='ocrx_word' id='word_1_754' title='bbox 2438 4633 2931 4704; x_wconf 78' lang='lat' dir='ltr'><strong>pecuniam,sicnt</strong></span> <span class='ocrx_word' id='word_1_755' title='bbox 2971 4632 3257 4704; x_wconf 78' lang='lat' dir='ltr'><strong>cogitarat,</strong></span> <span class='ocrx_word' id='word_1_756' title='bbox 3289 4646 3401 4704; x_wconf 23' lang='lat' dir='ltr'><strong>Anon</strong></span> <span class='ocrx_word' id='word_1_757' title='bbox 3447 4632 3720 4695; x_wconf 85' lang='lat' dir='ltr'><strong>auferret;</strong></span> 
     </span>
    </p>
   </div>
   <div class='ocr_carea' id='block_1_109' title="bbox 2219 4702 3726 4827">
    <p class='ocr_par' dir='ltr' id='par_1_109' title="bbox 2219 4702 3726 4827">
     <span class='ocr_line' id='line_1_109' title="bbox 2219 4702 3726 4827; baseline -0.003 -68"><span class='ocrx_word' id='word_1_758' title='bbox 2219 4702 2531 4827; x_wconf 52' lang='lat' dir='ltr'><strong>cgnteirtun:</strong></span> <span class='ocrx_word' id='word_1_759' title='bbox 2566 4704 2712 4757; x_wconf 90' lang='lat' dir='ltr'><strong>enim</strong></span> <span class='ocrx_word' id='word_1_760' title='bbox 2740 4702 2937 4757; x_wconf 88' lang='lat' dir='ltr'><strong>debere</strong></span> <span class='ocrx_word' id='word_1_761' title='bbox 2976 4717 3097 4757; x_wconf 90' lang='lat' dir='ltr'><strong>esse</strong></span> <span class='ocrx_word' id='word_1_762' title='bbox 3125 4702 3193 4756; x_wconf 92' lang='lat' dir='ltr'><strong>iis</strong></span> <span class='ocrx_word' id='word_1_763' title='bbox 3228 4702 3407 4767; x_wconf 90' lang='lat' dir='ltr'><strong>rebus,</strong></span> <span class='ocrx_word' id='word_1_764' title='bbox 3432 4715 3568 4769; x_wconf 88' lang='lat' dir='ltr'><strong>quas</strong></span> <span class='ocrx_word' id='word_1_765' title='bbox 3597 4712 3726 4755; x_wconf 88' lang='lat' dir='ltr'><strong>ante</strong></span> 
     </span>
     <span class='ocr_line' id='line_1_110' title="bbox 2221 4783 2556 4827; baseline 0 0"><span class='ocrx_word' id='word_1_766' title='bbox 2221 4791 2249 4827; x_wconf 74' lang='grc' dir='ltr'><strong>ιι</strong></span> <span class='ocrx_word' id='word_1_767' title='bbox 2292 4783 2375 4827; x_wconf 89' lang='lat' dir='ltr'><strong>stu</strong></span> <span class='ocrx_word' id='word_1_768' title='bbox 2403 4788 2509 4827; x_wconf 80' lang='lat' dir='ltr'><strong>Isse</strong></span> <span class='ocrx_word' id='word_1_769' title='bbox 2540 4808 2556 4827; x_wconf 92' lang='lat'><strong>.</strong></span> 
     </span>
    </p>
   </div>
   <div class='ocr_carea' id='block_1_110' title="bbox 2221 4858 3726 4929">
    <p class='ocr_par' dir='ltr' id='par_1_110' title="bbox 2221 4858 3726 4929">
     <span class='ocr_line' id='line_1_111' title="bbox 2221 4858 3726 4929; baseline -0.001 -13"><span class='ocrx_word' id='word_1_770' title='bbox 2221 4863 2427 4917; x_wconf 90' lang='lat' dir='ltr'><strong>Domno</strong></span> <span class='ocrx_word' id='word_1_771' title='bbox 2447 4861 2537 4916; x_wconf 86' lang='lat' dir='ltr'><strong>W.</strong></span> <span class='ocrx_word' id='word_1_772' title='bbox 2563 4858 3009 4915; x_wconf 88' lang='lat' dir='ltr'><strong>reverendissimo</strong></span> <span class='ocrx_word' id='word_1_773' title='bbox 3034 4860 3454 4929; x_wconf 86' lang='lat' dir='ltr'><strong>archiepiscopo,</strong></span> <span class='ocrx_word' id='word_1_774' title='bbox 3481 4859 3726 4924; x_wconf 73' lang='grc' dir='ltr'><strong>Ρετιιοε,</strong></span> 
     </span>
    </p>
   </div>
   <div class='ocr_carea' id='block_1_111' title="bbox 2150 4950 3506 5006">
    <p class='ocr_par' dir='ltr' id='par_1_111' title="bbox 2150 4950 3506 5006">
     <span class='ocr_line' id='line_1_112' title="bbox 2150 4950 3506 5006; baseline -0.005 0"><span class='ocrx_word' id='word_1_775' title='bbox 2150 4952 2398 5006; x_wconf 85' lang='lat' dir='ltr'><strong>salutem.</strong></span> <span class='ocrx_word' id='word_1_776' title='bbox 3499 4950 3506 4961; x_wconf 82' lang='lat'><em>‘</em></span> 
     </span>
    </p>
   </div>
   <div class='ocr_carea' id='block_1_112' title="bbox 2218 5034 3728 5106">
    <p class='ocr_par' dir='ltr' id='par_1_112' title="bbox 2218 5034 3728 5106">
     <span class='ocr_line' id='line_1_113' title="bbox 2218 5034 3728 5106; baseline -0.003 -13"><span class='ocrx_word' id='word_1_777' title='bbox 2218 5038 2436 5094; x_wconf 87' lang='lat' dir='ltr'><strong>Gratias</strong></span> <span class='ocrx_word' id='word_1_778' title='bbox 2450 5036 2581 5105; x_wconf 78' lang='lat' dir='ltr'><strong>Regi</strong></span> <span class='ocrx_word' id='word_1_779' title='bbox 2605 5051 2787 5106; x_wconf 87' lang='lat' dir='ltr'><strong>regum</strong></span> <span class='ocrx_word' id='word_1_780' title='bbox 2805 5036 2910 5089; x_wconf 83' lang='lat' dir='ltr'><strong>Deo</strong></span> <span class='ocrx_word' id='word_1_781' title='bbox 2935 5034 3236 5099; x_wconf 83' lang='lat' dir='ltr'><strong>referimus,</strong></span> <span class='ocrx_word' id='word_1_782' title='bbox 3253 5034 3375 5102; x_wconf 87' lang='lat' dir='ltr'><strong>quia</strong></span> <span class='ocrx_word' id='word_1_783' title='bbox 3403 5036 3526 5089; x_wconf 92' lang='lat' dir='ltr'><strong>dum</strong></span> <span class='ocrx_word' id='word_1_784' title='bbox 3552 5044 3728 5089; x_wconf 90' lang='lat' dir='ltr'><strong>totum</strong></span> 
     </span>
    </p>
   </div>
   <div class='ocr_carea' id='block_1_113' title="bbox 2147 5126 3728 5201">
    <p class='ocr_par' dir='ltr' id='par_1_113' title="bbox 2147 5126 3728 5201">
     <span class='ocr_line' id='line_1_114' title="bbox 2147 5126 3728 5201; baseline -0.006 -13"><span class='ocrx_word' id='word_1_785' title='bbox 2147 5135 2330 5188; x_wconf 85' lang='lat' dir='ltr'><strong>orbem</strong></span> <span class='ocrx_word' id='word_1_786' title='bbox 2356 5131 2683 5201; x_wconf 87' lang='lat' dir='ltr'><strong>propinquus</strong></span> <span class='ocrx_word' id='word_1_787' title='bbox 2693 5130 2803 5198; x_wconf 87' lang='lat' dir='ltr'><strong>jam</strong></span> <span class='ocrx_word' id='word_1_788' title='bbox 2830 5129 2944 5181; x_wconf 83' lang='lat' dir='ltr'><strong>dies</strong></span> <span class='ocrx_word' id='word_1_789' title='bbox 2960 5127 3251 5181; x_wconf 72' lang='lat' dir='ltr'><strong>Dominica:</strong></span> <span class='ocrx_word' id='word_1_790' title='bbox 3276 5126 3570 5180; x_wconf 88' lang='lat' dir='ltr'><strong>nativitatis</strong></span> <span class='ocrx_word' id='word_1_791' title='bbox 3595 5127 3728 5180; x_wconf 89' lang='lat' dir='ltr'><strong>irra-</strong></span> 
     </span>
    </p>
   </div>
   <div class='ocr_carea' id='block_1_114' title="bbox 2149 5216 3729 5286">
    <p class='ocr_par' dir='ltr' id='par_1_114' title="bbox 2149 5216 3729 5286">
     <span class='ocr_line' id='line_1_115' title="bbox 2149 5216 3729 5286; baseline -0.008 -9"><span class='ocrx_word' id='word_1_792' title='bbox 2149 5225 2280 5285; x_wconf 86' lang='lat' dir='ltr'><strong>diat,</strong></span> <span class='ocrx_word' id='word_1_793' title='bbox 2318 5225 2502 5276; x_wconf 90' lang='lat' dir='ltr'><strong>urbem</strong></span> <span class='ocrx_word' id='word_1_794' title='bbox 2556 5227 2789 5272; x_wconf 86' lang='lat' dir='ltr'><strong>nostram</strong></span> <span class='ocrx_word' id='word_1_795' title='bbox 2840 5217 2947 5286; x_wconf 78' lang='lat'><strong>92</strong></span> <span class='ocrx_word' id='word_1_796' title='bbox 2980 5218 3141 5271; x_wconf 85' lang='lat' dir='ltr'><strong>etiam</strong></span> <span class='ocrx_word' id='word_1_797' title='bbox 3172 5216 3501 5270; x_wconf 87' lang='lat' dir='ltr'><strong>clarissimus</strong></span> <span class='ocrx_word' id='word_1_798' title='bbox 3546 5225 3729 5268; x_wconf 75' lang='lat' dir='ltr'><strong>vester</strong></span> 
     </span>
    </p>
   </div>
   <div class='ocr_carea' id='block_1_115' title="bbox 2148 5301 3726 5375">
    <p class='ocr_par' dir='ltr' id='par_1_115' title="bbox 2148 5301 3726 5375">
     <span class='ocr_line' id='line_1_116' title="bbox 2148 5301 3726 5375; baseline -0.009 -5"><span class='ocrx_word' id='word_1_799' title='bbox 2148 5317 2408 5370; x_wconf 88' lang='lat' dir='ltr'><strong>adventus</strong></span> <span class='ocrx_word' id='word_1_800' title='bbox 2448 5312 2694 5365; x_wconf 89' lang='lat' dir='ltr'><strong>illustrat.</strong></span> <span class='ocrx_word' id='word_1_801' title='bbox 2720 5309 2902 5375; x_wconf 88' lang='lat' dir='ltr'><strong>Itaque</strong></span> <span class='ocrx_word' id='word_1_802' title='bbox 2929 5307 3058 5369; x_wconf 84' lang='lat' dir='ltr'><strong>libet</strong></span> <span class='ocrx_word' id='word_1_803' title='bbox 3078 5304 3379 5359; x_wconf 83' lang='lat' dir='ltr'><strong>exclamare</strong></span> <span class='ocrx_word' id='word_1_804' title='bbox 3412 5301 3633 5356; x_wconf 74' lang='lat' dir='ltr'><strong>:Glofin</strong></span> <span class='ocrx_word' id='word_1_805' title='bbox 3670 5305 3726 5356; x_wconf 79' lang='lat' dir='ltr'><strong>in</strong></span> 
     </span>
    </p>
   </div>
   <div class='ocr_carea' id='block_1_116' title="bbox 2145 5391 3725 5465">
    <p class='ocr_par' dir='ltr' id='par_1_116' title="bbox 2145 5391 3725 5465">
     <span class='ocr_line' id='line_1_117' title="bbox 2145 5391 3725 5465; baseline -0.011 -5"><span class='ocrx_word' id='word_1_806' title='bbox 2145 5406 2362 5461; x_wconf 77' lang='lat' dir='ltr'><strong>excelsis</strong></span> <span class='ocrx_word' id='word_1_807' title='bbox 2388 5404 2576 5465; x_wconf 81' lang='lat' dir='ltr'><strong>Deo,et</strong></span> <span class='ocrx_word' id='word_1_808' title='bbox 2601 5401 2656 5453; x_wconf 87' lang='lat' dir='ltr'><strong>in</strong></span> <span class='ocrx_word' id='word_1_809' title='bbox 2677 5409 2815 5452; x_wconf 80' lang='lat' dir='ltr'><strong>terra</strong></span> <span class='ocrx_word' id='word_1_810' title='bbox 2836 5414 2939 5465; x_wconf 73' lang='lat' dir='ltr'><strong>pax</strong></span> <span class='ocrx_word' id='word_1_811' title='bbox 2958 5396 3251 5449; x_wconf 82' lang='lat' dir='ltr'><strong>hominibus</strong></span> <span class='ocrx_word' id='word_1_812' title='bbox 3273 5394 3419 5447; x_wconf 76' lang='lat' dir='ltr'><strong>bona:</strong></span> <span class='ocrx_word' id='word_1_813' title='bbox 3441 5391 3725 5446; x_wconf 76' lang='lat' dir='ltr'><strong>voluntatis</strong></span> 
     </span>
    </p>
   </div>
   <div class='ocr_carea' id='block_1_117' title="bbox 2148 5480 3723 5566">
    <p class='ocr_par' dir='ltr' id='par_1_117' title="bbox 2148 5480 3723 5566">
     <span class='ocr_line' id='line_1_118' title="bbox 2148 5480 3723 5566; baseline -0.01 -18"><span class='ocrx_word' id='word_1_814' title='bbox 2148 5494 2298 5566; x_wconf 82' lang='lat' dir='ltr'><strong>(Luc.</strong></span> <span class='ocrx_word' id='word_1_815' title='bbox 2318 5493 2401 5562; x_wconf 92' lang='grc' dir='ltr'>ιι).</span> <span class='ocrx_word' id='word_1_816' title='bbox 2431 5491 2812 5546; x_wconf 81' lang='lat' dir='ltr'><strong>Verumtamen</strong></span> <span class='ocrx_word' id='word_1_817' title='bbox 2837 5486 2968 5540; x_wconf 89' lang='lat' dir='ltr'><strong>satis</strong></span> <span class='ocrx_word' id='word_1_818' title='bbox 2992 5487 3180 5550; x_wconf 90' lang='lat' dir='ltr'><strong>miror,</strong></span> <span class='ocrx_word' id='word_1_819' title='bbox 3202 5482 3522 5538; x_wconf 85' lang='lat' dir='ltr'><strong>venerabilis</strong></span> <span class='ocrx_word' id='word_1_820' title='bbox 3538 5480 3723 5541; x_wconf 80' lang='lat' dir='ltr'><strong>Pater,</strong></span> 
     </span>
    </p>
   </div>
   <div class='ocr_carea' id='block_1_118' title="bbox 2145 5572 3726 5654">
    <p class='ocr_par' dir='ltr' id='par_1_118' title="bbox 2145 5572 3726 5654">
     <span class='ocr_line' id='line_1_119' title="bbox 2145 5572 3726 5654; baseline -0.011 -15"><span class='ocrx_word' id='word_1_821' title='bbox 2145 5586 2273 5654; x_wconf 89' lang='lat' dir='ltr'><strong>quia</strong></span> <span class='ocrx_word' id='word_1_822' title='bbox 2294 5590 2573 5651; x_wconf 86' lang='lat' dir='ltr'><strong>postquam</strong></span> <span class='ocrx_word' id='word_1_823' title='bbox 2597 5579 2664 5633; x_wconf 86' lang='lat' dir='ltr'><strong>ad</strong></span> <span class='ocrx_word' id='word_1_824' title='bbox 2690 5587 2741 5632; x_wconf 88' lang='lat' dir='ltr'><strong>te</strong></span> <span class='ocrx_word' id='word_1_825' title='bbox 2765 5577 2902 5638; x_wconf 87' lang='lat' dir='ltr'><strong>veni,</strong></span> <span class='ocrx_word' id='word_1_826' title='bbox 2920 5585 3203 5643; x_wconf 89' lang='lat' dir='ltr'><strong>postquam</strong></span> <span class='ocrx_word' id='word_1_827' title='bbox 3225 5575 3293 5628; x_wconf 89' lang='lat' dir='ltr'><strong>ab</strong></span> <span class='ocrx_word' id='word_1_828' title='bbox 3310 5572 3413 5626; x_wconf 91' lang='lat' dir='ltr'><strong>alio</strong></span> <span class='ocrx_word' id='word_1_829' title='bbox 3441 5576 3726 5623; x_wconf 87' lang='lat' dir='ltr'><strong>revocatus</strong></span> 
     </span>
    </p>
   </div>
   <div class='ocr_carea' id='block_1_119' title="bbox 2148 5659 3723 5737">
    <p class='ocr_par' dir='ltr' id='par_1_119' title="bbox 2148 5659 3723 5737">
     <span class='ocr_line' id='line_1_120' title="bbox 2148 5659 3723 5737; baseline -0.011 -10"><span class='ocrx_word' id='word_1_830' title='bbox 2148 5674 2366 5737; x_wconf 90' lang='lat' dir='ltr'><strong>itinere,</strong></span> <span class='ocrx_word' id='word_1_831' title='bbox 2399 5670 2590 5725; x_wconf 84' lang='lat' dir='ltr'><strong>vestris</strong></span> <span class='ocrx_word' id='word_1_832' title='bbox 2618 5665 2948 5736; x_wconf 85' lang='lat' dir='ltr'><strong>jussionibus</strong></span> <span class='ocrx_word' id='word_1_833' title='bbox 2988 5664 3161 5736; x_wconf 89' lang='lat' dir='ltr'><strong>parui,</strong></span> <span class='ocrx_word' id='word_1_834' title='bbox 3195 5663 3394 5719; x_wconf 87' lang='lat' dir='ltr'><strong>mdium</strong></span> <span class='ocrx_word' id='word_1_835' title='bbox 3436 5659 3723 5729; x_wconf 83' lang='lat' dir='ltr'><strong>legationis</strong></span> 
     </span>
    </p>
   </div>
  </div>
