  <div class='ocr_page' id='page_1' title='image "/cluster/home/n/w/nwhite01/storage/ocr_20150623/144/hvd.32044054760046/152.png"; bbox 0 0 4078 6202; ppageno 0'>
   <div class='ocr_carea' id='block_1_1' title="bbox 362 332 476 390">
    <p class='ocr_par' dir='ltr' id='par_1_1' title="bbox 362 332 476 390">
     <span class='ocr_line' id='line_1_1' title="bbox 362 332 476 390; baseline 0.009 -1"><span class='ocrx_word' id='word_1_1' title='bbox 362 332 476 390; x_wconf 73' lang='lat'><strong>293</strong></span> 
     </span>
    </p>
   </div>
   <div class='ocr_carea' id='block_1_2' title="bbox 1541 342 2471 411">
    <p class='ocr_par' dir='ltr' id='par_1_2' title="bbox 1541 342 2471 411">
     <span class='ocr_line' id='line_1_2' title="bbox 1541 342 2471 411; baseline 0.008 -13"><span class='ocrx_word' id='word_1_2' title='bbox 1541 342 1741 400; x_wconf 79' lang='lat' dir='ltr'><strong>LIBER</strong></span> <span class='ocrx_word' id='word_1_3' title='bbox 1779 343 2096 411; x_wconf 75' lang='lat' dir='ltr'><strong>TERTIUS,</strong></span> <span class='ocrx_word' id='word_1_4' title='bbox 2134 345 2351 405; x_wconf 83' lang='lat' dir='ltr'><strong>EPIST.</strong></span> <span class='ocrx_word' id='word_1_5' title='bbox 2383 348 2471 405; x_wconf 89' lang='lat' dir='ltr'><strong>Vl.</strong></span> 
     </span>
    </p>
   </div>
   <div class='ocr_carea' id='block_1_3' title="bbox 3523 367 3631 424">
    <p class='ocr_par' dir='ltr' id='par_1_3' title="bbox 3523 367 3631 424">
     <span class='ocr_line' id='line_1_3' title="bbox 3523 367 3631 424; baseline 0.028 -3"><span class='ocrx_word' id='word_1_6' title='bbox 3523 367 3631 424; x_wconf 73' lang='grc'><strong>296</strong></span> 
     </span>
    </p>
   </div>
   <div class='ocr_carea' id='block_1_4' title="bbox 363 447 3630 539">
    <p class='ocr_par' dir='ltr' id='par_1_4' title="bbox 363 447 3630 539">
     <span class='ocr_line' id='line_1_4' title="bbox 363 447 3630 539; baseline 0.009 -35"><span class='ocrx_word' id='word_1_7' title='bbox 363 450 612 512; x_wconf 79' lang='lat' dir='ltr'><strong>verbum,</strong></span> <span class='ocrx_word' id='word_1_8' title='bbox 642 447 849 502; x_wconf 89' lang='lat' dir='ltr'><strong>nullum</strong></span> <span class='ocrx_word' id='word_1_9' title='bbox 894 449 1170 520; x_wconf 83' lang='lat' dir='ltr'><strong>suscipere</strong></span> <span class='ocrx_word' id='word_1_10' title='bbox 1214 452 1386 507; x_wconf 91' lang='lat' dir='ltr'><strong>merui</strong></span> <span class='ocrx_word' id='word_1_11' title='bbox 1434 464 1628 510; x_wconf 79' lang='lat' dir='ltr'><strong>vestrae</strong></span> <span class='ocrx_word' id='word_1_12' title='bbox 1669 457 1950 511; x_wconf 77' lang='lat' dir='ltr'><strong>familiari-</strong></span> <span class='ocrx_word' id='word_1_13' title='bbox 1976 465 2025 523; x_wconf 71' lang='grc' dir='ltr'><strong>Α</strong></span> <span class='ocrx_word' id='word_1_14' title='bbox 2053 454 2270 511; x_wconf 71' lang='lat' dir='ltr'><strong>Penus</strong></span> <span class='ocrx_word' id='word_1_15' title='bbox 2296 469 2552 528; x_wconf 73' lang='lat' dir='ltr'><strong>peccator</strong></span> <span class='ocrx_word' id='word_1_16' title='bbox 2577 461 2876 522; x_wconf 86' lang='lat' dir='ltr'><strong>monachus</strong></span> <span class='ocrx_word' id='word_1_17' title='bbox 2904 466 3080 539; x_wconf 75' lang='lat' dir='ltr'><strong>digna:</strong></span> <span class='ocrx_word' id='word_1_18' title='bbox 3118 469 3424 530; x_wconf 90' lang='lat' dir='ltr'><strong>devotionis</strong></span> <span class='ocrx_word' id='word_1_19' title='bbox 3466 475 3630 534; x_wconf 83' lang='lat' dir='ltr'><strong>obsc-</strong></span> 
     </span>
    </p>
   </div>
   <div class='ocr_carea' id='block_1_5' title="bbox 365 540 1946 616">
    <p class='ocr_par' dir='ltr' id='par_1_5' title="bbox 365 540 1946 616">
     <span class='ocr_line' id='line_1_5' title="bbox 365 540 1946 616; baseline 0.006 -21"><span class='ocrx_word' id='word_1_20' title='bbox 365 542 494 596; x_wconf 81' lang='lat' dir='ltr'><strong>tatis</strong></span> <span class='ocrx_word' id='word_1_21' title='bbox 532 540 814 595; x_wconf 87' lang='lat' dir='ltr'><strong>indicium.</strong></span> <span class='ocrx_word' id='word_1_22' title='bbox 838 540 998 596; x_wconf 87' lang='lat' dir='ltr'><strong>Certe</strong></span> <span class='ocrx_word' id='word_1_23' title='bbox 1036 542 1276 598; x_wconf 85' lang='lat' dir='ltr'><strong>nonnulli</strong></span> <span class='ocrx_word' id='word_1_24' title='bbox 1316 552 1484 601; x_wconf 87' lang='lat' dir='ltr'><strong>testes</strong></span> <span class='ocrx_word' id='word_1_25' title='bbox 1521 557 1649 601; x_wconf 91' lang='lat' dir='ltr'><strong>sunt</strong></span> <span class='ocrx_word' id='word_1_26' title='bbox 1685 547 1844 616; x_wconf 87' lang='lat' dir='ltr'><strong>hujus</strong></span> <span class='ocrx_word' id='word_1_27' title='bbox 1870 549 1946 604; x_wconf 86' lang='lat' dir='ltr'><strong>rei</strong></span> 
     </span>
    </p>
   </div>
   <div class='ocr_carea' id='block_1_6' title="bbox 361 632 1948 703">
    <p class='ocr_par' dir='ltr' id='par_1_6' title="bbox 361 632 1948 703">
     <span class='ocr_line' id='line_1_6' title="bbox 361 632 1948 703; baseline 0.008 -18"><span class='ocrx_word' id='word_1_28' title='bbox 361 648 526 703; x_wconf 85' lang='lat' dir='ltr'><strong>quam</strong></span> <span class='ocrx_word' id='word_1_29' title='bbox 579 632 798 702; x_wconf 90' lang='lat' dir='ltr'><strong>loquor,</strong></span> <span class='ocrx_word' id='word_1_30' title='bbox 844 633 971 703; x_wconf 86' lang='lat' dir='ltr'><strong>quia</strong></span> <span class='ocrx_word' id='word_1_31' title='bbox 1026 635 1070 689; x_wconf 91' lang='lat' dir='ltr'><strong>si</strong></span> <span class='ocrx_word' id='word_1_32' title='bbox 1120 635 1275 690; x_wconf 78' lang='lat' dir='ltr'><strong>bona:</strong></span> <span class='ocrx_word' id='word_1_33' title='bbox 1338 639 1614 693; x_wconf 67' lang='lat' dir='ltr'><strong>memoria:</strong></span> <span class='ocrx_word' id='word_1_34' title='bbox 1677 641 1948 697; x_wconf 81' lang='lat' dir='ltr'><strong>decessori</strong></span> 
     </span>
    </p>
   </div>
   <div class='ocr_carea' id='block_1_7' title="bbox 359 722 1950 796">
    <p class='ocr_par' dir='ltr' id='par_1_7' title="bbox 359 722 1950 796">
     <span class='ocr_line' id='line_1_7' title="bbox 359 722 1950 796; baseline 0.008 -20"><span class='ocrx_word' id='word_1_35' title='bbox 359 734 544 780; x_wconf 86' lang='lat' dir='ltr'><strong>vestro</strong></span> <span class='ocrx_word' id='word_1_36' title='bbox 578 723 668 778; x_wconf 92' lang='lat' dir='ltr'><strong>hic</strong></span> <span class='ocrx_word' id='word_1_37' title='bbox 707 722 972 778; x_wconf 71' lang='lat' dir='ltr'><strong>habitanti</strong></span> <span class='ocrx_word' id='word_1_38' title='bbox 1014 722 1084 778; x_wconf 92' lang='lat' dir='ltr'><strong>ob</strong></span> <span class='ocrx_word' id='word_1_39' title='bbox 1111 734 1354 796; x_wconf 83' lang='lat' dir='ltr'><strong>tempora</strong></span> <span class='ocrx_word' id='word_1_40' title='bbox 1384 727 1452 784; x_wconf 91' lang='lat' dir='ltr'><strong>de</strong></span> <span class='ocrx_word' id='word_1_41' title='bbox 1481 729 1656 785; x_wconf 90' lang='lat' dir='ltr'><strong>salute</strong></span> <span class='ocrx_word' id='word_1_42' title='bbox 1687 747 1799 787; x_wconf 75' lang='lat' dir='ltr'><strong>sua:</strong></span> <span class='ocrx_word' id='word_1_43' title='bbox 1833 733 1950 788; x_wconf 88' lang='lat' dir='ltr'><strong>ani-</strong></span> 
     </span>
    </p>
   </div>
   <div class='ocr_carea' id='block_1_8' title="bbox 358 813 1946 885">
    <p class='ocr_par' dir='ltr' id='par_1_8' title="bbox 358 813 1946 885">
     <span class='ocr_line' id='line_1_8' title="bbox 358 813 1946 885; baseline 0.005 -14"><span class='ocrx_word' id='word_1_44' title='bbox 358 830 480 879; x_wconf 68' lang='lat' dir='ltr'><strong>mae,</strong></span> <span class='ocrx_word' id='word_1_45' title='bbox 511 825 570 871; x_wconf 89' lang='lat' dir='ltr'><strong>et</strong></span> <span class='ocrx_word' id='word_1_46' title='bbox 603 814 673 870; x_wconf 91' lang='lat' dir='ltr'><strong>de</strong></span> <span class='ocrx_word' id='word_1_47' title='bbox 713 813 1080 885; x_wconf 73' lang='lat' dir='ltr'><strong>spiritualium</strong></span> <span class='ocrx_word' id='word_1_48' title='bbox 1131 831 1312 873; x_wconf 88' lang='lat' dir='ltr'><strong>rerum</strong></span> <span class='ocrx_word' id='word_1_49' title='bbox 1355 820 1791 878; x_wconf 74' lang='lat' dir='ltr'><strong>ordinationibus</strong></span> <span class='ocrx_word' id='word_1_50' title='bbox 1830 832 1946 880; x_wconf 88' lang='lat' dir='ltr'><strong>rata</strong></span> 
     </span>
    </p>
   </div>
   <div class='ocr_carea' id='block_1_9' title="bbox 357 904 1944 984">
    <p class='ocr_par' dir='ltr' id='par_1_9' title="bbox 357 904 1944 984">
     <span class='ocr_line' id='line_1_9' title="bbox 357 904 1944 984; baseline 0.006 -24"><span class='ocrx_word' id='word_1_51' title='bbox 357 905 716 976; x_wconf 85' lang='lat' dir='ltr'><strong>promissione</strong></span> <span class='ocrx_word' id='word_1_52' title='bbox 744 904 1006 971; x_wconf 87' lang='lat' dir='ltr'><strong>ﬁrmaret,</strong></span> <span class='ocrx_word' id='word_1_53' title='bbox 1040 921 1136 963; x_wconf 89' lang='lat' dir='ltr'><strong>vos</strong></span> <span class='ocrx_word' id='word_1_54' title='bbox 1164 917 1348 964; x_wconf 87' lang='lat' dir='ltr'><strong>autem</strong></span> <span class='ocrx_word' id='word_1_55' title='bbox 1378 923 1411 965; x_wconf 91' lang='lat' dir='ltr'><strong>e</strong></span> <span class='ocrx_word' id='word_1_56' title='bbox 1442 910 1657 968; x_wconf 89' lang='lat' dir='ltr'><strong>diverso</strong></span> <span class='ocrx_word' id='word_1_57' title='bbox 1685 928 1773 969; x_wconf 93' lang='lat' dir='ltr'><strong>me</strong></span> <span class='ocrx_word' id='word_1_58' title='bbox 1806 929 1944 984; x_wconf 87' lang='lat' dir='ltr'><strong>quo-</strong></span> 
     </span>
    </p>
   </div>
   <div class='ocr_carea' id='block_1_10' title="bbox 357 994 1946 1074">
    <p class='ocr_par' dir='ltr' id='par_1_10' title="bbox 357 994 1946 1074">
     <span class='ocr_line' id='line_1_10' title="bbox 357 994 1946 1074; baseline 0.006 -24"><span class='ocrx_word' id='word_1_59' title='bbox 357 995 487 1050; x_wconf 92' lang='lat' dir='ltr'><strong>tidie</strong></span> <span class='ocrx_word' id='word_1_60' title='bbox 530 994 834 1066; x_wconf 90' lang='lat' dir='ltr'><strong>ﬂagellatis,</strong></span> <span class='ocrx_word' id='word_1_61' title='bbox 860 996 1106 1066; x_wconf 89' lang='lat' dir='ltr'><strong>quotidie</strong></span> <span class='ocrx_word' id='word_1_62' title='bbox 1134 1011 1292 1054; x_wconf 88' lang='lat' dir='ltr'><strong>acres</strong></span> <span class='ocrx_word' id='word_1_63' title='bbox 1330 999 1616 1056; x_wconf 87' lang='lat' dir='ltr'><strong>verberum</strong></span> <span class='ocrx_word' id='word_1_64' title='bbox 1648 1003 1835 1074; x_wconf 84' lang='lat' dir='ltr'><strong>plagas</strong></span> <span class='ocrx_word' id='word_1_65' title='bbox 1863 1004 1946 1059; x_wconf 85' lang='lat' dir='ltr'><strong>in-</strong></span> 
     </span>
    </p>
   </div>
   <div class='ocr_carea' id='block_1_11' title="bbox 353 1085 1942 1164">
    <p class='ocr_par' dir='ltr' id='par_1_11' title="bbox 353 1085 1942 1164">
     <span class='ocr_line' id='line_1_11' title="bbox 353 1085 1942 1164; baseline 0.007 -25"><span class='ocrx_word' id='word_1_66' title='bbox 353 1085 572 1157; x_wconf 88' lang='lat' dir='ltr'><strong>ﬁigitis;</strong></span> <span class='ocrx_word' id='word_1_67' title='bbox 603 1095 657 1142; x_wconf 90' lang='lat' dir='ltr'><strong>et</strong></span> <span class='ocrx_word' id='word_1_68' title='bbox 685 1086 777 1156; x_wconf 90' lang='lat' dir='ltr'><strong>qui</strong></span> <span class='ocrx_word' id='word_1_69' title='bbox 808 1087 999 1142; x_wconf 90' lang='lat' dir='ltr'><strong>audire</strong></span> <span class='ocrx_word' id='word_1_70' title='bbox 1027 1102 1132 1141; x_wconf 89' lang='lat' dir='ltr'><strong>non</strong></span> <span class='ocrx_word' id='word_1_71' title='bbox 1163 1099 1405 1145; x_wconf 89' lang='lat' dir='ltr'><strong>meretur</strong></span> <span class='ocrx_word' id='word_1_72' title='bbox 1436 1090 1695 1162; x_wconf 88' lang='lat' dir='ltr'><strong>linguam,</strong></span> <span class='ocrx_word' id='word_1_73' title='bbox 1721 1108 1942 1164; x_wconf 78' lang='lat' dir='ltr'><strong>gravem</strong></span> 
     </span>
    </p>
   </div>
   <div class='ocr_carea' id='block_1_12' title="bbox 353 1175 1941 1255">
    <p class='ocr_par' dir='ltr' id='par_1_12' title="bbox 353 1175 1941 1255">
     <span class='ocr_line' id='line_1_12' title="bbox 353 1175 1941 1255; baseline 0.007 -25"><span class='ocrx_word' id='word_1_74' title='bbox 353 1175 421 1231; x_wconf 89' lang='lat' dir='ltr'><strong>de</strong></span> <span class='ocrx_word' id='word_1_75' title='bbox 447 1177 623 1232; x_wconf 86' lang='lat' dir='ltr'><strong>sacris</strong></span> <span class='ocrx_word' id='word_1_76' title='bbox 653 1177 902 1233; x_wconf 88' lang='lat' dir='ltr'><strong>manibus</strong></span> <span class='ocrx_word' id='word_1_77' title='bbox 929 1178 1155 1248; x_wconf 88' lang='lat' dir='ltr'><strong>suscipit</strong></span> <span class='ocrx_word' id='word_1_78' title='bbox 1191 1179 1556 1251; x_wconf 87' lang='lat' dir='ltr'><strong>disciplinam.</strong></span> <span class='ocrx_word' id='word_1_79' title='bbox 1588 1181 1791 1255; x_wconf 85' lang='lat' dir='ltr'><strong>Nempe</strong></span> <span class='ocrx_word' id='word_1_80' title='bbox 1813 1184 1941 1241; x_wconf 91' lang='lat' dir='ltr'><strong>dum</strong></span> 
     </span>
    </p>
   </div>
   <div class='ocr_carea' id='block_1_13' title="bbox 351 1265 1941 1341">
    <p class='ocr_par' dir='ltr' id='par_1_13' title="bbox 351 1265 1941 1341">
     <span class='ocr_line' id='line_1_13' title="bbox 351 1265 1941 1341; baseline 0.007 -21"><span class='ocrx_word' id='word_1_81' title='bbox 351 1266 458 1322; x_wconf 89' lang='lat' dir='ltr'><strong>hoc</strong></span> <span class='ocrx_word' id='word_1_82' title='bbox 505 1265 738 1322; x_wconf 92' lang='lat' dir='ltr'><strong>sollicite</strong></span> <span class='ocrx_word' id='word_1_83' title='bbox 779 1267 893 1336; x_wconf 89' lang='lat' dir='ltr'><strong>ipse</strong></span> <span class='ocrx_word' id='word_1_84' title='bbox 937 1269 1242 1336; x_wconf 88' lang='lat' dir='ltr'><strong>considero,</strong></span> <span class='ocrx_word' id='word_1_85' title='bbox 1295 1285 1437 1341; x_wconf 71' lang='lat' dir='ltr'><strong>szepc</strong></span> <span class='ocrx_word' id='word_1_86' title='bbox 1485 1272 1628 1328; x_wconf 89' lang='lat' dir='ltr'><strong>intra</strong></span> <span class='ocrx_word' id='word_1_87' title='bbox 1669 1286 1941 1331; x_wconf 90' lang='lat' dir='ltr'><strong>secretum</strong></span> 
     </span>
    </p>
   </div>
   <div class='ocr_carea' id='block_1_14' title="bbox 351 1356 1942 1426">
    <p class='ocr_par' dir='ltr' id='par_1_14' title="bbox 351 1356 1942 1426">
     <span class='ocr_line' id='line_1_14' title="bbox 351 1356 1942 1426; baseline 0.009 -17"><span class='ocrx_word' id='word_1_88' title='bbox 351 1356 456 1411; x_wconf 88' lang='lat' dir='ltr'><strong>mei</strong></span> <span class='ocrx_word' id='word_1_89' title='bbox 487 1357 727 1426; x_wconf 86' lang='lat' dir='ltr'><strong>pectoris</strong></span> <span class='ocrx_word' id='word_1_90' title='bbox 753 1358 867 1412; x_wconf 56' lang='lat' dir='ltr'><strong>habe</strong></span> <span class='ocrx_word' id='word_1_91' title='bbox 894 1374 1106 1414; x_wconf 90' lang='lat' dir='ltr'><strong>mecum</strong></span> <span class='ocrx_word' id='word_1_92' title='bbox 1137 1360 1334 1416; x_wconf 90' lang='lat' dir='ltr'><strong>tacitus</strong></span> <span class='ocrx_word' id='word_1_93' title='bbox 1364 1363 1530 1418; x_wconf 90' lang='lat' dir='ltr'><strong>verba</strong></span> <span class='ocrx_word' id='word_1_94' title='bbox 1560 1364 1797 1420; x_wconf 84' lang='lat' dir='ltr'><strong>revolvo.</strong></span> <span class='ocrx_word' id='word_1_95' title='bbox 1828 1366 1942 1423; x_wconf 88' lang='lat' dir='ltr'><strong>Hoc</strong></span> 
     </span>
    </p>
   </div>
   <div class='ocr_carea' id='block_1_15' title="bbox 348 1445 1940 1523">
    <p class='ocr_par' dir='ltr' id='par_1_15' title="bbox 348 1445 1940 1523">
     <span class='ocr_line' id='line_1_15' title="bbox 348 1445 1940 1523; baseline 0.009 -25"><span class='ocrx_word' id='word_1_96' title='bbox 348 1445 506 1510; x_wconf 80' lang='lat' dir='ltr'><strong>milii,</strong></span> <span class='ocrx_word' id='word_1_97' title='bbox 554 1445 798 1517; x_wconf 88' lang='lat' dir='ltr'><strong>inquam,</strong></span> <span class='ocrx_word' id='word_1_98' title='bbox 831 1446 961 1502; x_wconf 91' lang='lat' dir='ltr'><strong>facit</strong></span> <span class='ocrx_word' id='word_1_99' title='bbox 1003 1448 1256 1506; x_wconf 90' lang='lat' dir='ltr'><strong>dominus</strong></span> <span class='ocrx_word' id='word_1_100' title='bbox 1291 1466 1466 1518; x_wconf 92' lang='lat' dir='ltr'><strong>meus,</strong></span> <span class='ocrx_word' id='word_1_101' title='bbox 1507 1454 1651 1523; x_wconf 93' lang='lat' dir='ltr'><strong>quod</strong></span> <span class='ocrx_word' id='word_1_102' title='bbox 1693 1455 1823 1512; x_wconf 67' lang='lat' dir='ltr'><strong>Elia:</strong></span> <span class='ocrx_word' id='word_1_103' title='bbox 1861 1457 1940 1513; x_wconf 88' lang='lat' dir='ltr'><strong>l‘e-</strong></span> 
     </span>
    </p>
   </div>
   <div class='ocr_carea' id='block_1_16' title="bbox 345 1533 1938 1616">
    <p class='ocr_par' dir='ltr' id='par_1_16' title="bbox 345 1533 1938 1616">
     <span class='ocr_line' id='line_1_16' title="bbox 345 1533 1938 1616; baseline 0.008 -27"><span class='ocrx_word' id='word_1_104' title='bbox 345 1533 491 1589; x_wconf 82' lang='lat' dir='ltr'><strong>cisse</strong></span> <span class='ocrx_word' id='word_1_105' title='bbox 535 1535 734 1606; x_wconf 84' lang='lat' dir='ltr'><strong>legitur</strong></span> <span class='ocrx_word' id='word_1_106' title='bbox 778 1537 1124 1607; x_wconf 90' lang='lat' dir='ltr'><strong>omnipotens</strong></span> <span class='ocrx_word' id='word_1_107' title='bbox 1167 1539 1355 1596; x_wconf 90' lang='lat' dir='ltr'><strong>Deus:</strong></span> <span class='ocrx_word' id='word_1_108' title='bbox 1397 1541 1576 1610; x_wconf 85' lang='lat' dir='ltr'><strong><em>Vade,</em></strong></span> <span class='ocrx_word' id='word_1_109' title='bbox 1627 1545 1834 1616; x_wconf 86' lang='lat' dir='ltr'><strong>inquit,</strong></span> <span class='ocrx_word' id='word_1_110' title='bbox 1883 1548 1938 1603; x_wconf 83' lang='lat' dir='ltr'><strong>in</strong></span> 
     </span>
    </p>
   </div>
   <div class='ocr_carea' id='block_1_17' title="bbox 345 1624 1934 1703">
    <p class='ocr_par' dir='ltr' id='par_1_17' title="bbox 345 1624 1934 1703">
     <span class='ocr_line' id='line_1_17' title="bbox 345 1624 1934 1703; baseline 0.008 -24"><span class='ocrx_word' id='word_1_111' title='bbox 345 1624 631 1694; x_wconf 77' lang='lat' dir='ltr'><strong>Sareptam</strong></span> <span class='ocrx_word' id='word_1_112' title='bbox 673 1624 1052 1693; x_wconf 82' lang='lat' dir='ltr'><strong>Sidoniorum;</strong></span> <span class='ocrx_word' id='word_1_113' title='bbox 1098 1627 1169 1682; x_wconf 87' lang='lat' dir='ltr'><strong>ibi</strong></span> <span class='ocrx_word' id='word_1_114' title='bbox 1213 1632 1437 1701; x_wconf 71' lang='lat' dir='ltr'><strong>praecepi</strong></span> <span class='ocrx_word' id='word_1_115' title='bbox 1492 1633 1702 1688; x_wconf 83' lang='lat' dir='ltr'><strong>mulieri</strong></span> <span class='ocrx_word' id='word_1_116' title='bbox 1735 1635 1934 1703; x_wconf 65' lang='lat' dir='ltr'><strong>uidua,</strong></span> 
     </span>
    </p>
   </div>
   <div class='ocr_carea' id='block_1_18' title="bbox 343 1716 1938 1792">
    <p class='ocr_par' dir='ltr' id='par_1_18' title="bbox 343 1716 1938 1792">
     <span class='ocr_line' id='line_1_18' title="bbox 343 1716 1938 1792; baseline 0.009 -23"><span class='ocrx_word' id='word_1_117' title='bbox 343 1725 406 1770; x_wconf 79' lang='lat' dir='ltr'><strong>ut</strong></span> <span class='ocrx_word' id='word_1_118' title='bbox 446 1725 628 1785; x_wconf 73' lang='lat' dir='ltr'><strong>pascat</strong></span> <span class='ocrx_word' id='word_1_119' title='bbox 672 1727 722 1772; x_wconf 92' lang='lat' dir='ltr'><strong>te</strong></span> <span class='ocrx_word' id='word_1_120' title='bbox 767 1716 887 1786; x_wconf 87' lang='grc'><strong>(111</strong></span> <span class='ocrx_word' id='word_1_121' title='bbox 936 1718 1068 1790; x_wconf 84' lang='lat' dir='ltr'><strong>Reg.</strong></span> <span class='ocrx_word' id='word_1_122' title='bbox 1118 1721 1276 1792; x_wconf 84' lang='lat' dir='ltr'><strong>xvtt).</strong></span> <span class='ocrx_word' id='word_1_123' title='bbox 1316 1722 1449 1790; x_wconf 60' lang='lat' dir='ltr'><strong>Quae</strong></span> <span class='ocrx_word' id='word_1_124' title='bbox 1486 1725 1737 1782; x_wconf 77' lang='lat' dir='ltr'><strong>videlicet</strong></span> <span class='ocrx_word' id='word_1_125' title='bbox 1775 1728 1938 1784; x_wconf 90' lang='lat' dir='ltr'><strong>vidua</strong></span> 
     </span>
    </p>
   </div>
   <div class='ocr_carea' id='block_1_19' title="bbox 2052 548 2262 618">
    <p class='ocr_par' dir='ltr' id='par_1_19' title="bbox 2052 548 2262 618">
     <span class='ocr_line' id='line_1_19' title="bbox 2052 548 2262 618; baseline 0 -17"><span class='ocrx_word' id='word_1_126' title='bbox 2052 548 2262 618; x_wconf 86' lang='lat' dir='ltr'><strong>quium.</strong></span> 
     </span>
    </p>
   </div>
   <div class='ocr_carea' id='block_1_20' title="bbox 2119 637 3621 726">
    <p class='ocr_par' dir='ltr' id='par_1_20' title="bbox 2119 637 3621 726">
     <span class='ocr_line' id='line_1_20' title="bbox 2119 637 3621 726; baseline 0.017 -35"><span class='ocrx_word' id='word_1_127' title='bbox 2119 637 2176 692; x_wconf 90' lang='lat' dir='ltr'><strong>ln</strong></span> <span class='ocrx_word' id='word_1_128' title='bbox 2223 639 2585 708; x_wconf 79' lang='lat' dir='ltr'><strong>expeditionis</strong></span> <span class='ocrx_word' id='word_1_129' title='bbox 2634 646 2898 702; x_wconf 87' lang='lat' dir='ltr'><strong>exercitio</strong></span> <span class='ocrx_word' id='word_1_130' title='bbox 2937 651 3241 719; x_wconf 91' lang='lat' dir='ltr'><strong>constituti,</strong></span> <span class='ocrx_word' id='word_1_131' title='bbox 3293 655 3457 726; x_wconf 84' lang='lat' dir='ltr'><strong>digne</strong></span> <span class='ocrx_word' id='word_1_132' title='bbox 3512 676 3621 716; x_wconf 89' lang='lat' dir='ltr'><strong>non</strong></span> 
     </span>
    </p>
   </div>
   <div class='ocr_carea' id='block_1_21' title="bbox 2047 729 3628 811">
    <p class='ocr_par' dir='ltr' id='par_1_21' title="bbox 2047 729 3628 811">
     <span class='ocr_line' id='line_1_21' title="bbox 2047 729 3628 811; baseline 0.015 -30"><span class='ocrx_word' id='word_1_133' title='bbox 2047 739 2344 796; x_wconf 86' lang='lat' dir='ltr'><strong>possumus</strong></span> <span class='ocrx_word' id='word_1_134' title='bbox 2367 729 2575 788; x_wconf 88' lang='lat' dir='ltr'><strong>eisdem</strong></span> <span class='ocrx_word' id='word_1_135' title='bbox 2601 735 2854 792; x_wconf 91' lang='lat' dir='ltr'><strong>manibus</strong></span> <span class='ocrx_word' id='word_1_136' title='bbox 2881 748 2938 794; x_wconf 91' lang='lat' dir='ltr'><strong>et</strong></span> <span class='ocrx_word' id='word_1_137' title='bbox 2962 740 3088 811; x_wconf 85' lang='lat' dir='ltr'><strong>styli</strong></span> <span class='ocrx_word' id='word_1_138' title='bbox 3123 745 3395 801; x_wconf 87' lang='lat' dir='ltr'><strong>currentis</strong></span> <span class='ocrx_word' id='word_1_139' title='bbox 3423 750 3628 804; x_wconf 81' lang='lat' dir='ltr'><strong>articu-</strong></span> 
     </span>
    </p>
   </div>
   <div class='ocr_carea' id='block_1_22' title="bbox 2046 817 3629 903">
    <p class='ocr_par' dir='ltr' id='par_1_22' title="bbox 2046 817 3629 903">
     <span class='ocr_line' id='line_1_22' title="bbox 2046 817 3629 903; baseline 0.016 -32"><span class='ocrx_word' id='word_1_140' title='bbox 2046 817 2158 873; x_wconf 89' lang='lat' dir='ltr'><strong>lum</strong></span> <span class='ocrx_word' id='word_1_141' title='bbox 2198 829 2404 889; x_wconf 78' lang='lat' dir='ltr'><strong>texere,</strong></span> <span class='ocrx_word' id='word_1_142' title='bbox 2435 832 2492 878; x_wconf 92' lang='lat' dir='ltr'><strong>et</strong></span> <span class='ocrx_word' id='word_1_143' title='bbox 2536 823 2706 882; x_wconf 79' lang='lat' dir='ltr'><strong>frenis</strong></span> <span class='ocrx_word' id='word_1_144' title='bbox 2756 843 3018 899; x_wconf 88' lang='lat' dir='ltr'><strong>equorum</strong></span> <span class='ocrx_word' id='word_1_145' title='bbox 3059 831 3412 903; x_wconf 89' lang='lat' dir='ltr'><strong>ﬂuitantibus,</strong></span> <span class='ocrx_word' id='word_1_146' title='bbox 3451 850 3511 894; x_wconf 90' lang='lat' dir='ltr'><strong>ut</strong></span> <span class='ocrx_word' id='word_1_147' title='bbox 3539 841 3629 896; x_wconf 86' lang='lat' dir='ltr'><strong>di-</strong></span> 
     </span>
    </p>
   </div>
   <div class='ocr_carea' id='block_1_23' title="bbox 2045 914 3627 988">
    <p class='ocr_par' dir='ltr' id='par_1_23' title="bbox 2045 914 3627 988">
     <span class='ocr_line' id='line_1_23' title="bbox 2045 914 3627 988; baseline 0.015 -25"><span class='ocrx_word' id='word_1_148' title='bbox 2045 923 2210 980; x_wconf 89' lang='lat' dir='ltr'><strong>gnum</strong></span> <span class='ocrx_word' id='word_1_149' title='bbox 2240 921 2346 980; x_wconf 90' lang='lat' dir='ltr'><strong>est,</strong></span> <span class='ocrx_word' id='word_1_150' title='bbox 2371 914 2671 980; x_wconf 86' lang='lat' dir='ltr'><strong>deservire,</strong></span> <span class='ocrx_word' id='word_1_151' title='bbox 2716 921 2809 974; x_wconf 87' lang='lat' dir='ltr'><strong>sed</strong></span> <span class='ocrx_word' id='word_1_152' title='bbox 2841 920 2967 977; x_wconf 93' lang='lat' dir='ltr'><strong>licet</strong></span> <span class='ocrx_word' id='word_1_153' title='bbox 2995 923 3187 980; x_wconf 87' lang='lat' dir='ltr'><strong>melius</strong></span> <span class='ocrx_word' id='word_1_154' title='bbox 3212 926 3286 980; x_wconf 90' lang='lat' dir='ltr'><strong>sit</strong></span> <span class='ocrx_word' id='word_1_155' title='bbox 3322 927 3627 988; x_wconf 86' lang='lat' dir='ltr'><strong>luculenter</strong></span> 
     </span>
    </p>
   </div>
   <div class='ocr_carea' id='block_1_24' title="bbox 2045 997 3669 1076">
    <p class='ocr_par' dir='ltr' id='par_1_24' title="bbox 2045 997 3669 1076">
     <span class='ocr_line' id='line_1_24' title="bbox 2045 997 3669 1076; baseline 0.015 -24"><span class='ocrx_word' id='word_1_156' title='bbox 2045 997 2226 1070; x_wconf 90' lang='lat' dir='ltr'><strong>eloqui</strong></span> <span class='ocrx_word' id='word_1_157' title='bbox 2277 1017 2441 1072; x_wconf 90' lang='lat' dir='ltr'><strong>quam</strong></span> <span class='ocrx_word' id='word_1_158' title='bbox 2493 1006 2709 1072; x_wconf 90' lang='lat' dir='ltr'><strong>mutire,</strong></span> <span class='ocrx_word' id='word_1_159' title='bbox 2761 1017 3135 1067; x_wconf 83' lang='lat' dir='ltr'><strong>verumtamen</strong></span> <span class='ocrx_word' id='word_1_160' title='bbox 3180 1030 3301 1069; x_wconf 90' lang='lat' dir='ltr'><strong>cum</strong></span> <span class='ocrx_word' id='word_1_161' title='bbox 3330 1020 3626 1076; x_wconf 86' lang='lat' dir='ltr'><strong>necessitas</strong></span> <span class='ocrx_word' id='word_1_162' title='bbox 3657 1043 3669 1063; x_wconf 79' lang='grc' dir='ltr'><strong><em>ι</em></strong></span> 
     </span>
    </p>
   </div>
   <div class='ocr_carea' id='block_1_25' title="bbox 2044 1087 3626 1177">
    <p class='ocr_par' dir='ltr' id='par_1_25' title="bbox 2044 1087 3626 1177">
     <span class='ocr_line' id='line_1_25' title="bbox 2044 1087 3626 1177; baseline 0.015 -35"><span class='ocrx_word' id='word_1_163' title='bbox 2044 1087 2313 1158; x_wconf 89' lang='lat' dir='ltr'><strong>imminet,</strong></span> <span class='ocrx_word' id='word_1_164' title='bbox 2345 1092 2538 1149; x_wconf 89' lang='lat' dir='ltr'><strong>melius</strong></span> <span class='ocrx_word' id='word_1_165' title='bbox 2563 1105 2648 1151; x_wconf 92' lang='lat' dir='ltr'><strong>est</strong></span> <span class='ocrx_word' id='word_1_166' title='bbox 2674 1104 2948 1169; x_wconf 88' lang='lat' dir='ltr'><strong>utcunque</strong></span> <span class='ocrx_word' id='word_1_167' title='bbox 2988 1103 3186 1159; x_wconf 91' lang='lat' dir='ltr'><strong>mutire</strong></span> <span class='ocrx_word' id='word_1_168' title='bbox 3214 1120 3376 1174; x_wconf 90' lang='lat' dir='ltr'><strong>quam</strong></span> <span class='ocrx_word' id='word_1_169' title='bbox 3405 1108 3626 1177; x_wconf 87' lang='lat' dir='ltr'><strong>penitus</strong></span> 
     </span>
    </p>
   </div>
   <div class='ocr_carea' id='block_1_26' title="bbox 2041 1180 3623 1260">
    <p class='ocr_par' dir='ltr' id='par_1_26' title="bbox 2041 1180 3623 1260">
     <span class='ocr_line' id='line_1_26' title="bbox 2041 1180 3623 1260; baseline 0.013 -26"><span class='ocrx_word' id='word_1_170' title='bbox 2041 1180 2435 1239; x_wconf 87' lang='lat' dir='ltr'><strong>obmutescere.</strong></span> <span class='ocrx_word' id='word_1_171' title='bbox 2466 1185 2599 1241; x_wconf 91' lang='lat' dir='ltr'><strong>Cum</strong></span> <span class='ocrx_word' id='word_1_172' title='bbox 2641 1187 2796 1244; x_wconf 91' lang='lat' dir='ltr'><strong>nobis</strong></span> <span class='ocrx_word' id='word_1_173' title='bbox 2826 1191 2892 1245; x_wconf 91' lang='lat' dir='ltr'><strong>ad</strong></span> <span class='ocrx_word' id='word_1_174' title='bbox 2933 1193 3274 1260; x_wconf 86' lang='lat' dir='ltr'><strong>memoriam,</strong></span> <span class='ocrx_word' id='word_1_175' title='bbox 3297 1198 3623 1255; x_wconf 79' lang='lat' dir='ltr'><strong>venerabilis</strong></span> 
     </span>
    </p>
   </div>
   <div class='ocr_carea' id='block_1_27' title="bbox 2040 1271 3620 1347">
    <p class='ocr_par' dir='ltr' id='par_1_27' title="bbox 2040 1271 3620 1347">
     <span class='ocr_line' id='line_1_27' title="bbox 2040 1271 3620 1347; baseline 0.016 -26"><span class='ocrx_word' id='word_1_176' title='bbox 2040 1277 2213 1336; x_wconf 90' lang='lat' dir='ltr'><strong>pater,</strong></span> <span class='ocrx_word' id='word_1_177' title='bbox 2242 1271 2396 1327; x_wconf 88' lang='lat' dir='ltr'><strong>labor</strong></span> <span class='ocrx_word' id='word_1_178' title='bbox 2420 1282 2542 1328; x_wconf 92' lang='lat' dir='ltr'><strong>tuus</strong></span> <span class='ocrx_word' id='word_1_179' title='bbox 2571 1284 2626 1330; x_wconf 90' lang='lat' dir='ltr'><strong>et</strong></span> <span class='ocrx_word' id='word_1_180' title='bbox 2679 1278 2914 1333; x_wconf 90' lang='lat' dir='ltr'><strong>studium</strong></span> <span class='ocrx_word' id='word_1_181' title='bbox 2945 1281 3112 1347; x_wconf 90' lang='lat' dir='ltr'><strong>venit,</strong></span> <span class='ocrx_word' id='word_1_182' title='bbox 3148 1283 3343 1341; x_wconf 92' lang='lat' dir='ltr'><strong>nobilis</strong></span> <span class='ocrx_word' id='word_1_183' title='bbox 3366 1287 3454 1342; x_wconf 90' lang='lat' dir='ltr'><strong>illa</strong></span> <span class='ocrx_word' id='word_1_184' title='bbox 3487 1288 3620 1346; x_wconf 91' lang='lat' dir='ltr'><strong>ﬁdes</strong></span> 
     </span>
    </p>
   </div>
   <div class='ocr_carea' id='block_1_28' title="bbox 2040 1365 3618 1436">
    <p class='ocr_par' dir='ltr' id='par_1_28' title="bbox 2040 1365 3618 1436">
     <span class='ocr_line' id='line_1_28' title="bbox 2040 1365 3618 1436; baseline 0.015 -24"><span class='ocrx_word' id='word_1_185' title='bbox 2040 1367 2204 1429; x_wconf 88' lang='lat' dir='ltr'><strong>atque</strong></span> <span class='ocrx_word' id='word_1_186' title='bbox 2256 1365 2540 1432; x_wconf 89' lang='lat' dir='ltr'><strong>prudentia</strong></span> <span class='ocrx_word' id='word_1_187' title='bbox 2587 1365 2788 1422; x_wconf 69' lang='lat' dir='ltr'><strong>Joiada:</strong></span> <span class='ocrx_word' id='word_1_188' title='bbox 2841 1372 3143 1428; x_wconf 72' lang='lat' dir='ltr'><strong>sacerdotis</strong></span> <span class='ocrx_word' id='word_1_189' title='bbox 3195 1377 3362 1431; x_wconf 89' lang='lat' dir='ltr'><strong>menti</strong></span> <span class='ocrx_word' id='word_1_190' title='bbox 3418 1390 3618 1436; x_wconf 76' lang='lat' dir='ltr'><strong>nostra:</strong></span> 
     </span>
    </p>
   </div>
   <div class='ocr_carea' id='block_1_29' title="bbox 2043 1445 3608 1533">
    <p class='ocr_par' dir='ltr' id='par_1_29' title="bbox 2043 1445 3608 1533">
     <span class='ocr_line' id='line_1_29' title="bbox 2043 1445 3608 1533; baseline 0.014 -35"><span class='ocrx_word' id='word_1_191' title='bbox 2043 1445 2436 1513; x_wconf 82' lang='lat' dir='ltr'><strong>subsequenter</strong></span> <span class='ocrx_word' id='word_1_192' title='bbox 2462 1452 2718 1504; x_wconf 88' lang='lat' dir='ltr'><strong>occurrit.</strong></span> <span class='ocrx_word' id='word_1_193' title='bbox 2755 1452 2906 1507; x_wconf 85' lang='lat' dir='ltr'><strong>Sicut</strong></span> <span class='ocrx_word' id='word_1_194' title='bbox 2933 1457 3080 1511; x_wconf 91' lang='lat' dir='ltr'><strong>enim</strong></span> <span class='ocrx_word' id='word_1_195' title='bbox 3107 1473 3285 1522; x_wconf 86' lang='lat' dir='ltr'><strong>sacra,</strong></span> <span class='ocrx_word' id='word_1_196' title='bbox 3319 1471 3376 1515; x_wconf 90' lang='lat' dir='ltr'><strong>ut</strong></span> <span class='ocrx_word' id='word_1_197' title='bbox 3402 1464 3608 1533; x_wconf 76' lang='lat' dir='ltr'><strong>optimc</strong></span> 
     </span>
    </p>
   </div>
   <div class='ocr_carea' id='block_1_30' title="bbox 2043 1529 3606 1619">
    <p class='ocr_par' dir='ltr' id='par_1_30' title="bbox 2043 1529 3606 1619">
     <span class='ocr_line' id='line_1_30' title="bbox 2043 1529 3606 1619; baseline 0.015 -39"><span class='ocrx_word' id='word_1_198' title='bbox 2043 1529 2210 1591; x_wconf 72' lang='lat' dir='ltr'><strong>nosﬁ,</strong></span> <span class='ocrx_word' id='word_1_199' title='bbox 2238 1538 2470 1586; x_wconf 87' lang='lat' dir='ltr'><strong>testatur</strong></span> <span class='ocrx_word' id='word_1_200' title='bbox 2508 1532 2729 1589; x_wconf 87' lang='lat' dir='ltr'><strong>historia</strong></span> <span class='ocrx_word' id='word_1_201' title='bbox 2762 1535 2866 1606; x_wconf 82' lang='lat' dir='ltr'><strong>(IV</strong></span> <span class='ocrx_word' id='word_1_202' title='bbox 2904 1538 3032 1610; x_wconf 84' lang='lat' dir='ltr'><strong>Reg.</strong></span> <span class='ocrx_word' id='word_1_203' title='bbox 3066 1558 3157 1611; x_wconf 79' lang='lat' dir='ltr'><strong>xi;</strong></span> <span class='ocrx_word' id='word_1_204' title='bbox 3185 1545 3243 1599; x_wconf 86' lang='grc'><strong><em>11</em></strong></span> <span class='ocrx_word' id='word_1_205' title='bbox 3273 1544 3405 1603; x_wconf 84' lang='lat' dir='ltr'><strong>Par.</strong></span> <span class='ocrx_word' id='word_1_206' title='bbox 3442 1529 3606 1619; x_wconf 63' lang='lat' dir='ltr'><strong>im),</strong></span> 
     </span>
    </p>
   </div>
   <div class='ocr_carea' id='block_1_31' title="bbox 2037 1623 3622 1707">
    <p class='ocr_par' dir='ltr' id='par_1_31' title="bbox 2037 1623 3622 1707">
     <span class='ocr_line' id='line_1_31' title="bbox 2037 1623 3622 1707; baseline 0.012 -29"><span class='ocrx_word' id='word_1_207' title='bbox 2037 1623 2255 1679; x_wconf 83' lang='lat' dir='ltr'><strong>Athalia</strong></span> <span class='ocrx_word' id='word_1_208' title='bbox 2297 1642 2434 1681; x_wconf 86' lang='lat' dir='ltr'><strong>uxor</strong></span> <span class='ocrx_word' id='word_1_209' title='bbox 2478 1627 2687 1695; x_wconf 88' lang='lat' dir='ltr'><strong>Joram,</strong></span> <span class='ocrx_word' id='word_1_210' title='bbox 2739 1646 2861 1686; x_wconf 91' lang='lat' dir='ltr'><strong>cum</strong></span> <span class='ocrx_word' id='word_1_211' title='bbox 2909 1631 3202 1691; x_wconf 88' lang='lat' dir='ltr'><strong>Ochoziam</strong></span> <span class='ocrx_word' id='word_1_212' title='bbox 3240 1636 3406 1695; x_wconf 90' lang='lat' dir='ltr'><strong>ﬁlium</strong></span> <span class='ocrx_word' id='word_1_213' title='bbox 3442 1657 3622 1707; x_wconf 91' lang='lat' dir='ltr'><strong>suum,</strong></span> 
     </span>
    </p>
   </div>
   <div class='ocr_carea' id='block_1_32' title="bbox 2039 1714 3620 1801">
    <p class='ocr_par' dir='ltr' id='par_1_32' title="bbox 2039 1714 3620 1801">
     <span class='ocr_line' id='line_1_32' title="bbox 2039 1714 3620 1801; baseline 0.015 -36"><span class='ocrx_word' id='word_1_214' title='bbox 2039 1726 2220 1784; x_wconf 82' lang='lat' dir='ltr'><strong>regem</strong></span> <span class='ocrx_word' id='word_1_215' title='bbox 2257 1714 2509 1771; x_wconf 88' lang='lat' dir='ltr'><strong>videlicet</strong></span> <span class='ocrx_word' id='word_1_216' title='bbox 2543 1716 2706 1774; x_wconf 91' lang='lat' dir='ltr'><strong>lsrael</strong></span> <span class='ocrx_word' id='word_1_217' title='bbox 2737 1720 2949 1777; x_wconf 90' lang='lat' dir='ltr'><strong>videret</strong></span> <span class='ocrx_word' id='word_1_218' title='bbox 2985 1723 3336 1794; x_wconf 83' lang='lat' dir='ltr'><strong>exstinctum,</strong></span> <span class='ocrx_word' id='word_1_219' title='bbox 3365 1731 3532 1801; x_wconf 65' lang='lat' dir='ltr'><strong>erepit</strong></span> <span class='ocrx_word' id='word_1_220' title='bbox 3563 1732 3620 1788; x_wconf 86' lang='lat' dir='ltr'><strong>iu</strong></span> 
     </span>
    </p>
   </div>
   <div class='ocr_carea' id='block_1_33' title="bbox 343 1808 3614 1889">
    <p class='ocr_par' dir='ltr' id='par_1_33' title="bbox 343 1808 3614 1889">
     <span class='ocr_line' id='line_1_33' title="bbox 343 1808 3614 1889; baseline 0.009 -41"><span class='ocrx_word' id='word_1_221' title='bbox 343 1815 636 1878; x_wconf 52' lang='lat' dir='ltr'><strong>postquam</strong></span> <span class='ocrx_word' id='word_1_222' title='bbox 683 1809 1005 1878; x_wconf 62' lang='grc' dir='ltr'><strong>ριιοριωιεηη</strong></span> <span class='ocrx_word' id='word_1_223' title='bbox 1050 1824 1117 1865; x_wconf 67' lang='grc' dir='ltr'><strong>εχ</strong></span> <span class='ocrx_word' id='word_1_224' title='bbox 1162 1810 1344 1866; x_wconf 67' lang='lat' dir='ltr'><strong>divina</strong></span> <span class='ocrx_word' id='word_1_225' title='bbox 1387 1813 1631 1884; x_wconf 61' lang='lat' dir='ltr'><strong>iussione</strong></span> <span class='ocrx_word' id='word_1_226' title='bbox 1677 1819 1932 1889; x_wconf 46' lang='lat' dir='ltr'><strong>suscepit,</strong></span> <span class='ocrx_word' id='word_1_227' title='bbox 1966 1814 2012 1874; x_wconf 78' lang='grc' dir='ltr'>Β</span> <span class='ocrx_word' id='word_1_228' title='bbox 2039 1816 2199 1859; x_wconf 89' lang='lat' dir='ltr'><strong>onme</strong></span> <span class='ocrx_word' id='word_1_229' title='bbox 2225 1820 2410 1860; x_wconf 90' lang='lat' dir='ltr'><strong>semen</strong></span> <span class='ocrx_word' id='word_1_230' title='bbox 2443 1808 2652 1876; x_wconf 83' lang='lat' dir='ltr'><strong>regium</strong></span> <span class='ocrx_word' id='word_1_231' title='bbox 2681 1809 2993 1884; x_wconf 78' lang='lat' dir='ltr'><strong>immaniter</strong></span> <span class='ocrx_word' id='word_1_232' title='bbox 3028 1812 3283 1884; x_wconf 89' lang='lat' dir='ltr'><strong>fremere,</strong></span> <span class='ocrx_word' id='word_1_233' title='bbox 3318 1822 3614 1889; x_wconf 90' lang='lat' dir='ltr'><strong>posterita-</strong></span> 
     </span>
    </p>
   </div>
   <div class='ocr_carea' id='block_1_34' title="bbox 343 1896 1936 1976">
    <p class='ocr_par' dir='ltr' id='par_1_34' title="bbox 343 1896 1936 1976">
     <span class='ocr_line' id='line_1_34' title="bbox 343 1896 1936 1976; baseline 0.007 -24"><span class='ocrx_word' id='word_1_234' title='bbox 343 1896 559 1953; x_wconf 86' lang='lat' dir='ltr'><strong>felicem</strong></span> <span class='ocrx_word' id='word_1_235' title='bbox 594 1914 676 1964; x_wconf 91' lang='lat' dir='ltr'><strong>se,</strong></span> <span class='ocrx_word' id='word_1_236' title='bbox 705 1908 762 1953; x_wconf 89' lang='lat' dir='ltr'><strong>et</strong></span> <span class='ocrx_word' id='word_1_237' title='bbox 794 1899 1011 1954; x_wconf 91' lang='lat' dir='ltr'><strong>domum</strong></span> <span class='ocrx_word' id='word_1_238' title='bbox 1039 1915 1192 1956; x_wconf 88' lang='lat' dir='ltr'><strong>suam</strong></span> <span class='ocrx_word' id='word_1_239' title='bbox 1228 1901 1344 1957; x_wconf 90' lang='lat' dir='ltr'><strong>fore</strong></span> <span class='ocrx_word' id='word_1_240' title='bbox 1371 1905 1505 1958; x_wconf 89' lang='lat' dir='ltr'><strong>tanti</strong></span> <span class='ocrx_word' id='word_1_241' title='bbox 1539 1905 1770 1976; x_wconf 91' lang='lat' dir='ltr'><strong>hospitis</strong></span> <span class='ocrx_word' id='word_1_242' title='bbox 1806 1923 1936 1963; x_wconf 91' lang='lat' dir='ltr'><strong>con-</strong></span> 
     </span>
    </p>
   </div>
   <div class='ocr_carea' id='block_1_35' title="bbox 342 1986 1936 2059">
    <p class='ocr_par' dir='ltr' id='par_1_35' title="bbox 342 1986 1936 2059">
     <span class='ocr_line' id='line_1_35' title="bbox 342 1986 1936 2059; baseline 0.007 -18"><span class='ocrx_word' id='word_1_243' title='bbox 342 1986 596 2042; x_wconf 89' lang='lat' dir='ltr'><strong>tubernio</strong></span> <span class='ocrx_word' id='word_1_244' title='bbox 620 1988 909 2059; x_wconf 84' lang='lat' dir='ltr'><strong>judicavit.</strong></span> <span class='ocrx_word' id='word_1_245' title='bbox 939 1987 1040 2045; x_wconf 84' lang='lat' dir='ltr'><strong>Cui</strong></span> <span class='ocrx_word' id='word_1_246' title='bbox 1084 2002 1264 2045; x_wconf 87' lang='lat' dir='ltr'><strong>tamen</strong></span> <span class='ocrx_word' id='word_1_247' title='bbox 1307 1992 1434 2047; x_wconf 93' lang='lat' dir='ltr'><strong>dum</strong></span> <span class='ocrx_word' id='word_1_248' title='bbox 1479 1994 1665 2050; x_wconf 90' lang='lat' dir='ltr'><strong>sedula</strong></span> <span class='ocrx_word' id='word_1_249' title='bbox 1707 1996 1936 2052; x_wconf 86' lang='lat' dir='ltr'><strong>famula-</strong></span> 
     </span>
    </p>
   </div>
   <div class='ocr_carea' id='block_1_36' title="bbox 342 2079 1934 2154">
    <p class='ocr_par' dir='ltr' id='par_1_36' title="bbox 342 2079 1934 2154">
     <span class='ocr_line' id='line_1_36' title="bbox 342 2079 1934 2154; baseline 0.006 -20"><span class='ocrx_word' id='word_1_250' title='bbox 342 2087 455 2145; x_wconf 91' lang='lat' dir='ltr'><strong>tur,</strong></span> <span class='ocrx_word' id='word_1_251' title='bbox 497 2079 626 2134; x_wconf 90' lang='lat' dir='ltr'><strong>dum</strong></span> <span class='ocrx_word' id='word_1_252' title='bbox 676 2080 887 2135; x_wconf 88' lang='lat' dir='ltr'><strong>devotis</strong></span> <span class='ocrx_word' id='word_1_253' title='bbox 939 2081 1217 2137; x_wconf 88' lang='lat' dir='ltr'><strong>ministrat</strong></span> <span class='ocrx_word' id='word_1_254' title='bbox 1262 2083 1573 2154; x_wconf 86' lang='lat' dir='ltr'><strong>obsequiis,</strong></span> <span class='ocrx_word' id='word_1_255' title='bbox 1623 2084 1742 2154; x_wconf 86' lang='lat' dir='ltr'><strong>ejus</strong></span> <span class='ocrx_word' id='word_1_256' title='bbox 1792 2087 1934 2144; x_wconf 91' lang='lat' dir='ltr'><strong>lilius</strong></span> 
     </span>
    </p>
   </div>
   <div class='ocr_carea' id='block_1_37' title="bbox 339 2171 1934 2248">
    <p class='ocr_par' dir='ltr' id='par_1_37' title="bbox 339 2171 1934 2248">
     <span class='ocr_line' id='line_1_37' title="bbox 339 2171 1934 2248; baseline 0.008 -25"><span class='ocrx_word' id='word_1_257' title='bbox 339 2171 629 2240; x_wconf 65' lang='lat' dir='ltr'><strong>repentina</strong></span> <span class='ocrx_word' id='word_1_258' title='bbox 661 2181 833 2226; x_wconf 88' lang='lat' dir='ltr'><strong>morte</strong></span> <span class='ocrx_word' id='word_1_259' title='bbox 859 2172 1172 2242; x_wconf 91' lang='lat' dir='ltr'><strong>corripitur,</strong></span> <span class='ocrx_word' id='word_1_260' title='bbox 1199 2182 1254 2229; x_wconf 91' lang='lat' dir='ltr'><strong>et</strong></span> <span class='ocrx_word' id='word_1_261' title='bbox 1283 2189 1378 2242; x_wconf 90' lang='lat' dir='ltr'><strong>per</strong></span> <span class='ocrx_word' id='word_1_262' title='bbox 1411 2191 1572 2246; x_wconf 91' lang='lat' dir='ltr'><strong>quem</strong></span> <span class='ocrx_word' id='word_1_263' title='bbox 1612 2191 1771 2232; x_wconf 90' lang='lat' dir='ltr'><strong>suum</strong></span> <span class='ocrx_word' id='word_1_264' title='bbox 1814 2193 1934 2248; x_wconf 84' lang='lat' dir='ltr'><strong>spe-</strong></span> 
     </span>
    </p>
   </div>
   <div class='ocr_carea' id='block_1_38' title="bbox 333 2262 1931 2338">
    <p class='ocr_par' dir='ltr' id='par_1_38' title="bbox 333 2262 1931 2338">
     <span class='ocr_line' id='line_1_38' title="bbox 333 2262 1931 2338; baseline 0.001 -16"><span class='ocrx_word' id='word_1_265' title='bbox 333 2262 500 2322; x_wconf 70' lang='lat' dir='ltr'><strong>tabat</strong></span> <span class='ocrx_word' id='word_1_266' title='bbox 549 2263 716 2318; x_wconf 87' lang='lat' dir='ltr'><strong>ﬁlium</strong></span> <span class='ocrx_word' id='word_1_267' title='bbox 761 2263 851 2318; x_wconf 93' lang='lat' dir='ltr'><strong>diu</strong></span> <span class='ocrx_word' id='word_1_268' title='bbox 878 2263 931 2318; x_wconf 91' lang='lat' dir='ltr'><strong>in</strong></span> <span class='ocrx_word' id='word_1_269' title='bbox 965 2264 1068 2319; x_wconf 90' lang='lat' dir='ltr'><strong>hac</strong></span> <span class='ocrx_word' id='word_1_270' title='bbox 1103 2264 1214 2320; x_wconf 89' lang='lat' dir='ltr'><strong>vita</strong></span> <span class='ocrx_word' id='word_1_271' title='bbox 1260 2266 1478 2333; x_wconf 88' lang='lat' dir='ltr'><strong>ﬂorere,</strong></span> <span class='ocrx_word' id='word_1_272' title='bbox 1519 2283 1642 2324; x_wconf 91' lang='lat' dir='ltr'><strong>eum</strong></span> <span class='ocrx_word' id='word_1_273' title='bbox 1664 2267 1777 2338; x_wconf 88' lang='lat' dir='ltr'><strong>jam</strong></span> <span class='ocrx_word' id='word_1_274' title='bbox 1816 2284 1931 2326; x_wconf 72' lang='lat' dir='ltr'><strong>cte-</strong></span> 
     </span>
    </p>
   </div>
   <div class='ocr_carea' id='block_1_39' title="bbox 337 2353 1932 2426">
    <p class='ocr_par' dir='ltr' id='par_1_39' title="bbox 337 2353 1932 2426">
     <span class='ocr_line' id='line_1_39' title="bbox 337 2353 1932 2426; baseline 0.003 -17"><span class='ocrx_word' id='word_1_275' title='bbox 337 2355 421 2426; x_wconf 89' lang='lat' dir='ltr'><strong>pit</strong></span> <span class='ocrx_word' id='word_1_276' title='bbox 463 2353 614 2410; x_wconf 87' lang='lat' dir='ltr'><strong>velut</strong></span> <span class='ocrx_word' id='word_1_277' title='bbox 652 2361 930 2410; x_wconf 90' lang='lat' dir='ltr'><strong>auctorem</strong></span> <span class='ocrx_word' id='word_1_278' title='bbox 975 2355 1167 2411; x_wconf 91' lang='lat' dir='ltr'><strong>mortis</strong></span> <span class='ocrx_word' id='word_1_279' title='bbox 1211 2356 1497 2426; x_wconf 87' lang='lat' dir='ltr'><strong>impetere,</strong></span> <span class='ocrx_word' id='word_1_280' title='bbox 1539 2358 1763 2415; x_wconf 88' lang='lat' dir='ltr'><strong>dicens:</strong></span> <span class='ocrx_word' id='word_1_281' title='bbox 1790 2359 1932 2426; x_wconf 80' lang='lat' dir='ltr'><strong>Quid</strong></span> 
     </span>
    </p>
   </div>
   <div class='ocr_carea' id='block_1_40' title="bbox 336 2443 1932 2517">
    <p class='ocr_par' dir='ltr' id='par_1_40' title="bbox 336 2443 1932 2517">
     <span class='ocr_line' id='line_1_40' title="bbox 336 2443 1932 2517; baseline 0.004 -19"><span class='ocrx_word' id='word_1_282' title='bbox 336 2443 493 2509; x_wconf 74' lang='lat' dir='ltr'><strong>mihi,</strong></span> <span class='ocrx_word' id='word_1_283' title='bbox 514 2453 564 2499; x_wconf 86' lang='lat' dir='ltr'><strong>et</strong></span> <span class='ocrx_word' id='word_1_284' title='bbox 588 2444 703 2517; x_wconf 71' lang='lat' dir='ltr'><strong>tibi,</strong></span> <span class='ocrx_word' id='word_1_285' title='bbox 724 2445 805 2499; x_wconf 84' lang='lat' dir='ltr'><strong>vir</strong></span> <span class='ocrx_word' id='word_1_286' title='bbox 828 2444 926 2500; x_wconf 88' lang='lat' dir='ltr'><strong>Dei</strong></span> <span class='ocrx_word' id='word_1_287' title='bbox 940 2445 966 2500; x_wconf 79' lang='lat'><strong><em>?</em></strong></span> <span class='ocrx_word' id='word_1_288' title='bbox 995 2445 1255 2515; x_wconf 76' lang='lat' dir='ltr'><strong>ingressus</strong></span> <span class='ocrx_word' id='word_1_289' title='bbox 1275 2463 1330 2501; x_wconf 78' lang='lat' dir='ltr'><strong>es</strong></span> <span class='ocrx_word' id='word_1_290' title='bbox 1358 2449 1428 2501; x_wconf 85' lang='lat' dir='ltr'><strong>ad</strong></span> <span class='ocrx_word' id='word_1_291' title='bbox 1450 2464 1554 2513; x_wconf 82' lang='lat' dir='ltr'><strong>me,</strong></span> <span class='ocrx_word' id='word_1_292' title='bbox 1583 2458 1640 2502; x_wconf 86' lang='lat' dir='ltr'><strong>ut</strong></span> <span class='ocrx_word' id='word_1_293' title='bbox 1682 2465 1932 2504; x_wconf 82' lang='lat' dir='ltr'><strong>rememo-</strong></span> 
     </span>
    </p>
   </div>
   <div class='ocr_carea' id='block_1_41' title="bbox 336 2535 1933 2607">
    <p class='ocr_par' dir='ltr' id='par_1_41' title="bbox 336 2535 1933 2607">
     <span class='ocr_line' id='line_1_41' title="bbox 336 2535 1933 2607; baseline 0.004 -19"><span class='ocrx_word' id='word_1_294' title='bbox 336 2544 590 2589; x_wconf 78' lang='lat' dir='ltr'><strong>rarentttr</strong></span> <span class='ocrx_word' id='word_1_295' title='bbox 612 2535 913 2607; x_wconf 77' lang='lat' dir='ltr'><strong>iniquitates</strong></span> <span class='ocrx_word' id='word_1_296' title='bbox 928 2551 1078 2600; x_wconf 73' lang='lat' dir='ltr'><strong>mete,</strong></span> <span class='ocrx_word' id='word_1_297' title='bbox 1106 2545 1154 2589; x_wconf 88' lang='lat' dir='ltr'><strong>et</strong></span> <span class='ocrx_word' id='word_1_298' title='bbox 1181 2536 1501 2605; x_wconf 72' lang='lat' dir='ltr'><strong>inter/icere:</strong></span> <span class='ocrx_word' id='word_1_299' title='bbox 1528 2536 1698 2606; x_wconf 82' lang='lat' dir='ltr'><strong>ﬁlium</strong></span> <span class='ocrx_word' id='word_1_300' title='bbox 1719 2555 1890 2593; x_wconf 82' lang='lat' dir='ltr'><strong>meum</strong></span> <span class='ocrx_word' id='word_1_301' title='bbox 1907 2541 1933 2594; x_wconf 80' lang='lat'><strong>.’</strong></span> 
     </span>
    </p>
   </div>
   <div class='ocr_carea' id='block_1_42' title="bbox 333 2623 1930 2697">
    <p class='ocr_par' dir='ltr' id='par_1_42' title="bbox 333 2623 1930 2697">
     <span class='ocr_line' id='line_1_42' title="bbox 333 2623 1930 2697; baseline 0.004 -19"><span class='ocrx_word' id='word_1_302' title='bbox 333 2623 531 2697; x_wconf 84' lang='lat' dir='ltr'><strong>(Ibid.)</strong></span> <span class='ocrx_word' id='word_1_303' title='bbox 600 2625 771 2690; x_wconf 87' lang='lat' dir='ltr'><strong>Ecce,</strong></span> <span class='ocrx_word' id='word_1_304' title='bbox 821 2625 1244 2682; x_wconf 89' lang='lat' dir='ltr'><strong>clementissime</strong></span> <span class='ocrx_word' id='word_1_305' title='bbox 1282 2627 1520 2692; x_wconf 90' lang='lat' dir='ltr'><strong>domine,</strong></span> <span class='ocrx_word' id='word_1_306' title='bbox 1562 2637 1760 2684; x_wconf 63' lang='lat' dir='ltr'><strong>caetera</strong></span> <span class='ocrx_word' id='word_1_307' title='bbox 1811 2646 1930 2685; x_wconf 89' lang='lat' dir='ltr'><strong>mo-</strong></span> 
     </span>
    </p>
   </div>
   <div class='ocr_carea' id='block_1_43' title="bbox 331 2717 1932 2791">
    <p class='ocr_par' dir='ltr' id='par_1_43' title="bbox 331 2717 1932 2791">
     <span class='ocr_line' id='line_1_43' title="bbox 331 2717 1932 2791; baseline 0.002 -19"><span class='ocrx_word' id='word_1_308' title='bbox 331 2719 578 2773; x_wconf 86' lang='lat' dir='ltr'><strong>nasteria</strong></span> <span class='ocrx_word' id='word_1_309' title='bbox 631 2718 731 2773; x_wconf 90' lang='lat' dir='ltr'><strong>sub</strong></span> <span class='ocrx_word' id='word_1_310' title='bbox 776 2717 878 2772; x_wconf 90' lang='lat' dir='ltr'><strong>alis</strong></span> <span class='ocrx_word' id='word_1_311' title='bbox 923 2717 1309 2773; x_wconf 68' lang='lat' dir='ltr'><strong>misericordia:</strong></span> <span class='ocrx_word' id='word_1_312' title='bbox 1346 2726 1545 2773; x_wconf 68' lang='lat' dir='ltr'><strong>vestrae</strong></span> <span class='ocrx_word' id='word_1_313' title='bbox 1584 2717 1754 2775; x_wconf 69' lang='lat' dir='ltr'><strong>illaesa</strong></span> <span class='ocrx_word' id='word_1_314' title='bbox 1804 2735 1932 2791; x_wconf 83' lang='lat' dir='ltr'><strong>per-</strong></span> 
     </span>
    </p>
   </div>
   <div class='ocr_carea' id='block_1_44' title="bbox 330 2808 1933 2874">
    <p class='ocr_par' dir='ltr' id='par_1_44' title="bbox 330 2808 1933 2874">
     <span class='ocr_line' id='line_1_44' title="bbox 330 2808 1933 2874; baseline 0.004 -12"><span class='ocrx_word' id='word_1_315' title='bbox 330 2808 559 2874; x_wconf 87' lang='lat' dir='ltr'><strong>sistunt,</strong></span> <span class='ocrx_word' id='word_1_316' title='bbox 593 2818 648 2864; x_wconf 88' lang='lat' dir='ltr'><strong>et</strong></span> <span class='ocrx_word' id='word_1_317' title='bbox 687 2823 812 2864; x_wconf 94' lang='lat' dir='ltr'><strong>cum</strong></span> <span class='ocrx_word' id='word_1_318' title='bbox 853 2808 1147 2863; x_wconf 85' lang='lat' dir='ltr'><strong>securitate</strong></span> <span class='ocrx_word' id='word_1_319' title='bbox 1189 2817 1246 2864; x_wconf 90' lang='lat' dir='ltr'><strong>et</strong></span> <span class='ocrx_word' id='word_1_320' title='bbox 1284 2808 1630 2864; x_wconf 89' lang='lat' dir='ltr'><strong>immunitate</strong></span> <span class='ocrx_word' id='word_1_321' title='bbox 1679 2810 1790 2866; x_wconf 89' lang='lat' dir='ltr'><strong>Deo</strong></span> <span class='ocrx_word' id='word_1_322' title='bbox 1838 2812 1933 2868; x_wconf 84' lang='lat' dir='ltr'><strong>de-</strong></span> 
     </span>
    </p>
   </div>
   <div class='ocr_carea' id='block_1_45' title="bbox 330 2897 1930 2969">
    <p class='ocr_par' dir='ltr' id='par_1_45' title="bbox 330 2897 1930 2969">
     <span class='ocr_line' id='line_1_45' title="bbox 330 2897 1930 2969; baseline 0.001 -15"><span class='ocrx_word' id='word_1_323' title='bbox 330 2900 605 2954; x_wconf 78' lang='lat' dir='ltr'><strong>serviunt.</strong></span> <span class='ocrx_word' id='word_1_324' title='bbox 641 2897 755 2955; x_wconf 78' lang='lat' dir='ltr'><strong>Hoc</strong></span> <span class='ocrx_word' id='word_1_325' title='bbox 783 2907 964 2954; x_wconf 86' lang='lat' dir='ltr'><strong>autem</strong></span> <span class='ocrx_word' id='word_1_326' title='bbox 999 2897 1195 2965; x_wconf 91' lang='lat' dir='ltr'><strong>solum,</strong></span> <span class='ocrx_word' id='word_1_327' title='bbox 1226 2914 1294 2955; x_wconf 82' lang='lat' dir='ltr'><strong>ex</strong></span> <span class='ocrx_word' id='word_1_328' title='bbox 1330 2913 1439 2969; x_wconf 88' lang='lat' dir='ltr'><strong>quo</strong></span> <span class='ocrx_word' id='word_1_329' title='bbox 1476 2915 1562 2956; x_wconf 89' lang='lat' dir='ltr'><strong>me</strong></span> <span class='ocrx_word' id='word_1_330' title='bbox 1591 2901 1644 2955; x_wconf 90' lang='lat' dir='ltr'><strong>in</strong></span> <span class='ocrx_word' id='word_1_331' title='bbox 1685 2899 1818 2958; x_wconf 88' lang='lat' dir='ltr'><strong>illud</strong></span> <span class='ocrx_word' id='word_1_332' title='bbox 1848 2903 1930 2957; x_wconf 88' lang='lat' dir='ltr'><strong>in-</strong></span> 
     </span>
    </p>
   </div>
   <div class='ocr_carea' id='block_1_46' title="bbox 329 2989 1929 3062">
    <p class='ocr_par' dir='ltr' id='par_1_46' title="bbox 329 2989 1929 3062">
     <span class='ocr_line' id='line_1_46' title="bbox 329 2989 1929 3062; baseline 0.003 -19"><span class='ocrx_word' id='word_1_333' title='bbox 329 2991 487 3061; x_wconf 85' lang='lat' dir='ltr'><strong>gredi</strong></span> <span class='ocrx_word' id='word_1_334' title='bbox 531 2989 882 3060; x_wconf 81' lang='lat' dir='ltr'><strong>praecepistis,</strong></span> <span class='ocrx_word' id='word_1_335' title='bbox 922 2997 1000 3043; x_wconf 88' lang='lat' dir='ltr'><strong>tet</strong></span> <span class='ocrx_word' id='word_1_336' title='bbox 1035 2996 1185 3058; x_wconf 87' lang='lat' dir='ltr'><strong>patet</strong></span> <span class='ocrx_word' id='word_1_337' title='bbox 1231 2989 1600 3046; x_wconf 88' lang='lat' dir='ltr'><strong>invasionibus</strong></span> <span class='ocrx_word' id='word_1_338' title='bbox 1637 3002 1691 3047; x_wconf 89' lang='lat' dir='ltr'><strong>et</strong></span> <span class='ocrx_word' id='word_1_339' title='bbox 1726 2993 1929 3062; x_wconf 83' lang='lat' dir='ltr'><strong>rapinis</strong></span> 
     </span>
    </p>
   </div>
   <div class='ocr_carea' id='block_1_47' title="bbox 326 3073 1926 3145">
    <p class='ocr_par' dir='ltr' id='par_1_47' title="bbox 326 3073 1926 3145">
     <span class='ocr_line' id='line_1_47' title="bbox 326 3073 1926 3145; baseline 0.003 -11"><span class='ocrx_word' id='word_1_340' title='bbox 326 3080 655 3145; x_wconf 88' lang='lat' dir='ltr'><strong>obnoxium,</strong></span> <span class='ocrx_word' id='word_1_341' title='bbox 686 3088 744 3133; x_wconf 90' lang='lat' dir='ltr'><strong>ut</strong></span> <span class='ocrx_word' id='word_1_342' title='bbox 772 3079 876 3134; x_wconf 90' lang='lat' dir='ltr'><strong>nisi</strong></span> <span class='ocrx_word' id='word_1_343' title='bbox 907 3094 1060 3135; x_wconf 90' lang='lat' dir='ltr'><strong>mens</strong></span> <span class='ocrx_word' id='word_1_344' title='bbox 1090 3073 1272 3135; x_wconf 86' lang='lat' dir='ltr'><strong>vestra</strong></span> <span class='ocrx_word' id='word_1_345' title='bbox 1309 3079 1390 3135; x_wconf 89' lang='lat' dir='ltr'><strong>vel</strong></span> <span class='ocrx_word' id='word_1_346' title='bbox 1419 3097 1563 3138; x_wconf 90' lang='lat' dir='ltr'><strong>nunc</strong></span> <span class='ocrx_word' id='word_1_347' title='bbox 1587 3081 1836 3138; x_wconf 90' lang='lat' dir='ltr'><strong>ﬂectatur</strong></span> <span class='ocrx_word' id='word_1_348' title='bbox 1859 3086 1926 3141; x_wconf 84' lang='lat' dir='ltr'><strong>ad</strong></span> 
     </span>
    </p>
   </div>
   <div class='ocr_carea' id='block_1_48' title="bbox 2039 1895 3620 1968">
    <p class='ocr_par' dir='ltr' id='par_1_48' title="bbox 2039 1895 3620 1968">
     <span class='ocr_line' id='line_1_48' title="bbox 2039 1895 3620 1968; baseline 0.014 -22"><span class='ocrx_word' id='word_1_349' title='bbox 2039 1899 2259 1964; x_wconf 89' lang='lat' dir='ltr'><strong>temque</strong></span> <span class='ocrx_word' id='word_1_350' title='bbox 2285 1895 2452 1951; x_wconf 87' lang='lat' dir='ltr'><strong>David</strong></span> <span class='ocrx_word' id='word_1_351' title='bbox 2473 1899 2710 1954; x_wconf 86' lang='lat' dir='ltr'><strong>crudelis</strong></span> <span class='ocrx_word' id='word_1_352' title='bbox 2729 1899 2949 1956; x_wconf 87' lang='lat' dir='ltr'><strong>Bellona</strong></span> <span class='ocrx_word' id='word_1_353' title='bbox 2977 1906 3205 1960; x_wconf 87' lang='lat' dir='ltr'><strong>tentavit</strong></span> <span class='ocrx_word' id='word_1_354' title='bbox 3223 1905 3464 1966; x_wconf 90' lang='lat' dir='ltr'><strong>funditus</strong></span> <span class='ocrx_word' id='word_1_355' title='bbox 3488 1911 3620 1968; x_wconf 86' lang='lat' dir='ltr'><strong>abo—</strong></span> 
     </span>
    </p>
   </div>
   <div class='ocr_carea' id='block_1_49' title="bbox 2035 1979 3617 2068">
    <p class='ocr_par' dir='ltr' id='par_1_49' title="bbox 2035 1979 3617 2068">
     <span class='ocr_line' id='line_1_49' title="bbox 2035 1979 3617 2068; baseline 0.015 -34"><span class='ocrx_word' id='word_1_356' title='bbox 2035 1979 2169 2038; x_wconf 90' lang='lat' dir='ltr'><strong>lere.</strong></span> <span class='ocrx_word' id='word_1_357' title='bbox 2195 1983 2304 2039; x_wconf 87' lang='lat' dir='ltr'><strong>Sed</strong></span> <span class='ocrx_word' id='word_1_358' title='bbox 2336 1985 2566 2057; x_wconf 83' lang='lat' dir='ltr'><strong>insignis</strong></span> <span class='ocrx_word' id='word_1_359' title='bbox 2603 1987 2692 2044; x_wconf 90' lang='lat' dir='ltr'><strong>ille</strong></span> <span class='ocrx_word' id='word_1_360' title='bbox 2717 1992 2972 2046; x_wconf 89' lang='lat' dir='ltr'><strong>sacerdos</strong></span> <span class='ocrx_word' id='word_1_361' title='bbox 2992 1991 3122 2048; x_wconf 80' lang='lat' dir='ltr'><strong>Joas</strong></span> <span class='ocrx_word' id='word_1_362' title='bbox 3147 1993 3316 2051; x_wconf 91' lang='lat' dir='ltr'><strong>ﬁlium</strong></span> <span class='ocrx_word' id='word_1_363' title='bbox 3341 1997 3617 2068; x_wconf 70' lang='lat' dir='ltr'><strong>Ochozias,</strong></span> 
     </span>
    </p>
   </div>
   <div class='ocr_carea' id='block_1_50' title="bbox 2033 2073 3614 2164">
    <p class='ocr_par' dir='ltr' id='par_1_50' title="bbox 2033 2073 3614 2164">
     <span class='ocr_line' id='line_1_50' title="bbox 2033 2073 3614 2164; baseline 0.015 -39"><span class='ocrx_word' id='word_1_364' title='bbox 2033 2073 2120 2142; x_wconf 89' lang='lat' dir='ltr'><strong>pia</strong></span> <span class='ocrx_word' id='word_1_365' title='bbox 2160 2084 2217 2130; x_wconf 90' lang='lat' dir='ltr'><strong>et</strong></span> <span class='ocrx_word' id='word_1_366' title='bbox 2251 2076 2435 2132; x_wconf 91' lang='lat' dir='ltr'><strong>multis</strong></span> <span class='ocrx_word' id='word_1_367' title='bbox 2469 2078 2718 2134; x_wconf 87' lang='lat' dir='ltr'><strong>laudibus</strong></span> <span class='ocrx_word' id='word_1_368' title='bbox 2767 2080 3042 2139; x_wconf 76' lang='lat' dir='ltr'><strong>efferenda</strong></span> <span class='ocrx_word' id='word_1_369' title='bbox 3092 2083 3283 2142; x_wconf 81' lang='lat' dir='ltr'><strong>fraude</strong></span> <span class='ocrx_word' id='word_1_370' title='bbox 3325 2092 3614 2164; x_wconf 89' lang='lat' dir='ltr'><strong>surripuit,</strong></span> 
     </span>
    </p>
   </div>
   <div class='ocr_carea' id='block_1_51' title="bbox 2032 2165 3609 2249">
    <p class='ocr_par' dir='ltr' id='par_1_51' title="bbox 2032 2165 3609 2249">
     <span class='ocr_line' id='line_1_51' title="bbox 2032 2165 3609 2249; baseline 0.011 -29"><span class='ocrx_word' id='word_1_371' title='bbox 2032 2171 2088 2220; x_wconf 88' lang='lat' dir='ltr'><strong>et</strong></span> <span class='ocrx_word' id='word_1_372' title='bbox 2112 2165 2322 2220; x_wconf 83' lang='lat' dir='ltr'><strong>occulte</strong></span> <span class='ocrx_word' id='word_1_373' title='bbox 2349 2182 2519 2237; x_wconf 83' lang='lat' dir='ltr'><strong>usque</strong></span> <span class='ocrx_word' id='word_1_374' title='bbox 2547 2171 2892 2240; x_wconf 86' lang='lat' dir='ltr'><strong>septenniqu</strong></span> <span class='ocrx_word' id='word_1_375' title='bbox 2925 2172 3064 2227; x_wconf 88' lang='lat' dir='ltr'><strong>intra</strong></span> <span class='ocrx_word' id='word_1_376' title='bbox 3089 2176 3272 2246; x_wconf 89' lang='lat' dir='ltr'><strong>templi</strong></span> <span class='ocrx_word' id='word_1_377' title='bbox 3312 2189 3465 2249; x_wconf 88' lang='lat' dir='ltr'><strong>septa</strong></span> <span class='ocrx_word' id='word_1_378' title='bbox 3492 2196 3609 2237; x_wconf 86' lang='lat' dir='ltr'><strong>ser-</strong></span> 
     </span>
    </p>
   </div>
   <div class='ocr_carea' id='block_1_52' title="bbox 2032 2257 3613 2336">
    <p class='ocr_par' dir='ltr' id='par_1_52' title="bbox 2032 2257 3613 2336">
     <span class='ocr_line' id='line_1_52' title="bbox 2032 2257 3613 2336; baseline 0.01 -27"><span class='ocrx_word' id='word_1_379' title='bbox 2032 2257 2199 2325; x_wconf 91' lang='lat' dir='ltr'><strong>vavit,</strong></span> <span class='ocrx_word' id='word_1_380' title='bbox 2215 2258 2299 2313; x_wconf 91' lang='lat' dir='ltr'><strong>cui</strong></span> <span class='ocrx_word' id='word_1_381' title='bbox 2317 2262 2656 2330; x_wconf 86' lang='lat' dir='ltr'><strong>postmodum</strong></span> <span class='ocrx_word' id='word_1_382' title='bbox 2679 2264 2875 2334; x_wconf 88' lang='lat' dir='ltr'><strong>regalis</strong></span> <span class='ocrx_word' id='word_1_383' title='bbox 2895 2266 3094 2336; x_wconf 89' lang='lat' dir='ltr'><strong>sceptri</strong></span> <span class='ocrx_word' id='word_1_384' title='bbox 3113 2266 3236 2335; x_wconf 88' lang='lat' dir='ltr'><strong>jura</strong></span> <span class='ocrx_word' id='word_1_385' title='bbox 3251 2271 3613 2334; x_wconf 90' lang='lat' dir='ltr'><strong>contradidit;</strong></span> 
     </span>
    </p>
   </div>
   <div class='ocr_carea' id='block_1_53' title="bbox 2031 2349 3617 2430">
    <p class='ocr_par' dir='ltr' id='par_1_53' title="bbox 2031 2349 3617 2430">
     <span class='ocr_line' id='line_1_53' title="bbox 2031 2349 3617 2430; baseline 0.009 -29"><span class='ocrx_word' id='word_1_386' title='bbox 2031 2361 2268 2418; x_wconf 91' lang='lat' dir='ltr'><strong>eumque</strong></span> <span class='ocrx_word' id='word_1_387' title='bbox 2311 2349 2378 2404; x_wconf 90' lang='lat' dir='ltr'><strong>ad</strong></span> <span class='ocrx_word' id='word_1_388' title='bbox 2427 2351 2820 2421; x_wconf 76' lang='lat' dir='ltr'><strong>przesidcndum</strong></span> <span class='ocrx_word' id='word_1_389' title='bbox 2871 2354 3168 2412; x_wconf 85' lang='lat' dir='ltr'><strong>Israelitico</strong></span> <span class='ocrx_word' id='word_1_390' title='bbox 3217 2357 3414 2427; x_wconf 93' lang='lat' dir='ltr'><strong>populo</strong></span> <span class='ocrx_word' id='word_1_391' title='bbox 3459 2359 3617 2430; x_wconf 82' lang='lat' dir='ltr'><strong>juxta</strong></span> 
     </span>
    </p>
   </div>
   <div class='ocr_carea' id='block_1_54' title="bbox 2031 2445 3617 2514">
    <p class='ocr_par' dir='ltr' id='par_1_54' title="bbox 2031 2445 3617 2514">
     <span class='ocr_line' id='line_1_54' title="bbox 2031 2445 3617 2514; baseline 0.008 -22"><span class='ocrx_word' id='word_1_392' title='bbox 2031 2453 2359 2508; x_wconf 89' lang='lat' dir='ltr'><strong>proavorum</strong></span> <span class='ocrx_word' id='word_1_393' title='bbox 2401 2455 2623 2496; x_wconf 90' lang='lat' dir='ltr'><strong>suorum</strong></span> <span class='ocrx_word' id='word_1_394' title='bbox 2652 2445 3101 2500; x_wconf 88' lang='lat' dir='ltr'><strong>consuetudinem</strong></span> <span class='ocrx_word' id='word_1_395' title='bbox 3139 2447 3448 2514; x_wconf 88' lang='lat' dir='ltr'><strong>roboravit;</strong></span> <span class='ocrx_word' id='word_1_396' title='bbox 3489 2465 3617 2506; x_wconf 88' lang='lat' dir='ltr'><strong>mox</strong></span> 
     </span>
    </p>
   </div>
   <div class='ocr_carea' id='block_1_55' title="bbox 2031 2530 3620 2606">
    <p class='ocr_par' dir='ltr' id='par_1_55' title="bbox 2031 2530 3620 2606">
     <span class='ocr_line' id='line_1_55' title="bbox 2031 2530 3620 2606; baseline 0.009 -25"><span class='ocrx_word' id='word_1_397' title='bbox 2031 2541 2162 2583; x_wconf 89' lang='lat' dir='ltr'><strong>vero</strong></span> <span class='ocrx_word' id='word_1_398' title='bbox 2189 2535 2445 2599; x_wconf 88' lang='lat' dir='ltr'><strong>tanquam</strong></span> <span class='ocrx_word' id='word_1_399' title='bbox 2473 2530 2576 2585; x_wconf 80' lang='lat' dir='ltr'><strong>hoc</strong></span> <span class='ocrx_word' id='word_1_400' title='bbox 2600 2531 2817 2602; x_wconf 87' lang='lat' dir='ltr'><strong>egregio</strong></span> <span class='ocrx_word' id='word_1_401' title='bbox 2857 2548 2965 2589; x_wconf 91' lang='lat' dir='ltr'><strong>non</strong></span> <span class='ocrx_word' id='word_1_402' title='bbox 3005 2535 3279 2592; x_wconf 80' lang='lat' dir='ltr'><strong>sulliceret</strong></span> <span class='ocrx_word' id='word_1_403' title='bbox 3320 2539 3620 2606; x_wconf 88' lang='lat' dir='ltr'><strong>sacerdoti,</strong></span> 
     </span>
    </p>
   </div>
   <div class='ocr_carea' id='block_1_56' title="bbox 2030 2618 3616 2693">
    <p class='ocr_par' dir='ltr' id='par_1_56' title="bbox 2030 2618 3616 2693">
     <span class='ocr_line' id='line_1_56' title="bbox 2030 2618 3616 2693; baseline 0.009 -19"><span class='ocrx_word' id='word_1_404' title='bbox 2030 2618 2358 2675; x_wconf 81' lang='lat' dir='ltr'><strong>confirmato</strong></span> <span class='ocrx_word' id='word_1_405' title='bbox 2390 2622 2532 2693; x_wconf 88' lang='lat' dir='ltr'><strong>regis</strong></span> <span class='ocrx_word' id='word_1_406' title='bbox 2582 2622 2831 2692; x_wconf 88' lang='lat' dir='ltr'><strong>imperio,</strong></span> <span class='ocrx_word' id='word_1_407' title='bbox 2879 2624 2947 2678; x_wconf 89' lang='lat' dir='ltr'><strong>ad</strong></span> <span class='ocrx_word' id='word_1_408' title='bbox 2986 2625 3278 2684; x_wconf 89' lang='lat' dir='ltr'><strong>utilitatem</strong></span> <span class='ocrx_word' id='word_1_409' title='bbox 3323 2631 3616 2688; x_wconf 86' lang='lat' dir='ltr'><strong>sacerdotii</strong></span> 
     </span>
    </p>
   </div>
   <div class='ocr_carea' id='block_1_57' title="bbox 2030 2700 3618 2792">
    <p class='ocr_par' dir='ltr' id='par_1_57' title="bbox 2030 2700 3618 2792">
     <span class='ocr_line' id='line_1_57' title="bbox 2030 2700 3618 2792; baseline 0.01 -30"><span class='ocrx_word' id='word_1_410' title='bbox 2030 2708 2147 2763; x_wconf 88' lang='lat' dir='ltr'><strong>sive</strong></span> <span class='ocrx_word' id='word_1_411' title='bbox 2177 2710 2385 2780; x_wconf 84' lang='lat' dir='ltr'><strong>templi,</strong></span> <span class='ocrx_word' id='word_1_412' title='bbox 2419 2727 2570 2766; x_wconf 88' lang='lat' dir='ltr'><strong>suam</strong></span> <span class='ocrx_word' id='word_1_413' title='bbox 2599 2700 2842 2783; x_wconf 87' lang='lat' dir='ltr'><strong>porrexit</strong></span> <span class='ocrx_word' id='word_1_414' title='bbox 2870 2713 3214 2783; x_wconf 89' lang='lat' dir='ltr'><strong>industriam,</strong></span> <span class='ocrx_word' id='word_1_415' title='bbox 3241 2727 3297 2773; x_wconf 89' lang='lat' dir='ltr'><strong>et</strong></span> <span class='ocrx_word' id='word_1_416' title='bbox 3324 2735 3448 2775; x_wconf 80' lang='lat' dir='ltr'><strong>cum</strong></span> <span class='ocrx_word' id='word_1_417' title='bbox 3479 2736 3618 2792; x_wconf 68' lang='lat' dir='ltr'><strong>pra:-</strong></span> 
     </span>
    </p>
   </div>
   <div class='ocr_carea' id='block_1_58' title="bbox 2029 2797 3614 2876">
    <p class='ocr_par' dir='ltr' id='par_1_58' title="bbox 2029 2797 3614 2876">
     <span class='ocr_line' id='line_1_58' title="bbox 2029 2797 3614 2876; baseline 0.01 -23"><span class='ocrx_word' id='word_1_418' title='bbox 2029 2797 2144 2854; x_wconf 89' lang='lat' dir='ltr'><strong>fato</strong></span> <span class='ocrx_word' id='word_1_419' title='bbox 2171 2815 2301 2871; x_wconf 88' lang='lat' dir='ltr'><strong>rege</strong></span> <span class='ocrx_word' id='word_1_420' title='bbox 2325 2803 2392 2857; x_wconf 89' lang='lat' dir='ltr'><strong>ad</strong></span> <span class='ocrx_word' id='word_1_421' title='bbox 2429 2802 2784 2858; x_wconf 87' lang='lat' dir='ltr'><strong>ordinandam</strong></span> <span class='ocrx_word' id='word_1_422' title='bbox 2815 2813 2869 2859; x_wconf 91' lang='lat' dir='ltr'><strong>et</strong></span> <span class='ocrx_word' id='word_1_423' title='bbox 2898 2805 3290 2876; x_wconf 85' lang='lat' dir='ltr'><strong>disponendam</strong></span> <span class='ocrx_word' id='word_1_424' title='bbox 3318 2825 3614 2868; x_wconf 86' lang='lat' dir='ltr'><strong>consacer-</strong></span> 
     </span>
    </p>
   </div>
   <div class='ocr_carea' id='block_1_59' title="bbox 2030 2891 3614 2966">
    <p class='ocr_par' dir='ltr' id='par_1_59' title="bbox 2030 2891 3614 2966">
     <span class='ocr_line' id='line_1_59' title="bbox 2030 2891 3614 2966; baseline 0.009 -22"><span class='ocrx_word' id='word_1_425' title='bbox 2030 2893 2219 2944; x_wconf 88' lang='lat' dir='ltr'><strong>dolum</strong></span> <span class='ocrx_word' id='word_1_426' title='bbox 2249 2907 2472 2946; x_wconf 90' lang='lat' dir='ltr'><strong>suorum</strong></span> <span class='ocrx_word' id='word_1_427' title='bbox 2499 2906 2559 2948; x_wconf 89' lang='lat' dir='ltr'><strong>se</strong></span> <span class='ocrx_word' id='word_1_428' title='bbox 2595 2891 2826 2948; x_wconf 89' lang='lat' dir='ltr'><strong>contulit</strong></span> <span class='ocrx_word' id='word_1_429' title='bbox 2852 2893 3222 2966; x_wconf 74' lang='lat' dir='ltr'><strong>disciplinam.</strong></span> <span class='ocrx_word' id='word_1_430' title='bbox 3270 2897 3406 2954; x_wconf 81' lang='lat' dir='ltr'><strong>Nam</strong></span> <span class='ocrx_word' id='word_1_431' title='bbox 3443 2909 3498 2957; x_wconf 91' lang='lat' dir='ltr'><strong>et</strong></span> <span class='ocrx_word' id='word_1_432' title='bbox 3522 2899 3614 2958; x_wconf 51' lang='lat' dir='ltr'><strong>sa?</strong></span> 
     </span>
    </p>
   </div>
   <div class='ocr_carea' id='block_1_60' title="bbox 2028 2981 3614 3052">
    <p class='ocr_par' dir='ltr' id='par_1_60' title="bbox 2028 2981 3614 3052">
     <span class='ocr_line' id='line_1_60' title="bbox 2028 2981 3614 3052; baseline 0.008 -18"><span class='ocrx_word' id='word_1_433' title='bbox 2028 2993 2121 3034; x_wconf 89' lang='lat' dir='ltr'><strong>cra</strong></span> <span class='ocrx_word' id='word_1_434' title='bbox 2146 2988 2287 3036; x_wconf 88' lang='lat' dir='ltr'><strong>tecta</strong></span> <span class='ocrx_word' id='word_1_435' title='bbox 2325 2981 2530 3052; x_wconf 91' lang='lat' dir='ltr'><strong>templi,</strong></span> <span class='ocrx_word' id='word_1_436' title='bbox 2563 2991 2621 3037; x_wconf 90' lang='lat' dir='ltr'><strong>nt</strong></span> <span class='ocrx_word' id='word_1_437' title='bbox 2647 2982 3104 3049; x_wconf 90' lang='lat' dir='ltr'><strong>instaurarentur,</strong></span> <span class='ocrx_word' id='word_1_438' title='bbox 3135 2987 3370 3044; x_wconf 78' lang='lat' dir='ltr'><strong>instituit</strong></span> <span class='ocrx_word' id='word_1_439' title='bbox 3395 2997 3451 3044; x_wconf 88' lang='lat' dir='ltr'><strong>et</strong></span> <span class='ocrx_word' id='word_1_440' title='bbox 3474 3005 3614 3046; x_wconf 89' lang='lat' dir='ltr'><strong>non-</strong></span> 
     </span>
    </p>
   </div>
   <div class='ocr_carea' id='block_1_61' title="bbox 2031 3074 3616 3150">
    <p class='ocr_par' dir='ltr' id='par_1_61' title="bbox 2031 3074 3616 3150">
     <span class='ocr_line' id='line_1_61' title="bbox 2031 3074 3616 3150; baseline 0.006 -22"><span class='ocrx_word' id='word_1_441' title='bbox 2031 3075 2198 3138; x_wconf 89' lang='lat' dir='ltr'><strong>nulla.</strong></span> <span class='ocrx_word' id='word_1_442' title='bbox 2260 3092 2382 3147; x_wconf 64' lang='lat' dir='ltr'><strong>qua:</strong></span> <span class='ocrx_word' id='word_1_443' title='bbox 2440 3078 2815 3134; x_wconf 90' lang='lat' dir='ltr'><strong>sacerdotibus</strong></span> <span class='ocrx_word' id='word_1_444' title='bbox 2841 3088 3246 3150; x_wconf 87' lang='lat' dir='ltr'><strong>competebant,</strong></span> <span class='ocrx_word' id='word_1_445' title='bbox 3304 3083 3484 3138; x_wconf 91' lang='lat' dir='ltr'><strong>edicta</strong></span> <span class='ocrx_word' id='word_1_446' title='bbox 3518 3074 3616 3138; x_wconf 85' lang='lat' dir='ltr'><strong>de-</strong></span> 
     </span>
    </p>
   </div>
   <div class='ocr_carea' id='block_1_62' title="bbox 326 3165 3616 3244">
    <p class='ocr_par' dir='ltr' id='par_1_62' title="bbox 326 3165 3616 3244">
     <span class='ocr_line' id='line_1_62' title="bbox 326 3165 3616 3244; baseline 0 -19"><span class='ocrx_word' id='word_1_447' title='bbox 326 3170 800 3236; x_wconf 85' lang='lat' dir='ltr'><strong>misericordiam,</strong></span> <span class='ocrx_word' id='word_1_448' title='bbox 846 3169 960 3240; x_wconf 87' lang='lat' dir='ltr'><strong>jam</strong></span> <span class='ocrx_word' id='word_1_449' title='bbox 1003 3170 1252 3225; x_wconf 89' lang='lat' dir='ltr'><strong>videatur</strong></span> <span class='ocrx_word' id='word_1_450' title='bbox 1306 3169 1549 3228; x_wconf 84' lang='lat' dir='ltr'><strong>funditus</strong></span> <span class='ocrx_word' id='word_1_451' title='bbox 1599 3173 1920 3228; x_wconf 84' lang='lat' dir='ltr'><strong>desulatum.</strong></span> <span class='ocrx_word' id='word_1_452' title='bbox 1953 3165 1996 3226; x_wconf 86' lang='lat' dir='ltr'><strong>C</strong></span> <span class='ocrx_word' id='word_1_453' title='bbox 2029 3166 2310 3236; x_wconf 71' lang='lat' dir='ltr'><strong>prompsit;</strong></span> <span class='ocrx_word' id='word_1_454' title='bbox 2354 3166 2572 3221; x_wconf 76' lang='lat' dir='ltr'><strong>Sciebat</strong></span> <span class='ocrx_word' id='word_1_455' title='bbox 2614 3168 2760 3222; x_wconf 83' lang='lat' dir='ltr'><strong>enim</strong></span> <span class='ocrx_word' id='word_1_456' title='bbox 2807 3171 3064 3237; x_wconf 75' lang='lat' dir='ltr'><strong>Quoniam</strong></span> <span class='ocrx_word' id='word_1_457' title='bbox 3115 3180 3345 3242; x_wconf 88' lang='lat' dir='ltr'><strong>utraque</strong></span> <span class='ocrx_word' id='word_1_458' title='bbox 3381 3173 3616 3244; x_wconf 88' lang='lat' dir='ltr'><strong>dignitas</strong></span> 
     </span>
    </p>
   </div>
   <div class='ocr_carea' id='block_1_63' title="bbox 323 3261 1925 3338">
    <p class='ocr_par' dir='ltr' id='par_1_63' title="bbox 323 3261 1925 3338">
     <span class='ocr_line' id='line_1_63' title="bbox 323 3261 1925 3338; baseline 0.002 -20"><span class='ocrx_word' id='word_1_459' title='bbox 323 3261 428 3318; x_wconf 87' lang='lat' dir='ltr'><strong>Sic</strong></span> <span class='ocrx_word' id='word_1_460' title='bbox 473 3261 656 3338; x_wconf 62' lang='lat' dir='ltr'><strong>itaque</strong></span> <span class='ocrx_word' id='word_1_461' title='bbox 705 3264 898 3320; x_wconf 89' lang='lat' dir='ltr'><strong>domus</strong></span> <span class='ocrx_word' id='word_1_462' title='bbox 947 3264 1042 3320; x_wconf 92' lang='lat' dir='ltr'><strong>Dei</strong></span> <span class='ocrx_word' id='word_1_463' title='bbox 1093 3279 1192 3334; x_wconf 89' lang='lat' dir='ltr'><strong>per</strong></span> <span class='ocrx_word' id='word_1_464' title='bbox 1240 3280 1327 3321; x_wconf 91' lang='lat' dir='ltr'><strong>me</strong></span> <span class='ocrx_word' id='word_1_465' title='bbox 1371 3265 1585 3320; x_wconf 90' lang='lat' dir='ltr'><strong>videtur</strong></span> <span class='ocrx_word' id='word_1_466' title='bbox 1632 3265 1686 3320; x_wconf 92' lang='lat' dir='ltr'><strong>in</strong></span> <span class='ocrx_word' id='word_1_467' title='bbox 1737 3267 1925 3322; x_wconf 84' lang='lat' dir='ltr'><strong>intima</strong></span> 
     </span>
    </p>
   </div>
   <div class='ocr_carea' id='block_1_64' title="bbox 323 3347 1925 3429">
    <p class='ocr_par' dir='ltr' id='par_1_64' title="bbox 323 3347 1925 3429">
     <span class='ocr_line' id='line_1_64' title="bbox 323 3347 1925 3429; baseline 0.002 -20"><span class='ocrx_word' id='word_1_468' title='bbox 323 3353 515 3424; x_wconf 85' lang='lat' dir='ltr'><strong>dejici,</strong></span> <span class='ocrx_word' id='word_1_469' title='bbox 545 3347 645 3426; x_wconf 75' lang='lat' dir='ltr'><strong>per</strong></span> <span class='ocrx_word' id='word_1_470' title='bbox 678 3371 839 3427; x_wconf 92' lang='lat' dir='ltr'><strong>quem</strong></span> <span class='ocrx_word' id='word_1_471' title='bbox 871 3359 1216 3426; x_wconf 89' lang='lat' dir='ltr'><strong>sperabatur,</strong></span> <span class='ocrx_word' id='word_1_472' title='bbox 1246 3357 1358 3413; x_wconf 90' lang='lat' dir='ltr'><strong>Deo</strong></span> <span class='ocrx_word' id='word_1_473' title='bbox 1388 3357 1539 3413; x_wconf 88' lang='lat' dir='ltr'><strong>vobis</strong></span> <span class='ocrx_word' id='word_1_474' title='bbox 1573 3369 1925 3429; x_wconf 88' lang='lat' dir='ltr'><strong>cooperante,</strong></span> 
     </span>
    </p>
   </div>
   <div class='ocr_carea' id='block_1_65' title="bbox 323 3446 1925 3521">
    <p class='ocr_par' dir='ltr' id='par_1_65' title="bbox 323 3446 1925 3521">
     <span class='ocr_line' id='line_1_65' title="bbox 323 3446 1925 3521; baseline 0.001 -19"><span class='ocrx_word' id='word_1_475' title='bbox 323 3446 472 3502; x_wconf 65' lang='lat' dir='ltr'><strong>caelo</strong></span> <span class='ocrx_word' id='word_1_476' title='bbox 542 3457 699 3504; x_wconf 90' lang='lat' dir='ltr'><strong>tenus</strong></span> <span class='ocrx_word' id='word_1_477' title='bbox 763 3447 1012 3503; x_wconf 79' lang='lat' dir='ltr'><strong>exaltari.</strong></span> <span class='ocrx_word' id='word_1_478' title='bbox 1090 3449 1460 3520; x_wconf 88' lang='lat' dir='ltr'><strong>Quapropter,</strong></span> <span class='ocrx_word' id='word_1_479' title='bbox 1535 3450 1925 3521; x_wconf 85' lang='lat' dir='ltr'><strong>gloriosissime</strong></span> 
     </span>
    </p>
   </div>
   <div class='ocr_carea' id='block_1_66' title="bbox 323 3537 1922 3610">
    <p class='ocr_par' dir='ltr' id='par_1_66' title="bbox 323 3537 1922 3610">
     <span class='ocr_line' id='line_1_66' title="bbox 323 3537 1922 3610; baseline 0.002 -18"><span class='ocrx_word' id='word_1_480' title='bbox 323 3537 568 3604; x_wconf 87' lang='lat' dir='ltr'><strong>domine,</strong></span> <span class='ocrx_word' id='word_1_481' title='bbox 607 3537 741 3593; x_wconf 83' lang='lat' dir='ltr'><strong>fusis</strong></span> <span class='ocrx_word' id='word_1_482' title='bbox 787 3537 1045 3610; x_wconf 77' lang='lat' dir='ltr'><strong>lacrymis</strong></span> <span class='ocrx_word' id='word_1_483' title='bbox 1090 3541 1158 3594; x_wconf 91' lang='lat' dir='ltr'><strong>ad</strong></span> <span class='ocrx_word' id='word_1_484' title='bbox 1208 3540 1436 3610; x_wconf 88' lang='lat' dir='ltr'><strong>vestigia</strong></span> <span class='ocrx_word' id='word_1_485' title='bbox 1478 3550 1659 3596; x_wconf 87' lang='lat' dir='ltr'><strong>vestra</strong></span> <span class='ocrx_word' id='word_1_486' title='bbox 1705 3556 1922 3607; x_wconf 91' lang='lat' dir='ltr'><strong>corruo,</strong></span> 
     </span>
    </p>
   </div>
   <div class='ocr_carea' id='block_1_67' title="bbox 322 3628 1926 3700">
    <p class='ocr_par' dir='ltr' id='par_1_67' title="bbox 322 3628 1926 3700">
     <span class='ocr_line' id='line_1_67' title="bbox 322 3628 1926 3700; baseline 0.001 -18"><span class='ocrx_word' id='word_1_487' title='bbox 322 3637 534 3682; x_wconf 57' lang='lat' dir='ltr'><strong>sancta</strong></span> <span class='ocrx_word' id='word_1_488' title='bbox 565 3628 782 3684; x_wconf 86' lang='lat' dir='ltr'><strong>viscera</strong></span> <span class='ocrx_word' id='word_1_489' title='bbox 813 3629 1035 3699; x_wconf 86' lang='lat' dir='ltr'><strong>pietatis</strong></span> <span class='ocrx_word' id='word_1_490' title='bbox 1076 3628 1330 3700; x_wconf 89' lang='lat' dir='ltr'><strong>imploro,</strong></span> <span class='ocrx_word' id='word_1_491' title='bbox 1363 3637 1422 3684; x_wconf 93' lang='lat' dir='ltr'><strong>ut</strong></span> <span class='ocrx_word' id='word_1_492' title='bbox 1465 3630 1762 3685; x_wconf 90' lang='lat' dir='ltr'><strong>secundum</strong></span> <span class='ocrx_word' id='word_1_493' title='bbox 1801 3646 1926 3699; x_wconf 88' lang='lat' dir='ltr'><strong>gra-</strong></span> 
     </span>
    </p>
   </div>
   <div class='ocr_carea' id='block_1_68' title="bbox 325 3720 1926 3791">
    <p class='ocr_par' dir='ltr' id='par_1_68' title="bbox 325 3720 1926 3791">
     <span class='ocr_line' id='line_1_68' title="bbox 325 3720 1926 3791; baseline 0.004 -20"><span class='ocrx_word' id='word_1_494' title='bbox 325 3720 516 3775; x_wconf 81' lang='lat' dir='ltr'><strong>vitatis</strong></span> <span class='ocrx_word' id='word_1_495' title='bbox 558 3729 753 3776; x_wconf 68' lang='lat' dir='ltr'><strong>vestrae</strong></span> <span class='ocrx_word' id='word_1_496' title='bbox 798 3720 1176 3791; x_wconf 88' lang='lat' dir='ltr'><strong>prudentiam,</strong></span> <span class='ocrx_word' id='word_1_497' title='bbox 1216 3720 1330 3791; x_wconf 89' lang='lat' dir='ltr'><strong>jam</strong></span> <span class='ocrx_word' id='word_1_498' title='bbox 1386 3722 1747 3778; x_wconf 85' lang='lat' dir='ltr'><strong>memineritis</strong></span> <span class='ocrx_word' id='word_1_499' title='bbox 1801 3724 1926 3778; x_wconf 90' lang='lat' dir='ltr'><strong>reti-</strong></span> 
     </span>
    </p>
   </div>
   <div class='ocr_carea' id='block_1_69' title="bbox 323 3809 1925 3882">
    <p class='ocr_par' dir='ltr' id='par_1_69' title="bbox 323 3809 1925 3882">
     <span class='ocr_line' id='line_1_69' title="bbox 323 3809 1925 3882; baseline 0.002 -18"><span class='ocrx_word' id='word_1_500' title='bbox 323 3824 460 3864; x_wconf 85' lang='lat' dir='ltr'><strong>nere</strong></span> <span class='ocrx_word' id='word_1_501' title='bbox 511 3811 823 3882; x_wconf 78' lang='lat' dir='ltr'><strong>ﬂagellant,</strong></span> <span class='ocrx_word' id='word_1_502' title='bbox 879 3809 997 3881; x_wconf 87' lang='lat' dir='ltr'><strong>jam</strong></span> <span class='ocrx_word' id='word_1_503' title='bbox 1052 3813 1266 3882; x_wconf 90' lang='lat' dir='ltr'><strong>ponatis</strong></span> <span class='ocrx_word' id='word_1_504' title='bbox 1324 3821 1403 3868; x_wconf 91' lang='lat' dir='ltr'><strong>tot</strong></span> <span class='ocrx_word' id='word_1_505' title='bbox 1453 3814 1925 3881; x_wconf 87' lang='lat' dir='ltr'><strong>persecutionibus</strong></span> 
     </span>
    </p>
   </div>
   <div class='ocr_carea' id='block_1_70' title="bbox 323 3900 1924 3974">
    <p class='ocr_par' dir='ltr' id='par_1_70' title="bbox 323 3900 1924 3974">
     <span class='ocr_line' id='line_1_70' title="bbox 323 3900 1924 3974; baseline 0.002 -20"><span class='ocrx_word' id='word_1_506' title='bbox 323 3900 573 3966; x_wconf 83' lang='lat' dir='ltr'><strong>modum,</strong></span> <span class='ocrx_word' id='word_1_507' title='bbox 599 3901 815 3957; x_wconf 88' lang='lat' dir='ltr'><strong>dicente</strong></span> <span class='ocrx_word' id='word_1_508' title='bbox 855 3901 1089 3958; x_wconf 89' lang='lat' dir='ltr'><strong>Domino</strong></span> <span class='ocrx_word' id='word_1_509' title='bbox 1113 3917 1212 3974; x_wconf 91' lang='lat' dir='ltr'><strong>per</strong></span> <span class='ocrx_word' id='word_1_510' title='bbox 1240 3903 1559 3973; x_wconf 87' lang='lat' dir='ltr'><strong>prophetam</strong></span> <span class='ocrx_word' id='word_1_511' title='bbox 1587 3917 1602 3958; x_wconf 91' lang='lat'><strong>:</strong></span> <span class='ocrx_word' id='word_1_512' title='bbox 1633 3903 1770 3958; x_wconf 82' lang='lat' dir='ltr'><strong>Dum</strong></span> <span class='ocrx_word' id='word_1_513' title='bbox 1800 3921 1924 3958; x_wconf 64' lang='lat' dir='ltr'><strong>cono</strong></span> 
     </span>
    </p>
   </div>
   <div class='ocr_carea' id='block_1_71' title="bbox 324 3993 1923 4061">
    <p class='ocr_par' dir='ltr' id='par_1_71' title="bbox 324 3993 1923 4061">
     <span class='ocr_line' id='line_1_71' title="bbox 324 3993 1923 4061; baseline 0.002 -15"><span class='ocrx_word' id='word_1_514' title='bbox 324 3993 568 4046; x_wconf 71' lang='lat' dir='ltr'><strong>turbatus</strong></span> <span class='ocrx_word' id='word_1_515' title='bbox 620 3993 822 4061; x_wconf 77' lang='lat' dir='ltr'><strong>fueris,</strong></span> <span class='ocrx_word' id='word_1_516' title='bbox 872 3995 928 4048; x_wconf 85' lang='lat' dir='ltr'><strong>in</strong></span> <span class='ocrx_word' id='word_1_517' title='bbox 995 3994 1080 4048; x_wconf 85' lang='lat' dir='ltr'><strong>ira</strong></span> <span class='ocrx_word' id='word_1_518' title='bbox 1143 3993 1517 4048; x_wconf 75' lang='lat' dir='ltr'><strong>misericordia:</strong></span> <span class='ocrx_word' id='word_1_519' title='bbox 1569 4009 1768 4048; x_wconf 85' lang='lat' dir='ltr'><strong>memor</strong></span> <span class='ocrx_word' id='word_1_520' title='bbox 1819 3995 1923 4049; x_wconf 78' lang='lat' dir='ltr'><strong>eris</strong></span> 
     </span>
    </p>
   </div>
   <div class='ocr_carea' id='block_1_72' title="bbox 324 4087 1920 4160">
    <p class='ocr_par' dir='ltr' id='par_1_72' title="bbox 324 4087 1920 4160">
     <span class='ocr_line' id='line_1_72' title="bbox 324 4087 1920 4160; baseline 0.001 -18"><span class='ocrx_word' id='word_1_521' title='bbox 324 4087 482 4159; x_wconf 85' lang='lat' dir='ltr'><strong>(Tob.</strong></span> <span class='ocrx_word' id='word_1_522' title='bbox 513 4104 605 4155; x_wconf 87' lang='lat' dir='ltr'><strong>nt;</strong></span> <span class='ocrx_word' id='word_1_523' title='bbox 638 4087 842 4144; x_wconf 84' lang='lat' dir='ltr'><strong>Habac.</strong></span> <span class='ocrx_word' id='word_1_524' title='bbox 881 4089 986 4160; x_wconf 86' lang='lat' dir='ltr'><strong>tu).</strong></span> <span class='ocrx_word' id='word_1_525' title='bbox 1027 4087 1138 4144; x_wconf 82' lang='lat' dir='ltr'><strong>Nec</strong></span> <span class='ocrx_word' id='word_1_526' title='bbox 1180 4089 1418 4160; x_wconf 87' lang='lat' dir='ltr'><strong>gravetis</strong></span> <span class='ocrx_word' id='word_1_527' title='bbox 1451 4097 1697 4144; x_wconf 90' lang='lat' dir='ltr'><strong>sanctum</strong></span> <span class='ocrx_word' id='word_1_528' title='bbox 1744 4088 1920 4144; x_wconf 91' lang='lat' dir='ltr'><strong>locum</strong></span> 
     </span>
    </p>
   </div>
   <div class='ocr_carea' id='block_1_73' title="bbox 324 4181 1922 4254">
    <p class='ocr_par' dir='ltr' id='par_1_73' title="bbox 324 4181 1922 4254">
     <span class='ocr_line' id='line_1_73' title="bbox 324 4181 1922 4254; baseline 0.003 -20"><span class='ocrx_word' id='word_1_529' title='bbox 324 4182 506 4236; x_wconf 85' lang='lat' dir='ltr'><strong>adhuc</strong></span> <span class='ocrx_word' id='word_1_530' title='bbox 573 4181 872 4238; x_wconf 87' lang='lat' dir='ltr'><strong>auferendo</strong></span> <span class='ocrx_word' id='word_1_531' title='bbox 916 4182 1233 4253; x_wconf 89' lang='lat' dir='ltr'><strong>pecuniam,</strong></span> <span class='ocrx_word' id='word_1_532' title='bbox 1285 4196 1447 4254; x_wconf 90' lang='lat' dir='ltr'><strong>quem</strong></span> <span class='ocrx_word' id='word_1_533' title='bbox 1502 4191 1708 4238; x_wconf 86' lang='lat' dir='ltr'><strong>tantam</strong></span> <span class='ocrx_word' id='word_1_534' title='bbox 1743 4182 1922 4239; x_wconf 86' lang='lat' dir='ltr'><strong>eccle-</strong></span> 
     </span>
    </p>
   </div>
   <div class='ocr_carea' id='block_1_74' title="bbox 324 4272 1920 4346">
    <p class='ocr_par' dir='ltr' id='par_1_74' title="bbox 324 4272 1920 4346">
     <span class='ocr_line' id='line_1_74' title="bbox 324 4272 1920 4346; baseline 0.001 -17"><span class='ocrx_word' id='word_1_535' title='bbox 324 4274 678 4331; x_wconf 84' lang='lat' dir='ltr'><strong>siasticarum</strong></span> <span class='ocrx_word' id='word_1_536' title='bbox 742 4289 925 4332; x_wconf 89' lang='lat' dir='ltr'><strong>rerum</strong></span> <span class='ocrx_word' id='word_1_537' title='bbox 990 4275 1166 4332; x_wconf 83' lang='lat' dir='ltr'><strong>nostis</strong></span> <span class='ocrx_word' id='word_1_538' title='bbox 1213 4273 1326 4344; x_wconf 85' lang='lat' dir='ltr'><strong>jam</strong></span> <span class='ocrx_word' id='word_1_539' title='bbox 1394 4273 1687 4346; x_wconf 91' lang='lat' dir='ltr'><strong>pertulisse</strong></span> <span class='ocrx_word' id='word_1_540' title='bbox 1741 4272 1920 4345; x_wconf 77' lang='lat' dir='ltr'><strong>jactu-</strong></span> 
     </span>
    </p>
   </div>
   <div class='ocr_carea' id='block_1_75' title="bbox 325 4380 468 4421">
    <p class='ocr_par' dir='ltr' id='par_1_75' title="bbox 325 4380 468 4421">
     <span class='ocr_line' id='line_1_75' title="bbox 325 4380 468 4421; baseline 0.014 -2"><span class='ocrx_word' id='word_1_541' title='bbox 325 4380 468 4421; x_wconf 82' lang='lat' dir='ltr'><strong>ram.</strong></span> 
     </span>
    </p>
   </div>
   <div class='ocr_carea' id='block_1_76' title="bbox 879 4481 1345 4540">
    <p class='ocr_par' dir='ltr' id='par_1_76' title="bbox 879 4481 1345 4540">
     <span class='ocr_line' id='line_1_76' title="bbox 879 4481 1345 4540; baseline -0.006 -2"><span class='ocrx_word' id='word_1_542' title='bbox 879 4482 1211 4540; x_wconf 81' lang='lat' dir='ltr'><strong>EPISTOLA</strong></span> <span class='ocrx_word' id='word_1_543' title='bbox 1257 4481 1345 4536; x_wconf 78' lang='lat' dir='ltr'><strong>Vl.</strong></span> 
     </span>
    </p>
   </div>
   <div class='ocr_carea' id='block_1_77' title="bbox 485 4584 1753 4639">
    <p class='ocr_par' dir='ltr' id='par_1_77' title="bbox 485 4584 1753 4639">
     <span class='ocr_line' id='line_1_77' title="bbox 485 4584 1753 4639; baseline -0.005 -9"><span class='ocrx_word' id='word_1_544' title='bbox 485 4587 559 4639; x_wconf 67' lang='lat' dir='ltr'><strong>AP</strong></span> <span class='ocrx_word' id='word_1_545' title='bbox 593 4588 844 4629; x_wconf 66' lang='lat' dir='ltr'><strong>ANNORBI</strong></span> <span class='ocrx_word' id='word_1_546' title='bbox 884 4586 1335 4630; x_wconf 67' lang='lat' dir='ltr'><strong>AICEIEPISCOPUI</strong></span> <span class='ocrx_word' id='word_1_547' title='bbox 1369 4584 1753 4626; x_wconf 71' lang='lat' dir='ltr'><strong>COLONIENSEI.</strong></span> 
     </span>
    </p>
   </div>
   <div class='ocr_carea' id='block_1_78' title="bbox 319 4657 1920 4742">
    <p class='ocr_par' dir='ltr' id='par_1_78' title="bbox 319 4657 1920 4742">
     <span class='ocr_line' id='line_1_78' title="bbox 319 4657 1920 4742; baseline -0.004 -20"><span class='ocrx_word' id='word_1_548' title='bbox 319 4663 728 4742; x_wconf 54' lang='lat' dir='ltr'><strong>mansurus.</strong></span> <span class='ocrx_word' id='word_1_549' title='bbox 757 4694 830 4742; x_wconf 86' lang='lat'><strong>-_—</strong></span> <span class='ocrx_word' id='word_1_550' title='bbox 861 4663 1073 4742; x_wconf 76' lang='lat' dir='ltr'><strong>Laudat</strong></span> <span class='ocrx_word' id='word_1_551' title='bbox 1116 4662 1585 4742; x_wconf 65' lang='lat' dir='ltr'><strong>archiepiscopum</strong></span> <span class='ocrx_word' id='word_1_552' title='bbox 1633 4657 1920 4742; x_wconf 52' lang='lat' dir='ltr'><strong>Coloniepf</strong></span> 
     </span>
    </p>
   </div>
   <div class='ocr_carea' id='block_1_79' title="bbox 393 4729 1916 4810">
    <p class='ocr_par' dir='ltr' id='par_1_79' title="bbox 393 4729 1916 4810">
     <span class='ocr_line' id='line_1_79' title="bbox 393 4729 1916 4810; baseline -0.004 -21"><span class='ocrx_word' id='word_1_553' title='bbox 393 4749 534 4799; x_wconf 85' lang='lat' dir='ltr'><strong>sem,</strong></span> <span class='ocrx_word' id='word_1_554' title='bbox 564 4736 711 4810; x_wconf 87' lang='lat' dir='ltr'><strong>quod</strong></span> <span class='ocrx_word' id='word_1_555' title='bbox 761 4734 1107 4810; x_wconf 82' lang='lat' dir='ltr'><strong>imperatoris</strong></span> <span class='ocrx_word' id='word_1_556' title='bbox 1149 4729 1316 4810; x_wconf 75' lang='lat' dir='ltr'><strong>filiuni</strong></span> <span class='ocrx_word' id='word_1_557' title='bbox 1354 4729 1762 4810; x_wconf 57' lang='lat' dir='ltr'><strong>pupillumsua:</strong></span> <span class='ocrx_word' id='word_1_558' title='bbox 1793 4729 1916 4785; x_wconf 88' lang='lat' dir='ltr'><strong>ﬁdei</strong></span> 
     </span>
    </p>
   </div>
   <div class='ocr_carea' id='block_1_80' title="bbox 391 4799 1916 4880">
    <p class='ocr_par' dir='ltr' id='par_1_80' title="bbox 391 4799 1916 4880">
     <span class='ocr_line' id='line_1_80' title="bbox 391 4799 1916 4880; baseline -0.003 -21"><span class='ocrx_word' id='word_1_559' title='bbox 391 4799 748 4880; x_wconf 68' lang='lat' dir='ltr'><strong>commissum</strong></span> <span class='ocrx_word' id='word_1_560' title='bbox 779 4799 995 4874; x_wconf 70' lang='lat' dir='ltr'><strong>egregie</strong></span> <span class='ocrx_word' id='word_1_561' title='bbox 1032 4812 1239 4880; x_wconf 76' lang='lat' dir='ltr'><strong>tutatus</strong></span> <span class='ocrx_word' id='word_1_562' title='bbox 1262 4799 1444 4880; x_wconf 66' lang='lat' dir='ltr'><strong>&#39;csset,</strong></span> <span class='ocrx_word' id='word_1_563' title='bbox 1479 4809 1535 4855; x_wconf 89' lang='lat' dir='ltr'><strong>et</strong></span> <span class='ocrx_word' id='word_1_564' title='bbox 1562 4799 1916 4880; x_wconf 70' lang='lat' dir='ltr'><strong>eidetn,_cum</strong></span> 
     </span>
    </p>
   </div>
   <div class='ocr_carea' id='block_1_81' title="bbox 295 4871 1915 4943">
    <p class='ocr_par' dir='ltr' id='par_1_81' title="bbox 295 4871 1915 4943">
     <span class='ocr_line' id='line_1_81' title="bbox 295 4871 1915 4943; baseline -0.002 -17"><span class='ocrx_word' id='word_1_565' title='bbox 295 4885 302 4892; x_wconf 75' lang='lat'><strong>&#39;</strong></span> <span class='ocrx_word' id='word_1_566' title='bbox 393 4873 752 4938; x_wconf 82' lang='lat' dir='ltr'><strong>adolevisset,</strong></span> <span class='ocrx_word' id='word_1_567' title='bbox 820 4871 1112 4943; x_wconf 58' lang='lat' dir='ltr'><strong>&#39;pat&#39;ernum</strong></span> <span class='ocrx_word' id='word_1_568' title='bbox 1201 4871 1484 4942; x_wconf 90' lang='lat' dir='ltr'><strong>imperium</strong></span> <span class='ocrx_word' id='word_1_569' title='bbox 1518 4871 1915 4943; x_wconf 24' lang='lat' dir='ltr'><strong>“restituisset.</strong></span> 
     </span>
    </p>
   </div>
   <div class='ocr_carea' id='block_1_82' title="bbox 395 4941 1916 5020">
    <p class='ocr_par' dir='ltr' id='par_1_82' title="bbox 395 4941 1916 5020">
     <span class='ocr_line' id='line_1_82' title="bbox 395 4941 1916 5020; baseline -0.003 -23"><span class='ocrx_word' id='word_1_570' title='bbox 395 4943 598 4999; x_wconf 80' lang='lat' dir='ltr'><strong>Deinde</strong></span> <span class='ocrx_word' id='word_1_571' title='bbox 654 4945 792 5015; x_wconf 85' lang='lat' dir='ltr'><strong>quod</strong></span> <span class='ocrx_word' id='word_1_572' title='bbox 830 4941 1681 5020; x_wconf 43' lang='lat' dir='ltr'><strong>‘Cndaloum_piendonuntiﬁcem</strong></span> <span class='ocrx_word' id='word_1_573' title='bbox 1729 4953 1916 5020; x_wconf 36' lang='lat' dir='ltr'><strong>per-se-</strong></span> 
     </span>
    </p>
   </div>
   <div class='ocr_carea' id='block_1_83' title="bbox 392 5010 1916 5084">
    <p class='ocr_par' dir='ltr' id='par_1_83' title="bbox 392 5010 1916 5084">
     <span class='ocr_line' id='line_1_83' title="bbox 392 5010 1916 5084; baseline -0.003 -16"><span class='ocrx_word' id='word_1_574' title='bbox 392 5025 552 5068; x_wconf 87' lang='lat' dir='ltr'><strong>cutus</strong></span> <span class='ocrx_word' id='word_1_575' title='bbox 583 5010 754 5075; x_wconf 76' lang='lat' dir='ltr'><strong>esset,</strong></span> <span class='ocrx_word' id='word_1_576' title='bbox 778 5023 834 5068; x_wconf 88' lang='lat' dir='ltr'><strong>et</strong></span> <span class='ocrx_word' id='word_1_577' title='bbox 861 5023 1121 5084; x_wconf 84' lang='lat' dir='ltr'><strong>quantum</strong></span> <span class='ocrx_word' id='word_1_578' title='bbox 1153 5010 1206 5067; x_wconf 84' lang='lat' dir='ltr'><strong>in</strong></span> <span class='ocrx_word' id='word_1_579' title='bbox 1250 5014 1368 5083; x_wconf 92' lang='lat' dir='ltr'><strong>ipso</strong></span> <span class='ocrx_word' id='word_1_580' title='bbox 1396 5010 1916 5084; x_wconf 68' lang='lat' dir='ltr'><strong>fuit,_ccclesiastico</strong></span> 
     </span>
    </p>
   </div>
   <div class='ocr_carea' id='block_1_84' title="bbox 396 5079 1915 5161">
    <p class='ocr_par' dir='ltr' id='par_1_84' title="bbox 396 5079 1915 5161">
     <span class='ocr_line' id='line_1_84' title="bbox 396 5079 1915 5161; baseline -0.002 -25"><span class='ocrx_word' id='word_1_581' title='bbox 396 5099 658 5161; x_wconf 80' lang='lat' dir='ltr'><strong>mucrone</strong></span> <span class='ocrx_word' id='word_1_582' title='bbox 697 5079 1012 5161; x_wconf 80' lang='lat' dir='ltr'><strong>jugulasset.</strong></span> <span class='ocrx_word' id='word_1_583' title='bbox 1063 5079 1324 5161; x_wconf 73' lang='lat' dir='ltr'><strong>Hortatur</strong></span> <span class='ocrx_word' id='word_1_584' title='bbox 1363 5079 1582 5161; x_wconf 42' lang='lat' dir='ltr'><strong>ut.93.</strong></span> <span class='ocrx_word' id='word_1_585' title='bbox 1615 5089 1915 5161; x_wconf 62' lang='lat' dir='ltr'><strong>extremam</strong></span> 
     </span>
    </p>
   </div>
   <div class='ocr_carea' id='block_1_85' title="bbox 393 5148 1916 5224">
    <p class='ocr_par' dir='ltr' id='par_1_85' title="bbox 393 5148 1916 5224">
     <span class='ocr_line' id='line_1_85' title="bbox 393 5148 1916 5224; baseline -0.004 -16"><span class='ocrx_word' id='word_1_586' title='bbox 393 5157 544 5224; x_wconf 88' lang='lat' dir='ltr'><strong>operi</strong></span> <span class='ocrx_word' id='word_1_587' title='bbox 591 5148 811 5210; x_wconf 69' lang='lat' dir='ltr'><strong>manuni</strong></span> <span class='ocrx_word' id='word_1_588' title='bbox 849 5156 1108 5224; x_wconf 88' lang='lat' dir='ltr'><strong>imponat,</strong></span> <span class='ocrx_word' id='word_1_589' title='bbox 1150 5153 1328 5224; x_wconf 76' lang='lat' dir='ltr'><strong>adhuc</strong></span> <span class='ocrx_word' id='word_1_590' title='bbox 1357 5148 1501 5224; x_wconf 66' lang='lat' dir='ltr'><strong>enim</strong></span> <span class='ocrx_word' id='word_1_591' title='bbox 1526 5148 1778 5220; x_wconf 54' lang='lat' dir='ltr'><strong>&#39;ejusdem</strong></span> <span class='ocrx_word' id='word_1_592' title='bbox 1815 5148 1916 5204; x_wconf 88' lang='lat' dir='ltr'><strong>Ca-</strong></span> 
     </span>
    </p>
   </div>
   <div class='ocr_carea' id='block_1_86' title="bbox 395 5221 1916 5298">
    <p class='ocr_par' dir='ltr' id='par_1_86' title="bbox 395 5221 1916 5298">
     <span class='ocr_line' id='line_1_86' title="bbox 395 5221 1916 5298; baseline -0.003 -20"><span class='ocrx_word' id='word_1_593' title='bbox 395 5221 536 5298; x_wconf 64' lang='lat' dir='ltr'><strong>daloi</strong></span> <span class='ocrx_word' id='word_1_594' title='bbox 569 5226 776 5280; x_wconf 89' lang='lat' dir='ltr'><strong>rabiem</strong></span> <span class='ocrx_word' id='word_1_595' title='bbox 808 5221 1167 5298; x_wconf 83' lang='lat' dir='ltr'><strong>perniciosius</strong></span> <span class='ocrx_word' id='word_1_596' title='bbox 1204 5223 1255 5277; x_wconf 92' lang='lat' dir='ltr'><strong>in</strong></span> <span class='ocrx_word' id='word_1_597' title='bbox 1296 5221 1662 5298; x_wconf 81' lang='lat' dir='ltr'><strong>Christianam</strong></span> <span class='ocrx_word' id='word_1_598' title='bbox 1701 5233 1916 5298; x_wconf 76' lang='lat' dir='ltr'><strong>rempu-</strong></span> 
     </span>
    </p>
   </div>
   <div class='ocr_carea' id='block_1_87' title="bbox 396 5291 1914 5376">
    <p class='ocr_par' dir='ltr' id='par_1_87' title="bbox 396 5291 1914 5376">
     <span class='ocr_line' id='line_1_87' title="bbox 396 5291 1914 5376; baseline -0.001 -30"><span class='ocrx_word' id='word_1_599' title='bbox 396 5295 592 5376; x_wconf 72' lang='lat' dir='ltr'><strong>blicam</strong></span> <span class='ocrx_word' id='word_1_600' title='bbox 635 5291 905 5376; x_wconf 67' lang='lat' dir='ltr'><strong>grassari;</strong></span> <span class='ocrx_word' id='word_1_601' title='bbox 949 5309 1107 5376; x_wconf 81' lang='lat' dir='ltr'><strong>posse</strong></span> <span class='ocrx_word' id='word_1_602' title='bbox 1151 5303 1329 5348; x_wconf 88' lang='lat' dir='ltr'><strong>tamen</strong></span> <span class='ocrx_word' id='word_1_603' title='bbox 1374 5291 1646 5376; x_wconf 70' lang='lat' dir='ltr'><strong>coerceri,</strong></span> <span class='ocrx_word' id='word_1_604' title='bbox 1679 5291 1724 5346; x_wconf 90' lang='lat' dir='ltr'><strong>si</strong></span> <span class='ocrx_word' id='word_1_605' title='bbox 1770 5291 1914 5376; x_wconf 82' lang='lat' dir='ltr'><strong>ejus-</strong></span> 
     </span>
    </p>
   </div>
   <div class='ocr_carea' id='block_1_88' title="bbox 397 5361 1914 5436">
    <p class='ocr_par' dir='ltr' id='par_1_88' title="bbox 397 5361 1914 5436">
     <span class='ocr_line' id='line_1_88' title="bbox 397 5361 1914 5436; baseline -0.002 -19"><span class='ocrx_word' id='word_1_606' title='bbox 397 5366 514 5420; x_wconf 86' lang='lat' dir='ltr'><strong>dem</strong></span> <span class='ocrx_word' id='word_1_607' title='bbox 563 5361 966 5436; x_wconf 78' lang='lat' dir='ltr'><strong>aréhiepiscopi</strong></span> <span class='ocrx_word' id='word_1_608' title='bbox 1001 5379 1165 5434; x_wconf 91' lang='lat' dir='ltr'><strong>opera</strong></span> <span class='ocrx_word' id='word_1_609' title='bbox 1204 5362 1472 5433; x_wconf 84' lang='lat' dir='ltr'><strong>generalis</strong></span> <span class='ocrx_word' id='word_1_610' title='bbox 1509 5361 1731 5417; x_wconf 83' lang='lat' dir='ltr'><strong>Patrqu</strong></span> <span class='ocrx_word' id='word_1_611' title='bbox 1778 5375 1914 5416; x_wconf 87' lang='lat' dir='ltr'><strong>con-</strong></span> 
     </span>
    </p>
   </div>
   <div class='ocr_carea' id='block_1_89' title="bbox 401 5445 927 5508">
    <p class='ocr_par' dir='ltr' id='par_1_89' title="bbox 401 5445 927 5508">
     <span class='ocr_line' id='line_1_89' title="bbox 401 5445 927 5508; baseline 0.002 -21"><span class='ocrx_word' id='word_1_612' title='bbox 401 5445 592 5490; x_wconf 86' lang='lat' dir='ltr'><strong>ventus</strong></span> <span class='ocrx_word' id='word_1_613' title='bbox 621 5445 927 5508; x_wconf 82' lang='lat' dir='ltr'><strong>cogeretur.</strong></span> 
     </span>
    </p>
   </div>
   <div class='ocr_carea' id='block_1_90' title="bbox 402 5544 1909 5614">
    <p class='ocr_par' dir='ltr' id='par_1_90' title="bbox 402 5544 1909 5614">
     <span class='ocr_line' id='line_1_90' title="bbox 402 5544 1909 5614; baseline -0.002 -12"><span class='ocrx_word' id='word_1_614' title='bbox 402 5547 607 5604; x_wconf 91' lang='lat' dir='ltr'><strong>Domno</strong></span> <span class='ocrx_word' id='word_1_615' title='bbox 685 5565 881 5604; x_wconf 74' lang='lat' dir='ltr'><strong>ANNO!“</strong></span> <span class='ocrx_word' id='word_1_616' title='bbox 964 5547 1412 5604; x_wconf 86' lang='lat' dir='ltr'><strong>reverendissimo</strong></span> <span class='ocrx_word' id='word_1_617' title='bbox 1477 5544 1909 5614; x_wconf 87' lang='lat' dir='ltr'><strong>archiepiscopo,</strong></span> 
     </span>
    </p>
   </div>
   <div class='ocr_carea' id='block_1_91' title="bbox 2029 3253 3612 3330">
    <p class='ocr_par' dir='ltr' id='par_1_91' title="bbox 2029 3253 3612 3330">
     <span class='ocr_line' id='line_1_91' title="bbox 2029 3253 3612 3330; baseline 0.008 -24"><span class='ocrx_word' id='word_1_618' title='bbox 2029 3254 2254 3308; x_wconf 68' lang='lat' dir='ltr'><strong>alterum</strong></span> <span class='ocrx_word' id='word_1_619' title='bbox 2299 3253 2532 3310; x_wconf 88' lang='lat' dir='ltr'><strong>invicem</strong></span> <span class='ocrx_word' id='word_1_620' title='bbox 2561 3256 2811 3312; x_wconf 87' lang='lat' dir='ltr'><strong>utilitatis</strong></span> <span class='ocrx_word' id='word_1_621' title='bbox 2843 3271 2928 3313; x_wconf 87' lang='lat' dir='ltr'><strong>est</strong></span> <span class='ocrx_word' id='word_1_622' title='bbox 2953 3258 3155 3330; x_wconf 88' lang='lat' dir='ltr'><strong>indiga,</strong></span> <span class='ocrx_word' id='word_1_623' title='bbox 3186 3259 3313 3314; x_wconf 90' lang='lat' dir='ltr'><strong>dum</strong></span> <span class='ocrx_word' id='word_1_624' title='bbox 3341 3271 3398 3316; x_wconf 88' lang='lat' dir='ltr'><strong>et</strong></span> <span class='ocrx_word' id='word_1_625' title='bbox 3423 3277 3612 3318; x_wconf 89' lang='lat' dir='ltr'><strong>sacer-</strong></span> 
     </span>
    </p>
   </div>
   <div class='ocr_carea' id='block_1_92' title="bbox 2031 3345 3611 3421">
    <p class='ocr_par' dir='ltr' id='par_1_92' title="bbox 2031 3345 3611 3421">
     <span class='ocr_line' id='line_1_92' title="bbox 2031 3345 3611 3421; baseline 0.006 -22"><span class='ocrx_word' id='word_1_626' title='bbox 2031 3345 2238 3400; x_wconf 82' lang='lat' dir='ltr'><strong>dotium</strong></span> <span class='ocrx_word' id='word_1_627' title='bbox 2287 3347 2438 3417; x_wconf 89' lang='lat' dir='ltr'><strong>regni</strong></span> <span class='ocrx_word' id='word_1_628' title='bbox 2476 3346 2702 3401; x_wconf 89' lang='lat' dir='ltr'><strong>tuitione</strong></span> <span class='ocrx_word' id='word_1_629' title='bbox 2729 3348 3051 3417; x_wconf 87' lang='lat' dir='ltr'><strong>protegitur,</strong></span> <span class='ocrx_word' id='word_1_630' title='bbox 3083 3358 3139 3404; x_wconf 92' lang='lat' dir='ltr'><strong>et</strong></span> <span class='ocrx_word' id='word_1_631' title='bbox 3171 3365 3396 3421; x_wconf 88' lang='lat' dir='ltr'><strong>regnum</strong></span> <span class='ocrx_word' id='word_1_632' title='bbox 3426 3366 3611 3408; x_wconf 90' lang='lat' dir='ltr'><strong>sacer-</strong></span> 
     </span>
    </p>
   </div>
   <div class='ocr_carea' id='block_1_93' title="bbox 2040 3439 3615 3515">
    <p class='ocr_par' dir='ltr' id='par_1_93' title="bbox 2040 3439 3615 3515">
     <span class='ocr_line' id='line_1_93' title="bbox 2040 3439 3615 3515; baseline 0.004 -21"><span class='ocrx_word' id='word_1_633' title='bbox 2040 3439 2234 3494; x_wconf 88' lang='lat' dir='ltr'><strong>dotalis</strong></span> <span class='ocrx_word' id='word_1_634' title='bbox 2267 3439 2428 3494; x_wconf 86' lang='lat' dir='ltr'><strong>oﬂicii</strong></span> <span class='ocrx_word' id='word_1_635' title='bbox 2459 3441 2746 3496; x_wconf 89' lang='lat' dir='ltr'><strong>sanctitate</strong></span> <span class='ocrx_word' id='word_1_636' title='bbox 2791 3439 3030 3496; x_wconf 90' lang='lat' dir='ltr'><strong>fulcitur.</strong></span> <span class='ocrx_word' id='word_1_637' title='bbox 3057 3439 3164 3496; x_wconf 91' lang='lat' dir='ltr'><strong>Sed</strong></span> <span class='ocrx_word' id='word_1_638' title='bbox 3196 3443 3325 3511; x_wconf 91' lang='lat' dir='ltr'><strong>quid</strong></span> <span class='ocrx_word' id='word_1_639' title='bbox 3355 3443 3488 3500; x_wconf 88' lang='lat' dir='ltr'><strong>mihi</strong></span> <span class='ocrx_word' id='word_1_640' title='bbox 3514 3459 3615 3515; x_wconf 89' lang='lat' dir='ltr'><strong>per</strong></span> 
     </span>
    </p>
   </div>
   <div class='ocr_carea' id='block_1_94' title="bbox 2030 3529 3616 3604">
    <p class='ocr_par' dir='ltr' id='par_1_94' title="bbox 2030 3529 3616 3604">
     <span class='ocr_line' id='line_1_94' title="bbox 2030 3529 3616 3604; baseline 0.004 -20"><span class='ocrx_word' id='word_1_641' title='bbox 2030 3543 2206 3584; x_wconf 74' lang='lat' dir='ltr'><strong>sacra:</strong></span> <span class='ocrx_word' id='word_1_642' title='bbox 2236 3529 2485 3584; x_wconf 89' lang='lat' dir='ltr'><strong>lectionis</strong></span> <span class='ocrx_word' id='word_1_643' title='bbox 2505 3529 2702 3583; x_wconf 90' lang='lat' dir='ltr'><strong>seriem</strong></span> <span class='ocrx_word' id='word_1_644' title='bbox 2725 3545 2969 3596; x_wconf 90' lang='lat' dir='ltr'><strong>currere,</strong></span> <span class='ocrx_word' id='word_1_645' title='bbox 3009 3531 3112 3586; x_wconf 90' lang='lat' dir='ltr'><strong>nisi</strong></span> <span class='ocrx_word' id='word_1_646' title='bbox 3142 3533 3268 3604; x_wconf 89' lang='lat' dir='ltr'><strong>quia</strong></span> <span class='ocrx_word' id='word_1_647' title='bbox 3299 3533 3354 3589; x_wconf 90' lang='lat' dir='ltr'><strong>in</strong></span> <span class='ocrx_word' id='word_1_648' title='bbox 3379 3543 3433 3590; x_wconf 90' lang='lat' dir='ltr'><strong>te</strong></span> <span class='ocrx_word' id='word_1_649' title='bbox 3458 3534 3616 3590; x_wconf 88' lang='lat' dir='ltr'><strong>vich</strong></span> 
     </span>
    </p>
   </div>
   <div class='ocr_carea' id='block_1_95' title="bbox 2025 3619 3615 3696">
    <p class='ocr_par' dir='ltr' id='par_1_95' title="bbox 2025 3619 3615 3696">
     <span class='ocr_line' id='line_1_95' title="bbox 2025 3619 3615 3696; baseline 0.004 -21"><span class='ocrx_word' id='word_1_650' title='bbox 2025 3619 2268 3689; x_wconf 88' lang='lat' dir='ltr'><strong>ejusdem</strong></span> <span class='ocrx_word' id='word_1_651' title='bbox 2304 3622 2487 3692; x_wconf 91' lang='lat' dir='ltr'><strong>operis</strong></span> <span class='ocrx_word' id='word_1_652' title='bbox 2533 3622 2940 3678; x_wconf 88' lang='lat' dir='ltr'><strong>similitudinem</strong></span> <span class='ocrx_word' id='word_1_653' title='bbox 2986 3632 3173 3680; x_wconf 88' lang='lat' dir='ltr'><strong>nostro</strong></span> <span class='ocrx_word' id='word_1_654' title='bbox 3213 3633 3456 3696; x_wconf 91' lang='lat' dir='ltr'><strong>tempore</strong></span> <span class='ocrx_word' id='word_1_655' title='bbox 3481 3641 3615 3682; x_wconf 91' lang='lat' dir='ltr'><strong>con-</strong></span> 
     </span>
    </p>
   </div>
   <div class='ocr_carea' id='block_1_96' title="bbox 2025 3710 3612 3779">
    <p class='ocr_par' dir='ltr' id='par_1_96' title="bbox 2025 3710 3612 3779">
     <span class='ocr_line' id='line_1_96' title="bbox 2025 3710 3612 3779; baseline 0.004 -15"><span class='ocrx_word' id='word_1_656' title='bbox 2025 3710 2242 3766; x_wconf 88' lang='lat' dir='ltr'><strong>venire?</strong></span> <span class='ocrx_word' id='word_1_657' title='bbox 2285 3710 2552 3777; x_wconf 88' lang='lat' dir='ltr'><strong>Servasti,</strong></span> <span class='ocrx_word' id='word_1_658' title='bbox 2597 3711 2928 3768; x_wconf 87' lang='lat' dir='ltr'><strong>venerabilis</strong></span> <span class='ocrx_word' id='word_1_659' title='bbox 2971 3712 3162 3779; x_wconf 89' lang='lat' dir='ltr'><strong>Pater,</strong></span> <span class='ocrx_word' id='word_1_660' title='bbox 3203 3713 3449 3769; x_wconf 91' lang='lat' dir='ltr'><strong>relictum</strong></span> <span class='ocrx_word' id='word_1_661' title='bbox 3502 3716 3612 3771; x_wconf 88' lang='lat' dir='ltr'><strong>tuis</strong></span> 
     </span>
    </p>
   </div>
   <div class='ocr_carea' id='block_1_97' title="bbox 2024 3803 3609 3878">
    <p class='ocr_par' dir='ltr' id='par_1_97' title="bbox 2024 3803 3609 3878">
     <span class='ocr_line' id='line_1_97' title="bbox 2024 3803 3609 3878; baseline 0.002 -20"><span class='ocrx_word' id='word_1_662' title='bbox 2024 3803 2274 3859; x_wconf 87' lang='lat' dir='ltr'><strong>manibus</strong></span> <span class='ocrx_word' id='word_1_663' title='bbox 2323 3818 2574 3875; x_wconf 89' lang='lat' dir='ltr'><strong>puerum,</strong></span> <span class='ocrx_word' id='word_1_664' title='bbox 2625 3804 2858 3859; x_wconf 86' lang='lat' dir='ltr'><strong>ﬁrmasti</strong></span> <span class='ocrx_word' id='word_1_665' title='bbox 2902 3819 3152 3876; x_wconf 88' lang='lat' dir='ltr'><strong>regnum,</strong></span> <span class='ocrx_word' id='word_1_666' title='bbox 3190 3806 3478 3861; x_wconf 91' lang='lat' dir='ltr'><strong>restituisti</strong></span> <span class='ocrx_word' id='word_1_667' title='bbox 3504 3823 3609 3878; x_wconf 81' lang='lat' dir='ltr'><strong>pu-</strong></span> 
     </span>
    </p>
   </div>
   <div class='ocr_carea' id='block_1_98' title="bbox 2022 3895 3608 3969">
    <p class='ocr_par' dir='ltr' id='par_1_98' title="bbox 2022 3895 3608 3969">
     <span class='ocr_line' id='line_1_98' title="bbox 2022 3895 3608 3969; baseline 0.004 -20"><span class='ocrx_word' id='word_1_668' title='bbox 2022 3895 2152 3965; x_wconf 89' lang='lat' dir='ltr'><strong>pillo</strong></span> <span class='ocrx_word' id='word_1_669' title='bbox 2166 3896 2382 3966; x_wconf 80' lang='lat' dir='ltr'><strong>paterni</strong></span> <span class='ocrx_word' id='word_1_670' title='bbox 2405 3895 2545 3966; x_wconf 91' lang='lat' dir='ltr'><strong>juris</strong></span> <span class='ocrx_word' id='word_1_671' title='bbox 2568 3897 2878 3966; x_wconf 90' lang='lat' dir='ltr'><strong>imperium,</strong></span> <span class='ocrx_word' id='word_1_672' title='bbox 2909 3899 2976 3952; x_wconf 90' lang='lat' dir='ltr'><strong>ad</strong></span> <span class='ocrx_word' id='word_1_673' title='bbox 3002 3898 3366 3953; x_wconf 86' lang='lat' dir='ltr'><strong>sacerdotium</strong></span> <span class='ocrx_word' id='word_1_674' title='bbox 3391 3913 3608 3969; x_wconf 91' lang='lat' dir='ltr'><strong>quoque</strong></span> 
     </span>
    </p>
   </div>
   <div class='ocr_carea' id='block_1_99' title="bbox 2024 3985 3608 4058">
    <p class='ocr_par' dir='ltr' id='par_1_99' title="bbox 2024 3985 3608 4058">
     <span class='ocr_line' id='line_1_99' title="bbox 2024 3985 3608 4058; baseline 0.004 -20"><span class='ocrx_word' id='word_1_675' title='bbox 2024 3999 2245 4039; x_wconf 90' lang='lat' dir='ltr'><strong>manum</strong></span> <span class='ocrx_word' id='word_1_676' title='bbox 2275 3993 2380 4039; x_wconf 76' lang='lat' dir='ltr'><strong>tuae</strong></span> <span class='ocrx_word' id='word_1_677' title='bbox 2401 3985 2701 4055; x_wconf 83' lang='lat' dir='ltr'><strong>prudentiae</strong></span> <span class='ocrx_word' id='word_1_678' title='bbox 2727 3985 2840 4058; x_wconf 81' lang='grc'><strong>(85)</strong></span> <span class='ocrx_word' id='word_1_679' title='bbox 2869 3987 3118 4056; x_wconf 89' lang='lat' dir='ltr'><strong>protinus</strong></span> <span class='ocrx_word' id='word_1_680' title='bbox 3143 3988 3457 4054; x_wconf 84' lang='lat' dir='ltr'><strong>extendisti,</strong></span> <span class='ocrx_word' id='word_1_681' title='bbox 3481 3988 3608 4044; x_wconf 90' lang='lat' dir='ltr'><strong>dum</strong></span> 
     </span>
    </p>
   </div>
   <div class='ocr_carea' id='block_1_100' title="bbox 2022 4074 3598 4148">
    <p class='ocr_par' dir='ltr' id='par_1_100' title="bbox 2022 4074 3598 4148">
     <span class='ocr_line' id='line_1_100' title="bbox 2022 4074 3598 4148; baseline 0.002 -18"><span class='ocrx_word' id='word_1_682' title='bbox 2022 4083 2080 4130; x_wconf 92' lang='lat' dir='ltr'><strong>ct</strong></span> <span class='ocrx_word' id='word_1_683' title='bbox 2118 4074 2428 4130; x_wconf 90' lang='lat' dir='ltr'><strong>Parmensis</strong></span> <span class='ocrx_word' id='word_1_684' title='bbox 2477 4076 2663 4132; x_wconf 63' lang='lat' dir='ltr'><strong>bestiae</strong></span> <span class='ocrx_word' id='word_1_685' title='bbox 2690 4090 2951 4146; x_wconf 89' lang='lat' dir='ltr'><strong>squamea</strong></span> <span class='ocrx_word' id='word_1_686' title='bbox 2979 4076 3116 4131; x_wconf 90' lang='lat' dir='ltr'><strong>colla</strong></span> <span class='ocrx_word' id='word_1_687' title='bbox 3143 4076 3440 4148; x_wconf 89' lang='lat' dir='ltr'><strong>evangelici</strong></span> <span class='ocrx_word' id='word_1_688' title='bbox 3471 4093 3598 4133; x_wconf 87' lang='lat' dir='ltr'><strong>mu-</strong></span> 
     </span>
    </p>
   </div>
   <div class='ocr_carea' id='block_1_101' title="bbox 2023 4166 3610 4238">
    <p class='ocr_par' dir='ltr' id='par_1_101' title="bbox 2023 4166 3610 4238">
     <span class='ocr_line' id='line_1_101' title="bbox 2023 4166 3610 4238; baseline 0.002 -16"><span class='ocrx_word' id='word_1_689' title='bbox 2023 4167 2209 4222; x_wconf 91' lang='lat' dir='ltr'><strong>cronis</strong></span> <span class='ocrx_word' id='word_1_690' title='bbox 2243 4166 2430 4238; x_wconf 90' lang='lat' dir='ltr'><strong>vigore</strong></span> <span class='ocrx_word' id='word_1_691' title='bbox 2459 4167 2771 4237; x_wconf 53' lang='lat' dir='ltr'><strong>praecidere,</strong></span> <span class='ocrx_word' id='word_1_692' title='bbox 2811 4177 2868 4222; x_wconf 89' lang='lat' dir='ltr'><strong>et</strong></span> <span class='ocrx_word' id='word_1_693' title='bbox 2891 4167 3200 4238; x_wconf 68' lang='lat' dir='ltr'><strong>apostolica:</strong></span> <span class='ocrx_word' id='word_1_694' title='bbox 3224 4169 3369 4224; x_wconf 84' lang='lat' dir='ltr'><strong>sedis</strong></span> <span class='ocrx_word' id='word_1_695' title='bbox 3395 4169 3610 4225; x_wconf 87' lang='lat' dir='ltr'><strong>antisti-</strong></span> 
     </span>
    </p>
   </div>
   <div class='ocr_carea' id='block_1_102' title="bbox 2023 4254 3606 4332">
    <p class='ocr_par' dir='ltr' id='par_1_102' title="bbox 2023 4254 3606 4332">
     <span class='ocr_line' id='line_1_102' title="bbox 2023 4254 3606 4332; baseline 0.003 -22"><span class='ocrx_word' id='word_1_696' title='bbox 2023 4263 2134 4310; x_wconf 86' lang='lat' dir='ltr'><strong>tem</strong></span> <span class='ocrx_word' id='word_1_697' title='bbox 2157 4255 2209 4310; x_wconf 92' lang='lat' dir='ltr'><strong>in</strong></span> <span class='ocrx_word' id='word_1_698' title='bbox 2239 4270 2352 4311; x_wconf 73' lang='lat' dir='ltr'><strong>sua:</strong></span> <span class='ocrx_word' id='word_1_699' title='bbox 2373 4254 2653 4327; x_wconf 90' lang='lat' dir='ltr'><strong>dignitatis</strong></span> <span class='ocrx_word' id='word_1_700' title='bbox 2671 4255 2960 4311; x_wconf 90' lang='lat' dir='ltr'><strong>elaborasti</strong></span> <span class='ocrx_word' id='word_1_701' title='bbox 2992 4255 3160 4310; x_wconf 91' lang='lat' dir='ltr'><strong>ﬁlium</strong></span> <span class='ocrx_word' id='word_1_702' title='bbox 3186 4254 3249 4328; x_wconf 75' lang='grc' dir='ltr'><strong>[Ῑ.</strong></span> <span class='ocrx_word' id='word_1_703' title='bbox 3274 4255 3499 4332; x_wconf 71' lang='grc' dir='ltr'><strong>ωιίιιω]</strong></span> <span class='ocrx_word' id='word_1_704' title='bbox 3519 4273 3606 4315; x_wconf 88' lang='lat' dir='ltr'><strong>re-</strong></span> 
     </span>
    </p>
   </div>
   <div class='ocr_carea' id='block_1_103' title="bbox 2021 4343 3608 4416">
    <p class='ocr_par' dir='ltr' id='par_1_103' title="bbox 2021 4343 3608 4416">
     <span class='ocr_line' id='line_1_103' title="bbox 2021 4343 3608 4416; baseline 0.005 -19"><span class='ocrx_word' id='word_1_705' title='bbox 2021 4343 2302 4410; x_wconf 84' lang='lat' dir='ltr'><strong>formare;</strong></span> <span class='ocrx_word' id='word_1_706' title='bbox 2353 4346 2448 4400; x_wconf 89' lang='lat' dir='ltr'><strong>sed</strong></span> <span class='ocrx_word' id='word_1_707' title='bbox 2485 4353 2667 4416; x_wconf 74' lang='lat' dir='ltr'><strong>empto</strong></span> <span class='ocrx_word' id='word_1_708' title='bbox 2722 4345 2876 4416; x_wconf 90' lang='lat' dir='ltr'><strong>operi</strong></span> <span class='ocrx_word' id='word_1_709' title='bbox 2925 4345 3035 4402; x_wconf 87' lang='lat' dir='ltr'><strong>nisi</strong></span> <span class='ocrx_word' id='word_1_710' title='bbox 3085 4355 3360 4416; x_wconf 87' lang='lat' dir='ltr'><strong>postrema</strong></span> <span class='ocrx_word' id='word_1_711' title='bbox 3411 4362 3608 4405; x_wconf 87' lang='lat' dir='ltr'><strong>manus</strong></span> 
     </span>
    </p>
   </div>
   <div class='ocr_carea' id='block_1_104' title="bbox 2023 4437 3604 4510">
    <p class='ocr_par' dir='ltr' id='par_1_104' title="bbox 2023 4437 3604 4510">
     <span class='ocr_line' id='line_1_104' title="bbox 2023 4437 3604 4510; baseline 0.003 -18"><span class='ocrx_word' id='word_1_712' title='bbox 2023 4437 2268 4503; x_wconf 87' lang='lat' dir='ltr'><strong>accedat,</strong></span> <span class='ocrx_word' id='word_1_713' title='bbox 2301 4437 2404 4493; x_wconf 90' lang='lat' dir='ltr'><strong>nisi</strong></span> <span class='ocrx_word' id='word_1_714' title='bbox 2443 4438 2805 4494; x_wconf 91' lang='lat' dir='ltr'><strong>adhibeantur</strong></span> <span class='ocrx_word' id='word_1_715' title='bbox 2836 4440 3016 4494; x_wconf 89' lang='lat' dir='ltr'><strong>adhuc</strong></span> <span class='ocrx_word' id='word_1_716' title='bbox 3059 4438 3174 4505; x_wconf 91' lang='lat' dir='ltr'><strong>illa,</strong></span> <span class='ocrx_word' id='word_1_717' title='bbox 3208 4455 3330 4510; x_wconf 60' lang='lat' dir='ltr'><strong>quae</strong></span> <span class='ocrx_word' id='word_1_718' title='bbox 3363 4451 3604 4508; x_wconf 89' lang='lat' dir='ltr'><strong>restant;</strong></span> 
     </span>
    </p>
   </div>
   <div class='ocr_carea' id='block_1_105' title="bbox 1945 4518 3604 4598">
    <p class='ocr_par' dir='ltr' id='par_1_105' title="bbox 1945 4518 3604 4598">
     <span class='ocr_line' id='line_1_105' title="bbox 1945 4518 3604 4598; baseline 0.004 -20"><span class='ocrx_word' id='word_1_719' title='bbox 1945 4518 1994 4578; x_wconf 84' lang='grc' dir='ltr'><strong>ι)</strong></span> <span class='ocrx_word' id='word_1_720' title='bbox 2020 4538 2268 4583; x_wconf 77' lang='lat' dir='ltr'><strong>sanctum</strong></span> <span class='ocrx_word' id='word_1_721' title='bbox 2290 4528 2456 4584; x_wconf 88' lang='lat' dir='ltr'><strong>vestri</strong></span> <span class='ocrx_word' id='word_1_722' title='bbox 2485 4528 2668 4598; x_wconf 90' lang='lat' dir='ltr'><strong>operis</strong></span> <span class='ocrx_word' id='word_1_723' title='bbox 2689 4528 2975 4584; x_wconf 66' lang='lat' dir='ltr'><strong>aedilicium</strong></span> <span class='ocrx_word' id='word_1_724' title='bbox 3003 4529 3243 4583; x_wconf 89' lang='lat' dir='ltr'><strong>minatur</strong></span> <span class='ocrx_word' id='word_1_725' title='bbox 3291 4539 3604 4585; x_wconf 88' lang='lat' dir='ltr'><strong>utcorruat.</strong></span> 
     </span>
    </p>
   </div>
   <div class='ocr_carea' id='block_1_106' title="bbox 2018 4618 3606 4688">
    <p class='ocr_par' dir='ltr' id='par_1_106' title="bbox 2018 4618 3606 4688">
     <span class='ocr_line' id='line_1_106' title="bbox 2018 4618 3606 4688; baseline -0.003 -9"><span class='ocrx_word' id='word_1_726' title='bbox 2018 4623 2288 4679; x_wconf 86' lang='lat' dir='ltr'><strong>Cadalous</strong></span> <span class='ocrx_word' id='word_1_727' title='bbox 2337 4623 2481 4678; x_wconf 89' lang='lat' dir='ltr'><strong>enim</strong></span> <span class='ocrx_word' id='word_1_728' title='bbox 2551 4620 2642 4676; x_wconf 91' lang='lat' dir='ltr'><strong>ille</strong></span> <span class='ocrx_word' id='word_1_729' title='bbox 2686 4627 2892 4676; x_wconf 66' lang='lat' dir='ltr'><strong>sanctae</strong></span> <span class='ocrx_word' id='word_1_730' title='bbox 2928 4618 3280 4688; x_wconf 89' lang='lat' dir='ltr'><strong>perturbator</strong></span> <span class='ocrx_word' id='word_1_731' title='bbox 3321 4619 3606 4686; x_wconf 61' lang='lat' dir='ltr'><strong>Ecclesiae,</strong></span> 
     </span>
    </p>
   </div>
   <div class='ocr_carea' id='block_1_107' title="bbox 2019 4710 3609 4800">
    <p class='ocr_par' dir='ltr' id='par_1_107' title="bbox 2019 4710 3609 4800">
     <span class='ocr_line' id='line_1_107' title="bbox 2019 4710 3609 4800; baseline -0.004 -27"><span class='ocrx_word' id='word_1_732' title='bbox 2019 4729 2241 4773; x_wconf 89' lang='lat' dir='ltr'><strong>eversor</strong></span> <span class='ocrx_word' id='word_1_733' title='bbox 2291 4713 2600 4786; x_wconf 74' lang='lat' dir='ltr'><strong>apostolica:</strong></span> <span class='ocrx_word' id='word_1_734' title='bbox 2642 4711 2962 4800; x_wconf 68' lang='lat' dir='ltr'><strong>disciplinae,</strong></span> <span class='ocrx_word' id='word_1_735' title='bbox 2994 4711 3246 4766; x_wconf 88' lang='lat' dir='ltr'><strong>inimicus</strong></span> <span class='ocrx_word' id='word_1_736' title='bbox 3285 4710 3478 4767; x_wconf 85' lang='lat' dir='ltr'><strong>salutis</strong></span> <span class='ocrx_word' id='word_1_737' title='bbox 3507 4713 3609 4766; x_wconf 91' lang='lat' dir='ltr'><strong>bu-</strong></span> 
     </span>
    </p>
   </div>
   <div class='ocr_carea' id='block_1_108' title="bbox 2021 4799 3600 4874">
    <p class='ocr_par' dir='ltr' id='par_1_108' title="bbox 2021 4799 3600 4874">
     <span class='ocr_line' id='line_1_108' title="bbox 2021 4799 3600 4874; baseline -0.004 -12"><span class='ocrx_word' id='word_1_738' title='bbox 2021 4819 2214 4870; x_wconf 71' lang='lat' dir='ltr'><strong>manze,</strong></span> <span class='ocrx_word' id='word_1_739' title='bbox 2259 4802 2370 4869; x_wconf 89' lang='lat' dir='ltr'><strong>ille,</strong></span> <span class='ocrx_word' id='word_1_740' title='bbox 2421 4802 2660 4874; x_wconf 88' lang='lat' dir='ltr'><strong>inquam,</strong></span> <span class='ocrx_word' id='word_1_741' title='bbox 2709 4799 2864 4856; x_wconf 85' lang='lat' dir='ltr'><strong>radix</strong></span> <span class='ocrx_word' id='word_1_742' title='bbox 2897 4803 3129 4871; x_wconf 85' lang='lat' dir='ltr'><strong>peccati,</strong></span> <span class='ocrx_word' id='word_1_743' title='bbox 3165 4814 3348 4871; x_wconf 82' lang='lat' dir='ltr'><strong>praeco</strong></span> <span class='ocrx_word' id='word_1_744' title='bbox 3378 4799 3600 4867; x_wconf 91' lang='lat' dir='ltr'><strong>diaboli,</strong></span> 
     </span>
    </p>
   </div>
   <div class='ocr_carea' id='block_1_109' title="bbox 2022 4891 3668 4965">
    <p class='ocr_par' dir='ltr' id='par_1_109' title="bbox 2022 4891 3668 4965">
     <span class='ocr_line' id='line_1_109' title="bbox 2022 4891 3668 4965; baseline -0.002 -13"><span class='ocrx_word' id='word_1_745' title='bbox 2022 4894 2302 4965; x_wconf 87' lang='lat' dir='ltr'><strong>apostolus</strong></span> <span class='ocrx_word' id='word_1_746' title='bbox 2337 4893 2691 4960; x_wconf 84' lang='lat' dir='ltr'><strong>Antichristi,</strong></span> <span class='ocrx_word' id='word_1_747' title='bbox 2725 4893 2922 4963; x_wconf 82' lang='lat' dir='ltr'><strong>sagitta</strong></span> <span class='ocrx_word' id='word_1_748' title='bbox 2953 4892 3212 4948; x_wconf 89' lang='lat' dir='ltr'><strong>nimirum</strong></span> <span class='ocrx_word' id='word_1_749' title='bbox 3244 4893 3504 4962; x_wconf 88' lang='lat' dir='ltr'><strong>producta</strong></span> <span class='ocrx_word' id='word_1_750' title='bbox 3537 4892 3604 4948; x_wconf 91' lang='lat' dir='ltr'><strong>de</strong></span> <span class='ocrx_word' id='word_1_751' title='bbox 3655 4891 3668 4900; x_wconf 84' lang='grc'><strong>”</strong></span> 
     </span>
    </p>
   </div>
   <div class='ocr_carea' id='block_1_110' title="bbox 2023 4979 3605 5058">
    <p class='ocr_par' dir='ltr' id='par_1_110' title="bbox 2023 4979 3605 5058">
     <span class='ocr_line' id='line_1_110' title="bbox 2023 4979 3605 5058; baseline -0.002 -18"><span class='ocrx_word' id='word_1_752' title='bbox 2023 4987 2282 5058; x_wconf 89' lang='lat' dir='ltr'><strong>pharetra</strong></span> <span class='ocrx_word' id='word_1_753' title='bbox 2331 4983 2546 5039; x_wconf 76' lang='lat' dir='ltr'><strong>Satana:</strong></span> <span class='ocrx_word' id='word_1_754' title='bbox 2569 5023 2584 5050; x_wconf 94' lang='lat'><strong>,</strong></span> <span class='ocrx_word' id='word_1_755' title='bbox 2630 4982 2778 5054; x_wconf 88' lang='lat' dir='ltr'><strong>virga</strong></span> <span class='ocrx_word' id='word_1_756' title='bbox 2829 4983 3032 5047; x_wconf 83' lang='lat' dir='ltr'><strong>Assur,</strong></span> <span class='ocrx_word' id='word_1_757' title='bbox 3063 4979 3204 5036; x_wconf 91' lang='lat' dir='ltr'><strong>ﬁlius</strong></span> <span class='ocrx_word' id='word_1_758' title='bbox 3232 4980 3423 5046; x_wconf 85' lang='lat' dir='ltr'><strong>Belial,</strong></span> <span class='ocrx_word' id='word_1_759' title='bbox 3463 4981 3605 5037; x_wconf 82' lang='lat' dir='ltr'><strong>ﬁlius</strong></span> 
     </span>
    </p>
   </div>
   <div class='ocr_carea' id='block_1_111' title="bbox 2022 5074 3608 5150">
    <p class='ocr_par' dir='ltr' id='par_1_111' title="bbox 2022 5074 3608 5150">
     <span class='ocr_line' id='line_1_111' title="bbox 2022 5074 3608 5150; baseline -0.002 -18"><span class='ocrx_word' id='word_1_760' title='bbox 2022 5077 2365 5150; x_wconf 87' lang='lat' dir='ltr'><strong>perditionis,</strong></span> <span class='ocrx_word' id='word_1_761' title='bbox 2396 5077 2489 5146; x_wconf 85' lang='lat' dir='ltr'><strong>qui</strong></span> <span class='ocrx_word' id='word_1_762' title='bbox 2522 5077 2838 5131; x_wconf 88' lang='lat' dir='ltr'><strong>adversatur</strong></span> <span class='ocrx_word' id='word_1_763' title='bbox 2860 5085 2922 5138; x_wconf 27' lang='lat' dir='ltr'><strong>et,</strong></span> <span class='ocrx_word' id='word_1_764' title='bbox 2957 5074 3234 5128; x_wconf 88' lang='lat' dir='ltr'><strong>extollitur</strong></span> <span class='ocrx_word' id='word_1_765' title='bbox 3261 5089 3422 5143; x_wconf 89' lang='lat' dir='ltr'><strong>supra</strong></span> <span class='ocrx_word' id='word_1_766' title='bbox 3445 5089 3608 5130; x_wconf 88' lang='lat' dir='ltr'><strong>omne</strong></span> 
     </span>
    </p>
   </div>
   <div class='ocr_carea' id='block_1_112' title="bbox 2022 5164 3606 5243">
    <p class='ocr_par' dir='ltr' id='par_1_112' title="bbox 2022 5164 3606 5243">
     <span class='ocr_line' id='line_1_112' title="bbox 2022 5164 3606 5243; baseline -0.004 -17"><span class='ocrx_word' id='word_1_767' title='bbox 2022 5173 2165 5243; x_wconf 89' lang='lat' dir='ltr'><strong>quod</strong></span> <span class='ocrx_word' id='word_1_768' title='bbox 2214 5171 2416 5226; x_wconf 88' lang='lat' dir='ltr'><strong>dicitur</strong></span> <span class='ocrx_word' id='word_1_769' title='bbox 2444 5168 2601 5227; x_wconf 90' lang='lat' dir='ltr'><strong>Deus.</strong></span> <span class='ocrx_word' id='word_1_770' title='bbox 2635 5176 2725 5222; x_wconf 88' lang='lat' dir='ltr'><strong>aut</strong></span> <span class='ocrx_word' id='word_1_771' title='bbox 2756 5168 2902 5235; x_wconf 91' lang='lat' dir='ltr'><strong>quod</strong></span> <span class='ocrx_word' id='word_1_772' title='bbox 2963 5165 3159 5220; x_wconf 90' lang='lat' dir='ltr'><strong>colitur</strong></span> <span class='ocrx_word' id='word_1_773' title='bbox 3198 5164 3281 5236; x_wconf 90' lang='grc'><strong>(11</strong></span> <span class='ocrx_word' id='word_1_774' title='bbox 3311 5164 3493 5221; x_wconf 73' lang='lat' dir='ltr'><strong>Thess.</strong></span> <span class='ocrx_word' id='word_1_775' title='bbox 3520 5166 3606 5236; x_wconf 83' lang='grc' dir='ltr'><strong>ιι),</strong></span> 
     </span>
    </p>
   </div>
   <div class='ocr_carea' id='block_1_113' title="bbox 2021 5255 3608 5322">
    <p class='ocr_par' dir='ltr' id='par_1_113' title="bbox 2021 5255 3608 5322">
     <span class='ocr_line' id='line_1_113' title="bbox 2021 5255 3608 5322; baseline -0.005 -1"><span class='ocrx_word' id='word_1_776' title='bbox 2021 5267 2168 5322; x_wconf 90' lang='lat' dir='ltr'><strong>velut</strong></span> <span class='ocrx_word' id='word_1_777' title='bbox 2209 5267 2383 5319; x_wconf 91' lang='lat' dir='ltr'><strong>Draco</strong></span> <span class='ocrx_word' id='word_1_778' title='bbox 2413 5262 2726 5318; x_wconf 79' lang='lat' dir='ltr'><strong>teterrimos</strong></span> <span class='ocrx_word' id='word_1_779' title='bbox 2754 5260 2930 5314; x_wconf 90' lang='lat' dir='ltr'><strong>adhuc</strong></span> <span class='ocrx_word' id='word_1_780' title='bbox 2955 5255 3155 5321; x_wconf 83' lang='lat' dir='ltr'><strong>sutllat,</strong></span> <span class='ocrx_word' id='word_1_781' title='bbox 3188 5258 3365 5312; x_wconf 88' lang='lat' dir='ltr'><strong>adhuc</strong></span> <span class='ocrx_word' id='word_1_782' title='bbox 3415 5257 3608 5314; x_wconf 64' lang='lat' dir='ltr'><strong>faetore</strong></span> 
     </span>
    </p>
   </div>
   <div class='ocr_carea' id='block_1_114' title="bbox 2023 5349 3610 5427">
    <p class='ocr_par' dir='ltr' id='par_1_114' title="bbox 2023 5349 3610 5427">
     <span class='ocr_line' id='line_1_114' title="bbox 2023 5349 3610 5427; baseline -0.004 -14"><span class='ocrx_word' id='word_1_783' title='bbox 2023 5349 2577 5427; x_wconf 58' lang='lat' dir='ltr'><strong>venenatae-pecuniae</strong></span> <span class='ocrx_word' id='word_1_784' title='bbox 2620 5366 2783 5407; x_wconf 85' lang='lat' dir='ltr'><strong>nares</strong></span> <span class='ocrx_word' id='word_1_785' title='bbox 2815 5352 3091 5406; x_wconf 88' lang='lat' dir='ltr'><strong>hominum</strong></span> <span class='ocrx_word' id='word_1_786' title='bbox 3120 5351 3314 5416; x_wconf 71' lang='lat' dir='ltr'><strong>fmdat,</strong></span> <span class='ocrx_word' id='word_1_787' title='bbox 3341 5351 3610 5422; x_wconf 80' lang='lat' dir='ltr'><strong>(idemque</strong></span> 
     </span>
    </p>
   </div>
   <div class='ocr_carea' id='block_1_115' title="bbox 2025 5443 3612 5516">
    <p class='ocr_par' dir='ltr' id='par_1_115' title="bbox 2025 5443 3612 5516">
     <span class='ocr_line' id='line_1_115' title="bbox 2025 5443 3612 5516; baseline -0.005 -10"><span class='ocrx_word' id='word_1_788' title='bbox 2025 5461 2320 5507; x_wconf 76' lang='lat' dir='ltr'><strong>multorum</strong></span> <span class='ocrx_word' id='word_1_789' title='bbox 2351 5455 2511 5502; x_wconf 87' lang='lat' dir='ltr'><strong>vento</strong></span> <span class='ocrx_word' id='word_1_790' title='bbox 2532 5443 2644 5516; x_wconf 66' lang='lat'><strong>94</strong></span> <span class='ocrx_word' id='word_1_791' title='bbox 2666 5443 2906 5515; x_wconf 68' lang='lat' dir='ltr'><strong>perﬁdiae</strong></span> <span class='ocrx_word' id='word_1_792' title='bbox 2935 5443 3278 5499; x_wconf 89' lang='lat' dir='ltr'><strong>vacillantcm</strong></span> <span class='ocrx_word' id='word_1_793' title='bbox 3307 5459 3476 5500; x_wconf 86' lang='lat' dir='ltr'><strong>novus</strong></span> <span class='ocrx_word' id='word_1_794' title='bbox 3499 5444 3612 5498; x_wconf 77' lang='lat' dir='ltr'><strong>lue-</strong></span> 
     </span>
    </p>
   </div>
   <div class='ocr_carea' id='block_1_116' title="bbox 2022 5534 3604 5610">
    <p class='ocr_par' dir='ltr' id='par_1_116' title="bbox 2022 5534 3604 5610">
     <span class='ocr_line' id='line_1_116' title="bbox 2022 5534 3604 5610; baseline -0.006 -12"><span class='ocrx_word' id='word_1_795' title='bbox 2022 5540 2298 5600; x_wconf 87' lang='lat' dir='ltr'><strong>resiarcba</strong></span> <span class='ocrx_word' id='word_1_796' title='bbox 2331 5537 2630 5610; x_wconf 87' lang='lat' dir='ltr'><strong>perturbat.</strong></span> <span class='ocrx_word' id='word_1_797' title='bbox 2675 5535 2830 5593; x_wconf 83' lang='lat' dir='ltr'><strong>Sicut</strong></span> <span class='ocrx_word' id='word_1_798' title='bbox 2869 5536 3013 5591; x_wconf 86' lang='lat' dir='ltr'><strong>enim</strong></span> <span class='ocrx_word' id='word_1_799' title='bbox 3061 5534 3249 5592; x_wconf 80' lang='lat' dir='ltr'><strong>Jovem</strong></span> <span class='ocrx_word' id='word_1_800' title='bbox 3307 5535 3360 5591; x_wconf 94' lang='lat' dir='ltr'><strong>in</strong></span> <span class='ocrx_word' id='word_1_801' title='bbox 3421 5535 3604 5590; x_wconf 66' lang='lat' dir='ltr'><strong>Diante</strong></span> 
     </span>
    </p>
   </div>
   <div class='ocr_carea' id='block_1_117' title="bbox 403 5706 2170 5785">
    <p class='ocr_par' dir='ltr' id='par_1_117' title="bbox 403 5706 2170 5785">
     <span class='ocr_line' id='line_1_117' title="bbox 403 5706 2170 5785; baseline -0.007 -15"><span class='ocrx_word' id='word_1_802' title='bbox 403 5710 515 5785; x_wconf 81' lang='lat'><strong>(85)</strong></span> <span class='ocrx_word' id='word_1_803' title='bbox 555 5711 856 5768; x_wconf 79' lang='lat' dir='ltr'><strong>Cadaloum</strong></span> <span class='ocrx_word' id='word_1_804' title='bbox 889 5711 1168 5783; x_wconf 87' lang='lat' dir='ltr'><strong>tntelligit,</strong></span> <span class='ocrx_word' id='word_1_805' title='bbox 1199 5709 1289 5780; x_wconf 86' lang='lat' dir='ltr'><strong>qui</strong></span> <span class='ocrx_word' id='word_1_806' title='bbox 1315 5708 1599 5765; x_wconf 85' lang='lat' dir='ltr'><strong>Parmensi</strong></span> <span class='ocrx_word' id='word_1_807' title='bbox 1627 5706 1886 5765; x_wconf 71' lang='lat' dir='ltr'><strong>Ecetesiac</strong></span> <span class='ocrx_word' id='word_1_808' title='bbox 1915 5713 2170 5778; x_wconf 78' lang='lat' dir='ltr'><strong>prteerat.</strong></span> 
     </span>
    </p>
   </div>
  </div>
