4078 6202
262 319 348 381 297

1444 322 1671 383 LIBER
1711 321 2085 394 QUARTUS,
2127 317 2362 381 EPIST.
2404 317 2479 379 ΙΙ.

3605 309 3714 375 298

1457 685 1821 772 LIBER
1900 681 2482 785 QUARTUS

1687 873 1788 931 AD
1825 868 2246 931 EPISCOPOS.

611 1245 838 1304 97-98
877 1250 1244 1311 EPISTULA
1276 1252 1532 1312 PRIMA.

681 1343 760 1388 AD
783 1343 1096 1390 ALBERTUM
1122 1344 1459 1390 EPISCOPUM.

247 1419 763 1492 ABGUMENTUM._—_-
791 1417 984 1488 Hunc,
1017 1419 1088 1476 ad
1134 1436 1304 1492 quem
1348 1421 1566 1490 scribit,
1598 1421 1924 1488 Albertum,

313 1490 622 1565 episcopum
663 1489 847 1565 fuisse
891 1489 1251 1565 et_Damiani
1298 1493 1483 1565 ipsius
1533 1489 1664 1550 ante
1712 1493 1928 1565 episco-

310 1561 493 1643 patum
534 1561 1121 1643 dis_cipulum_,__facile
1166 1561 1692 1643 mihi‘persuadeo.
1725 1561 1930 1643 Magna

311 1634 456 1714 enim
505 1634 841 1714 auctoritate
887 1635 1055 1714 illum
1112 1651 1227 1714 non
1270 1634 1454 1714 modo
1499 1639 1790 1709 admonet,
1822 1634 1930 1700 sed

309 1707 468 1777 etiam
516 1707 794 1777 praecipit,
844 1713 910 1762 ut
952 1707 1016 1764 in
1061 1707 1560 1768 administratione
1598 1707 1929 1771 animarum

310 1775 406 1856 sibi
441 1775 785 1856 commissa,
839 1777 991 1856 nihil
1043 1794 1235 1849 avare,
1290 1781 1441 1856 nihil
1497 1782 1703 1855 cupide
1760 1792 1926 1856 agat;

309 1847 396 1927 sed
437 1847 513 1903 ita
570 1863 630 1903 se
658 1847 1009 1926 innocenter
1044 1847 1239 1978 gerere
1291 1853 1536 1922 studeat,
1572 1847 1641 1911 ut
1689 1867 1764 1911 ex
1796 1847 1930 1928 Ejus

309 1922 415 1975 v1ta
439 1924 493 1974 et
526 1918 784 1976 moribus
821 1933 934 1976 non
980 1919 1037 1976 in
1068 1921 1241 1978 amia.
1269 1923 1368 1978 sed
1410 1925 1591 1978 gloria
1628 1925 1694 1978 ad
1740 1927 1927 1978 insum

309 1919 493 1999 vitaet
526 1918 784 1976 moribus
808 1933 934 1999 non
980 1918 1241 1999 infamia,
1269 1923 1368 1999 sed
1410 1918 1591 1996 gloria
1628 1925 1695 1982 ad
1739 1918 1928 1999 ipsum

307 1993 634 2061 magistrum
663 1993 1091 2049 sanctissimum
1127 1993 1424 2052 redundet.

308 2078 518 2136 Damno
586 2081 862 2139 ALBBHTO
928 2081 1306 2155 episcopo.....
1386 2085 1615 2158 PETRUS
1675 2096 1933 2161 peccator

241 2169 606 2228 monachus...
621 2215 656 2227 ..

306 2257 501 2318 Precor
540 2260 960 2333 experientiam
1009 2271 1187 2332 tuam,
1217 2265 1566 2323 venerabilis
1615 2265 1786 2325 frater
1827 2267 1930 2326 A1-

241 2347 403 2417 berte,
460 2355 515 2406 et
567 2351 791 2422 paterni
849 2351 1064 2424 vigoris
1119 2355 1457 2412 auctoritate
1522 2357 1814 2430 praecipio,
1868 2364 1932 2415 ut

240 2451 346 2493 non
386 2436 524 2494 adeo
567 2437 740 2496 rebus
791 2440 1206 2511 temporalibus
1244 2443 1317 2499 sit
1359 2443 1578 2501 intenta
1618 2445 1934 2516 quominus

239 2523 471 2582 suﬁiciat
508 2525 569 2582 in
615 2526 967 2599 animarum,
1006 2543 1140 2602 quae
1184 2530 1350 2588 nobis
1398 2533 1721 2590 commissa:
1775 2541 1930 2604 sunt,

239 2613 470 2686 vigilare
514 2617 794 2676 custodia.
828 2617 1022 2687 Nobis,
1066 2618 1330 2692 inquam,
1361 2623 1576 2680 animae
1613 2631 1749 2681 sunt
1787 2640 1937 2682 com-

237 2703 442 2772 missae,
473 2719 604 2777 quae
640 2705 787 2763 sicut
814 2721 846 2763 a
876 2706 992 2765 Deo
1024 2707 1191 2780 mihi,
1222 2711 1303 2767 sic
1332 2725 1367 2766 a
1395 2725 1488 2768 me
1523 2713 1938 2770 commendata:

234 2799 362 2851 sunt
401 2791 544 2864 tibi;
580 2794 698 2850 Deo
745 2799 933 2853 tamen
979 2797 1088 2855 soli
1127 2798 1404 2856 rationem
1451 2814 1654 2858 sumus
1697 2809 1940 2872 uterque

233 2882 426 2954 procul
462 2881 642 2941 dubio
679 2883 978 2942 reddituri.
1026 2886 1263 2945 Studeat
1303 2903 1438 2961 ergo
1484 2889 1810 2947 fraternitas
1843 2898 1939 2949 tua

229 2979 283 3029 et
311 2971 638 3045 religiosam
679 2973 889 3032 ducere
931 2976 1133 3044 vitam,
1161 2982 1215 3032 et
1252 2976 1551 3036 honestam
1592 2979 1802 3036 habere
1851 2980 1935 3036 fa-

230 3076 399 3119 mam.
454 3061 648 3118 Vitam
687 3077 789 3135 pro
827 3070 900 3135 te,
941 3065 1151 3122 famam
1189 3081 1294 3138 pro
1325 3073 1380 3124 te
1422 3073 1477 3124 et
1510 3084 1645 3137 me;
1675 3069 1791 3127 imo
1819 3085 1939 3127 non

229 3156 340 3209 tam
391 3166 496 3224 pro
546 3151 713 3210 nobis
759 3169 937 3226 quam
987 3171 1091 3228 pro
1142 3157 1231 3213 his
1275 3157 1448 3214 etiam
1503 3158 1606 3232 qui
1647 3159 1938 3217 commissi

225 3246 363 3298 sunt
405 3240 594 3298 nobis.
645 3243 787 3300 Nam
832 3243 880 3300 si
929 3253 1137 3302 nomen
1181 3252 1367 3315 tuum,
1403 3247 1557 3319 quod
1591 3247 1756 3316 absit,
1791 3248 1943 3304 foeda

226 3328 444 3389 laboret
486 3331 749 3401 infamia,
779 3337 835 3388 et
879 3333 936 3388 in
983 3349 1179 3391 meum
1225 3335 1487 3408 protinus
1527 3335 1810 3393 redundat
1837 3351 1939 3409 op-

223 3419 551 3492 probrium,
582 3425 636 3476 et
665 3418 778 3489 his,
808 3435 953 3493 quos
983 3421 1052 3478 ad
1081 3421 1320 3480 virtutes
1356 3423 1672 3480 informare
1710 3423 1940 3481 studui-

225 3524 378 3577 mus,
407 3508 574 3566 velut
611 3523 816 3566 cancer
852 3509 1172 3581 perniciose
1203 3511 1452 3584 pullulat
1489 3512 1547 3570 in
1583 3511 1940 3585 exemplum.

225 3595 392 3656 Unde
442 3597 647 3657 Petrus
685 3605 990 3672 postquam
1036 3599 1318 3673 praemisit
1355 3599 1594 3659 dicens:
1635 3624 1662 3654 α
1691 3602 1942 3658 Conver-

221 3689 514 3745 sationem
566 3694 814 3746 vestram
866 3687 1019 3746 inter
1060 3695 1264 3762 gentes
1300 3689 1574 3748 habentes
1609 3690 1843 3758 bonam,
1882 3696 1948 3748 ut

226 3774 286 3832 in
324 3790 414 3842 eo,
451 3775 610 3850 quod
638 3777 955 3835 detrectant
982 3778 1052 3836 de
1101 3779 1264 3837 vobis
1305 3786 1578 3854 tanquam
1619 3779 1690 3837 de
1716 3778 1948 3837 malefa-

229 3866 514 3934 ctorihus,
545 3881 621 3924 ex
652 3865 820 3924 bonis
854 3867 1125 3939 operibus
1155 3883 1256 3927 vos
1292 3869 1740 3940 considerantes,
1768 3867 1946 3940 glori-

228 3963 406 4020 licent
450 3961 640 4018 Deum
676 3959 739 4016 in
784 3958 877 4015 die
911 3958 1257 4052 visitationis
1290 3963 1340 4018 (1
1370 3963 1513 4052 Petr.
1560 3962 1644 4027 III)
1669 3979 1691 4052 ;_
1719 3957 2010 4052 »_pauloc
2037 3957 2652 4052 ᾗδῖξῶςέώίῇη
2684 3957 3009 4048 'Simgheﬁ,

229 4061 356 4128 post
405 4053 679 4112 addidit:
735 4077 758 4101 α
795 4053 941 4110 Cum
980 4051 1278 4119 modestia,
1326 4057 1380 4107 et
1430 4051 1632 4107 timore
1677 4049 1954 4106 habentes

229 4143 655 4202 conscientiam
706 4142 938 4211 bonam,
969 4146 1034 4198 ut
1075 4139 1138 4196 in
1187 4154 1253 4196 eo
1303 4137 1452 4213 quod
1508 4137 1819 4195 detrahunt
1860 4151 1956 4194 vo-

229 4232 340 4302 bis,
373 4231 819 4291 confundantur
855 4230 956 4304 qui
995 4228 1428 4288 calumniantur
1464 4235 1708 4287 vestram
1741 4227 1950 4285 bonam

228 4317 289 4374 in
340 4319 580 4376 Christo
637 4318 1128 4376 conversationem
1185 4320 1231 4387 (1
1281 4319 1426 4372 Petr.
1489 4319 1596 4383 Ill).
1654 4340 1680 4364 η
1739 4313 1954 4372 Paulus

228 4408 406 4465 etiam
445 4408 518 4464 ad
571 4407 940 4466 Timotheum
979 4432 991 4465 :
1033 4432 1051 4456 ι
1088 4408 1338 4480 Oportet,
1380 4407 1593 4482 inquit,
1623 4407 1954 4481 episcopum

229 4498 643 4556 testimonium
677 4498 891 4556 habere
921 4498 1137 4556 bonum
1173 4497 1246 4555 ab
1275 4497 1364 4554 his
1401 4497 1501 4571 qui
1543 4497 1680 4555 foris
1707 4503 1862 4565 sunt,
1895 4501 1958 4553 ut

224 4601 346 4643 non
420 4587 486 4644 in
559 4586 936 4662 opprobrium
990 4586 1208 4648 incidat
1281 4593 1336 4644 et
1411 4585 1688 4660 laqueum
1746 4585 1958 4643 diaboli

222 4678 271 4746 (Ι
298 4679 450 4734 Tim.
492 4684 593 4742 III).
641 4697 669 4728 »

297 4766 461 4824 Illud
514 4772 817 4840 praeterea,
871 4765 1047 4825 frater
1102 4764 1462 4833 charissime,
1516 4761 1756 4821 sollicite
1804 4778 1957 4836 prae-

217 4868 392 4925 cave,
429 4855 743 4929 diligenter
783 4855 1030 4925 attende,
1065 4870 1138 4912 ne
1170 4869 1303 4912 cum
1342 4853 1612 4922 decimas,
1655 4852 1744 4910 vel
1788 4867 1955 4925 quee-

219 4941 369 5000 libet
415 4943 608 5002 oblata
649 4944 913 5002 fidelium
958 4960 1058 5017 per
1104 4942 1388 5000 Ecclesias
1423 4942 1656 5013 dividis,
1702 4942 1773 4999 de
1815 4957 1952 4998 con-

220 5032 606 5092 sacerdotum
664 5049 921 5092 meorum
969 5046 1286 5106 prmsumas
1328 5030 1550 5104 aliquid
1589 5029 1811 5089 ratione
1853 5029 1955 5087 mi-

1935 1241 1987 1298 A
2011 1235 2102 1294 lus
2138 1236 2238 1304 ait,
2280 1234 2462 1291 habeo
2499 1233 2716 1302 omnia,
2761 1241 2816 1290 et
2851 1232 3086 1290 abundo
3133 1235 3365 1306 (Philip.
3404 1241 3488 1304 IV)
3516 1255 3531 1304 ;
3561 1260 3587 1283 »
3619 1252 3722 1293 nec

2009 1324 2142 1381 volo
2183 1324 2388 1380 fratres
2428 1337 2584 1379 meos
2621 1322 2684 1378 in
2721 1321 2813 1378 his
2863 1321 3057 1390 rebus,
3099 1337 3231 1393 quae
3272 1322 3439 1381 nobis
3480 1323 3542 1381 in
3573 1339 3724 1381 com-

2010 1430 2218 1472 munes
2247 1429 2388 1471 usus
2418 1429 2452 1470 a
2479 1413 2596 1470 Deo
2630 1427 2914 1470 concessae
2942 1417 3097 1481 sunt,
3127 1427 3227 1484 per
3264 1414 3599 1484 potentiam,
3630 1415 3725 1472 vel

2011 1503 2283 1560 astutiam
2341 1502 2730 1574 supplantare,
2786 1515 2931 1573 quos
2981 1498 3044 1555 in
3101 1499 3313 1556 Christi
3360 1501 3726 1576 simplicitate

2014 1600 2070 1648 et
2137 1592 2493 1649 humanitate
2564 1589 2903 1662 praecedere,
2964 1594 3020 1646 et
3085 1587 3148 1645 in
3225 1604 3479 1661 quorum
3540 1592 3727 1650 oculis

2013 1680 2192 1739 debeo
2225 1680 2372 1737 mihi
2411 1679 2616 1752 stigma
2659 1677 3007 1751 paupertatis
3038 1677 3250 1736 Christi
3280 1679 3576 1738 evidenter
3609 1681 3722 1738 im-

2012 1765 2279 1839 primere,
2331 1765 2498 1835 absit,
2534 1772 2597 1823 ut
2644 1779 2846 1822 eorum
2891 1763 3222 1837 pauperiem
3263 1765 3321 1822 in
3366 1781 3493 1823 mea
3539 1767 3724 1839 patiar

2013 1853 2171 1912 lucra
2201 1854 2463 1924 transire,
2501 1860 2790 1926 quatenus
2831 1867 2967 1910 cum
3002 1853 3205 1910 eodem
3240 1853 3513 1926 Apostolo
3541 1854 3723 1912 libera

2016 1945 2202 2002 fronte
2244 1959 2439 2002 coram
2480 1944 2563 2001 eis
2609 1942 2833 2001 valeam
2873 1941 3172 2000 humiliter
3201 1943 3435 2015 gloriari
3469 1964 3482 2002 :
3521 1967 3543 1996 α
3580 1945 3724 2019 Ego,

2013 2035 2224 2109 inquit,
2263 2036 2462 2107 didici,
2502 2035 2566 2092 in
2612 2035 2829 2107 quibus
2879 2048 3034 2103 sum,
3081 2032 3374 2093 suliiciens
3417 2050 3562 2105 esse,
3609 2036 3728 2093 scio

2014 2130 2070 2181 et
2115 2123 2435 2192 humiliari,
2480 2122 2596 2180 scio
2626 2127 2681 2179 et
2707 2121 3022 2190 abundare,
3066 2120 3302 2194 ubique,
3335 2128 3391 2180 et
3440 2122 3501 2180 in
3542 2123 3730 2181 omni-

2013 2213 2124 2270 bus
2172 2212 2474 2270 institutus
2525 2226 2675 2278 sum,
2724 2216 2781 2266 et
2821 2209 3035 2276 satiari,
3081 2217 3135 2266 et
3184 2210 3424 2280 esurire,
3456 2218 3511 2267 et
3539 2211 3726 2269 abun-

2015 2300 2172 2370 dare,
2227 2307 2283 2356 et
2335 2298 2644 2372 penuriam
2697 2299 2831 2371 pati.
2882 2298 3088 2356 Omnia
3137 2306 3374 2371 possunt
3419 2299 3482 2355 in
3522 2315 3589 2358 eo
3622 2299 3726 2372 qui

2018 2406 2108 2447 me
2133 2389 2415 2447 confortat
2440 2388 2642 2458 (Ibid.).
2679 2409 2700 2438 ι

2088 2477 2232 2536 Volo
2273 2482 2568 2548 praeterea,
2600 2481 2663 2534 ut
2709 2474 2770 2531 in
2806 2473 3023 2532 eisdem
3067 2473 3410 2532 ditecesanis
3449 2473 3725 2544 ecclesiis,

1959 2570 2078 2656 Bin
2128 2567 2342 2640 quibus
2389 2564 2565 2622 oblati
2613 2570 2748 2622 sunt
2787 2579 2896 2656 per
2941 2562 3586 2656 celebriorausolemnia
3625 2580 3730 2636 pa-

2019 2674 2144 2728 nes,
2199 2664 2252 2715 et
2301 2655 2348 2713 si
2400 2671 2518 2728 qua
2557 2659 2694 2712 sunt
2745 2651 2879 2721 alia,
2927 2667 3063 2724 quas
3105 2652 3177 2709 ad
3218 2652 3414 2711 cibum
3460 2655 3731 2712 videntur

2020 2747 2330 2821 pertinere,
2394 2746 2485 2805 vel
2554 2752 2774 2818 potum,
2835 2743 3184 2817 pauperibus
3255 2751 3583 2815 erogentur,
3660 2762 3732 2804 ne

2023 2836 2163 2892 dum
2229 2834 2361 2890 aliis
2428 2832 2776 2906 pauperibus
2832 2830 3126 2888 offerenda
3182 2831 3570 2903 congerimus,
3630 2833 3730 2890 de-

2025 2923 2321 2981 tractionis
2367 2922 2665 2978 materiam
2709 2918 2918 2992 populo
2962 2918 3377 2992 relinquentes,
3419 2927 3514 2984 99
3561 2921 3740 2980 infar-

2022 3015 2141 3072 cire
2185 3013 2428 3070 sacculis
2472 3027 2570 3084 per
2607 3011 2910 3068 avaritiam
2947 3009 3298 3082 judicemur.
3344 3012 3413 3069 Et
3455 3016 3605 3069 certe
3645 3013 3734 3070 di-

2022 3119 2206 3178 gnum
2235 3109 2318 3161 est
2350 3110 2413 3160 ut
2443 3116 2720 3174 pauperes
2749 3099 2961 3157 Christi
2997 3099 3360 3172 refrigerium
3390 3103 3640 3159 sentiant
3665 3102 3735 3160 de

2025 3194 2170 3268 stipe
2199 3192 2564 3266 potissimum
2596 3189 2760 3247 illius
2789 3189 3044 3247 ecclesias
3068 3204 3244 3262 quam
3272 3190 3661 3264 frequentant.

2098 3285 2247 3340 Cave
2303 3281 2496 3347 etiam,
2558 3294 2632 3335 ne
2687 3293 2847 3336 more
2905 3277 3315 3348 quorumdam,
3374 3294 3488 3336 non
3547 3279 3735 3338 dicam

2027 3378 2342 3444 pastorum,
2395 3365 2492 3424 sed
2535 3365 2852 3432 fabrorum,
2906 3366 3183 3437 cuiquam
3224 3367 3583 3424 sacerdotum
3627 3371 3739 3427 sub

2027 3460 2290 3533 pecunia:
2323 3455 2559 3514 titulum
2603 3455 2916 3528 cujuslibet
2957 3461 3147 3511 reatus
3177 3469 3452 3526 opponas,
3486 3471 3741 3531 eumque

2029 3551 2101 3607 ab
2141 3547 2642 3605 administratione
2671 3544 3051 3618 suspendens,
3088 3545 3454 3616 postmodum
3487 3562 3589 3619 per
3626 3555 3741 3604 ter-

2028 3638 2152 3698 reni
2183 3637 2331 3695 lucri
2375 3635 2745 3694 commodum
2783 3636 2844 3691 in
2890 3634 2983 3692 sui
3029 3637 3240 3708 gradus
3277 3637 3410 3710 jura
3454 3639 3739 3698 restituas.

2029 3727 2187 3787 Giezi
2227 3742 2434 3798 nempe
2479 3731 2730 3782 meretur
2758 3723 2972 3794 lepram
3009 3733 3112 3796 (IV
3145 3733 3276 3797 Reg.
3309 3732 3392 3797 v),
3429 3729 3528 3800 qui
3576 3740 3741 3782 suam

2030 3822 2214 3874 mutat
2287 3829 2388 3886 pro
2468 3812 2728 3884 pecuniae
2800 3811 3108 3884 cupiditate
3186 3813 3552 3869 sententiam.
3631 3812 3745 3881 Qui

2033 3905 2403 3964 commodum
2465 3903 2611 3960 tollit
2673 3910 2728 3959 et
2804 3901 3196 3959 ministerium
3252 3901 3458 3973 reddit,
3521 3918 3595 3958 ex
3648 3917 3748 3958 ore

3053 3990 3341 4062 spiculum
3396 4006 3512 4047 non
3557 3989 3753 4049 evadit

2038 4089 2190 4156 (Act.
2220 4088 2370 4152 VIII).
2402 4081 2746 4141 Simoniacaa
2774 4081 2950 4154 lepra:
2977 4080 3407 4153 compellitur...
3443 4081 3566 4153 (86).

2664 4171 3031 4230 EPISTULA
3063 4172 3136 4230 ΙΙ.

2626 4256 2703 4302 AD
2733 4257 2784 4301 Β.
2828 4256 3166 4302 EPISCOPUM.

2040 4337 2484 4414 ARGUMENTQM.
2528 4365 2596 4374 —
2635 4333 2858 4392 Gratias
2889 4333 3006 4404 agit
3053 4333 3125 4414 B._
3161 4333 3564 4414 episcopo__pro
3609 4332 3755 4414 elee-

2113 4406 2369 4480 mosynis
2398 4406 2456 4463 in
2493 4421 2552 4462 se
2587 4420 2884 4480 suumque
2908 4403 3325 4480 monasterium
3352 4403 3591 4460 collatis.
3632 4403 3752 4480 Ad-

2111 4475 2306 4535 monet
2339 4485 2548 4545 tamen,
2593 4483 2654 4534 ut
2697 4475 3104 4532 misericordiae
3151 4482 3205 4531 et
3249 4475 3308 4530 in
3340 4489 3618 4547 pauperes
3651 4475 3750 4531 be-

2111 4549 2436 4624 neficentia}
2483 4555 2716 4624 caeteras
2760 4561 2989 4619 quoque
3031 4547 3273 4624 virtutes
3314 4545 3611 4624 adjungat,
3643 4560 3751 4624 unc,

2112 4620 2265 4691 quod
2316 4620 2484 4686 absit,
2535 4617 2917 4691 eleemos’ynze
2967 4620 3242 4691 meritum
3291 4631 3395 4688 per
3437 4617 3754 4673 obnoxiam

2113 4689 2514 4762 culpisvitam
2551 4689 2934 4762 oblitteretur.
2979 4689 3064 4744 Ad
3086 4695 3427 4762 extremum
3476 4694 3653 4759 rogat,
3691 4695 3755 4743 ut

2112 4759 2256 4819 duos
2284 4760 2518 4818 clericos
2547 4762 2618 4818 ad
2647 4761 2981 4818 diaconatus
3003 4759 3265 4817 ordinem
3293 4765 3641 4831 promoveat.

2113 4847 2337 4906 Domno
2369 4848 2434 4906 B.
2473 4849 2757 4923 episc0po,
2799 4847 3028 4906 Parnus
3057 4847 3286 4905 ﬁdelem
3324 4845 3643 4904 orationem
3688 4845 3749 4902 in

2041 4938 2287 4997 Christo.

2113 5028 2513 5098 Dilectissime,
2573 5026 2714 5086 dum
2760 5029 2965 5088 collata
3016 5031 3162 5089 mihi
3218 5039 3331 5090 tute
3389 5030 3752 5090 liberalitatis

214 5135 426 5180 liuere
466 5125 624 5182 unde
660 5123 926 5182 videlicet
969 5122 1028 5179 id
1076 5121 1227 5197 quod
1279 5120 1425 5179 mihi
1457 5121 1745 5194 competit,
1789 5118 1957 5195 quasi
2041 5117 2317 5177 beneﬁcia
2348 5118 2555 5190 recolo,
2591 5118 2650 5176 in
2683 5135 2938 5178 amorem
2978 5129 3147 5180 tuum
3199 5129 3401 5196 totum,
3439 5125 3638 5194 fateor,
3677 5122 3750 5180 ad

221 5209 498 5270 fideliter
551 5213 880 5280 consulens,
931 5212 1116 5285 possis
1165 5226 1394 5285 augere.
1458 5209 1626 5269 Absit
1678 5208 1834 5268 enim
1897 5216 1960 5268 ut
2043 5205 2406 5282 rependenda
2440 5206 2793 5278 quotidiana:
2832 5209 3109 5266 orationis
3138 5209 3289 5268 dona
3317 5225 3570 5268 recurro.
3607 5209 3751 5279 Qum
3834 5209 3839 5214 ’

215 5300 394 5369 quod
447 5301 621 5360 alieni
645 5301 798 5373 juris
827 5305 913 5358 est
959 5301 1019 5357 in
1065 5315 1193 5358 mea
1241 5301 1402 5359 lucra
1431 5298 1689 5374 proﬁciat
1723 5305 1779 5356 et
1806 5297 2308 5398 quodeidelicet
2361 5295 2560 5398 oratio,
2623 5297 2746 5395 etsi,
2804 5305 2866 5396 ut
2922 5298 3194 5372 cuiquam
3254 5301 3452 5372 prosit,
3508 5300 3756 5373 peccatis

216 5399 297 5443 ex
366 5387 748 5448 offerentium
807 5389 1011 5446 merito
1065 5403 1297 5448 sacrum
1347 5396 1448 5456 est,
1497 5387 1561 5446 in
1601 5385 2190 5448 sacerdotum"meis
2234 5386 2596 5445 obstantibus
2645 5385 2974 5460 impeditur,
3030 5396 3124 5447 tua
3171 5396 3358 5449 tamen
3411 5392 3640 5451 devotio
3689 5397 3754 5449 ut

215 5476 524 5536 manibus
553 5479 921 5553 sacrilegium
959 5479 1074 5537 ﬁat.
1110 5501 1131 5532 ι
1166 5479 1286 5552 Ego
1313 5478 1493 5548 enim,
1521 5479 1671 5536 sicut
1715 5478 1955 5552 Aposto-
2044 5477 2146 5536 tibi
2182 5475 2445 5548 prodesse
2482 5472 2667 5532 valeat
2699 5481 3074 5546 promeretur.
3122 5477 3270 5537 Cave
3311 5493 3464 5552 ergo,
3496 5476 3751 5537 dilectis-

291 5603 424 5667 (86)
466 5603 601 5657 Finis
631 5603 794 5670 hujus
828 5605 1069 5672 epistola:
1100 5605 1435 5660 desideratur
1456 5605 1512 5657 in
1533 5616 1661 5658 mss.

534 5713 788 5776 Pnaon.
819 5711 1068 5776 CXLIV.
3401 5713 3468 5775 10
