4078 6202
282 332 388 392 299

801 326 859 385 S.
901 324 1126 384 PETRI
1165 320 1487 383 DAMIANI
1524 318 1683 379 OPP.
1724 314 1918 377 PARS
1959 312 2099 380 SEU
2145 311 2396 373 TOMUS
2435 312 2481 370 Ι.
2521 341 2590 354 --
2632 309 2866 370 EPIST.
2907 308 3050 367 LIB.
3095 308 3247 366 VIII.

3665 304 3771 363 300

287 457 454 526 sime,
488 470 562 512 ne
604 454 844 525 bonum,
878 451 1031 526 quod
1070 450 1575 522 eleemosynarum
1614 446 1717 505 tibi
1756 444 2055 519 largitasA
2071 443 2428 517 conspiceres
2479 456 2653 515 quam
2707 437 3030 526 propinqua
3079 442 3163 526 est
3214 449 3386 526 mors,
3437 450 3571 509 qum
3624 450 3782 495 nunc

287 546 550 604 conferre
588 549 822 616 poterat,
870 541 1145 599 vitiorum
1191 537 1486 595 incentiva
1526 544 1888 607 consumant,
1933 541 1988 595 et

285 634 596 692 aediﬁcium
631 632 783 705 quod
814 626 1223 689 misericordia:
1264 642 1444 684 manu
1469 626 1842 697 construitur,
1871 625 1986 682 im-

281 726 445 794 pacto
499 717 763 777 libidinis
820 717 998 775 ariete
1051 717 1396 773 destruatur.
1456 712 1551 773 Sic
1605 713 1782 785 igitur
1835 713 1986 772 bona

283 810 425 866 ﬁant
473 815 539 867 ut
576 807 658 865 eis
704 823 762 863 se
801 804 953 863 mala
988 820 1107 863 non
1155 804 1450 862 misceant.
1484 801 1574 861 Ad
1624 803 1731 860 hoc
1774 801 1986 859 dantur

282 898 433 956 bona
494 896 848 970 temporalia,
912 901 1199 967 quatenus
1258 909 1359 966 per
1428 894 1551 950 haec
1612 891 1988 964 acquirantur

280 995 515 1055 aeterna,
562 1001 656 1056 ne,
711 983 865 1057 quod
915 982 1084 1052 absit,
1118 982 1180 1039 in
1233 989 1439 1039 statera
1484 980 1727 1038 districti
1766 979 1985 1038 Judicis

276 1078 416 1135 dum
470 1076 707 1143 [malum
739 1084 794 1133 et
844 1074 1103 1140 avaritia]
1137 1072 1552 1146 praeponderat,
1590 1071 1818 1145 pondus
1848 1071 1985 1130 boni

266 1152 463 1239 operis
489 1167 799 1223 inanescat.
848 1163 997 1233 Quid
1042 1163 1199 1220 enim
1244 1163 1471 1236 prodest
1505 1162 1623 1220 Deo
1655 1161 1985 1235 temporalia

272 1255 424 1314 bona
474 1255 756 1323 conferre,
805 1255 1062 1312 animam
1113 1259 1305 1310 autem
1350 1251 1841 1324 pretiosissimam,
1896 1250 1984 1307 vi-

273 1344 480 1402 delicet
504 1344 816 1417 pecuniam
840 1340 1171 1414 denegare?
1198 1339 1414 1399 Cuncta
1442 1340 1727 1399 nimirum
1755 1339 1984 1398 condita

277 1431 643 1505 omnipotens
695 1430 853 1489 Deus
909 1430 1112 1488 usibus
1160 1429 1470 1487 hominum
1526 1428 1777 1499 tradidit,
1833 1427 1984 1486 solas

276 1528 473 1580 autem
518 1521 747 1579 animas
790 1535 896 1577 suo
945 1518 1079 1577 usui
1123 1518 1457 1578 reservavit.
1511 1517 1606 1577 Sic
1648 1532 1806 1591 ergo,
1845 1516 1986 1575 dile-

277 1611 531 1669 ctissime
568 1616 750 1684 pater,
782 1614 973 1680 satage
1003 1613 1097 1665 tua
1136 1606 1470 1681 impendere
1511 1612 1576 1664 ut
1619 1605 1985 1678 temetipsum

278 1714 509 1774 quoque
549 1698 779 1756 studeas
807 1696 1103 1754 exhibere.
1152 1695 1285 1754 Tibi
1317 1695 1476 1753 enim
1506 1695 1841 1769 episc0palis
1868 1694 1988 1753 oﬁi-

2070 531 2175 589 tibi
2223 538 2348 604 post
2395 538 2617 603 tergum
2647 528 2709 585 in
2749 526 2978 585 insidiis
3015 523 3216 593 latitat,
3247 524 3466 597 absque
3508 539 3666 582 mora
3698 540 3782 582 re.

2069 620 2361 694 linqueres
2407 616 2690 691 quidquid
2736 616 2840 673 tibi
2888 615 3146 673 mundus
3195 613 3452 671 arridet:
3494 612 3781 687 quidquid

2076 709 2176 767 tibi
2216 707 2511 782 deceptrix
2557 708 2683 764 haec
2724 707 2837 765 vita
2882 704 3186 764 demulcet.
3226 703 3336 762 Sed
3385 702 3781 777 imprudenter

2069 816 2196 873 ago,
2225 800 2275 857 si
2305 798 2614 857 doctiorem
2662 813 2755 855 me
2797 796 2997 854 docere
3034 810 3342 869 praesumo.
3394 793 3591 852 Unum
3628 794 3782 863 dico,

2066 898 2224 964 pater
2286 889 2385 961 mi,
2446 905 2552 947 nec
2606 887 2888 956 irascaris,
2948 886 2997 944 si
3054 885 3311 943 converti
3368 883 3640 954 volueris,
3685 899 3778 941 me

2067 997 2322 1047 servum,
2341 996 2433 1037 me
2462 979 2672 1050 ﬁlium,
2694 993 2786 1036 me
2812 976 3163 1035 vilissimum
3187 974 3492 1044 famulum,
3513 974 3776 1049 quandiu

2071 1069 2304 1141 vixeris,
2336 1067 2446 1127 sub
2480 1067 2724 1141 pedibus
2752 1066 2866 1124 tuis
2894 1081 3117 1139 semper
3151 1063 3391 1134 habeto;
3434 1063 3523 1120 sin
3554 1070 3776 1134 autem,

2067 1173 2436 1233 nequaquam
2472 1163 2656 1214 tecum
2689 1154 2936 1214 ulterius
2970 1152 3257 1227 colligam,
3289 1167 3384 1223 ne,
3424 1152 3577 1225 quod
3602 1152 3779 1223 absit,

2065 1264 2099 1306 a
2135 1248 2253 1306 Deo
2294 1262 2420 1306 meo
2460 1245 2807 1305 dissentiens
2850 1258 3147 1317 spargam;
3182 1252 3287 1300 nec
3329 1254 3591 1316 unquam
3645 1241 3777 1299 voto

2063 1336 2242 1395 alicui
2292 1337 2355 1393 in
2400 1350 2598 1394 amore
2630 1349 2753 1392 esse
2799 1332 3139 1406 conjunctus
3168 1331 3270 1405 qui
3305 1346 3339 1388 a
3372 1330 3570 1388 divina
3601 1328 3779 1387 fuerit

2065 1426 2333 1486 societate
2366 1421 2611 1483 divisus.

2602 1526 2740 1583 101
2768 1526 3136 1588 EPISTOLA
3164 1524 3232 1583 V.

2610 1631 2688 1678 AD
2717 1631 2825 1678 G...
2859 1628 3197 1677 EPISCOPUM.

2066 1711 2510 1770 ARGUMENTUM.
2550 1741 2618 1753 —
2661 1710 3003 1769 Terribilem
3039 1710 3211 1767 illum
3249 1715 3305 1767 et
3342 1706 3774 1766 formidandum

270 1788 345 1847 cii
397 1788 676 1861 dignitate
724 1786 996 1845 collatum
1043 1790 1148 1856 est,
1205 1792 1267 1843 ut
1318 1800 1423 1843 nos
1472 1783 2050 1864 junioresisanctzeB
2139 1782 2481 1864 mortalibus
2505 1783 2679 1864 diem,
2710 1798 2828 1864 quo
2856 1782 3199 1864 universqu
3234 1795 3419 1864 genus
3446 1780 3773 1864 humanum

272 1876 703 1951 praedicationis
746 1875 1033 1934 uberibus
1080 1890 1280 1948 pascas
1322 1881 1379 1932 et
1422 1873 1677 1932 lacteolae
1708 1874 1985 1932 teneritu-

275 1965 400 2024 dini
447 1965 668 2023 viscera
714 1970 993 2023 maternaa
1046 1963 1272 2037 pietatis
1326 1963 1645 2037 impendas.
1694 1962 1988 2035 Rogamus

274 2056 469 2131 itaque
522 2054 882 2113 sanctitatem
923 2060 1105 2124 tuam,
1152 2058 1217 2112 ut
1258 2054 1365 2112 hos
1412 2053 1558 2113 duos
1589 2048 1847 2123 clericos,
1883 2050 1988 2127 qui

276 2162 338 2205 se
391 2163 425 2205 a
470 2163 577 2206 suo
626 2148 891 2220 episc0po
934 2146 1229 2205 licentiam
1278 2146 1561 2220 accepisse
1608 2147 1882 2215 fatentur,
1915 2142 1987 2201 ad

274 2236 541 2295 ordinem
594 2235 930 2294 diaconatus
983 2241 1335 2308 promoveat,
1386 2240 1442 2293 et
1495 2234 1746 2294 debitam
1805 2237 1989 2310 hujus

277 2326 451 2385 oﬂicii
494 2326 983 2386 consecrationem
1017 2325 1216 2400 gratis,
1247 2332 1312 2385 ut
1338 2324 1581 2400 dignum
1622 2335 1724 2399 est,
1772 2327 1985 2387 habere

269 2416 555 2474 decernat.

787 2493 928 2551 100
965 2494 1334 2556 EPISTOLA
1371 2496 1476 2554 III.

488 2581 567 2628 ΔΙ)
587 2580 965 2628 CUNIBERTUM
995 2579 1312 2627 EPISCOPUM
1333 2579 1770 2628 TAUBINENSEM.

536 2660 803 2731 (Habetur
831 2663 960 2716 tom.
990 2662 1087 2721 ΠΙ.
1115 2656 1298 2730 estq‘ue
1322 2662 1382 2715 in
1405 2676 1591 2731 opusc.
1625 2659 1730 2732 18.)

878 2747 1248 2807 EPISTULA
1270 2747 1370 2807 IV.

667 2833 745 2880 AD
765 2833 823 2880 (ἃ.
856 2832 1178 2880 EPISCOPUM
1203 2830 1593 2878 AUXIMANUM.

271 2914 718 2982 ABGUMENTUM.
773 2943 841 2952 —
893 2911 985 2969 Ah
1035 2907 1713 2982 episcopogAuximano,
1768 2907 1864 2965 cui
1921 2913 1986 2965 ut

345 2979 552 3041 mundi
583 2982 759 3055 hujus
786 2979 1140 3055 vanitatibus
1170 2979 1443 3039 nuntium
1470 2979 1817 3055 _remitteret,
1850 2994 1981 3051 per-

349 3060 635 3125 suaserat,
664 3052 929 3125 'recenter
966 3053 1278 3125 digressus,
1328 3059 1384 3109 et
1417 3052 1488 3109 ad
1519 3065 1653 3109 suos
1694 3065 1980 3125 reversus,

347 3123 686 3196 multos__ibi
732 3139 806 3196 ex
854 3124 929 3181 iis
973 3120 1122 3196 quos
1167 3120 1290 3196 ipse
1319 3130 1575 3196 noverat,
1604 3130 1859 3180 mortuos
1888 3120 1982 3177 in—'

343 3194 523 3268 venit.
552 3193 706 3268 Hinc
733 3195 910 3268 igitur
935 3193 1165 3267 sumpta
1189 3193 1489 3268 occasione
1516 3194 1779 3268 hortatur
1813 3209 1981 3250 eum-

340 3267 471 3325 dem
522 3264 875 3347 episcopum,
916 3274 982 3326 ut
1038 3264 1295 3347 ulterius
1329 3264 1765 3347 conversionem
1790 3279 1982 3347 “suam

342 3352 463 3394 non
520 3334 766 3406 diﬂ‘era‘t,
842 3334 947 3394 nec
1007 3354 1067 3394 se
1138 3335 1342 3395 tandiu
1416 3335 1567 3393 male
1636 3334 1983 3392 blandientis

343 3406 556 3483 Oceani
606 3405 869 3483 procellis
912 3417 967 3465 et
1008 3407 1282 3483 ﬂuctibus
1321 3407 1522 3481 jactari
1567 3406 1835 3483 patiatur,
1870 3405 1981 3483 _sed

337 3479 410 3537 ad
455 3476 791 3537 monasterii
835 3487 1063 3551 portum
1112 3476 1358 3537 festinus
1401 3476 1676 3551 accurrat.
1730 3476 1892 3551 QuOd
1931 3476 1980 3534 si

336 3551 553 3632 fecerit,
585 3567 758 3610 omne
782 3550 870 3608 illi
888 3567 1076 3632 “suum
1106 3551 1385 3631 studium,
1414 3550 1760 3632 obsequium
1802 3550 1978 3607 bene-

336 3621 767 3704 volentiamque
812 3623 1159 3704 pollicetur;
1207 3622 1297 3703 sin
1322 3621 1545 3704 ‘minus
1578 3621 1798 3704 habere
1840 3635 1977 3704 eum

337 3693 447 3751 sibi
488 3709 578 3774 res
630 3692 787 3774 suas
804 3692 996 3774 jubet,
1026 3710 1150 3774 -nec
1199 3693 1521 3774 quidquam
1584 3692 1695 3749 sibi
1744 3692 1979 3766 posthac

338 3780 473 3822 cum
505 3765 607 3823 illo
627 3765 842 3838 negotii
866 3766 986 3822 fore
1011 3765 1333 3823 denuntiat.

339 3850 565 3911 Domno
621 3852 690 3912 G.
749 3854 1231 3911 reverendissimo
1306 3855 1635 3911 AUXIMANO
1691 3850 1973 3925 episc0po,

268 3942 502 4001 PETRUS
530 3942 815 4018 quidquid
849 3958 1070 4013 servus,
1097 3951 1151 4000 et
1176 3943 1358 4002 ﬁlius.

337 4033 742 4106 Dilectissime,
789 4040 1093 4107 postquam
1124 4048 1157 4090 a
1184 4032 1346 4091 vobis
1376 4031 1632 4105 discessi,
1666 4033 1973 4109 quamplu-

266 4136 358 4179 res
403 4123 667 4180 homines
709 4121 1010 4180 defunctos
1058 4137 1181 4180 esse
1218 4122 1280 4181 in
1330 4122 1543 4181 nostris
1590 4123 1852 4195 partibus
1880 4139 1970 4181 re-

270 4210 414 4282 peri.
464 4211 627 4268 Unde
657 4211 727 4268 ad
761 4227 862 4268 vos
888 4226 1118 4283 quoque
1150 4211 1362 4269 mentis
1388 4212 1625 4271 oculum
1656 4212 1972 4282 reﬂectens,

270 4298 433 4355 valde
479 4298 817 4370 perterritus
860 4313 1008 4367 sum,
1045 4313 1119 4355 ne
1163 4298 1347 4370 vobis,
1390 4300 1544 4374 quod
1581 4299 1750 4370 absit,
1784 4299 1976 4358 simile

268 4385 413 4458 quid
457 4386 830 4459 contingeret,
862 4392 917 4445 et
967 4401 1060 4445 me
1109 4393 1187 4445 tot
1230 4404 1332 4462 per
1368 4388 1634 4445 inducias
1676 4404 1846 4462 super
1882 4389 1975 4446 in-

2136 1861 2269 1929 ante
2312 1853 2579 1929 supremi
2624 1850 2846 1929 Judicis
2903 1852 3174 1929 tribunal,
3228 1850 3291 1910 ut
3345 1850 3777 1929 exactissimam

2141 1927 2276 1983 vitae
2308 1925 2368 1983 in
2393 1924 2519 1983 'hac
2560 1924 2926 1983 miseriarum
2958 1924 3106 1981 valle
3153 1929 3449 1980 transacta:
3492 1924 3776 1978 rationem

2139 1996 2360 2071 reddat,
2393 1996 2559 2071 quasi
2596 2012 2773 2055 arena
2796 1995 2988 2071 _maris
3015 1991 3785 2071 congregabitur,_luculen_-

2140 2074 2227 2125 ter
2252 2061 2561 2148 describit,
2591 2075 2668 2148 'et
2716 2067 2878 2148 velut
2922 2066 2987 2148 in
3028 2061 3260 2148 pictura
3300 2064 3368 2123 G.
3413 2061 3664 2148 episcopi
3698 2061 3778 2120 ob

2140 2138 2338 2197 oculos
2378 2135 2557 2211 ponit,
2584 2138 2860 2211 Hortatur
2893 2144 2957 2196 ut
2989 2135 3246 2210 ejusdem
3279 2135 3527 2211 Speciem
3551 2135 3781 2192 et’ima-

2139 2212 2336 2282 ginem
2375 2206 2585 2284 mentis
2625 2209 2813 2284 oculis
2854 2206 3418 2284 tanquam__praesens
3460 2206 3776 2284 intueatur,

2140 2277 2197 2355 et
2234 2296 2349 2355 suo
2393 2282 2590 2355 animo
2620 2277 2987 2355 insidentem
3040 2277 3235 2355 nullo
3250 2293 3513 2355 unquam
3565 2277 3780 2355 fucatae

2139 2353 2319 2423 hujus
2367 2352 2574 2410 mundi
2608 2351 2897 2410 felicitatis
2933 2357 3163 2425 aspectu
3205 2347 3506 2421 dimoveri,
3538 2354 3641 2407 aut
3682 2347 3780 2405 di-

2145 2423 2277 2479 velli
2308 2424 2580 2479 natiatur.

2145 2431 2277 2481 velli
2307 2431 2580 2496 patiatur.

2137 2511 2364 2570 Domno
2394 2512 2463 2571 G.
2494 2510 2981 2570 reverendissimo
3008 2510 3294 2585 episcopo,
3315 2508 3545 2567 PETRUS
3568 2504 3784 2565 debita

2068 2600 2366 2658 servitutis
2404 2600 2770 2674 obsequium.

2138 2690 2520 2749 Dilectissime
2555 2698 2714 2765 pater
2742 2698 2798 2749 et
2821 2690 3079 2762 domine,
3112 2704 3268 2749 nunc
3297 2688 3439 2748 dum
3468 2687 3571 2747 tibi
3601 2702 3789 2745 mun-

2067 2780 2177 2840 dus
2221 2781 2454 2853 arridet,
2482 2781 2620 2840 dum
2660 2780 2850 2840 carnis
2878 2780 3093 2838 sanitas
3137 2780 3339 2851 fervet,
3366 2779 3512 2839 dum
3545 2793 3782 2852 prospe-

2066 2869 2204 2927 ritas
2239 2875 2465 2927 terrena
2499 2868 2808 2939 deniulc‘t,
2837 2885 2969 2943 quae
3006 2875 3132 2944 post
3171 2869 3279 2928 ista
3316 2874 3642 2943 sequuntur
3670 2883 3785 2924 ex-

2065 2958 2270 3031 cogita,
2325 2964 2381 3016 et
2432 2959 2552 3032 jam
2608 2958 2775 3033 quasi
2828 2960 3147 3029 transactis,
3178 2975 3313 3034 quae
3362 2965 3570 3032 praesto
3617 2962 3776 3025 sunt,

2066 3047 2213 3105 illud
2256 3047 2563 3121 prudentia
2610 3052 2798 3106 vestra
2842 3047 3079 3107 solerter
3115 3048 3428 3118 examinet,
3459 3060 3592 3122 quae
3624 3060 3785 3118 pra;-

2006 3135 2328 3225 Csentibus
2368 3136 2565 3225 futura
2615 3137 2940 3196 succedant.
2989 3137 3359 3225 Quaecunque
3393 3151 3527 3225 ergo
3565 3134 3781 3193 transi-

2069 3223 2212 3282 toria
2255 3231 2411 3295 sunt,
2449 3224 2638 3284 altiori
2680 3224 2924 3284 consilio
2968 3226 3092 3298 jam
3148 3224 3419 3283 transisse
3464 3222 3779 3292 decernite,

2064 3320 2120 3371 et
2166 3314 2325 3374 velut
2372 3304 2754 3375 ludit‘actoriae
2801 3315 3092 3375 illusionis
3140 3315 3436 3374 somnium
3484 3314 3773 3387 deputata.

2063 3404 2217 3464 Illuc
2254 3421 2421 3465 mens
2465 3412 2653 3466 vestra
2685 3414 2959 3478 recurrat,
2994 3407 3135 3466 illuc
3172 3405 3446 3465 sollicitos
3484 3401 3781 3465 acuminis

2062 3498 2154 3553 sui
2198 3495 2396 3555 oculos
2429 3496 2654 3570 dirigat,
2683 3497 2838 3572 quod
2868 3503 3169 3572 postquam
3204 3495 3508 3569 contigerit
3529 3492 3781 3552 transire

2063 3600 2180 3644 non
2222 3586 2405 3645 novit.
2459 3585 2804 3646 Terribilem
2851 3603 3086 3661 quoque
3126 3585 3321 3645 ultimi
3360 3583 3567 3656 judicii
3615 3582 3775 3641 diem

2054 3675 2177 3749 jam
2218 3675 2279 3733 in
2321 3684 2655 3750 conspectus
2684 3679 2865 3737 vestri
2904 3677 3209 3752 praesentia
3234 3676 3446 3750 ponite,
3472 3682 3528 3733 et
3564 3688 3779 3748 repen-

2060 3763 2257 3823 tinum
2301 3772 2473 3823 tantm
2506 3765 2820 3839 majestatis
2856 3765 3173 3824 adventum
3215 3764 3557 3822 tremefactis
3587 3762 3779 3821 visce-

2059 3854 2225 3913 ribus
2263 3862 2584 3927 retractate,
2615 3873 2723 3916 nec
2757 3857 2928 3916 illum
2956 3856 3111 3914 diem
3140 3854 3352 3930 putetis
3381 3870 3503 3914 esse
3537 3853 3777 3928 longin-

2061 3960 2268 4017 quum.
2296 3961 2467 4020 quem
2491 3946 2768 4020 propheta
2791 3952 2945 4007 tanto
2972 3952 3107 4004 ante
3127 3962 3231 4005 nos
3252 3947 3461 4006 saeculo
3484 3946 3780 4018 vicinum,

2056 4042 2114 4093 et
2164 4036 2325 4095 velut
2376 4037 2495 4111 jam
2549 4044 2699 4096 esset
2747 4037 2810 4096 in
2863 4037 3071 4097 limine
3118 4038 3485 4113 przedicabat,
3530 4036 3775 4096 dicens:

2061 4149 2087 4173 ‹‹
2121 4123 2298 4183 Juxta
2345 4132 2430 4183 est
2460 4126 2584 4183 dies
2611 4125 2846 4184 Domini
2898 4142 3179 4200 magnus;
3223 4126 3393 4201 juxta
3435 4132 3536 4197 est,
3572 4132 3628 4184 et
3671 4140 3783 4184 ve-

2058 4213 2158 4271 lox
2190 4213 2368 4273 nimis
2396 4233 2410 4286 ;
2458 4230 2576 4275 vox
2621 4216 2738 4274 diei
2767 4214 3002 4276 Domini
3038 4231 3254 4287 amara,
3286 4214 3657 4275 tribulahitur
3690 4213 3783 4273 ibi

2058 4305 2239 4364 fortis.
2287 4304 2422 4365 Dies
2462 4305 2585 4377 ira),
2620 4304 2744 4363 dies
2780 4303 2902 4376 illa,
2935 4304 3058 4363 dies
3089 4304 3476 4365 tribulationis
3502 4311 3557 4364 et
3582 4320 3777 4378 angu-

2059 4393 2206 4463 stiae,
2242 4394 2365 4452 dies
2410 4394 2753 4453 calamitatis
2797 4400 2853 4452 et
2897 4392 3189 4462 miserim;
3233 4394 3356 4452 dies
3403 4394 3779 4452 tenebrarum

264 4473 462 4584 ducias
494 4475 893 4584 protelantein,
926 4476 1127 4535 divina
1159 4477 1443 4535 sententia
1478 4494 1551 4534 ex
1580 4477 1769 4535 aliena
1794 4482 2115 4584 morteDet
2164 4483 2466 4557 caliginis;
2502 4485 2627 4544 dies
2670 4484 2897 4544 nebulae
2944 4490 3001 4543 et
3052 4483 3321 4553 turbinis,
3355 4483 3478 4542 dies
3523 4483 3680 4542 tubae
3714 4488 3782 4541 et

263 4562 581 4621 damnaret.
626 4562 979 4638 Quapropter
1019 4565 1254 4623 obsecro
1297 4571 1367 4635 te,
1414 4566 1750 4624 charissima
1792 4562 2347 4647 pater,"clangoris
2394 4577 2654 4647 (Saphon.
2696 4578 2763 4645 Ι).
2814 4574 3095 4641 »·σΡθῼ8ἱὶ,
3142 4573 3531 4645 dilectissime,
3575 4581 3777 4632 extre-

260 4671 363 4729 per
391 4655 845 4729 omnipotentem
887 4656 1109 4729 Jesum,
1144 4673 1244 4729 per
1284 4664 1508 4717 sanctos
1548 4658 1783 4729 angelos
1826 4657 1974 4730 ejus,

2060 4677 2219 4718 mum
2276 4661 2429 4720 diem
2476 4661 2683 4735 judicii
2741 4678 2916 4736 super
2969 4662 3141 4721 corda
3198 4662 3597 4737 reproborum,
3654 4677 3779 4736 qua

184 4760 195 4765 ‘
262 4761 363 4818 per
394 4747 667 4806 thronum
710 4748 1022 4821 majestatis
1059 4752 1184 4822 ejus
1216 4747 1476 4821 igneum,
1506 4748 1568 4805 in
1607 4763 1722 4821 quo
1746 4748 1976 4821 judica-
2058 4749 2358 4821 asperitate
2402 4751 2674 4824 propheta
2720 4749 2865 4809 vidit
2908 4766 3278 4822 amarescere,
3317 4767 3493 4824 quem
3543 4757 3623 4810 tot
3670 4766 3778 4824 ap-

263 4842 434 4894 turus
461 4842 545 4894 est
582 4837 746 4895 vivos
782 4844 837 4894 et
882 4844 1160 4907 mortuos,
1193 4853 1264 4895 ne
1305 4837 1665 4910 temetipsum
1700 4836 1974 4909 decipias,
2060 4838 2469 4912 pellationibus
2499 4856 2615 4900 non
2650 4840 2831 4899 valuit
2873 4839 3184 4914 explicare.
3227 4840 3561 4908 Enimvero,
3589 4846 3655 4898 ut
3697 4848 3792 4897 ta-

258 4942 332 4983 ne
364 4926 607 4985 ulterius
645 4927 897 4993 differas,
937 4944 1009 4985 ne
1046 4928 1250 4986 salutis
1283 4937 1395 4987 tuae
1432 4928 1756 4985 remedium
1785 4926 1856 4984 de
1884 4926 1976 4985 die
2058 4947 2294 4991 ceamus
2318 4945 2477 4989 nunc
2500 4930 2572 4987 de
2598 4930 2716 4989 illis
2748 4947 3056 5005 nunquam
3083 4929 3358 4988 ﬁniendis
3386 4928 3797 4987 damnationis

257 5018 321 5075 in
371 5018 529 5078 diem
574 5020 1044 5091 procrastinando
1084 5020 1339 5078 animam
1381 5026 1540 5079 tuam
1591 5018 1851 5088 seducas,
1880 5017 1979 5075 sed
2063 5028 2295 5079 aeternm
2338 5019 2659 5094 suppliciis,
2702 5019 3101 5079 tantummodo
3154 5018 3205 5078 si
3250 5018 3405 5078 solus
3444 5016 3546 5076 ille
3581 5016 3797 5077 ultimi

250 5114 410 5180 intra
454 5109 588 5180 cito,
620 5107 763 5168 dum
794 5109 945 5180 licet,
995 5109 1057 5166 in
1086 5115 1316 5182 portum
1359 5106 1773 5171 conversionis,
1820 5121 1894 5163 ue
1927 5112 1979 5163 te
2066 5116 2247 5167 terror
2290 5118 2347 5167 et
2387 5111 2609 5180 horror,
2640 5114 2707 5168 ut
2739 5109 2985 5183 dignum
3023 5116 3128 5175 est,
3160 5108 3412 5167 studiose
3448 5106 3803 5177 discutitur,

261 5199 582 5259 tardantem
627 5199 919 5274 repentini
976 5199 1314 5272 opprimant
1356 5212 1542 5269 casus,
1577 5213 1648 5255 ne
1700 5201 1751 5254 te
1794 5195 1978 5269 in0pi-
2065 5203 2176 5258 tota
2219 5197 2423 5257 mundi
2454 5198 2634 5270 hujus
2683 5197 3001 5272 deceptrix,
3039 5202 3093 5255 et
3142 5196 3283 5256 falsa
3330 5195 3595 5265 felicitas,
3628 5209 3698 5253 ac
3734 5196 3803 5254 si

262 5299 415 5352 natas
449 5291 652 5351 mortis
685 5290 984 5350 absorbent
1011 5292 1240 5363 ﬂuctus,
1272 5296 1329 5349 et
1365 5288 1664 5349 mstuantis
1693 5288 1976 5361 gehennae
2056 5286 2245 5349 lutum
2276 5288 2433 5347 velut
2473 5288 2828 5347 infructuosa
2856 5286 2987 5360 alga
3016 5285 3228 5345 littoris
3244 5285 3557 5359 judicatur.
3590 5282 3794 5353 Quem

260 5384 542 5458 deglutiat
589 5381 954 5441 barathrum.
1012 5380 1163 5454 Heu,
1223 5383 1379 5440 heu!
1437 5388 1597 5455 pater
1643 5379 1748 5453 mi,
1800 5394 1977 5454 quare
2062 5378 2221 5437 enim
2255 5392 2366 5437 vox
2396 5375 2497 5435 illa
2527 5392 2645 5436 non
2676 5383 2909 5450 terreat,
2935 5376 3067 5452 quis
3097 5390 3214 5434 non
3256 5371 3596 5433 medullitus
3630 5386 3793 5430 con-

259 5487 379 5533 non
430 5486 674 5546 possum
727 5470 1035 5546 impetrare
1084 5471 1236 5545 apud
1289 5469 1475 5528 Deum
1526 5475 1589 5529 ut
1636 5468 1740 5529 tibi
1782 5466 1980 5528 oculos
2066 5466 2534 5537 tremiscat,cum
2566 5466 2762 5526 audiat
2797 5469 2990 5540 ipsum
3027 5464 3339 5525 Dominum
3386 5461 3678 5520 dicentem
3709 5460 3795 5520 in

252 5559 444 5619 cordis
511 5560 751 5635 aperiat,
811 5566 867 5618 et
917 5558 1134 5618 lectum
1194 5556 1531 5618 calamitatis
1590 5564 1722 5629 tuae,
1763 5556 1827 5614 in
1864 5570 1980 5630 quo
2063 5555 2420 5630 Evangelio:
2460 5583 2485 5606 ‹‹
2519 5556 2664 5626 Quia
2712 5556 2861 5617 sicut
2907 5554 3107 5630 fulgur
3157 5553 3279 5612 exit
3318 5550 3391 5611 ab
3441 5549 3666 5613 oriente
3721 5555 3800 5610 et

258 5667 497 5709 securus
547 5649 724 5722 jac-es,
767 5649 962 5708 videre
1001 5647 1343 5722 permittat?
1380 5648 1540 5707 Certe
1585 5649 1636 5705 si
1681 5646 1982 5705 manifeste
2062 5652 2297 5721 apparet
2336 5646 2739 5719 in'occidente,
2769 5648 2849 5709 ita
2897 5645 3008 5705 erit
3050 5643 3337 5705 adventus
3382 5638 3487 5699 ﬁlii
3516 5634 3802 5700 hominis
