4078 6202
240 356 325 421 301

1443 355 1667 422 LIBER
1706 346 2077 429 QUARTUS,
2126 352 2360 414 EPIST.
2406 340 2472 411 ν.
2506 442 2511 447 ἡ

3607 354 3710 422 302

237 488 423 557 (Matth.
455 485 674 556 XXIV)?
694 507 715 538 ι
748 484 913 559 Quis,
946 487 1206 560 inquam,
1233 501 1349 545 non
1378 491 1741 561 expavescat,
1768 496 1903 541 cum
1929 480 2115 551 Apter
2143 479 2397 538 furorem
2429 479 2533 536 irae
2564 478 2798 540 Domini
2831 480 3100 554 Sabaoth,
3134 484 3197 543 in
3230 483 3324 543 die
3363 500 3478 560 qua
3508 501 3710 560 super-

233 578 402 635 eadeni
453 575 676 635 Veritas
729 577 881 635 dicat
938 597 950 635 :
1006 598 1035 631 ς(
1064 577 1212 647 Quia
1258 577 1342 636 sol
1385 575 1810 645 obscurabitur,
1856 578 1911 631 et

234 669 350 727 luna
368 683 477 727 non
504 666 663 725 dabit
690 665 895 725 lumen
919 682 1113 739 suum,
1137 674 1194 725 et
1212 666 1396 725 stellas
1418 666 1621 724 cadent
1650 665 1719 724 de
1743 664 1907 736 coelo,

236 757 557 832 virtutesque
612 755 894 817 caelorum
949 756 1340 817 movebuntur
1409 754 1645 827 (Ibid)?
1712 776 1739 809 γ»
1832 754 1913 812 De

232 864 330 922 quo
390 848 558 906 etiam
619 847 826 906 Petrus
878 848 960 905 ait
1012 871 1026 905 :
1086 868 1112 901 «
1173 846 1461 905 Adveniet
1523 851 1717 903 autem
1791 845 1914 905 dies

231 938 358 996 sicut
405 937 516 1006 fur,
560 937 624 994 in
679 952 793 1010 quo
849 936 978 995 εωιὶ
1037 952 1246 1011 magno
1302 936 1521 1008 impetu
1586 934 1909 1004 transient,

231 1026 483 1084 elementa
523 1040 663 1084 vero
704 1025 892 1084 calore
937 1025 1239 1084 solventur
1275 1029 1351 1095 (Π
1375 1029 1519 1082 Petr.
1554 1031 1670 1093 III);
1709 1046 1730 1074 ι
1769 1020 1911 1079 102

228 1125 275 1175 et
308 1117 508 1175 iterum
554 1115 696 1173 dicit
732 1139 745 1172 :
785 1134 813 1169 ε(
864 1114 1009 1173 Coeli
1055 1122 1269 1181 autem,
1301 1116 1402 1189 qui
1461 1129 1622 1173 nunc
1667 1120 1822 1181 sunt,
1856 1119 1911 1170 et

230 1214 357 1263 terra
400 1204 599 1262 eodem
641 1205 819 1263 verbo
864 1203 1097 1277 repositi
1148 1211 1304 1273 sunt,
1348 1201 1483 1277 igne
1532 1202 1805 1261 reservati
1846 1203 1910 1260 in

227 1292 359 1351 diem
373 1292 574 1365 judicii
586 1299 640 1349 et
656 1282 998 1365 perditiénis
1010 1292 1325 1365 impiorum
1342 1293 1648 1349 hominum
1673 1293 1868 1363 (Ibid).
1881 1313 1907 1340 π

224 1382 357 1440 Hinc
397 1388 450 1439 et
479 1381 661 1440 Judas
697 1381 990 1455 apostolus
1024 1381 1104 1438 ait
1156 1405 1167 1438 :
1216 1401 1243 1434 «
1274 1381 1439 1451 Ecce,
1470 1381 1683 1456 inquit,
1718 1383 1913 1441 veniet

220 1471 479 1530 Dominus
505 1471 569 1529 in
611 1471 824 1530 sanctis
856 1470 1121 1529 millibus
1154 1471 1339 1528 facere
1374 1470 1667 1543 judicium
1714 1477 1913 1530 contra

221 1578 419 1629 omnes,
464 1561 812 1636 redarguere
861 1578 1065 1621 omnes
1103 1562 1314 1636 impios
1351 1563 1422 1621 de
1463 1563 1735 1622 omnibus
1775 1579 1914 1636 ope-

221 1649 367 1708 ribus
416 1650 730 1724 impietatis
784 1666 1010 1723 eorum,
1072 1651 1290 1725 quibus
1338 1651 1517 1724 impie
1564 1660 1823 1725 egerunt,
1858 1657 1915 1710 et

218 1742 281 1800 de
306 1741 571 1800 omnibus
599 1742 785 1813 duris,
815 1758 950 1817 quae
982 1741 1158 1801 locuti
1187 1749 1323 1800 sunt
1369 1749 1567 1801 contra
1606 1758 1740 1801 eum
1781 1759 1914 1817 pec-

1993 567 2217 626 venerit
2254 562 2416 627 furor
2462 568 2603 643 ejus.
2651 568 2765 630 Sed
2810 578 2865 630 et
2912 571 3223 633 Malachias
3255 574 3531 649 propheta
3568 590 3709 634 con-

1994 673 2135 716 sona
2186 657 2278 718 bis
2323 656 2599 731 loquitur,
2651 659 2851 718 dicens
2894 679 2905 718 :
2941 682 2969 716 ι(
3013 662 3159 721 Ecce
3212 663 3373 722 venit
3423 663 3708 724 Dominus

1994 748 2378 820 omnipotens,
2415 755 2470 806 et
2508 748 2641 822 quis
2677 749 2985 809 sustinebit
3015 750 3169 810 diem
3207 753 3494 812 adventus
3531 754 3707 828 ejus?

1996 838 2115 896 Aut
2158 837 2293 913 quis
2343 838 2588 911 portabit
2639 847 3009 913 conspectum
3058 840 3202 915 ejus,
3258 840 3536 916 quoniam
3587 842 3711 915 ipse

1994 925 2354 999 ingredietur
2381 925 2580 999 ignem
2618 928 3026 999 conflatorum,
3058 937 3114 988 et
3155 928 3308 988 sicut
3344 929 3567 1003 paleam
3606 947 3708 989 ve-

1993 1012 2247 1073 lantium
2274 1014 2338 1088 [f.
2371 1015 2829 1090 ventilantium],
2859 1023 2916 1075 et
2939 1017 3159 1076 sedebit
3184 1018 3459 1089 conﬂans,
3492 1023 3549 1076 et
3578 1034 3711 1092 pur—

1992 1118 2135 1174 gans
2161 1102 2311 1161 sicut
2342 1119 2573 1174 aurum,
2604 1112 2660 1163 et
2686 1104 2834 1164 sicut
2871 1108 3218 1179 argentum?
3254 1109 3511 1181 (Malach.
3546 1106 3650 1180 ut.)
3679 1130 3704 1159 υ

1996 1190 2063 1248 Et
2087 1190 2297 1249 iterum
2328 1192 2507 1250 dicit:
2551 1215 2573 1244 «
2625 1194 2770 1253 Ecce
2813 1194 2949 1253 dies.
2982 1196 3215 1254 Domini
3266 1197 3454 1255 veniet
3501 1197 3708 1255 ardens

1993 1286 2059 1338 ut
2092 1278 2357 1338 clibanus
2400 1288 2466 1339 ut
2509 1288 2639 1341 urat
2678 1282 2742 1356 [f.
2778 1289 2832 1341 et
2864 1283 3010 1357 uret]
3056 1299 3173 1355 eos,
3205 1291 3259 1343 et
3302 1292 3473 1344 erunt
3510 1300 3709 1344 omnes

1991 1367 2213 1437 alieni,
2273 1376 2328 1426 et
2377 1384 2579 1429 omnes
2628 1372 2730 1445 qui
2782 1373 3002 1431 faciunt
3057 1375 3429 1451 iniquitatem
3484 1383 3548 1435 ut
3604 1377 3708 1435 sti-

1996 1455 2197 1530 pulam
2247 1457 2516 1516 incendet
2586 1475 2685 1518 eos
2747 1459 2871 1519 dies
2938 1461 3082 1533 illa,
3138 1479 3254 1537 qua
3323 1465 3560 1537 veniet,
3617 1464 3707 1523 di-

1996 1544 2072 1603 cit
2123 1545 2409 1605 Dominus
2464 1548 2875 1622 omnipotens,
2929 1566 3047 1609 non
3102 1551 3465 1627 relinquetur
3516 1554 3707 1623 radix,

1994 1651 2203 1710 neque'
2240 1636 2461 1710 palmes
2510 1640 2903 1713 (Malach.1v).
2938 1666 2964 1689 ιι
3021 1640 3191 1700 Alius
3240 1658 3379 1701 vero
3426 1643 3518 1702 vir
3570 1640 3711 1699 103

1994 1727 2413 1786 desideriorum
2436 1727 2515 1786 ita
2550 1727 2690 1787 dicit
2725 1747 2737 1787 :
2782 1749 2809 1782 α
2850 1729 2920 1787 Et
2943 1744 3073 1789 ecce
3108 1730 3395 1803 videbam,
3430 1738 3484 1791 et
3517 1732 3710 1792 throni

214 1836 414 1887 calores
460 1828 629 1902 impii
669 1830 813 1898 (Iud.
840 1816 900 1903 '1).
931 1850 959 1883 »
991 1828 1035 1887 Ο
1078 1828 1126 1886 si
1162 1829 1225 1885 in
1270 1828 1456 1902 palato
1504 1828 1691 1887 cordis
1733 1816 1824 1887 nos

2104 1816 2165 1874 iti
2234 1822 2418 1889 sunt,
2505 1824 2562 1876 et
2638 1817 2936 1895 Antiquus
3012 1818 3239 1878 dierum
3313 1820 3583 1893 sedebat,
3658 1828 3714 1880 et

216 1920 396 1991 sapere
440 1917 619 1991 possit
667 1923 899 1992 quantae
954 1916 1360 1975 amaritudinis
1415 1924 1533 1988 est,
1602 1917 1755 1991 quod
1813 1932 1914 1989 per

218 2006 483 2065 Joannem
533 2006 747 2065 dicitur
801 2030 812 2063 :
872 2025 900 2059 «
959 2006 1101 2064 Ecce
1150 2007 1310 2065 venit
1361 2021 1495 2064 cum
1547 2003 1824 2074 nubibus,
1860 2012 1914 2063 et

219 2097 422 2155 videbit
481 2112 619 2155 eum
670 2096 862 2154 omnis
915 2097 1155 2166 oculus,
1209 2105 1265 2154 et
1320 2095 1421 2172 qui
1475 2111 1610 2153 eum
1652 2110 1913 2168 pupuge-

218 2193 361 2251 runt,
414 2193 469 2242 et
547 2184 822 2258 plangent
897 2200 957 2242 se
1029 2198 1203 2258 super
1255 2199 1458 2242 omnes
1513 2183 1699 2241 tribus
1748 2191 1915 2241 terra:

217 2278 398 2346 (Apoc.
423 2278 485 2343 1).
522 2296 543 2323 ιν
578 2273 742 2332 Tunc
764 2273 1156 2332 dissolventur
1182 2289 1350 2331 rencs
1377 2288 1577 2332 eorum
1607 2272 1917 2331 formidine

214 2363 307 2436 qui
362 2362 533 2421 modo
591 2377 706 2420 non
768 2363 1008 2431 timent;
1070 2368 1211 2421 tunc
1270 2361 1648 2435 replebuntur
1700 2363 1918 2420 viscera

213 2466 403 2509 eorum
446 2450 833 2507 amaritudine
874 2449 975 2523 qui
1022 2450 1193 2508 modo
1240 2450 1301 2508 in
1345 2449 1594 2509 carnalis
1632 2444 1917 2509 illecebrae

214 2538 599 2613 voluptatibus
632 2538 886 2596 molliter
920 2538 1131 2613 jacent.
1175 2538 1342 2597 Tunc
1380 2538 1538 2596 enim
1568 2538 1919 2613 sanguineas

211 2628 490 2700 lacrymas
542 2625 905 2684 eﬂ‘undentes
961 2626 1243 2700 incipient
1297 2627 1487 2684 dicere
1552 2627 1849 2686 montibus
1903 2647 1915 2685 :

213 2715 460 2773 «Cadite
510 2730 684 2786 super
736 2729 881 2783 nos;
915 2739 939 2767 ι
995 2722 1052 2773 et
1098 2714 1347 2775 collibus
1388 2739 1401 2772 :
1466 2740 1493 2765 α
1542 2714 1768 2789 Operite
1816 2732 1922 2775 nos

210 2805 395 2876 (Apoc.
431 2814 535 2872 VI;
574 2807 705 2861 Luc.
739 2808 931 2875 XXIII).
967 2827 990 2856 ι

275 2894 443 2953 Tunc
487 2893 645 2951 enim
677 2908 798 2952 non
842 2900 929 2951 est
977 2907 1271 2967 quoquam
1303 2894 1636 2966 confugere,
1671 2908 1786 2952 non
1838 2900 1923 2952 est

210 2983 516 3042 latibulum
564 2982 667 3041 ubi
712 2998 773 3041 se
804 2983 1119 3058 quisquam
1162 2983 1349 3041 valeat
1393 2984 1698 3041 occultare.
1733 2982 1920 3041 Nimi-

207 3088 331 3131 rum
366 3086 508 3130 cum
547 3078 605 3129 et
637 3072 856 3130 inferni
890 3079 1068 3146 portas
1103 3073 1460 3146 panduntur,
1498 3089 1654 3131 mors
1684 3074 1923 3132 inimica

1994 1904 2409 1966 indumentum
2461 1907 2587 1981 ejus
2637 1905 2786 1965 sicut
2837 1908 2945 1966 nix
2997 1907 3305 1968 candidum
3338 1958 3352 1979 ,
3402 1916 3458 1967 et
3518 1908 3714 1983 capilli

1995 1995 2196 2070 capitis
2240 1996 2369 2070 ejus
2416 1996 2567 2055 sicut
2618 1996 2749 2054 lana
2794 2000 3015 2058 munda
3066 2000 3222 2072 (Dan.
3288 2001 3411 2075 VII).
3460 2021 3489 2054 η
3533 1998 3716 2058 Thro-

2000 2100 2111 2144 nus
2182 2086 2309 2159 ejus
2377 2084 2534 2158 ignis
2611 2100 2883 2155 exurens,
2946 2087 3166 2147 ﬂuvius
3213 2089 3388 2162 .ignis
3448 2090 3717 2149 currebat

1995 2180 2128 2231 ante
2194 2174 2422 2246 ipsum,
2472 2174 2761 2248 judicium
2822 2177 3153 2248 constituit,
3207 2184 3261 2235 et
3330 2177 3464 2237 libri
3531 2178 3715 2253 aperti

1996 2268 2149 2320 sunt.
2206 2262 2277 2320 Et
2328 2262 2503 2335 paulo
2548 2270 2676 2338 post
2733 2284 2747 2323 :
2811 2289 2832 2314 ι
2886 2265 2957 2323 Et
3009 2266 3155 2337 vidi,
3204 2266 3415 2341 inquit,
3466 2267 3529 2326 in
3581 2268 3713 2328 visu

1996 2351 2198 2422 noctis,
2222 2357 2277 2409 et
2296 2367 2424 2409 ecce
2447 2352 2508 2409 in
2532 2352 2790 2412 nubibus
2810 2353 2943 2413 coeli
2964 2354 3127 2414 ﬁlius
3146 2356 3402 2416 hominis
3424 2357 3713 2429 veniebat,

1998 2446 2055 2496 et
2107 2452 2292 2513 usque
2364 2441 2434 2498 ad
2512 2440 2819 2501 Vetustum
2887 2443 3115 2503 dierum
3197 2446 3480 2518 pervenit,
3520 2453 3576 2505 et
3652 2446 3716 2504 in

1999 2535 2310 2601 conspectu
2360 2530 2487 2603 ejus
2533 2529 2758 2590 oblatus
2802 2538 2905 2605 est,
2947 2539 3002 2591 et
3048 2530 3159 2607 ipSi
3212 2533 3381 2594 datus
3422 2541 3509 2594 est
3551 2534 3713 2614 prin-

2002 2619 2247 2693 cipatus,
2302 2626 2357 2678 et
2416 2621 2623 2693 honor,
2676 2629 2732 2680 et
2784 2637 3073 2696 regnum;
3129 2631 3185 2683 et
3232 2641 3436 2684 omnes
3490 2625 3716 2700 populi,

2004 2710 2189 2768 tribus
2243 2715 2298 2768 et
2352 2710 2570 2784 linguas
2628 2711 2741 2785 ipsi
2804 2712 3099 2785 servient;
3155 2718 3211 2772 et
3282 2719 3526 2788 potestas
3593 2715 3719 2788 ejus

2003 2806 2249 2873 potestas
2301 2804 2518 2857 aeterna
2554 2844 2569 2871 ,
2628 2814 2764 2873 quae
2813 2816 2932 2859 non
2990 2801 3302 2874 transibit,
3363 2807 3419 2862 et
3468 2818 3715 2877 regnum

2004 2890 2130 2962 ejus
2192 2904 2310 2947 non
2374 2897 2797 2964 corrumpetur.
2854 2889 3153 2952 Inhorruit
3225 2892 3467 2967 Spiritus
3531 2907 3716 2953 meus.

2004 2978 2126 3053 Ego
2184 2977 2409 3051 Daniel,
2452 2979 2740 3039 hebetudo
2779 2997 2910 3040 mea
2952 2988 3007 3039 et
3060 2981 3313 3043 visiones
3352 2984 3554 3058 capitis
3605 2983 3722 3042 inci

2004 3068 2426 3125 conturbabant
2455 3083 2548 3125 me
2587 3069 2785 3141 (Ibid).
2828 3092 2849 3121 υ

208 3160 525 3219 destruitur
549 3205 565 3228 ,
618 3160 813 3232 pulvis
868 3161 971 3234 qui
1022 3168 1357 3233 putruerat,
1415 3160 1474 3219 id
1525 3167 1611 3219 est
1664 3161 1922 3219 humana
1943 3200 1988 3261 c
2078 3156 2224 3261 tium
2256 3172 2390 3229 ergo
2418 3157 2544 3259 haec
2571 3156 2665 3232 agi
2690 3159 2990 3233 coeperint,
3020 3161 3349 3235 pandentur
3386 3161 3513 3221 sine
3543 3161 3722 3221 dubio

206 3265 353 3319 caro,
383 3249 634 3306 audiens
677 3263 876 3307 vocem
922 3251 1076 3308 tubm
1127 3250 1474 3308 vivificatur.
1504 3251 1635 3309 lam
1676 3266 1823 3325 quos
1859 3251 1922 3308 in

205 3339 422 3411 gremio
476 3354 584 3397 suo
632 3346 779 3397 terra
823 3348 1168 3412 susceperat,
1211 3354 1360 3413 quos
1406 3355 1557 3415 aqua
1599 3340 1918 3410 sorbuerat,

206 3442 345 3500 quos
372 3428 527 3485 edax
558 3428 793 3486 ﬂamma
834 3435 1288 3502 consumpserat,
1326 3444 1526 3486 omnes
1566 3428 1733 3501 quasi
1765 3444 1923 3487 com-

205 3516 449 3576 missum
495 3518 606 3575 sibi
640 3518 965 3591 depositum
995 3518 1263 3589 reddunt,
1291 3526 1347 3576 et
1380 3518 1516 3576 vitae
1552 3514 1770 3592 absque
1804 3519 1925 3577 ulla

204 3606 291 3663 sui
318 3605 719 3664 diminutione
746 3606 1080 3666 restituunt.
1114 3606 1283 3666 Tunc
1309 3608 1467 3666 enim
1496 3615 1642 3665 terra
1670 3607 1926 3666 concuti-

203 3700 313 3763 tur,
336 3710 442 3752 aer
470 3695 776 3768 repentina
809 3700 1137 3769 tempestate
1172 3697 1456 3765 turbatur,
1503 3695 1756 3753 tonitrua
1793 3711 1924 3766 per-

202 3787 489 3855 strepunt,
540 3784 966 3842 coruscationes
1019 3791 1073 3841 et
1126 3783 1357 3857 fulgura
1400 3782 1655 3841 humana
1701 3789 1929 3856 pectora

206 3878 420 3930 terrore
470 3873 916 3931 confundunt:
949 3873 1104 3931 Deus
1155 3873 1313 3931 enim
1363 3873 1665 3931 manifeste
1712 3871 1923 3943 veniet,

203 3957 356 4017 Deus
388 3966 611 4028 noster,
639 3966 835 4019 etnon
864 3960 1077 4019 silebit.
1102 3960 1342 4032 Ignisin
1368 3968 1676 4034 conspectu
1690 3959 1814 4033 ejus
1833 3975 1930 4017 ar-

202 4046 381 4117 debit,
409 4054 470 4106 et
499 4047 563 4105 in
596 4049 843 4109 circuitu
868 4051 993 4123 ejus
1024 4056 1328 4124 tempestas
1357 4049 1568 4109 valida.
1610 4049 1931 4110 Advocavit

202 4135 421 4194 cmlum
472 4135 786 4196 desursum
836 4144 893 4197 et
936 4144 1166 4210 terram,
1207 4146 1272 4197 ut
1324 4138 1611 4197 discernat
1645 4138 1928 4213 populum

200 4241 406 4286 meum
430 4231 608 4296 (Psal.
634 4236 799 4298 XLII).
831 4252 855 4281 ι
886 4228 951 4286 In
982 4228 1077 4287 die
1102 4229 1318 4288 scilicet
1342 4228 1442 4287 illa
1473 4229 1770 4287 tremenda
1791 4243 1924 4287 cum

197 4314 453 4389 Angelis
479 4322 537 4374 et
564 4317 966 4390 Archangelis,
993 4332 1128 4376 cum
1148 4317 1400 4376 Thronis
1427 4323 1483 4376 et
1512 4315 1928 4375 Dominationi—

199 4400 328 4474 bus,
394 4419 532 4463 cum
594 4405 1020 4479 Principatibus
1069 4414 1125 4464 et
1183 4407 1566 4465 Potestatibus
1611 4405 1925 4479 apparebit,

2006 3247 2137 3305 caeli
2187 3254 2386 3321 portae,
2445 3249 2565 3306 imo
2613 3251 2802 3323 potius
2855 3251 3051 3324 ipsum
3095 3253 3308 3312 cmlum
3352 3254 3646 3312 auferetur
3692 3269 3725 3314 e

2004 3336 2195 3395 medio
2257 3343 2531 3412 tanquam
2583 3339 2631 3395 si
2688 3340 3043 3400 tabernaculi
3099 3342 3391 3400 velamina
3444 3343 3721 3417 colligan-

2004 3434 2120 3496 tur,
2186 3426 2405 3484 scilicet
2480 3434 2543 3486 ut
2625 3435 2941 3501 reparetur,
3000 3436 3057 3487 et
3140 3432 3580 3491 transformetur
3658 3432 3722 3491 in

2008 3516 2237 3575 melius.
2305 3516 2472 3575 Tunc
2521 3532 2654 3589 ergo
2710 3517 2913 3575 omnia
2967 3524 3157 3578 metus
3217 3520 3450 3581 habebit
3522 3522 3725 3581 timor—

2006 3618 2140 3678 que,
2192 3620 2258 3661 ac
2310 3611 2525 3662 tremor
2580 3604 2843 3677 implebit
2901 3605 3196 3678 universa,
3254 3609 3535 3668 nimirum
3589 3626 3724 3669 cum

2008 3692 2107 3751 ille
2152 3692 2372 3766 judicet
2427 3692 2527 3765 qui
2581 3699 2719 3752 teste
2783 3709 2899 3752 non
2972 3702 3154 3767 egeat,
3211 3699 3313 3770 qui
3384 3708 3727 3773 argumenta

2010 3793 2128 3836 non
2182 3785 2433 3852 quaerat,
2494 3779 2599 3853 qui
2661 3785 2947 3839 oratorem
3009 3799 3201 3842 causa:
3259 3800 3378 3843 non
3454 3786 3724 3859 postulet.

2014 3867 2147 3938 Sed,
2200 3867 2293 3926 his
2321 3868 2595 3927 omnibus
2648 3870 2852 3943 procul
2908 3872 3136 3943 amotis,
3189 3873 3312 3946 ipse
3368 3880 3425 3932 et
3464 3880 3623 3949 gesta
3672 3883 3729 3935 et

2011 3959 2187 4016 verba
2237 3965 2294 4015 et
2343 3958 2717 4031 cogitationes
2774 3960 3069 4035 dijudicat,
3125 3970 3297 4037 atque
3352 3964 3414 4022 in
3470 3965 3729 4025 medium

2010 4046 2267 4118 collocat,
2319 4056 2374 4105 et
2444 4058 2647 4108 cuncta
2721 4049 2884 4110 velut
2956 4051 3018 4110 in
3093 4053 3305 4112 tabulis
3378 4055 3730 4128 quibusdam

2010 4137 2263 4211 depicta,
2314 4138 2497 4197 oculis
2546 4154 2747 4198 eorum
2803 4140 2907 4215 qui
2956 4142 3376 4201 commiserunt
3435 4160 3502 4203 ea
3557 4152 3731 4219 atque

2009 4225 2287 4285 omnibus
2334 4228 2439 4303 qui
2479 4229 2744 4287 assistere
2783 4228 3057 4288 videntur
3104 4233 3380 4291 ostendet.
3429 4232 3730 4304 Quomodo

2008 4331 2144 4389 ergo
2206 4322 2342 4373 tunc
2415 4316 2919 4389 commovebitur,
2972 4324 3029 4377 et
3078 4320 3139 4377 in
3196 4329 3355 4380 metu
3419 4322 3528 4380 erit
3594 4322 3731 4382 uni-

2011 4423 2176 4466 versa
2231 4407 2547 4465 creatura?
2600 4409 2721 4480 Age
2785 4423 2920 4481 ergo
2970 4424 3104 4467 cum
3179 4410 3251 4467 ad
3300 4410 3447 4471 illud
3525 4412 3730 4485 singu-

193 4493 366 4552 cmlis
405 4496 872 4567 coruscantibus,
909 4496 1074 4555 terris
1107 4494 1460 4565 ardentibus,
1495 4497 1718 4557 cunctis
1754 4497 2133 4573 etiam_lare
2182 4496 2473 4569 judicium
2524 4494 2860 4556 venerimus
2921 4496 2993 4555 ab
3040 4514 3107 4555 eo
3154 4498 3360 4557 Judice
3403 4500 3727 4573 judicandi,

190 4583 513 4642 elementis
555 4586 623 4642 in
671 4585 763 4644 sui
814 4564 1083 4661 obsequii
1128 4593 1341 4646 terrore
1381 4564 1702 4646 commotis.
1746 4564 2116 4661 Quemeui
2159 4564 2265 4643 nec
2313 4583 2436 4641 falli
2489 4584 2870 4644 occultatione
2903 4584 3219 4643 criminum
3264 4564 3467 4662 potest,
3498 4605 3604 4648 nec
3656 4564 3727 4646 ad

185 4668 353 4729 diem
415 4673 562 4731 bene
610 4674 709 4731 ille
749 4676 1005 4734 eximius
1040 4677 1447 4750 prophetarum
1480 4676 1657 4733 Isaias
1698 4674 1929 4733 denun-

191 4758 316 4829 tiat,
349 4760 563 4820 dicens
593 4781 607 4819 :
646 4783 673 4815 (ί
709 4764 853 4822 Ecce
891 4764 1015 4822 dies
1046 4764 1280 4822 Domini
1327 4765 1516 4822 veniet
1553 4762 1926 4835 insanabilis;

182 4846 313 4905 dies
358 4849 588 4909 furoris
618 4860 675 4910 et
712 4852 835 4923 iraa,
867 4860 932 4910 ut
970 4860 1144 4926 ponat
1173 4852 1371 4910 orbem
1412 4860 1575 4909 teme
1614 4851 1926 4921 desertum,

188 4941 243 4990 et
280 4946 626 5007 peccatores
670 4940 865 5012 perdat
900 4956 975 4999 ex
1011 4955 1077 4998 eo
1110 4944 1235 5013 (13a.
1270 4952 1415 4998 XIII‘.
1454 4961 1474 4989 υ
1525 4938 1719 4997 Stellae
1769 4938 1930 4996 enim

183 5025 325 5082 casti
358 5024 574 5085 lumen
602 5040 779 5086 suum
811 5042 925 5087 non
961 5028 1201 5101 dabunt,
1234 5037 1288 5086 et
1315 5027 1719 5086 obscurabitur
1747 5026 1830 5085 sol
1864 5026 1927 5084 in

182 5119 315 5169 orto
345 5128 487 5184 suo,
514 5116 658 5174 luna
688 5131 825 5175 vero
852 5132 971 5175 non
1014 5117 1173 5175 dabit
1209 5117 1407 5175 lumen
1436 5130 1631 5187 suum,
1669 5121 1723 5172 et
1760 5131 1927 5172 man-

181 5198 341 5260 dabo
400 5205 686 5264 universo
733 5206 861 5264 orbi
902 5207 1073 5278 mala,
1121 5215 1176 5264 et
1220 5206 1418 5279 impiis
1458 5211 1841 5278 peccatorum,
1878 5209 1932 5260 et

180 5292 445 5359 perdam
476 5296 905 5354 contumeliam
932 5297 1294 5370 iniquorum,
1324 5304 1377 5353 et
1410 5294 1795 5367 arrogantiam
1827 5309 1932 5351 su-

2012 4674 2418 4749 impunitatem
2477 4675 2917 4747 promerendam
2969 4676 3216 4751 alicujus
3264 4678 3554 4737 oblatione
3599 4695 3727 4737 cor-

2014 4763 2227 4836 rumpi.
2287 4761 2433 4820 Cum
2488 4763 2767 4835 cmperint
2814 4764 3013 4822 omnia
3066 4774 3281 4824 secreta
3330 4766 3610 4838 revelari,
3672 4773 3729 4825 et

2014 4866 2129 4908 non
2166 4850 2356 4909 solum
2392 4856 2553 4909 actus
2580 4867 2645 4908 ac
2683 4851 2877 4922 verba,
2910 4852 3007 4911 sed
3052 4854 3225 4912 etiam
3259 4854 3401 4927 ipsae
3429 4855 3725 4927 cogitatio-

2012 4953 2114 4996 nes
2165 4936 2411 5008 ostendi,
2442 4937 2581 5011 quid
2632 4939 2908 4998 faciemus
2948 4940 3060 4999 sub
3104 4942 3246 4999 tanti
3285 4940 3509 5000 Judicis
3546 4944 3727 5018 maje~

2011 5030 2197 5087 state?
2233 5028 2382 5099 Quid
2440 5031 2830 5090 excusationis
2867 5034 3166 5091 ostendere
3208 5034 3556 5107 poterimus?
3602 5034 3726 5105 Qua

1970 5149 1979 5155 ι
2014 5132 2119 5175 nos
2146 5117 2502 5176 defensionis
2525 5125 2645 5176 arte
2673 5119 3092 5193 purgabimus?
3120 5121 3260 5192 Quae
3289 5122 3455 5181 nobis
3480 5123 3730 5183 subven-

2014 5213 2142 5263 tura
2182 5213 2265 5263 est
2316 5206 2677 5279 poenitentia,
2707 5222 2882 5279 quam
2926 5207 2989 5265 in
3026 5208 3134 5267 hac
3174 5226 3344 5270 carne
3380 5214 3731 5288 contempsi-

2016 5301 2193 5352 mus‘?
2229 5293 2370 5363 Qua:
2406 5310 2510 5353 nos
2544 5296 2851 5353 defensura
2888 5304 3027 5356 sunt
3062 5313 3231 5373 Opera
3272 5298 3450 5374 bona,
3493 5318 3631 5377 quas
3666 5305 3727 5363 in

173 5380 517 5469 perborum
552 5383 898 5457 bumiliabo,
930 5390 987 5441 et
1009 5392 1181 5443 erunt:
1204 5384 1307 5458 qui
1345 5382 1528 5442 relicti
1562 5382 1773 5441 iuerint
1800 5397 1933 5455 pre-
2022 5382 2130 5440 hac
2156 5382 2275 5441 vita
2311 5399 2428 5442 non
2465 5383 2765 5443 fecimus?
2799 5385 2887 5443 Ad
2927 5402 3072 5462 quos
3104 5390 3405 5464 apostolos,
3448 5400 3547 5453 aut
3586 5410 3732 5469 quos

178 5467 319 5527 tiosi
356 5474 558 5546 magis
596 5488 781 5549 quam
811 5489 1021 5532 aurum
1049 5474 1124 5532 ab
1160 5474 1297 5547 igne
1324 5479 1654 5547 purgatum,
1685 5479 1741 5530 et
1765 5472 1939 5530 homo
2020 5473 2166 5532 alios
2214 5480 2441 5532 sanctos
2484 5473 2836 5548 confugituri
2882 5491 3109 5551 sumus,
3150 5495 3401 5553 quorum
3439 5467 3725 5557 exempla,

171 5558 516 5626 pretiosior
598 5578 779 5637 quam
859 5564 1007 5638 lapis
1105 5564 1434 5638 sapphirus.
1494 5562 1718 5623 Caelum
1780 5562 1939 5621 enim
2022 5563 2205 5624 simul
2233 5578 2300 5622 ac
2326 5565 2500 5625 verba
2528 5564 2951 5640 despeximus?
2982 5572 3076 5630 An
3102 5571 3247 5630 forte
3283 5572 3478 5647 aliqua
3514 5590 3575 5632 se
3608 5574 3727 5632 fra-

167 5650 525 5725 qnatietur,
556 5662 614 5712 et
643 5661 792 5712 terra
821 5653 1151 5714 movebitur
1174 5668 1209 5711 a
1238 5652 1631 5714 fundamentis
1658 5652 1780 5712 suis
1804 5666 1937 5727 pro-
2030 5651 2225 5726 gilitas
2284 5656 2536 5729 corporis
2587 5655 2919 5730 excusabit,
2967 5659 3075 5718 sed
3116 5660 3474 5721 excusaﬁoni
3526 5676 3729 5721 eorum
