4078 6202
322 325 426 386 303
850 324 910 385 S.
962 324 1182 385 PETRI
1221 323 1544 385 DAMIANI
1582 322 1742 387 OPP.
1785 319 1979 383 PARS
2021 320 2160 383 SEU
2200 320 2448 383 TOMUS
2484 324 2534 382 Ι.
2587 356 2623 366 ~
2668 323 2935 407 'EPIST.
2978 323 3120 382 LIB.
3162 322 3319 382 VIII.
3730 325 3832 383 304
3893 292 3905 298 δ

326 451 730 512 reclamabunt
773 451 1037 510 omnium
1078 451 1344 524 exempla
1393 457 1747 522 sanctorum,
1778 450 1879 525 qui
1926 450 2103 514 fra-A
2128 449 2439 522 aspiceret;
2474 448 2826 523 despexistis
2849 464 3021 508 omne
3049 448 3363 509 consilium
3402 463 3617 517 meum,
3650 456 3707 506 et
3742 442 3837 507 in;

320 542 605 617 gilitatem
656 540 849 601 carnis
899 542 958 599 in
998 556 1170 598 carne
1215 538 1531 607 vincentes,
1575 539 1732 613 quod
1782 539 2044 597 fecerunt
2125 538 2480 613 crepationes
2512 553 2672 596 meas
2701 538 3061 613 neglexistis.
3094 538 3214 609 Ego
3244 552 3478 612 quoque
3507 535 3568 595 in
3598 536 3836 597 interitu

324 633 527 706 utique
558 632 742 690 facere
787 646 891 688 nos
927 645 1089 703 posse
1116 629 1452 703 docuerunt.
1486 628 1739 686 Maxime
1767 626 1904 702 quia
1937 643 2041 686 nec
2123 636 2312 688 vestro
2368 629 2603 703 ridebo,
2658 638 2715 688 et
2769 629 3141 688 subsannabo
3197 646 3321 700 vos,
3373 645 3507 688 cum
3557 628 3722 688 vobis
3772 630 3829 686 id

317 719 427 794 ipsi
480 726 707 795 peccato
751 734 855 777 sua
891 717 1139 789 virtute,
1178 719 1279 775 sed
1316 717 1418 775 Dei
1449 718 1776 776 miserantis
1811 716 2036 775 auxilio
2119 717 2271 792 quod
2320 717 2630 790 timebatis,
2689 717 3009 787 advenerit,
3061 734 3196 778 cum
3254 718 3489 776 irruerit
3536 718 3833 792 repentina

317 809 668 879 restiterunt,
705 807 805 881 qui
846 823 907 865 se
941 813 996 864 et
1038 822 1152 865 non
1193 806 1592 880 qumrentihus
1633 812 1699 865 ut
1738 812 2033 880 quaeratur
2115 805 2448 877 calamitas,
2500 810 2557 863 et
2620 806 2888 865 interitus
2941 806 3104 881 quasi
3164 812 3468 880 tempestas
3523 807 3828 880 ingruerit.

316 902 487 971 atque
520 904 584 955 ut
635 896 694 953 in
741 910 877 954 eum
927 895 1195 954 credatur
1226 894 1494 965 ostendit,
1525 895 1819 953 credentes
1862 894 1923 951 in
1971 909 2030 951 se

313 1002 385 1043 ne
421 1003 455 1043 a
492 992 720 1060 peccato
758 985 1069 1042 vincantur
1106 983 1322 1042 invicta
1361 985 1708 1057 protectione
1753 984 2024 1041 defendit.

313 1075 461 1146 Quid
491 1091 626 1148 ergo
664 1072 993 1148 responsuri
1035 1078 1193 1145 sunt,
1228 1072 1275 1129 si
1311 1072 1393 1130 eis
1432 1073 1714 1131 Dominus
1746 1073 1930 1131 dicat:
1967 1070 2028 1130 Si

310 1164 623 1239 potuistis,
672 1179 851 1238 quare
908 1178 1023 1221 non
1077 1161 1364 1219 restitistis
1413 1162 1714 1221 desideriis
1768 1169 2026 1235 peccato-

310 1252 493 1313 rum?
548 1251 608 1311 Si
664 1266 773 1309 non
834 1248 1118 1323 potuistis,
1164 1264 1346 1320 quare
1402 1264 1599 1306 meum
1652 1254 1847 1307 contra
1894 1264 2025 1321 pec-

308 1347 501 1400 catum
574 1356 690 1398 non
769 1336 1060 1412 quaesistis
1129 1336 1476 1397 auxilium?
1524 1338 1641 1395 Aut
1714 1336 2022 1407 vulnerati,

309 1446 488 1505 quare
546 1427 882 1503 pmnitendo
932 1442 1049 1485 non
1114 1426 1462 1484 adhibuistis
1532 1425 1765 1485 vulneri
1837 1432 2023 1484 vestro

307 1517 687 1578 remedium?
739 1516 1038 1589 Numquid
1093 1532 1212 1575 non
1268 1516 1338 1573 ad
1394 1516 1519 1573 bmc
1574 1513 2023 1574 obmutescent?

307 1607 455 1677 Quid
536 1612 729 1664 autem
810 1604 1172 1664 excusationi
1246 1604 1647 1678 respondeant,
1733 1620 1867 1661 non.
1918 1604 2023 1660 ba-

306 1695 582 1755 bentibus
636 1694 773 1752 dicit
832 1713 843 1751 :
911 1718 931 1743 ι
991 1692 1209 1767 Ligatis
1266 1692 1537 1750 manibus
1607 1699 1662 1750 et
1724 1690 2019 1766 pedibus,

306 1784 516 1843 mittite
565 1799 661 1842 eos
708 1785 771 1840 in
828 1783 1088 1842 tenebras
1146 1782 1458 1840 exteriores
1488 1825 1503 1854 ,
1562 1780 1643 1838 ibi
1697 1781 1807 1838 erit
1856 1781 2024 1841 ﬂetus

305 1878 360 1932 et
409 1872 621 1932 stridor
681 1872 948 1931 dentium
1009 1875 1224 1946 (Matth.
1289 1872 1459 1945 XXII).
1522 1870 1633 1928 Ubi
1676 1871 1890 1929 vermis
1933 1887 2023 1929 eo-

304 1980 437 2023 rum
490 1979 608 2023 non
657 1964 960 2034 morietur,
1009 1967 1066 2021 et
1118 1962 1273 2036 ignis
1335 1977 1535 2020 eorum
1617 1977 1733 2020 non
1796 1962 2018 2020 exstin-

304 2060 516 2129 guetur
588 2057 718 2123 (Isa.
782 2061 969 2125 LXVI).
1025 2073 1053 2106 »
1139 2051 1508 2110 Pensandum
1588 2067 1722 2125 ergo
1809 2057 1893 2110 est
1966 2057 2023 2109 et

304 2158 535 2203 summo
582 2142 772 2201 studio
826 2140 970 2197 104
1024 2142 1440 2202 revolvendum
1493 2141 1624 2214 quis
1672 2141 1731 2198 in
1785 2141 1887 2198 illo
1926 2141 2020 2199 die

305 2238 489 2290 terror
526 2231 655 2301 erit,
690 2246 824 2289 cum
861 2230 923 2288 in
975 2246 1142 2303 paena
1182 2231 1304 2305 jam
1354 2231 1677 2289 remedium
1723 2246 1840 2305 non
1883 2229 2016 2300 erit;

306 2337 439 2396 quae
460 2320 582 2379 illic
612 2321 874 2379 confusio
899 2322 993 2379 cui
1021 2327 1184 2380 reatu
1211 2336 1315 2379 suo
1341 2321 1607 2393 exigente
1634 2319 1924 2392 continget
1958 2319 2016 2375 in

302 2416 596 2469 conventu
648 2411 915 2469 omnium
951 2410 1260 2469 hominum
1303 2409 1761 2482 angelorumque
1819 2407 2022 2466 erube-

302 2518 491 2574 scere;
527 2502 661 2577 quis
704 2517 879 2574 pavor
927 2516 1061 2559 eum
1111 2516 1281 2574 quem
1330 2507 1386 2558 et
1430 2498 1812 2574 tranquillum
1855 2514 2020 2557 mens

304 2592 566 2651 humana
606 2606 720 2648 non
750 2589 901 2648 valet
941 2605 1140 2663 capere
1179 2589 1354 2647 etiam
1392 2588 1605 2647 iratum
1648 2586 1895 2646 videre?
1935 2587 2019 2646 De

304 2697 424 2756 quo
462 2681 556 2741 die
595 2683 742 2741 bene
776 2698 878 2755 per
921 2679 1129 2739 Isaiam
1158 2678 1373 2737 dicitur
1406 2698 1418 2737 :
1447 2700 1474 2732 «
1510 2677 1876 2737 Exaltabitur
1910 2692 2016 2735 au-

310 2777 422 2829 tem
449 2769 738 2829 Dominus
766 2769 926 2828 solus
944 2771 1007 2826 in
1031 2769 1123 2827 die
1147 2768 1268 2839 illa,
1297 2765 1433 2840 quia
1457 2766 1580 2824 dies
1598 2765 1834 2824 Domini
1858 2780 2019 2835 exer-

303 2861 530 2919 cituum
570 2874 743 2930 super
777 2872 1011 2915 omnem
1041 2857 1356 2931 superbum
1388 2863 1444 2912 et
1470 2852 1788 2926 excelsum,
1829 2858 1886 2911 et
1920 2868 2020 2911 su-

2114 893 2354 962 Quando
2414 894 2637 952 venerit
2714 910 2885 969 super
2955 911 3056 954 vos
3132 894 3447 965 tribulatio,
3500 900 3557 951 et
3624 910 3818 968 angu-

2113 983 2284 1053 stitia,
2310 989 2446 1042 tunc
2483 984 2834 1043 invocabunt
2886 1000 2998 1056 me,
3028 992 3083 1042 et
3119 1000 3237 1042 non
3277 984 3607 1042 exaudiam.
3648 983 3818 1042 Mane

2111 1078 2457 1145 consurgent
2490 1078 2544 1130 et
2572 1087 2686 1130 non
2726 1071 3026 1130 invenient
3064 1089 3154 1131 me
3191 1074 3368 1142 (Prov.
3401 1084 3419 1129 ι
3449 1076 3491 1139 ).
3531 1094 3552 1123 ι
3595 1071 3660 1129 In
3701 1088 3820 1148 quo

2110 1176 2244 1234 ergo
2272 1159 2669 1219 confidemus?
2690 1159 2800 1218 Ubi
2827 1176 2986 1234 spem
3019 1160 3405 1234 adipiscenda
3426 1159 3630 1218 salutis
3648 1161 3820 1220 habe-

2111 1250 2305 1310 bimus
2330 1251 2358 1309 ?
2396 1250 2675 1324 Nunquid
2717 1250 2774 1307 in
2815 1250 3194 1329 pecuniarum
3234 1250 3535 1319 thesauris,
3570 1265 3713 1322 quos
3751 1251 3811 1308 in

2106 1356 2237 1400 arca
2265 1341 2633 1400 recondimus
2659 1340 2685 1399 ‘?
2715 1341 2993 1414 Nunquid
3020 1341 3079 1398 in
3112 1340 3449 1401 divitiarum
3491 1342 3811 1412 afﬂuentia,

2108 1445 2251 1503 quas
2304 1426 2655 1488 intrinsecus
2704 1429 2875 1488 vacui
2918 1429 3069 1487 male
3105 1431 3362 1489 exterius
3407 1429 3817 1506 possidemus?

2108 1519 2219 1578 Sed
2260 1519 2397 1577 audi
2435 1518 2759 1593 apostolum
2791 1519 3089 1591 Jacobum,
3122 1520 3325 1592 quanti
3361 1520 3593 1578 divitias
3633 1521 3819 1578 homi-

2106 1623 2250 1665 num
2311 1608 2499 1678 faciat,
2539 1607 2693 1681 quod
2753 1608 3028 1668 meritum
3078 1609 3140 1665 in
3190 1615 3433 1667 terrenae
3478 1609 3817 1668 substantiae.

2105 1695 2464 1769 possessione
2501 1698 2809 1755 constituat
2849 1721 2861 1753 :
2912 1719 2935 1746 α
2976 1695 3163 1769 Agite,
3202 1697 3415 1770 inquit,
3458 1713 3632 1766 nunc,
3662 1696 3812 1754 divi—

2042 1792 2208 1875 Btes,
2240 1794 2295 1844 et
2339 1786 2558 1860 plorate
2596 1785 2885 1845 ululantes
2926 1787 2987 1844 in
3037 1787 3307 1858 miseriis,
3339 1803 3470 1861 quae
3506 1787 3817 1845 advenient

2104 1876 2288 1935 vobis.
2324 1877 2556 1936 Divitiae
2582 1885 2786 1936 vestrae
2828 1877 3159 1951 putrefacta:
3196 1886 3351 1950 sunt,
3383 1886 3438 1936 et
3475 1877 3819 1936 vestimenta

2104 1976 2293 2027 vestra
2347 1985 2380 2027 a
2420 1969 2593 2027 tineis
2646 1977 2893 2027 comesta
2939 1977 3095 2027 sunt.
3137 1972 3364 2028 Aurum
3414 1977 3467 2027 et
3511 1975 3817 2039 argentum

2102 2064 2357 2116 vestrum
2399 2057 2766 2131 aeruginavit,
2795 2066 2849 2117 et
2877 2074 3054 2131 erugo
3094 2073 3293 2117 eorum
3326 2060 3383 2116 in
3421 2056 3813 2116 testimonium

2103 2146 2267 2204 vobis
2295 2146 2422 2216 erit,
2458 2153 2513 2205 et
2543 2147 2916 2207 manducabit
2950 2162 3150 2206 carnes
3198 2152 3414 2205 vestras
3459 2146 3607 2205 sicut
3640 2147 3812 2219 ignis.

2103 2234 2557 2295 Thesaurizastis
2595 2236 2753 2295 enim
2783 2236 2946 2295 vobis
2973 2236 3117 2294 iram
3148 2237 3209 2294 in
3241 2235 3577 2295 novissimis
3611 2234 3820 2294 diebus

2102 2325 2232 2397 (Jac.
2265 2329 2350 2395 v).
2396 2347 2417 2377 ι
2460 2326 2526 2382 Et
2566 2325 2737 2398 paulo
2778 2333 2946 2399 post:
2992 2349 3011 2376 ι
3049 2324 3279 2399 Epulati
3317 2326 3454 2384 estis
3492 2341 3660 2397 super
3702 2333 3818 2382 ter-

2100 2428 2245 2481 ram,
2289 2420 2344 2470 et
2398 2412 2456 2469 in
2511 2413 2764 2472 luxuriis
2811 2411 3110 2470 enutristis
3156 2412 3326 2471 corda
3372 2421 3556 2472 vestra
3609 2415 3673 2472 iu
3719 2413 3820 2471 die

2102 2500 2406 2560 occisionis
2439 2499 2767 2558 adduxistis
2791 2501 3000 2569 (Ibid).
3034 2520 3062 2552 »
3732 2555 3736 2559 .

2176 2592 2335 2650 Eheu
2367 2593 2378 2647 l
2410 2591 2549 2664 quid
2612 2598 2745 2650 tunc
2803 2592 2996 2650 dicent
3050 2590 3268 2663 miseri,
3310 2606 3444 2649 cum
3474 2607 3533 2650 se
3563 2590 3817 2649 viderint

2106 2679 2247 2736 105
2328 2686 2384 2740 et
2460 2681 2607 2740 bona
2677 2683 3012 2757 temporalia
3073 2682 3593 2755 irrecuperahiliter
3660 2681 3815 2738 ami-

2102 2770 2264 2841 sisse,
2295 2777 2350 2827 et
2386 2771 2539 2828 mala
2574 2772 2685 2829 sibi
2723 2780 2994 2846 perpetua
3019 2773 3435 2831 inevitabiliter
3458 2768 3816 2829 imminere?

2104 2856 2245 2927 Quae
2304 2865 2440 2917 tunc
2490 2860 2607 2919 illis
2653 2877 2820 2920 mens
2876 2862 3031 2932 erit,
3092 2878 3226 2921 cum
3283 2860 3537 2919 viderint
3582 2866 3817 2931 tempus

302 2964 406 3022 per
463 2964 700 3007 omnem
748 2951 1132 3018 arrogantem,
1172 2951 1227 3002 et
1277 2942 1714 3014 humiliabitur,
1745 2948 1800 3000 et
1853 2957 2025 3015 super
2104 2947 2449 3020 acceptabile
2491 2954 2547 3007 et
2584 2948 2735 3009 diem
2790 2950 2992 3010 salutis
3043 2955 3120 3021 (II
3161 2955 3280 3010 Cor.
3322 2956 3405 3021 v1)
3450 2950 3677 3024 penitus
3718 2948 3817 3005 et-

305 3052 508 3096 omnes
549 3037 749 3095 cedros
802 3034 1012 3092 Libani
1059 3032 1338 3092 sublimes
1384 3041 1437 3089 et
1479 3038 1713 3101 erectas,
1746 3038 1799 3088 et
1847 3044 2024 3103 super
2105 3037 2349 3095 ﬂuxisse
2404 3044 2459 3094 et
2502 3037 2652 3097 illud
2689 3045 2917 3111 tempus
2958 3040 3177 3111 adesse,
3218 3039 3279 3097 in
3320 3054 3436 3113 quo
3481 3037 3629 3095 nihil
3672 3039 3816 3098 boui

304 3142 511 3186 omnes
550 3140 799 3200 quercus
835 3123 1042 3194 Basan,
1085 3128 1139 3182 et
1175 3136 1347 3195 super
1380 3129 1602 3181 montes
1645 3120 1922 3203 excelsos,
1967 3127 2079 3203 et“
2107 3124 2310 3193 facere,
2362 3123 2589 3183 nullum
2646 3126 2986 3200 perditionis
3037 3143 3159 3185 sua:
3211 3126 3532 3185 remedium
3582 3127 3817 3184 valeant

311 3174 510 3186 -..-..--
593 3174 797 3183 ..ην--
835 3174 1042 3194 __-__,
1089 3174 1137 3182 ν
1175 3174 1337 3195 ητ--
1380 3174 1601 3181 ww---
1974 3174 2019 3177 η
2109 3174 2310 3193 ..-----,
2365 3174 2589 3183 --_--,_
2688 3174 2986 3186 “mm..-
3037 3174 3158 3185 -..ην
3211 3174 3532 3185 ,ψη--..η
3597 3174 3815 3184 ....-_.--

311 3230 484 3289 super
513 3174 690 3272 co‘lles
729 3212 996 3282 elevatos,
1024 3218 1081 3269 et
1107 3226 1280 3285 super
1306 3224 1539 3269 omnem
1581 3208 1790 3267 turrim
1828 3174 2081 3266 excel-C
2105 3211 2370 3269 invenire
2393 3221 2417 3270 ?
2463 3174 2682 3282 Quamr
2704 3228 2901 3272 amara
2948 3229 3149 3273 eorum
3197 3213 3581 3283 conscientia,
3632 3229 3815 3288 quam

306 3318 452 3375 sam,
480 3308 537 3361 et
584 3318 755 3376 super
808 3316 1042 3359 omnem
1093 3316 1328 3359 murum
1383 3298 1699 3371 munitum,
1747 3306 1803 3355 et
1851 3312 2022 3370 super
2103 3301 2310 3359 ﬂebilis
2335 3318 2533 3362 eorum
2561 3304 2768 3401 poterit
2790 3320 2913 3363 esse
2951 3304 3186 3378 querela
3219 3305 3232 3362 ε
3263 3304 3429 3364 Tunc
3453 3305 3630 3374 enim,
3662 3305 3816 3363 sicut

304 3410 506 3454 omnes
543 3410 721 3453 naves
759 3394 1016 3460 Tharsis,
1051 3400 1107 3451 et
1139 3408 1312 3465 super
1338 3406 1511 3450 omne
1537 3390 1689 3465 quod
1727 3391 1858 3447 visu
1887 3389 2021 3462 pul-
2107 3390 2375 3449 Salomon
2440 3389 2649 3451 fatetur
2673 3437 2687 3461 ,
2742 3392 2943 3451 ﬂentes
2992 3400 3048 3452 et
3091 3409 3213 3468 prae
3256 3393 3526 3466 angustia
3571 3393 3815 3467 spiritus

307 3485 512 3543 chrum
551 3491 656 3555 est,
698 3488 754 3541 et
799 3482 1201 3541 incurvabitur
1238 3479 1563 3539 sublimitas
1596 3479 1925 3549 hominum,
1966 3483 2022 3535 et
2103 3487 2397 3553 gementes
2436 3481 2628 3539 dicent
2667 3502 2678 3539 :
2723 3506 2749 3533 α
2782 3482 3140 3552 Erravimus,
3180 3481 3476 3555 inquiunt,
3504 3497 3539 3538 a
3568 3481 3662 3539 via
3705 3496 3812 3537 ve-

306 3571 717 3631 humiliabitur
739 3569 982 3629 altitudo
1003 3571 1283 3641 virorum,
1315 3575 1368 3626 et
1390 3567 1714 3626 elevabitur
1739 3566 2023 3625 Dominus
2105 3569 2307 3639 ritatis,
2364 3576 2419 3627 et
2466 3569 2707 3643 justitiaa
2756 3570 2956 3629 lumen
3013 3587 3129 3629 non
3185 3570 3334 3629 luxit
3391 3570 3579 3641 nobis,
3612 3576 3667 3629 et
3722 3571 3814 3628 sol

309 3663 469 3722 solus
495 3663 555 3720 in
602 3662 697 3719 die
730 3660 852 3732 illa,
884 3668 938 3717 et
982 3659 1137 3717 idola
1166 3659 1394 3733 penitus
1427 3666 1796 3715 conterentur
1837 3663 1893 3714 et
1930 3656 2023 3713 in-
2104 3659 2503 3732 intelligentiae
2540 3675 2656 3718 non
2695 3667 2779 3718 est
2814 3667 2976 3718 ortus
3011 3660 3176 3719 nobis
3197 3679 3212 3731 ;
3268 3660 3463 3718 lassati
3501 3674 3707 3718 sumus
3742 3660 3813 3718 in

311 3753 571 3810 troibunt
600 3751 660 3807 in
693 3750 1001 3822 speluncas
1031 3757 1320 3821 petrarum
1350 3756 1406 3804 et
1432 3748 1489 3804 in
1527 3748 1829 3820 voragines
1857 3755 2023 3817 terra:
2103 3748 2199 3805 via
2244 3748 2567 3823 iniquitatis
2615 3755 2671 3808 et
2716 3749 3073 3822 perditionis.
3112 3755 3170 3808 et
3207 3748 3639 3808 ambulavimus
3685 3748 3816 3807 vias

310 3842 509 3899 afacie
564 3838 895 3896 formidinis
955 3837 1232 3903 Domini,
1291 3844 1345 3893 et
1395 3853 1429 3893 a
1481 3836 1665 3908 gloria
1712 3835 2023 3908 majestatis
2104 3837 2408 3905 diﬂiciles;
2460 3838 2619 3897 viam
2670 3845 2865 3897 autem
2912 3838 3146 3898 Domini
3197 3838 3614 3911 ignoravimus.
3654 3838 3812 3907 Quid

311 3930 459 4002 ejus,
516 3944 651 3986 cum
703 3925 1027 3985 surrexerit
1079 3931 1370 3999 percutere
1416 3930 1626 3981 terram
1682 3928 1811 3992 (Isa.
1863 3930 1948 3992 ιι).
1993 3946 2020 3976 ››
2105 3928 2334 4001 profuit
2364 3928 2531 3986 nobis
2567 3928 2853 4000 superbia,
2895 3934 2996 3986 aut
3031 3927 3176 4000 quid
3212 3926 3550 3985 divitiarum
3582 3926 3813 3999 jactan-

314 4019 482 4085 Nunc
510 4023 737 4092 peccata
764 4014 1233 4088 delinquentium
1256 4013 1538 4071 Dominus
1568 4011 1737 4081 videt,
1756 4020 1812 4069 et
1842 4017 2019 4081 tacet;
2107 4017 2185 4074 tia
2215 4017 2458 4076 contulit
2494 4016 2663 4075 nobis
2690 4019 2716 4073 ?
2752 4017 3132 4077 Transierunt
3159 4018 3358 4075 omnia
3393 4018 3496 4076 illa
3533 4025 3813 4092 tanquam

317 4134 343 4157 ‹‹
380 4114 521 4165 tunc
552 4113 746 4164 autem
776 4106 1050 4177 loquetur
1075 4103 1145 4161 ad
1169 4119 1268 4161 eos
1291 4104 1352 4161 in
1381 4104 1462 4160 ira
1495 4118 1623 4174 sua,
1653 4111 1706 4160 et
1734 4105 1796 4159 in
1829 4103 2022 4160 furore
2111 4106 2335 4177 umbra,
2364 4113 2418 4164 et
2444 4113 2720 4179 tanquam
2749 4106 2996 4166 nuntius
3024 4122 3407 4180 praecurrens,
3439 4114 3495 4165 et
3533 4114 3809 4181 tanquam

314 4212 419 4255 suo
456 4193 821 4254 conturbabit
862 4207 959 4250 eos
1004 4194 1167 4262 (Psal.
1213 4192 1288 4261 11).
1328 4214 1347 4241 ι
1403 4189 1563 4249 Sicut
1598 4191 1719 4263 ipse
1752 4207 1852 4264 per
1888 4207 2020 4264 pro-
2105 4196 2292 4265 navis,
2344 4211 2475 4269 qua-3
2523 4196 2853 4269 pertransiit
2906 4196 3282 4254 ﬂuctuantem
3326 4211 3557 4269 aquam,
3615 4196 3807 4270 cujus,

313 4286 543 4360 phetam
603 4283 785 4341 dicit:
838 4303 865 4335 «
908 4281 1106 4352 Tacui,
1164 4281 1378 4356 inquit,
1433 4296 1658 4355 semper
1704 4281 1859 4349 silui,
1919 4297 2019 4354 pa-
2105 4298 2239 4340 cum
2272 4284 2632 4357 prteterierit,
2672 4299 2790 4341 non
2832 4288 2918 4340 est
2961 4284 3267 4357 vestigium
3308 4283 3573 4341 invenire
3617 4299 3813 4357 neque

314 4376 465 4433 tiens
504 4375 612 4444 fui,
655 4374 803 4431 sicut
830 4371 1158 4446 parturiens
1196 4370 1402 4444 loquar
1430 4372 1552 4442 (Isa.
1596 4380 1755 4443 XLII).
1791 4392 1818 4421 »
1850 4368 2053 4438 Quis-.
2105 4372 2367 4431 semitam
2421 4374 2633 4432 carinae
2685 4372 2849 4432 illius
2899 4372 2958 4431 in
3023 4372 3313 4432 ﬂuctibus.
3364 4374 3482 4431 Aut
3533 4379 3810 4445 tanquam

314 4465 447 4538 quis
486 4462 644 4522 enim
686 4462 929 4520 terrenis
967 4460 1283 4519 commodis
1324 4474 1481 4517 nunc
1524 4459 1727 4528 inhiat,
1756 4458 2069 4538 quisquis_
2105 4461 2249 4528 avis,
2277 4477 2412 4532 quas
2441 4461 2752 4519 transvolat
2778 4462 2841 4519 in
2869 4476 3019 4531 aere,
3048 4460 3279 4519 nullum
3303 4461 3605 4518 invenitur
3628 4476 3811 4532 argu-

314 4533 547 4612 lascivze
598 4553 788 4611 carnis
839 4549 1228 4621 voluptatibus
1284 4550 1551 4622 pascitur.
1605 4556 1743 4606 tunc
1786 4533 2082 4606 aeteran

311 4642 727 4701 combustionis
757 4641 889 4714 igne
917 4646 1311 4709 consumetur,
1343 4647 1398 4696 et
1435 4638 1620 4696 divini
1659 4639 1871 4697 furoris
1896 4637 2020 4712 gla-

310 4735 408 4792 dio
447 4732 833 4792 devorabitur.
881 4731 951 4790 Ut
988 4730 1145 4788 enim
1185 4729 1461 4803 propheta
1499 4727 1638 4785 dicit
1675 4744 1686 4782 :
1727 4750 1755 4781 «
1784 4728 1851 4785 In
1888 4729 2022 4801 igne

312 4823 418 4881 zeli
479 4821 709 4882 Domini
757 4818 1129 4878 devorabitur
1169 4817 1361 4875 omnis
1412 4822 1579 4885 terra,
1628 4824 1683 4873 et
1723 4816 1785 4873 in
1832 4816 2022 4889 gladio

311 4910 436 4984 ejus
481 4911 672 4971 omnis
714 4924 845 4967 caro
905 4909 1162 4979 (Sophon.
1204 4916 1265 4972 ι).
1302 4928 1327 4955 η
1373 4904 1498 4962 Illic
1532 4906 1654 4976 jam
1698 4921 1731 4961 a
1778 4904 2022 4963 Domino

314 5015 427 5059 non
469 5007 651 5074 potest
686 4997 892 5056 mereri
936 5010 1070 5069 quae
1122 4994 1262 5066 petit
1311 4993 1411 5065 qui
1450 4991 1544 5049 hic
1587 4993 1776 5050 noluit
1822 4993 2023 5051 audire

315 5104 449 5163 quae
485 5088 674 5161 jussit.
708 5089 758 5145 A
804 5085 1022 5161 quibus
1053 5082 1210 5141 enim
1256 5081 1454 5138 divina
1493 5095 1606 5138 vox
1650 5081 1709 5137 in
1759 5082 1861 5139 hac
1906 5082 2023 5138 vita

313 5177 648 5251 despicitur,
675 5183 811 5232 tunc
860 5174 1000 5231 falsa
1025 5187 1227 5230 eorum
1266 5169 1568 5239 humilitas
1596 5185 1730 5228 cum
1746 5171 2024 5245 precibus

311 5275 446 5327 ante
478 5268 720 5341 januam
756 5264 997 5320 veniens
1034 5277 1151 5320 non
1190 5259 1447 5329 auditur,
1475 5258 1573 5317 sed
1608 5259 1818 5318 dicitur
1855 5259 2015 5318 illis:

320 5384 346 5406 ‹‹
376 5354 578 5413 Nescio
603 5367 707 5411 vos
741 5371 753 5409 :
784 5354 886 5421 Ite,
917 5348 1229 5420 maledicti,
1261 5349 1323 5406 in
1354 5348 1548 5422 ignem
1581 5355 1886 5417 aeternum,
1917 5348 2019 5423 qui

311 5451 546 5520 paratus
591 5449 675 5501 est
716 5440 945 5499 diabolo
992 5446 1048 5497 et
1090 5437 1310 5512 angelis
1354 5437 1483 5510 ejus
1529 5440 1745 5508 (Matth.
1775 5442 1948 5507 XXV).
1993 5458 2015 5487 ι

317 5538 389 5596 Et
424 5550 557 5594 vere
594 5529 878 5589 Dominus
908 5544 1007 5602 per
1038 5527 1405 5586 Salomonem
1431 5527 1566 5585 dicit
1596 5549 1610 5584 :
1642 5548 1667 5580 α
1702 5525 1935 5597 Vocavi,
1966 5533 2023 5584 et

316 5621 634 5694 renuistis;
689 5618 921 5678 extendi
968 5631 1209 5675 manum
1257 5628 1467 5687 meam,
1494 5621 1550 5672 et
1593 5629 1710 5673 non
1756 5613 1868 5672 fuit
1919 5613 2021 5687 qui

2107 4557 2367 4608 mentum
2402 4550 2628 4608 itineris
2665 4549 2847 4622 illius,
2888 4550 2999 4625 sed,
3042 4557 3264 4609 tantum
3303 4551 3526 4609 sonitus
3563 4556 3649 4607 est
3685 4550 3811 4608 ala-

2103 4653 2235 4696 rum
2282 4638 2592 4697 verberans
2628 4639 2812 4696 levem
2860 4646 3122 4712 ventum,
3152 4646 3207 4698 et
3237 4639 3507 4699 scindens
3541 4654 3645 4712 per
3688 4640 3813 4698 vim

2104 4726 2324 4783 itineris
2384 4743 2598 4797 aerem,
2628 4727 2899 4785 commoti
2954 4728 3092 4786 salis
3143 4729 3535 4799 transvolavit,
3575 4736 3632 4786 et
3682 4738 3817 4802 post

2106 4816 2211 4873 hoc
2243 4815 2473 4873 nullum
2501 4815 2733 4888 signum
2774 4815 3072 4876 invenitur
3104 4817 3328 4876 itineris
3357 4819 3500 4891 ejus.
3531 4819 3652 4877 Aut
3680 4824 3816 4875 tan-

2106 4918 2282 4977 quam
2333 4903 2537 4977 sagitta
2589 4903 2799 4961 emissa
2836 4904 2896 4961 in
2940 4903 3133 4962 locum
3183 4904 3554 4974 destinatum,
3587 4905 3835 4967 divisus

2105 5008 2203 5050 aer
2222 4993 2496 5051 continuo
2536 4993 2595 5050 in
2623 5009 2685 5051 se
2713 4993 2973 5053 reclusus
3009 5000 3095 5053 est
3131 5002 3187 5053 et
3210 4995 3505 5067 ignoratur
3538 4996 3833 5055 transitus

2107 5082 2284 5150 illius,
2316 5080 2399 5138 sic
2453 5088 2508 5139 et
2556 5096 2661 5139 nos
2711 5083 2831 5139 nati
2885 5082 3163 5142 continuo
3205 5083 3526 5142 desivimus
3574 5099 3722 5153 esse,
3757 5095 3827 5143 el.

2106 5171 2340 5228 virtutis
2362 5170 2598 5244 quidem
2633 5171 2868 5243 signum
2895 5172 3127 5231 nullum
3156 5172 3451 5232 valuimus
3474 5173 3819 5243 ostendere;

2102 5259 2162 5315 in
2230 5258 2585 5332 malignitate
2668 5266 2862 5319 autem
2938 5268 3130 5320 nostra
3199 5261 3530 5335 consumpti
3603 5275 3831 5320 sumus

2102 5348 2253 5419 (Sap.
2285 5347 2358 5420 v).
2396 5370 2416 5398 ι
2460 5347 2622 5405 Talia
2663 5348 2941 5408 dixerunt
2989 5349 3051 5406 in
3098 5350 3324 5407 inferno
3370 5349 3413 5407 ii
3458 5349 3561 5424 qui
3608 5364 3828 5422 pecca-

2110 5443 2333 5507 verunt,
2394 5436 2665 5510 quoniam
2717 5452 2845 5510 spes
2901 5437 3068 5510 impii
3112 5446 3387 5512 tanquam
3437 5437 3653 5511 lanugo
3701 5444 3823 5509 est,

2101 5542 2234 5601 quae
2271 5542 2305 5584 a
2351 5533 2520 5585 vento
2570 5526 2824 5599 tollitur;
2876 5534 2932 5584 et
2981 5534 3252 5601 tanquam
3295 5543 3507 5603 spuma
3550 5528 3820 5602 gracilis,

2101 5631 2235 5688 quae
2268 5631 2305 5675 a
2346 5615 2595 5690 procella
2622 5615 3011 5691 dispergitur;
3052 5624 3107 5678 et
3139 5624 3413 5693 tanquam
3448 5617 3666 5689 fumus,
3704 5618 3836 5691 qui
