4078 6202
247 329 355 391 305

1461 324 1686 385 LIBER
1723 302 2095 396 QUARTUS,
2136 321 2376 383 EPIST.
2422 322 2549 383 v11.

3660 323 3763 382 306

242 475 279 516 a
324 464 496 516 vento
532 454 781 515 diffusus
825 460 944 525 est;
988 464 1042 513 et
1080 458 1358 525 tanquam
1396 452 1675 512 memoria
1715 448 2255 525 hospitisAnientis
2291 448 2528 507 oculum
2569 462 2683 505 non
2723 447 3008 506 timerem.
3051 446 3394 506 Terminum
3443 447 3591 506 mihi
3630 457 3755 522 post

247 546 428 607 unius
461 546 578 604 diei
608 544 1006 620 praetereuntis
1037 544 1170 616 (87).

856 686 1221 748 EPISTULA
1251 685 1351 746 VI.

692 807 768 854 AD
791 807 1068 855 JOANNEM
1100 806 1510 856 EPISCOPUM....

244 901 807 975 An_GUMENTUM._—
857 898 1033 958 Mittit
1086 901 1366 975 quosdam
1415 916 1579 975 suos
1609 898 1834 957 libellos
1886 898 1959 957 ad

315 972 602 1032 Joannem
641 971 991 1046 episcopum,
1032 971 1303 1046 quemad
1327 988 1532 1046 rerum
1568 972 1957 1046 humanarum

314 1042 711 1119 contemptum
759 1042 1134 1119 adhortatur;
1183 1043 1446 1119 ejusdem
1461 1059 1719 1119 quoque
1750 1042 1958 1119 amici-

315 1118 458 1197 tiam
488 1114 841 1197 se‘appetere
862 1115 1114 1197 ostendit
1143 1114 1522 1175 et'nonnulla'
1540 1116 1610 1174 ad
1627 1114 1958 1188 'utrinsqne

314 1188 562 1245 salutem
593 1186 759 1245 utilia
786 1187 1240 1245 communicare.

311 1291 536 1352 JOANNI
610 1294 1089 1352 reverendissimo
1158 1295 1442 1368 episcopo,
1521 1293 1756 1352 Parens
1826 1292 1959 1351 ulti-

238 1397 375 1440 mus
416 1382 837 1441 monachorum
876 1397 1078 1441 servus
1116 1383 1325 1441 debitae
1362 1382 1752 1442 venerationis
1788 1383 1957 1441 obse-

234 1487 475 1544 quium.

312 1556 722 1631 Dilectissime,
748 1559 849 1632 qui
876 1558 1170 1620 excelsum
1199 1566 1451 1619 montem
1482 1560 1677 1619 subire
1706 1560 1957 1632 festinat,

239 1664 475 1706 necesse
513 1655 599 1705 est
641 1656 708 1706 ut
744 1647 815 1705 ad
852 1649 977 1722 ejus
1013 1649 1283 1707 verticem
1319 1649 1610 1722 graduum
1648 1650 1957 1722 interposi-

237 1736 395 1794 tione
459 1736 827 1794 conscendat.
889 1734 1242 1810 Quapropter
1302 1752 1407 1807 ego
1464 1737 1537 1795 ad
1593 1737 1957 1796 celsitudinis

235 1830 449 1883 vestra)
506 1824 773 1882 notitiam
827 1826 1130 1897 pervenire
1182 1825 1463 1897 desidero,
1527 1832 1721 1900 utpote
1781 1812 2021 1885 eccle-B

232 1912 469 1971 siastico
490 1912 641 1985 viro,
664 1919 720 1971 et
744 1928 915 1985 super
939 1919 1195 1971 montem
1226 1911 1365 1972 Sion
1395 1911 1678 1973 divinitus
1706 1914 1953 1989 elevato,

230 2002 699 2061 ecclesiasticum
755 2002 1175 2061 munusculum
1231 2002 1519 2060 scalarum
1589 2018 1744 2062 more
1804 2020 1956 2078 pra:-

237 2091 426 2159 mitto,
457 2090 598 2164 quia
628 2105 783 2160 vero,
815 2106 932 2149 non
964 2106 1131 2149 vanae
1160 2090 1363 2163 glorias
1399 2090 1800 2161 ostentatione,
1839 2108 1955 2151 non

230 2179 552 2253 corporalis
588 2179 875 2239 commodi
914 2179 1180 2247 utilitate,
1222 2177 1313 2236 vel
1365 2193 1492 2236 mea
1536 2180 1603 2237 ad
1655 2195 1758 2239 vos
1808 2197 1954 2256 opu-

233 2267 398 2326 scula
471 2267 698 2338 dirigo,
774 2266 867 2325 vel
920 2271 1166 2326 vestram
1228 2266 1471 2340 gratiam
1532 2269 1800 2342 requiro;
1865 2271 1954 2329 illi

238 2356 458 2415 melius
532 2356 817 2414 satisfacio
880 2372 1056 2430 quem
1122 2357 1193 2416 de
1258 2358 1442 2418 oculis
1493 2359 1759 2419 cordium
1812 2357 1953 2415 106

234 2444 494 2513 iudicare
548 2445 676 2503 sine
724 2444 844 2503 ulla
895 2444 1255 2504 dubitatione
1305 2462 1602 2520 cognosco.
1646 2448 1947 2517 Praeterea,

233 2534 610 2592 dilectissime
658 2532 806 2591 mihi
848 2540 1009 2608 pater
1050 2541 1105 2591 et
1143 2534 1399 2604 domine,
1447 2535 1610 2595 vides
1650 2537 1773 2611 ipse
1812 2538 1954 2612 quia

230 2629 441 2682 cuncta
470 2622 809 2695 temporalia
839 2621 1112 2695 fugiunt;
1152 2639 1288 2697 quas
1325 2624 1385 2681 in
1426 2624 1535 2683 hoc
1572 2627 1790 2687 mundo
1822 2643 1950 2701 pos-

229 2713 496 2771 sidemus
546 2713 649 2771 diu
694 2713 999 2772 nobiscum
1047 2730 1282 2773 manere
1324 2730 1445 2774 non
1490 2724 1754 2790 possunt.
1806 2721 1951 2778 Ter-

231 2802 355 2860 reni
397 2804 653 2861 honores
691 2811 747 2860 et
784 2803 1113 2876 dignitates,
1153 2804 1320 2878 quasi
1359 2807 1582 2873 fumus,
1625 2823 1741 2880 quo
1775 2809 1952 2869 altius

228 2889 603 2948 extolluntur
634 2890 695 2947 in
723 2890 980 2949 nihilum
1011 2892 1275 2961 redeunt,
1317 2899 1372 2949 et
1411 2894 1708 2952 mundana
1751 2899 1950 2956 omnia

232 2979 352 3052 ipso
390 2981 516 3051 jam
557 2978 777 3037 mundo
812 2978 886 3036 ad
922 2979 1101 3038 ﬁnem
1141 2980 1373 3054 delapso
1410 2983 1719 3042 subsistere
1753 2986 1949 3044 nulla-

234 3074 401 3126 tenus
437 3075 698 3141 possunt.
737 3068 854 3126 Nos
901 3069 1096 3139 etiam,
1151 3071 1253 3144 qui
1309 3071 1402 3129 hic
1454 3078 1610 3129 tanto
1664 3072 1950 3133 desiderio

2042 547 2270 614 tempus
2305 538 2569 612 paschale
2604 538 2903 613 praefigite,
2935 545 2991 596 et
3028 544 3093 597 ut
3126 538 3198 595 ad
3229 553 3331 595 vos
3365 538 3621 609 veniam,
3649 557 3753 598 ve-

2040 638 2173 691 strae
2226 631 2545 690 sanctitatis
2603 629 2937 689 auctoritate
2989 629 3204 702 jubete.
3264 628 3400 687 Peto
3453 628 3650 699 etiam,
3706 629 3754 686 si

2041 722 2241 798 placet,
2283 727 2348 780 ut
2392 721 2546 796 quod
2590 720 2786 779 latoris
2823 719 3198 792 praesentium
3238 734 3336 778 ore
3373 718 3750 791 depromitur,

2041 812 2345 872 elﬁcaciter
2373 810 2666 870 audiatur.

2628 913 2996 974 EPISTOLA
3028 912 3156 971 VII.

2564 1017 2641 1065 AD
2670 1017 2779 1062 N...
2806 1014 3216 1062 EPISCOPUM....

2039 1103 2484 1160 ARGUMENTUM.
2520 1125 2587 1136 -—
2617 1092 3102 1165 Hancepistolam
3141 1091 3385 1164 scripsit,
3432 1107 3569 1150 cum
3605 1098 3755 1165 esset

2112 1172 2170 1228 in
2211 1170 2434 1237 itinere,
2479 1173 2544 1225 ut
2582 1168 2704 1240 ipse
2741 1163 2857 1231 ait';
2899 1163 3169 1240 admonet
3201 1163 3398 1240 autem
3435 1164 3750 1240 quemdam

2110 1233 2462 1319 episcopum,
2514 1244 2579 1319 ut
2604 1233 2658 1294 ’a
2707 1234 3050 1319 muneribus
3106 1233 3422 1319 impiorum
3455 1233 3751 1319 accipien-

2109 1305 2199 1371 dis
2255 1305 2555 1377 abstineat,
2618 1324 2690 1365 ne
2757 1311 3114 1380 peccatorum
3151 1305 3516 1380 eorumdem
3581 1305 3753 1380 parti-

2110 1399 2243 1457 ceps
2302 1375 2634 1457 tiat.__Quod
2699 1375 2773 1435 et'
2807 1392 2983 1457 sacra;
3044 1375 3751 1457 Scriptumﬁauctoritate

2099 1446 2197 1525 ,et‘
2231 1446 2653 1529 nonnullorum
2721 1447 3005 1529 exemplis
3074 1446 3297 1529 pro—bat.
3358 1446 3587 1528 Oportet
3638 1447 3748 1519 igi-

2111 1535 2226 1594 tur,
2279 1525 2379 1594 ait,
2431 1537 2708 1594 magnam
2761 1518 3091 1594 cautionem
3143 1518 3427 1594 adhiberi,
3488 1533 3559 1575 ne
3616 1518 3748 1594 pas-

2110 1588 2223 1654 sim
2259 1595 2331 1653 ab
2363 1588 2641 1652 omnibus
2678 1593 2830 1649 dona
2856 1589 3244 1663 accipiantur,
3276 1588 3373 1647 sed
3415 1588 3639 1648 tantum
3674 1589 3749 1646 ab

2109 1668 2184 1726 iis
2208 1682 2471 1749 quorum
2511 1678 2753 1723 munera
2791 1662 2961 1720 etiam
2990 1660 3136 1719 'Deo
3188 1666 3416 1733 accepta
3467 1675 3589 1719 esse
3632 1676 3749 1721 non

2147 1739 2442 1796 mbigitur.

2109 1754 2264 1797 amni
2309 1754 2442 1796 ltul‘.

2110 1754 2332 1890 Domgo
2369 1828 2487 1887 N...
2530 1825 2879 1884 venerandae
2926 1823 3242 1882 sanctitatis
3295 1821 3580 1897 episcopo,
3637 1821 3746 1881 PE-

2038 1931 2186 1979 TRUS
2215 1922 2472 1992 peccator
2495 1913 2814 1973 monachus
2843 1913 3108 1970 salutem.

2108 2006 2509 2077 Dilectissime,
2549 2005 2682 2064 licet
2720 2004 2780 2061 in
2818 2003 3025 2062 itinere
3061 2002 3430 2071 constitutus,
3464 2016 3745 2075 nequeam

2038 2097 2267 2155 elimate
2305 2094 2447 2168 quid
2484 2092 2751 2162 scribere,
2791 2091 3005 2150 rectius
3035 2096 3227 2149 tamen
3252 2090 3454 2163 judico
3488 2105 3611 2147 rem
3640 2105 3743 2149 ne-

2037 2188 2344 2246 cessariam
2396 2191 2713 2259 utcumque
2768 2183 3018 2255 signare,
3074 2177 3216 2234 107
3284 2194 3461 2253 quam
3515 2179 3748 2252 penitus

2036 2276 2266 2335 silentio
2296 2273 2608 2347 prmterire.
2648 2272 2811 2342 Quod
2853 2271 3031 2344 igitur
3065 2284 3162 2326 ore
3199 2268 3270 2325 ad
3310 2283 3376 2326 os
3413 2267 3748 2341 frequenter

2033 2364 2332 2433 admonui,
2362 2364 2637 2437 idipsum,
2674 2376 2832 2420 nunc
2861 2359 3123 2434 apicibus
3152 2356 3385 2431 replico,
3417 2365 3473 2415 et
3504 2372 3577 2415 ne
3616 2372 3743 2415 reo-

2035 2470 2167 2515 rum
2210 2452 2611 2527 quorumlibet
2656 2452 2958 2509 hominum
3007 2454 3058 2507 te
3105 2448 3447 2506 muneribus
3491 2446 3741 2521 polluas,

2036 2544 2301 2603 funditus
2338 2543 2640 2602 interdico.
2688 2542 2978 2616 Scriptum
3013 2547 3099 2599 est
3134 2540 3292 2598 enim
3321 2559 3333 2597 :
3373 2564 3392 2589 ι
3425 2538 3745 2597 Immolans

2036 2632 2436 2703 (Immolantis)
2475 2648 2550 2689 ex
2587 2631 2790 2706 iniquo
2828 2629 3041 2703 oblatio
3079 2636 3164 2687 est
3204 2628 3501 2697 maculata,
3533 2632 3590 2686 et
3626 2642 3743 2685 non

2034 2729 2173 2782 sunt
2203 2722 2577 2795 beneplacitee
2616 2719 3095 2779 subsannationes
3142 2718 3496 2790 injustornm
3548 2719 3739 2787 (Ecch'.

1995 2873 1999 2877 _
2033 2814 2273 2883 XXXIV).
2310 2835 2331 2861 η
2368 2812 2482 2869 Cur
2506 2810 2662 2869 enim
2682 2826 2801 2868 non
2830 2824 3099 2867 veremur
3124 2806 3379 2880 accipere
3403 2822 3537 2881 quae
3559 2805 3744 2864 Deum

2034 2903 2311 2960 novimus
2368 2898 2721 2973 reprobare?
2776 2899 2931 2957 Hinc
2996 2900 3205 2957 iterum
3270 2896 3547 2971 scriptum
3604 2902 3736 2955 est:

2035 3011 2063 3044 «
2101 2990 2263 3048 Dona
2300 2990 2638 3064 iniquorum
2679 3003 2793 3047 non
2839 2988 3040 3061 probat
3088 2986 3445 3055 Altissimus,
3497 3000 3600 3042 nec
3649 3002 3738 3044 re-

2031 3080 2197 3153 spicit
2233 3080 2296 3137 in
2336 3078 2725 3139 oblationibus
2754 3078 3088 3151 impiorum,
3120 3093 3228 3135 nec
3265 3075 3327 3133 in
3364 3074 3743 3134 multitudine

230 3156 569 3231 incipimus,
610 3164 1013 3216 momentanea
1048 3159 1208 3217 febre
1250 3161 1517 3234 correpti,
1562 3160 1753 3220 subito
1796 3167 2002 3228 cun-G
2027 3168 2441 3227 sacriﬁciorum
2485 3181 2687 3225 eorum
2724 3165 3133 3239 propitiabitur
3174 3163 3419 3238 peccatis
3459 3165 3659 3237 (1bid.).
3709 3186 3737 3214 η

227 3255 315 3305 cta
362 3248 726 3315 deserimus;
776 3256 834 3306 et
878 3256 1017 3307 tunc
1055 3250 1180 3308 sine
1227 3250 1407 3308 dubio
1456 3251 1736 3310 discimus
1783 3253 1943 3311 nulla

182 3351 190 3357 ’
226 3337 411 3396 fuisse
448 3352 586 3412 quae
626 3338 885 3395 maxima
915 3337 1310 3398 credebamus.
1357 3339 1489 3399 Sola
1520 3356 1692 3412 opera
1727 3350 1940 3411 nostra,

227 3428 348 3487 sive
380 3431 558 3496 bona,
594 3430 717 3486 sive
758 3427 927 3499 mala,
968 3444 1084 3487 non
1124 3438 1389 3503 pereunt,
1435 3431 1533 3489 sed
1580 3432 1643 3488 in
1686 3432 1943 3489 districto

220 3520 498 3576 examine
539 3519 825 3577 tremendi
860 3519 1081 3578 Judicis
1123 3520 1451 3578 ventilanda
1488 3530 1810 3580 servantur.
1854 3522 1941 3581 Tu

224 3599 418 3676 igitur,
465 3602 865 3675 dilectissime,
907 3604 1057 3662 intra
1093 3605 1507 3663 conscientiam
1547 3612 1706 3663 tuam
1746 3622 1942 3664 rever-

222 3698 363 3763 tere,
402 3701 461 3751 et
496 3693 641 3752 dum
672 3694 830 3767 licet,
871 3695 1012 3768 quid
1053 3701 1226 3754 tantae
1266 3694 1549 3768 majestati
1598 3696 1942 3769 respondere

223 3782 456 3855 debeas,
498 3783 785 3841 sollicitus
834 3785 1128 3844 meditare.
1181 3784 1365 3844 Pensa
1416 3786 1550 3859 quis
1605 3792 1792 3844 tecum
1850 3802 1936 3844 ra.

222 3867 442 3927 tionem
483 3870 776 3942 positurus
814 3872 1023 3940 veniat,
1053 3887 1231 3946 quam
1266 3870 1647 3944 multiplicem
1684 3872 1941 3931 fructum

223 3972 331 4029 pro
363 3967 481 4016 tam
514 3960 707 4030 ampla
744 3957 1095 4019 villicatione
1123 3965 1226 4020 tua
1256 3960 1533 4035 requirat.
1577 3958 1737 4017 Scias
1771 3958 1941 4018 deni-

221 4061 341 4119 que
393 4049 599 4122 procul
649 4049 846 4121 dubio,
894 4059 1053 4125 pater
1106 4050 1465 4121 charissime,
1522 4052 1657 4124 quia
1699 4051 1940 4125 gratiam

224 4144 383 4196 tuam
419 4145 479 4197 et
508 4139 722 4198 bonam
756 4139 1110 4199 voluntatem
1148 4157 1374 4215 semper
1411 4142 1621 4200 habere
1656 4141 1937 4210 desidero,

221 4234 279 4282 et
318 4227 567 4285 salutem
602 4233 760 4285 tuam
802 4244 917 4287 non
956 4230 1146 4288 solum
1184 4231 1417 4302 animae,
1452 4231 1552 4288 sed
1590 4230 1765 4288 etiam
1813 4244 1940 4287 cor-

218 4314 377 4386 poris
405 4315 753 4376 medullitus
781 4318 1141 4391 concupisco.
1176 4318 1530 4393 Quapropter
1557 4320 1629 4378 de
1658 4326 1756 4377 tuo
1791 4318 1938 4377 mihi

215 4406 458 4464 servitio
522 4407 867 4466 tiducialiter
928 4410 1194 4482 praecipe,
1252 4425 1461 4485 meque
1526 4411 1629 4469 tibi
1694 4409 1940 4468 libenter

2024 3257 2096 3315 Et
2145 3256 2285 3314 alibi
2326 3280 2338 3312 ε
2396 3275 2424 3308 α
2469 3254 2733 3313 Victimae
2788 3254 3101 3329 impiorum
3150 3251 3571 3311 abominabiles
3622 3250 3737 3309 Do-

2024 3345 2185 3404 mino
2230 3349 2409 3417 (Prov.
2459 3349 2586 3414 XV).
2631 3364 2659 3397 »
2702 3344 2771 3401 Et
2802 3342 3146 3402 Psalmista:
3183 3362 3210 3395 α
3245 3341 3370 3399 Νοι]
3419 3339 3577 3399 dabit
3623 3339 3741 3397 Deo

2022 3435 2406 3509 placationem
2435 3449 2622 3506 suam,
2655 3449 2760 3491 nec
2784 3433 3033 3507 pretium
3076 3429 3487 3504 redemptionis
3521 3429 3736 3486 animm

2024 3540 2147 3583 suae
2176 3526 2345 3592 (Psal.
2378 3526 2606 3591 XLVIII).
2640 3543 2667 3575 »
2700 3523 2816 3581 Cur
2856 3521 3029 3579 etiam
3075 3519 3224 3577 illud
3273 3518 3345 3576 ad
3392 3516 3731 3576 memoriam

2024 3628 2141 3671 non
2190 3612 2538 3681 reducimus,
2580 3610 2733 3686 quod
2771 3609 2929 3669 Giezi
2968 3614 3257 3682 perpetuae
3291 3606 3470 3680 lepra;
3507 3605 3732 3664 scabre-

2022 3703 2219 3760 dinem
2270 3701 2484 3770 induit,
2541 3700 2682 3757 dum
2733 3698 2924 3757 oblata
2978 3697 3235 3755 Naaman
3298 3695 3429 3770 Syri
3491 3709 3734 3752 munera

2022 3789 2396 3863 concupivit?
2434 3790 2535 3853 (IV
2568 3791 2699 3856 Reg.
2742 3788 2823 3858 v.)
2865 3785 2975 3845 Sed
3029 3789 3092 3842 ut
3142 3790 3411 3843 caveatur
3456 3781 3731 3853 exitium,

2022 3879 2182 3939 aliud
2221 3878 2412 3936 adhuc
2458 3877 2791 3934 adnectatnr
2845 3873 3200 3947 exemplum.
3258 3871 3546 3931 Gerardus
3597 3885 3734 3927 sane

2023 3968 2328 4040 religiosus
2354 3965 2625 4023 Ecclesia)
2656 3964 3005 4022 Florentius:
3028 3961 3342 4021 canonicus
3371 3975 3557 4034 nuper
3587 3958 3730 4015 mihi

2024 4057 2221 4116 retulit
2262 4056 2391 4123 ista,
2446 4070 2581 4128 quae
2636 4069 2826 4112 narro.
2889 4050 3319 4111 Hildebrandus
3368 4064 3559 4109 comes
3618 4048 3735 4106 Tu-

2024 4147 2160 4204 scite
2214 4144 2295 4216 (in
2348 4143 2659 4214 Tusciam),
2716 4142 2815 4215 qui
2861 4142 3158 4200 dicebatur
3205 4139 3276 4198 de
3325 4137 3615 4212 Capuana,
3666 4135 3729 4192 in

2024 4240 2247 4292 tantum
2299 4233 2464 4290 dives
2504 4240 2625 4290 erat
2675 4247 2744 4290 ac
2796 4217 3120 4305 praepotens
3167 4234 3231 4287 ut
3278 4226 3627 4301 gloriaretur
3671 4239 3732 4282 se

2021 4324 2221 4397 plures
2260 4322 2467 4379 habere
2514 4329 2703 4380 curtes
2745 4326 2916 4394 atque
2952 4319 3184 4379 castella
3222 4333 3399 4392 quam
3437 4316 3561 4374 dies
3617 4314 3735 4373 sint

2022 4411 2123 4483 qui
2163 4416 2547 4468 numerantur
2584 4409 2639 4465 in
2678 4424 2852 4466 anno.
2896 4407 3051 4466 Hinc
3087 4406 3484 4481 presbyterum
3523 4418 3733 4478 quem-

212 4493 456 4553 obedire
494 4495 894 4555 indubitanter
928 4512 1194 4571 agnosce.
1237 4497 1356 4571 Ego
1391 4498 1587 4572 itaque
1624 4498 1762 4571 quia
1803 4514 2000 4579 mu-D
2022 4500 2176 4567 dam,
2207 4497 2545 4569 religiosum
2578 4495 2841 4554 videlicet
2866 4501 2921 4551 et
2955 4495 3264 4553 honestum
3303 4493 3518 4562 virum,
3559 4490 3735 4563 spiri-

210 4598 360 4641 nera
406 4591 632 4643 terrena
672 4602 789 4644 non
832 4586 1034 4658 habeo,
1075 4585 1450 4659 despicabilia
1488 4587 1592 4645 tibi
1630 4587 1939 4661 opusculo-
2024 4589 2238 4647 tualem
2290 4586 2403 4643 sibi
2452 4586 2658 4641 fecerat
2706 4590 2945 4656 patrem,
2988 4598 3023 4640 a
3069 4596 3186 4657 quo
3231 4588 3287 4641 et
3334 4580 3734 4654 pmnitentiam

212 4686 355 4728 rum
397 4687 660 4731 meorum
698 4675 849 4732 dona
889 4675 1236 4745 transmitto,
1274 4690 1394 4734 non
1440 4682 1503 4733 ut
1546 4691 1647 4748 per
1687 4676 1796 4734 hoc
1839 4676 1940 4733 de-

214 4758 503 4819 fensionis
533 4768 650 4819 tuae
678 4762 1061 4835 patrocinium
1090 4778 1369 4833 quaeram,
1404 4763 1501 4821 sed
1543 4770 1608 4821 ut
1642 4764 1714 4820 ad
1752 4764 1940 4821 cordis

213 4845 305 4902 tui
365 4847 701 4906 cubiculum
750 4849 968 4922 linguae
1022 4865 1166 4909 mete
1215 4851 1470 4923 vestigiis
1522 4852 1745 4910 aditum
1792 4868 1939 4924 pan-

216 4931 406 5003 dam;
433 4950 551 4994 non
582 4944 646 4995 ut
674 4938 822 4995 mihi
846 4938 1023 5011 prosit
1045 4938 1360 5008 auxilium,
1386 4940 1485 4998 sed
1518 4948 1581 5000 ut
1615 4956 1811 5000 meum
1838 4942 1939 4999 tibi

218 5022 421 5080 valeat
490 5025 760 5098 prodesse
830 5027 1163 5087 consilium.
1232 5028 1527 5087 Nonnulla
1587 5030 1803 5104 quippe
1868 5030 1941 5088 ab

214 5110 559 5173 humilitate
604 5132 731 5174 mea
775 5117 939 5176 vobis
986 5126 1125 5176 sunt
1171 5119 1531 5191 suggerenda
1583 5136 1698 5179 non
1751 5119 1939 5177 solum

210 5201 290 5257 ad
353 5204 628 5276 futuram,
675 5206 775 5263 sed
823 5207 996 5265 etiam
1049 5206 1118 5264 ad
1162 5218 1508 5280 praesentem
1552 5208 1730 5266 vitam
1778 5207 1942 5265 vobis

213 5288 486 5348 maxime
538 5293 880 5353 necessaria.
942 5294 1200 5363 Quorum
1257 5295 1530 5355 videlicet
1584 5284 1815 5371 partem
1880 5295 1940 5353 in

213 5378 332 5437 hac
375 5381 542 5438 etiam
580 5382 819 5455 epistola
855 5384 1185 5457 scriberem,
1226 5384 1275 5443 si
1313 5386 1614 5445 curiosum
1665 5400 1941 5459 superve-

2021 4692 2097 4734 ex
2144 4690 2303 4734 more
2340 4672 2703 4745 percipiebat.
2747 4671 2827 4729 De
2864 4685 2980 4745 quo
3012 4671 3347 4744 presbytero
3383 4669 3535 4727 alius
3571 4684 3733 4742 pres-

2023 4768 2206 4838 byter,
2238 4760 2547 4820 Rainerius
2588 4759 2843 4829 nomine,
2881 4760 3029 4817 hanc
3058 4758 3343 4818 visionem
3387 4759 3549 4827 vidit,
3578 4756 3731 4831 quod

2022 4868 2135 4910 non
2181 4866 2356 4924 parva
2381 4865 2494 4908 vox
2529 4848 2723 4907 sonuit
2753 4864 2886 4921 quae
2916 4846 3090 4906 illum
3120 4847 3427 4906 ascendere
3454 4845 3731 4903 inclama-

2022 4942 2107 4998 vit
2158 4959 2170 4998 ε
2235 4961 2259 4988 α
2315 4939 2497 5009 Petre,
2551 4937 2777 5010 inquit,
2833 4936 3158 5009 presbyter,
3215 4960 3242 4987 ι)
3296 4937 3377 4993 sic
3430 4935 3624 5004 enim,
3683 4933 3733 4991 si

2022 5030 2130 5086 rite
2177 5037 2361 5096 teneo,
2403 5025 2729 5090 vocabatur,
2776 5048 2800 5074 α
2841 5024 3084 5082 ascende
3122 5023 3254 5080 huc.
3303 5047 3322 5073 ιο
3367 5021 3506 5080 Haec
3540 5027 3735 5079 autem

2024 5132 2140 5174 vox
2181 5122 2296 5174 tam
2335 5129 2546 5184 magna
2584 5112 2762 5171 fuisse
2805 5111 3018 5169 dicitur
3054 5116 3119 5169 ut
3157 5109 3227 5168 ad
3261 5111 3389 5182 ejus
3420 5110 3735 5168 vehemen-
3822 5132 3845 5142 -

2026 5207 2160 5262 tiam
2202 5203 2472 5262 nonnulli
2511 5204 2581 5261 de
2618 5216 2822 5259 somno
2860 5198 3077 5257 fuerint
3111 5198 3362 5257 excitati.
3411 5198 3499 5257 Ad
3561 5199 3737 5273 hujus

2023 5294 2182 5351 vocis
2218 5291 2529 5364 imperium
2568 5288 2862 5362 presbyter
2897 5286 3154 5344 ascendit
3195 5286 3257 5344 in
3305 5287 3599 5359 quoddam
3637 5302 3734 5344 ar-

2024 5384 2158 5442 duae
2203 5378 2565 5440 celsitudinis
2605 5376 3084 5450 promontorium.
3116 5375 3173 5433 ls
3200 5382 3392 5435 autem
3424 5376 3528 5447 qui
3563 5389 3736 5433 voca-

278 5553 401 5627 ιδῖξ
428 5553 561 5627 Finis
596 5556 757 5622 hujus
779 5559 1021 5627 epistolae
1054 5560 1207 5613 deﬂe.
1244 5562 1298 5627 in
1332 5575 1462 5615 mss.
1495 5567 1549 5615 et
1582 5564 1849 5627 petendus
1886 5563 2101 5616 videtur
2133 5571 2203 5613 ex
2236 5557 2323 5609 ﬁn.
2360 5569 2447 5620 ep.
2480 5555 2511 5605 8
2553 5553 2648 5605 lib.
2683 5563 2785 5604 vm
2818 5548 2978 5614 intra,
3016 5560 3139 5615 qua
3171 5555 3254 5604 est
3285 5552 3530 5615 ejusdem
3564 5561 3733 5614 argu-

207 5614 423 5675 menti,
444 5614 739 5683 iisdemque
772 5614 1056 5673 sententiis
1089 5630 1142 5674 et
1182 5625 1374 5675 verbis.
