4078 6202
317 298 422 360 307
838 294 897 357 S.
937 296 1160 358 PETRI
1198 291 1521 354 DAMIANI
1560 290 1718 351 OPP.
1763 286 1953 348 PARS
1992 286 2135 348 SEU
2174 289 2424 363 TOMUS
2468 292 2522 352 Ι.
2563 325 2629 337 -
2669 293 2906 354 EPIST.
2949 292 3094 353 LIB.
3136 291 3293 351 VIII.
3713 296 3820 357 308

320 433 481 487 verat
518 430 752 491 sanctus
791 426 1138 493 Benedictus
1169 439 1294 487 esse
1334 420 1653 479 videbatur.
1688 418 1821 478 Post
1847 417 2092 497 hujusA
2111 419 2290 479 cium.
2352 421 2461 481 Sed
2505 439 2727 497 precor.
2757 425 2856 495 ait,
2886 424 2980 484 dic
3020 423 3220 483 domui
3272 438 3438 494 mem,
3471 429 3538 482 ut
3584 423 3826 483 reddam

318 522 517 579 autem
562 516 774 576 montis
811 532 1118 581 ascensum
1148 513 1304 572 illico
1337 509 1630 583 presbyter
1658 514 1772 566 toto
1800 523 2034 581 corpore
2117 509 2529 580 possessionem
2580 511 2644 570 B.
2697 512 2912 583 Marim,
2943 528 3120 586 quam
3162 511 3399 583 abstuli,
3431 512 3477 570 si
3517 512 3659 571 forte
3702 528 3826 571 me-

321 624 445 668 sese
507 609 789 681 comperit
859 624 982 667 esse
1052 606 1365 678 leprosum,
1444 616 1699 674 moxque
1764 615 2033 673 prorum-
2116 614 2243 656 rear
2293 598 2365 656 ab
2420 599 2532 669 his,
2583 601 2642 656 in
2702 601 2917 673 quibus
2963 608 3178 672 teneor,
3226 600 3414 673 poenis
3457 600 3698 659 absolvi.
3743 601 3828 659 De

316 715 501 772 pens:
536 698 707 756 Heu!
741 698 857 755 heu
886 701 897 755 l
926 693 1139 771 inquit,
1164 708 1271 755 cur
1292 691 1472 767 hujus
1497 687 1843 761 pestilentim
1867 687 2035 761 plaga
2116 702 2229 760 qua
2267 693 2459 745 tamen
2500 688 2740 746 ecclesia
2779 690 2843 747 B.
2890 689 3089 747 Marim
3142 689 3493 763 loqueretur,
3535 689 3831 763 presbyter

317 804 413 846 me
442 785 687 861 perdidit
717 784 745 842 ?
783 782 890 842 Cui
928 783 992 840 B.
1030 780 1376 840 Benedictus
1408 799 1418 837 :
1450 777 1691 852 Diplois,
1722 777 1824 846 ait,
1855 790 2231 852 quamF/non
2263 778 2519 849 agnovit,
2565 782 2619 834 et
2653 778 2985 839 viventibus
3026 777 3350 852 specialiter
3379 777 3682 851 designare
3707 794 3829 836 non

318 874 619 948 suscepisti
656 873 727 931 de
764 871 1127 945 eleemosyna
1161 868 1389 937 comitis
1435 864 1824 924 Hildebrandi
1884 869 2034 934 (nam
2117 867 2322 939 potuit.
2364 867 2646 926 Prmterea
2688 867 2985 941 presbyter
3018 869 3081 925 in
3123 867 3413 927 anteriora
3450 866 3827 937 contendens,

319 964 474 1022 idem
523 960 953 1019 Hildebrandus
1005 965 1145 1021 tunc
1199 972 1388 1029 nuper
1442 955 1678 1021 obierat)
1742 954 1869 1011 hmc
1929 952 2036 1010 tibi
2117 954 2265 1012 vidit
2321 956 2562 1016 domum
2614 956 2790 1015 nimis
2849 956 3189 1014 horrendam
3252 962 3427 1029 atque
3488 956 3827 1027 terribilem,

318 1068 484 1113 versa
532 1057 616 1108 est
673 1050 733 1107 in
793 1049 1011 1122 lepram
1063 1066 1076 1103 :
1124 1045 1498 1122 quamobrem
1551 1042 1723 1101 redde
1764 1042 2035 1100 transito-
2116 1043 2429 1116 pluresque
2474 1044 2769 1104 ministros
2818 1044 3076 1118 ejusdem
3126 1043 3331 1102 domus
3380 1058 3546 1117 mque
3590 1045 3831 1116 feroces,

320 1142 467 1200 riam
504 1146 744 1212 vestem,
787 1139 836 1197 si
882 1140 970 1197 vis
1008 1142 1297 1213 perpetem
1335 1135 1510 1209 leprm
1559 1134 1740 1191 vitare
1782 1131 2030 1206 prurigi-
2117 1136 2330 1202 torvos,
2361 1149 2425 1190 ac
2454 1134 2581 1192 visu
2611 1136 2734 1209 ipso
2764 1133 3179 1206 formidabiles,
3223 1133 3324 1209 qui
3367 1134 3646 1192 nimirum
3691 1135 3832 1192 hinc

320 1248 475 1291 nem.
534 1231 676 1289 Hmc
731 1231 887 1288 enim
937 1228 1168 1287 odibilis
1218 1243 1286 1285 ac
1334 1226 1650 1301 perniciosa
1696 1225 1870 1283 vestis
1924 1224 2035 1283 sibi
2115 1222 2250 1280 inde
2292 1238 2425 1281 cum
2464 1238 2672 1295 magna
2713 1224 3034 1296 frequentia
3075 1223 3466 1282 discurrentes
3512 1224 3832 1281 anxiaban-

318 1322 578 1397 quidem,
622 1326 685 1379 tit
722 1318 1026 1392 conspicis,
1067 1316 1282 1384 nocuit,
1326 1315 1410 1372 illi
1451 1329 1585 1371 vero
1615 1313 1763 1371 nihil
1796 1314 2035 1372 omnino
2116 1317 2230 1382 tur,
2263 1312 2635 1383 anhelabant,
2669 1319 2724 1371 et
2755 1312 2949 1370 nescio
2982 1312 3126 1387 quid
3160 1327 3440 1386 magnum
3478 1313 3637 1371 velut
3674 1330 3833 1387 egre-

318 1411 575 1486 profecit.
613 1411 682 1469 Ut
712 1409 850 1484 quid
892 1425 1027 1482 ergo
1058 1422 1366 1481 pravorum
1410 1404 2032 1483 quorumlibet-homi-
2114 1399 2277 1474 gium
2325 1401 2723 1474 praestolantes
2768 1401 3073 1475 hospitem,
3111 1402 3526 1475 prmparabant.
3564 1400 3833 1477 Cumque

322 1517 465 1563 num
504 1514 748 1559 munera
786 1499 1130 1572 qumrimus,
1159 1511 1294 1554 cum
1323 1511 1524 1553 eorum
1554 1495 1781 1568 qumvis
1819 1494 2034 1553 oblatio
2114 1490 2391 1563 prmfatus
2443 1491 2784 1566 presbyter,
2848 1491 2989 1566 quid
3063 1493 3171 1550 hoc
3228 1498 3413 1564 esset,
3474 1493 3832 1566 stupefactus

321 1594 374 1648 et
407 1588 649 1648 illorum
686 1592 935 1661 nequeat
970 1585 1199 1644 abolere
1237 1583 1501 1656 contagia
1538 1589 1593 1642 et
1629 1583 1798 1642 nobis
1839 1600 2032 1642 versa-
2116 1579 2456 1655 inquireret,
2502 1599 2846 1657 responsum
2891 1589 2995 1654 est,
3039 1598 3135 1641 eos
3165 1591 3368 1658 quarta
3394 1583 3537 1642 feria
3560 1584 3836 1658 proxime

322 1681 418 1734 tur
449 1676 512 1733 in
539 1673 811 1748 lepram?
2115 1674 2359 1728 ventura
2397 1671 2668 1729 comitem
2710 1678 3039 1746 exspectare
3083 1671 3431 1732 Guidonem.
3480 1672 3640 1731 Sicut
3669 1672 3828 1731 enim

396 1762 506 1822 Sed
544 1767 610 1822 ut
650 1762 824 1820 totius
854 1761 1099 1820 visionis
1129 1759 1338 1818 seriem
1372 1773 1811 1834 prosequamur,
1843 1757 2027 1817 conti-
2052 1758 2331 1845 Bcopiosi
2387 1759 2728 1819 deliciarum
2783 1766 3047 1834 sumptus
3110 1762 3372 1819 venturis
3431 1768 3837 1835 prmparantur

322 1867 442 1912 nuo
488 1851 557 1910 B.
613 1850 960 1910 Benedictus
1004 1864 1141 1908 eum
1184 1848 1256 1907 de
1301 1853 1495 1905 monte
1532 1847 1814 1920 deposuit,
1864 1856 2036 1922 atque
2120 1845 2463 1919 hospitibus,
2512 1849 2589 1906 ita
2628 1848 2868 1922 maligni
2908 1849 3144 1923 spiritus
3176 1849 3386 1908 misero
3436 1850 3659 1909 homini
3716 1865 3834 1908 non

320 1942 390 2000 ad
420 1940 695 2014 subjectm
720 1939 1002 2009 convallis
1030 1937 1304 1996 inferiora
1332 1935 1598 1996 deduxit.
1628 1936 1856 1995 Interea
1879 1937 2036 1997 videt
2116 1935 2279 2007 alias,
2317 1952 2493 2009 quam
2521 1953 2823 2011 pmnarum
2859 1953 2925 1995 ac
2955 1945 3369 1997 tormentorum
3405 1938 3604 2012 epulas
3634 1939 3835 2015 provi-

318 2028 622 2103 presbyter
674 2027 1029 2086 horrendum
1094 2026 1406 2100 quemdam
1464 2025 1737 2096 fluvium,
1802 2030 2031 2096 tetrum,
2115 2022 2347 2082 debant.
2388 2024 2693 2099 Presbyter
2732 2027 2926 2101 itaque
2961 2026 3273 2084 Bainerius
3316 2034 3440 2099 post
3473 2027 3621 2084 hanc
3650 2026 3832 2084 visio.

316 2121 569 2194 piceum,
600 2126 774 2192 atque
804 2116 1211 2193 sulphureum,
1243 2118 1414 2191 juxta
1451 2133 1647 2191 quem,
1685 2118 1831 2176 duce
1871 2118 2035 2176 beato
2116 2130 2251 2173 nem
2281 2115 2580 2190 evigilavit
2608 2137 2621 2189 ;
2651 2117 2803 2193 quod
2835 2118 3076 2189 viderat,
3106 2116 3399 2188 recitavit;
3433 2133 3623 2176 comes
3651 2133 3833 2191 quar-

319 2211 463 2281 viro,
499 2209 640 2268 dum
679 2211 959 2282 pergeret,
1000 2222 1116 2265 vox
1155 2207 1224 2264 de
1261 2205 1508 2264 ﬂumine
1538 2206 1752 2277 sonuit,
1782 2221 2035 2280 eumque
2116 2207 2172 2261 ta
2203 2204 2362 2273 feria,
2396 2205 2543 2263 sicut
2574 2207 2918 2278 prmdictum
2946 2212 3050 2276 est,
3079 2206 3241 2264 obiit.

318 2296 563 2356 vocavit.
618 2296 881 2368 Cumque
931 2293 1199 2367 protinus
1246 2292 1347 2351 ille
1396 2291 1752 2363 subsisteret,
1799 2298 1853 2350 et
1903 2292 2035 2367 quis
2188 2294 2263 2352 Ut
2304 2311 2438 2368 ergo
2474 2295 2545 2352 ad
2594 2296 2677 2367 id,
2730 2297 2883 2370 quod
2926 2296 3228 2369 coepimus,
3268 2300 3663 2367 revertamur;
3711 2296 3837 2355 noli

316 2402 453 2446 eum
492 2384 797 2454 vocaverit,
841 2383 1182 2457 inquisisset
1222 2407 1235 2441 :
1281 2382 1422 2455 Ego,
1461 2382 1677 2457 inquit,
1711 2397 1841 2440 sum
1881 2382 2033 2439 infe-
2114 2384 2310 2455 frater,
2366 2383 2487 2441 noli
2530 2390 2721 2456 patere
2763 2386 3144 2458 muneribus;
3199 2401 3317 2443 non
3360 2384 3651 2455 omnibus,
3699 2401 3837 2461 qum

318 2474 635 2533 licissimus
664 2473 763 2531 ille
791 2488 982 2530 comes
1014 2470 1468 2542 Hildebrandus,
1498 2470 1596 2529 cui
1632 2470 2033 2545 pmnitentiam
2117 2472 2470 2544 prmbentur,
2515 2462 2661 2532 liber
2696 2473 2847 2547 apud
2883 2480 2933 2532 te
2960 2481 3147 2547 pateat
3174 2474 3384 2545 aditus,
3422 2474 3518 2531 sed
3558 2474 3839 2547 quaedam

316 2564 449 2623 licet
486 2565 910 2622 infructuosam
948 2562 1246 2636 imponere
1284 2576 1688 2620 consueveras.
1728 2560 1835 2619 Cui
1874 2577 2035 2635 pres-
2117 2560 2515 2631 admittantur,
2547 2570 2610 2620 ut
2639 2562 2698 2619 in
2731 2563 3171 2621 necessitatibus
3203 2562 3527 2632 sublevent,
3561 2563 3837 2636 qumdam

320 2654 488 2729 byter
532 2653 651 2712 ait:
686 2653 754 2710 Et
790 2651 1082 2727 quomodo
1134 2656 1194 2709 tu
1232 2667 1423 2710 comes
1472 2650 1908 2710 Hildebrandus
1952 2667 2032 2723 es,
2118 2649 2493 2723 repellantur,
2527 2666 2602 2708 ne
2632 2657 2822 2708 reatus
2851 2651 3025 2708 alieni
3058 2668 3163 2710 nos
3188 2650 3540 2725 ponderibus
3568 2658 3834 2724 gravent.

320 2758 456 2802 cum
504 2742 584 2800 sis
632 2747 746 2800 tam
791 2740 947 2800 obesi
986 2744 1042 2799 et
1088 2740 1340 2798 mutilati
1380 2739 1634 2813 corporis
1672 2748 1737 2798 ut
1775 2756 1890 2798 non
1934 2741 2040 2798 hu-
2119 2739 2275 2797 Dum
2316 2739 2496 2813 igitur
2538 2739 2721 2797 oblata
2773 2741 3143 2816 suscipimus,
3193 2741 3261 2798 de
3306 2741 3669 2799 offerentium
3718 2757 3839 2798 me-

322 2848 556 2891 manam
611 2833 881 2906 speciem,
938 2827 1079 2884 108
1128 2830 1225 2887 sed
1281 2830 1402 2888 taxi
1457 2830 1647 2902 potius
1693 2829 1905 2887 habere
1946 2828 2039 2886 vi-
2120 2826 2247 2885 ritis
2299 2828 2460 2901 prius
2513 2843 2745 2887 necesse
2802 2835 2886 2887 est
2939 2830 3324 2902 disputemus.
3380 2829 3585 2887 Manus
3637 2829 3839 2904 itaque

323 2919 514 2979 dearis
558 2918 859 2994 efﬁgiem?
896 2918 1005 2978 Cui
1043 2933 1233 2977 comes
1266 2941 1279 2976 :
1316 2918 1439 2990 Tot,
1484 2918 1693 2994 inquit,
1737 2919 2039 2993 suppliciis
2122 2923 2316 2974 nostra
2358 2933 2478 2974 non
2522 2916 2719 2975 omnia
2758 2932 2889 2992 qum
2935 2918 3266 2991 prmbentur
3306 2917 3697 2975 indifferenter
3734 2934 3837 2975 ac-

320 3014 549 3083 atteror,
598 3015 677 3068 tot
731 3008 916 3077 novis,
962 3013 1017 3066 et
1063 3005 1372 3081 exquisitis
1416 3008 1674 3082 quotidie
1717 3008 1905 3082 pmnis
1949 3007 2040 3065 af-
2122 3004 2328 3077 cipiat;
2388 3011 2443 3062 et
2494 3020 2612 3063 non
2658 3005 2719 3062 id
2767 3007 2918 3079 quod
2966 3007 3220 3077 oti‘ertur,
3272 3006 3368 3066 sed
3408 3006 3598 3080 potius
3641 3022 3672 3063 a
3716 3023 3838 3081 quo

319 3099 507 3174 ﬂigor,
560 3104 627 3158 ut
666 3113 785 3159 non
837 3098 1054 3156 mirum
1100 3098 1174 3156 sit
1215 3096 1369 3170 quod
1410 3098 1663 3172 corporis
1702 3099 1814 3157 mei
1857 3100 2041 3158 forma
2057 3093 2363 3174 notiertur
2422 3093 2563 3150 109
2613 3101 2780 3155 cauta
2824 3097 2989 3170 prius
3043 3098 3471 3156 examinatione
3520 3095 3836 3153 discernat.

324 3188 623 3261 depereat,
686 3188 784 3246 sed
836 3186 986 3262 quod
1042 3186 1413 3261 aliquatenus
1460 3187 1551 3244 vel
1612 3189 1861 3247 essentia
1915 3182 2272 3262 ipsauDicit
2312 3182 2606 3257 Scriptura
2660 3203 2672 3242 ε
2736 3206 2764 3238 ‹‹
2814 3184 2875 3244 Si
2927 3193 3076 3244 recte
3127 3187 3351 3256 offeras,
3406 3192 3459 3242 et
3508 3189 3655 3241 recte
3712 3199 3835 3241 non

323 3278 615 3337 subsistat.
667 3278 869 3337 Tantm
924 3276 1139 3336 scilicet
1196 3276 1549 3335 crudelitatis
1601 3278 1711 3349 fui,
1779 3278 1918 3336 dum
1976 3279 2037 3335 in
2122 3273 2366 3345 dividas,
2411 3275 2651 3347 peccasti
2692 3276 2845 3343 (Gen.
2904 3289 2989 3344 1v,
3041 3277 3208 3350 juxta
3254 3274 3667 3349 Septuaginta).
3712 3296 3731 3323 ι
3767 3273 3843 3330 Et
3898 3338 3907 3346 ,

320 3380 557 3439 corpore
582 3364 729 3433 vixi,
771 3371 837 3423 ut
870 3380 1028 3423 nunc
1060 3364 1270 3422 sanctis
1307 3364 1581 3423 omnibus
1618 3363 1750 3423 odio
1788 3365 2033 3435 habear;
2121 3379 2228 3422 nos
2280 3364 2433 3436 quod
2488 3365 2756 3423 similiter
2804 3373 2888 3424 est
2946 3366 3334 3424 necessarium
3391 3364 3639 3423 dicimus
3696 3363 3841 3439 quia

321 3460 378 3513 et
412 3454 492 3512 ita
530 3469 622 3513 me
646 3454 804 3528 justa
836 3469 1039 3513 eorum
1078 3453 1354 3512 severitas
1396 3452 1750 3511 unanimiter
1800 3453 2040 3527 despicit
2122 3454 2171 3512 si
2199 3470 2329 3527 qum
2360 3456 2673 3514 oﬂ'erentur
2701 3457 2949 3530 accipias
2981 3464 3037 3515 et
3067 3455 3434 3515 offerentium
3471 3455 3676 3513 merita
3716 3469 3841 3511 non

320 3544 472 3617 quod
520 3541 719 3601 nullus
763 3541 1003 3601 illorum
1053 3543 1244 3602 adhuc
1295 3557 1397 3617 pro
1440 3558 1532 3600 me
1575 3543 1729 3616 apud
1776 3543 2039 3601 divinam
2120 3545 2432 3610 discernas,
2462 3546 2717 3606 deterius
2756 3548 3073 3622 deliquisti.
3116 3546 3216 3605 Vis
3258 3545 3461 3603 audire
3496 3545 3639 3620 quid
3686 3545 3839 3602 mihi

323 3630 693 3691 clementiam
744 3631 1085 3690 intercessit.
1142 3630 1502 3690 Videbantur
1553 3639 1747 3691 autem
1804 3633 2040 3706 prmfato
2122 3650 2310 3708 nuper
2333 3635 2404 3692 de
2429 3635 2633 3694 collato
2659 3637 2910 3711 quodam
2950 3651 3187 3695 munere
3216 3634 3501 3707 contigit?

324 3721 504 3780 ﬂuvio
544 3719 1005 3779 innumerabiles
1044 3720 1306 3779 volucres
1351 3722 1515 3795 quasi
1557 3722 1844 3780 columbm
1880 3723 2041 3780 varia
2194 3721 2513 3781 Primarius
2540 3722 2779 3796 quidam
2816 3722 3161 3797 Rodulphus
3198 3722 3456 3791 nomine,
3500 3726 3704 3794 potens
3742 3734 3842 3776 sa-

324 3811 664 3884 plumarum
703 3809 1033 3868 diversitate
1067 3824 1390 3883 conspersm
1426 3817 1490 3868 ut
1526 3809 1665 3868 hinc
1701 3809 1840 3880 albi,
1878 3809 2042 3867 illinc
2123 3811 2195 3869 tis
2236 3817 2291 3868 et
2333 3812 2609 3884 prudens,
2648 3812 2801 3886 apud
2836 3828 3013 3871 suum
3055 3810 3474 3869 monasterium
3516 3808 3661 3866 mihi
3710 3806 3838 3880 pal—

322 3900 477 3975 nigri
530 3901 777 3960 discolor
829 3902 1047 3973 species
1096 3901 1410 3972 videretur,
1487 3916 1805 3973 omnesque
1879 3900 2043 3959 velut
2127 3899 2265 3958 lium
2310 3907 2640 3958 reverenter
2679 3900 2905 3972 obtulit,
2951 3900 3104 3975 quod
3151 3898 3485 3969 triblathon,
3528 3898 3710 3981 juxta
3742 3896 3837 3954 sui

320 3995 543 4049 mmstm
580 3988 778 4060 nimis,
818 4005 883 4047 ac
920 3987 1201 4061 lugubres
1237 3988 1405 4062 quasi
1454 4005 1575 4063 prm
1621 3989 1817 4048 dolore
1863 3997 2042 4048 rostra
2122 3990 2351 4064 generis
2380 3990 2650 4064 speciem,
2688 3998 3096 4063 nuncupatur;
3132 3990 3311 4047 trium
3337 3987 3550 4062 quippe
3576 3986 3842 4044 colorum

322 4079 734 4153 retorquebaut
767 4079 836 4138 ad
877 4080 1181 4154 pennulas.
1228 4081 1554 4155 Inquisitus
1590 4082 1785 4155 itaque
1827 4098 2038 4156 comes,
2123 4087 2245 4151 est;
2286 4085 2340 4138 et
2378 4080 2612 4138 blathon
2646 4080 2886 4154 pallium
2918 4080 3149 4151 dicitur,
3182 4079 3338 4138 unde
3369 4078 3683 4135 triblathon
3713 4073 3846 4149 pal-

323 4182 456 4241 qum
497 4165 619 4225 illm
653 4167 920 4226 volucres
958 4174 1168 4238 essent,
1213 4170 1507 4242 respondit
1536 4189 1550 4227 :
1579 4169 1706 4228 Illm
1751 4177 1905 4242 sunt,
1948 4171 2042 4229 in-
2123 4169 2270 4227 lium
2322 4175 2580 4240 vocatur,
2636 4169 2789 4243 quod
2846 4169 3023 4227 trium
3078 4167 3336 4226 cernitur
3388 4180 3511 4224 esse
3556 4164 3842 4223 colorum.

325 4256 473 4331 quit,
513 4257 727 4314 animm
765 4256 1009 4314 diversis
1046 4258 1104 4315 in
1155 4258 1263 4316 hoc
1302 4259 1531 4332 gurgite
1571 4261 1918 4333 purgatoriis
1954 4262 2045 4319 de-
2124 4258 2249 4317 Hoc
2286 4260 2479 4332 itaque
2522 4258 2614 4316 vir
2648 4258 2748 4317 ille
2790 4257 3125 4332 suppliciter
3159 4257 3406 4315 offerens
3448 4252 3710 4328 procidit,
3750 4269 3847 4309 so-

325 4349 562 4419 putatm,
603 4360 736 4418 qum
776 4343 1043 4404 videlicet
1077 4346 1225 4406 sicut
1262 4362 1378 4405 non
1418 4363 1490 4405 ex
1533 4352 1647 4405 toto
1691 4354 1828 4405 sunt
1874 4347 2040 4419 albm,
2125 4347 2296 4421 loque
2334 4354 2651 4421 prostratus
2699 4362 2810 4417 me,
2859 4363 2973 4420 qua
3027 4345 3228 4418 potuit,
3286 4340 3600 4402 humilitati
3652 4340 3850 4399 cordis

327 4436 427 4494 sed
471 4434 756 4493 interfusa
803 4435 1048 4508 sparsim
1099 4436 1399 4510 nigredine
1451 4437 1711 4508 variatm,
1756 4437 1839 4497 sic
1878 4446 1932 4496 et
1971 4455 2097 4510 ex_
2128 4436 2449 4494 intentione
2475 4434 2740 4509 rogavit:
2772 4434 2961 4506 Defer,
3002 4433 3213 4507 inquit,
3251 4433 3358 4490 hoc
3393 4430 3847 4494 munusculum,

326 4529 487 4598 parte
513 4523 635 4598 jam
665 4501 989 4599 purificatm
1013 4529 1071 4583 et
1098 4501 1361 4600 exvparte
1400 4531 1537 4584 sunt
1574 4501 1765 4585 adhuc
1802 4501 2106 4600 peccatisD
2128 4524 2364 4584 domine
2409 4524 2509 4596 mi,
2542 4501 2775 4584 "sanctis
2821 4501 3098 4583 fratribus
3142 4501 3273 4592 tuis,
3308 4538 3339 4580 a
3381 4521 3596 4595 quibus
3640 4519 3852 4592 utique

327 4611 621 4672 obnoxim.
664 4612 811 4670 Nam
848 4620 1066 4688 quanto
1103 4613 1404 4689 spatiosior
1440 4615 1645 4674 albedo
1680 4617 1943 4675 cernitur
1982 4617 2045 4676 in

333 4701 603 4761 varietate
647 4702 1003 4775 plumarum,
1055 4710 1212 4762 tanto
1267 4704 1450 4778 major
1498 4703 1844 4780 intelligitur
1900 4707 2046 4764 facta

328 4791 565 4851 abolitio
602 4799 965 4867 peccatorum
994 4811 1010 4863 ;
1048 4793 1111 4849 in
1150 4801 1439 4869 quantum
1491 4811 1628 4853 vero
1672 4797 1911 4872 nigredo
1952 4814 2041 4856 re-

332 4885 615 4943 mansisse
650 4883 1024 4960 conspicitur,
1065 4884 1126 4942 in
1174 4890 1399 4944 tantum
1451 4886 1641 4945 adhuc
1682 4896 2044 4963 peccatorum

330 4972 575 5031 maculis
612 4980 1019 5048 asperguntur.
1067 4971 1175 5031 Sed
1209 4982 1333 5047 post
1370 4976 1555 5034 multa
1584 4978 1879 5051 presbyter
1909 4978 2046 5036 inde

331 5062 682 5135 procedens,
741 5061 941 5136 aspicit
1004 5062 1343 5123 Lotharium
1405 5065 1709 5137 comitem,
1770 5066 1873 5140 qui
1922 5069 2044 5141 jam

331 5156 464 5206 ante
514 5164 630 5207 non
676 5150 928 5210 multum
968 5156 1194 5225 tempus
1232 5152 1468 5211 obierat.
1512 5153 1622 5213 Hic
1659 5154 1853 5229 itaque
1892 5156 2045 5230 pube

336 5244 504 5295 tenus
553 5236 744 5296 adhuc
794 5239 1158 5299 cruciabatur
1207 5241 1268 5299 in
1319 5242 1574 5316 gurgite,
1644 5244 1760 5301 fere
1817 5243 2044 5303 medius

334 5326 642 5386 eminebat.
685 5328 952 5402 Cumque
992 5331 1288 5405 presbyter
1327 5348 1482 5401 eum,
1520 5333 1767 5409 qualiter
1808 5350 1942 5410 erga
1985 5351 2045 5393 se

336 5422 620 5488 ageretur,
662 5415 1004 5491 inquireret,
1054 5420 1345 5494 respondit
1384 5420 1564 5479 totum
1607 5438 1666 5480 se
1713 5422 2046 5497 sulphureis

337 5505 510 5564 undis
556 5505 746 5578 primo
796 5506 973 5564 fuisse
1023 5509 1412 5581 submersum,
1462 5512 1561 5570 sed
1597 5513 1716 5586 jam
1769 5511 2041 5583 paulatim

336 5594 618 5667 alleviari,
654 5610 722 5654 ac
758 5595 829 5653 de
867 5595 961 5654 die
1000 5597 1061 5654 in
1099 5597 1255 5656 diem
1292 5599 1591 5657 mitescere
1614 5616 1788 5675 grave
1823 5601 2043 5675 suppli-

2128 4615 2213 4673 nil
2241 4615 2403 4673 aliud
2436 4622 2585 4690 peto,
2627 4614 2738 4673 nisi
2768 4620 2834 4672 ut
2863 4615 2970 4672 hoc
3009 4612 3197 4670 solum
3236 4612 3385 4684 apud
3428 4610 3692 4667 divinam
3732 4608 3848 4665 im-

2127 4714 2349 4782 petrare
2396 4706 2762 4764 clementiam
2815 4704 3100 4774 studeant,
3141 4707 3425 4777 quatenus
3452 4715 3485 4757 a
3515 4699 3685 4757 corde
3715 4713 3850 4755 meo

2128 4797 2521 4867 tenebrarum,
2574 4809 2718 4867 quas
2773 4794 3000 4867 patitur,
3056 4791 3364 4865 caliginem
3420 4789 3600 4848 tollat.
3660 4792 3849 4847 Amor

2127 4886 2283 4945 enim
2327 4883 2527 4943 smculi
2567 4898 2664 4941 cor
2694 4897 2892 4940 meum
2921 4881 3136 4938 detinet
3163 4879 3542 4948 obcmcatum,
3572 4877 3848 4952 mihique

2128 4975 2392 5033 tenebras
2418 4972 2650 5046 ingerit,
2690 4987 2834 5045 quas
2864 4970 3076 5029 sanctis
3103 4985 3305 5028 eorum
3340 4965 3705 5027 orationibus
3734 4982 3846 5023 ex-

2126 5063 2259 5139 pelli
2304 5060 2531 5135 (cupido
2566 5060 2763 5133 addit),
2806 5076 2921 5134 quo
2964 5059 3166 5117 saltem
3210 5067 3381 5115 tenue
3426 5055 3648 5113 divinm
3697 5054 3849 5112 lucis

2125 5153 2382 5229 igniculo
2410 5168 2630 5211 merear
2652 5151 2954 5210 illustrari.
2988 5149 3098 5209 Sed
3129 5165 3262 5207 cum
3290 5163 3394 5221 ego
3426 5154 3480 5204 et
3508 5144 3848 5203 orationum

2123 5248 2256 5301 vota
2285 5239 2704 5316 promitterem,
2728 5246 2782 5296 et
2812 5253 3025 5296 munus
3052 5237 3341 5311 ingestum
3370 5249 3483 5291 non
3518 5232 3693 5292 modo
3724 5249 3854 5291 ver-

2129 5332 2235 5401 bis,
2270 5331 2369 5388 sed
2400 5335 2456 5388 et
2487 5327 2754 5386 manibus
2785 5326 3203 5401 propulsarem,
3236 5340 3371 5396 qum
3403 5322 3682 5395 utrinque
3718 5324 3854 5381 fusa

2129 5421 2245 5479 sint
2294 5421 2487 5490 verba,
2540 5419 2913 5493 intelligenda
2962 5416 3329 5489 reliquimus,
3378 5431 3493 5473 non
3539 5414 3854 5472 scribenda

2128 5526 2228 5584 per
2270 5510 2530 5570 ordinem
2572 5509 2923 5582 judicamus.
2965 5506 3111 5577 Quid
3148 5505 3359 5579 plura?
3390 5505 3586 5564 defero
3623 5520 3855 5564 munus

2129 5600 2421 5674 fratribus,
2452 5601 2550 5659 sed
2582 5600 2834 5674 ingratos
2859 5598 3130 5667 invenio;
3167 5596 3337 5672 legati
3379 5596 3588 5671 fungor
3630 5595 3853 5666 ofﬁcio,
