4078 6202
314 228 420 291 309

1503 225 1728 287 LIBER
1767 225 2136 299 QUARTUS,
2182 228 2422 290 EPIST.
2466 228 2622 290 VIII.

3706 231 3811 291 310

306 352 405 412 sed
434 366 544 410 non
571 349 773 411 festive
796 347 1098 423 suscipior.
1126 349 1494 409 Invehuntur
1517 351 1700 423 enim,
1727 366 1845 410 non
1878 367 2009 426 gra-
2025 354 2078 414 A
2099 352 2295 412 docuit
2321 353 2597 413 relatione
2625 354 2783 429 quod
2810 368 3000 414 narro.
3030 354 3582 429 Albericus,inquit,
3605 356 3805 415 Eccle-

307 441 412 499 tias
445 445 659 513 agunt;
701 438 1090 512 expostulant,
1126 453 1243 497 non
1304 438 1725 511 blandiuntur;
1765 447 1819 499 et
1856 439 2013 498 obla-

304 532 519 590 tionem
559 530 689 588 talis
713 530 829 587 viri
855 544 970 588 non
995 529 1238 598 donum,
1280 530 1383 588 sed
1419 530 1617 587 sordes
1665 536 1838 604 atque
1875 547 2015 591 con-

304 622 522 693 tagium
545 620 821 693 deputant
849 617 1206 681 animarum.
1238 616 1414 676 Nullo
1440 618 1636 693 itaque
1660 625 1822 693 pacto
1845 620 2012 695 quie-

299 726 456 769 scere
498 714 831 783 potuerunt,
862 706 1045 766 donec
1102 722 1320 766 munus
1371 706 1598 765 incaute
1656 716 2011 783 susceptum,

299 800 368 857 ad
402 814 561 867 eum,
593 798 695 871 qui
733 796 986 868 dederat,
1023 802 1238 871 praesto
1272 796 1649 870 remitterem,
1680 797 1851 871 eique
1879 814 2011 871 gra-

302 888 473 947 tuitas
501 886 789 946 orationes
818 886 928 944 sub
968 886 1162 945 verbis
1200 886 1579 944 excusatoriis
1623 886 2013 947 nihilominus

297 976 464 1049 quasi
516 991 632 1034 non
682 976 1058 1043 remitterem,
1100 974 1424 1049 pollicerer.
1477 975 1700 1047 Fateor,
1753 976 2009 1035 multum

299 1067 443 1125 mihi
488 1065 723 1139 placuit,
752 1065 903 1140 quod
948 1065 1284 1138 objurgatus
1332 1081 1487 1136 sum,
1518 1065 1672 1138 quod
1716 1072 2011 1139 correptus

296 1173 452 1225 sum,
508 1157 665 1229 quod
728 1153 925 1213 verbis
988 1154 1359 1213 mordacibus
1412 1170 1679 1228 aspersus
1733 1171 1884 1213 sum.
1918 1155 2007 1213 Tu

295 1263 551 1321 quoque,
606 1246 798 1316 frater,
846 1245 1072 1304 custodi
1105 1251 1158 1303 te
1197 1262 1231 1302 a
1280 1245 1623 1305 muneribus
1668 1246 2004 1320 impiorum,

295 1344 355 1397 ut
384 1337 533 1395 dum
562 1352 733 1394 caves
760 1335 1078 1408 proprium,
1109 1333 1367 1393 alienum
1416 1336 1837 1408 perhorrescas,
1870 1335 2006 1392 tibi-

295 1435 416 1484 met
438 1425 719 1486 adhibere
746 1424 1032 1495 ﬂagitium
1068 1443 1080 1481 :
1112 1429 1186 1493 et,
1206 1425 1378 1496 juxta
1422 1424 1586 1484 Pauli
1614 1426 1960 1483 sententiam
1991 1446 2002 1484 :

291 1522 415 1577 Non
469 1518 823 1577 communices
870 1517 1110 1585 peccatis
1159 1516 1355 1570 alienis
1401 1517 1449 1583 (1
1498 1518 1637 1571 Tim.
1691 1521 1773 1584 V),
1815 1531 1883 1574 ac
1930 1516 2006 1573 li-

290 1606 432 1664 bera
463 1604 677 1663 talibus
704 1619 839 1661 cum
872 1618 939 1660 eo
974 1602 1165 1661 valeas
1191 1603 1540 1663 conscientia
1567 1606 1758 1665 dicere
1789 1630 1801 1663 :
1838 1610 2004 1664 Mun-

290 1695 393 1751 dus
419 1711 517 1764 ego
546 1709 669 1750 sum
695 1710 731 1749 α
754 1694 1023 1762 sanguine
1052 1694 1293 1749 omnium
1318 1700 1557 1750 vestrum
1589 1696 1743 1765 (Act.
1768 1700 1904 1765 XX).

858 1797 1226 1856 EPISTULA
1272 1795 1435 1857 VIII.

519 1902 598 1947 AD
628 1899 987 1947 MAINARDUM
1016 1898 1339 1946 EPISCOPUM
1388 1898 1758 1947 EUGUBINUM.

286 1981 740 2051 ARGUMENIUM,
760 2007 817 2019 -
837 1976 1135 2051 Mainardo
1162 1975 1475 2051 Eugubjno
1502 1975 1766 2051 episcopo
1800 1979 2006 2051 spadet

354 2058 427 2109 ut
447 2050 665 2123 praedia
716 2048 1132 2123 facultatesque
1169 2046 1441 2104 Ecclesiae
1472 2046 1727 2121 tempore
1757 2048 1847 2106 sui
1880 2051 2003 2123 epi—

352 2120 624 2195 scopatus
670 2120 985 2193 ademptas,
1028 2120 1392 2195 recuperare
1411 2120 1683 2195 conetur;
1722 2120 2001 2195 eumdem

351 2188 642 2262 hortatur,
674 2198 737 2250 ut
781 2188 969 2248 mores
1003 2188 1268 2261 corrigat,
1295 2188 1545 2248 arduum
1580 2189 1717 2248 vitae
1761 2192 1871 2249 iter
1907 2207 2002 2249 ar-

352 2264 729 2344 ripiat,.quod
770 2262 1001 2343 facilius
1039 2276 1142 2344 per
1173 2275 1374 2344 aspera
1416 2276 1669 2344 quaeque
1682 2278 1777 2344 ac
1818 2262 2002 2344 ardua

350 2332 565 2413 mundi
594 2332 771 2409 hujus
798 2350 941 2391 saxa
966 2332 1331 2413 jac‘ta_tus,’ad
1356 2332 1583 2413 quietis
1596 2332 2002 2409 felicitatisque

350 2407 419 2465 in
449 2407 599 2465 caelo
626 2407 855 2476 partum
885 2407 1189 2478 pervenire
1218 2407 1415 2477 possit.

2101 443 2205 501 size
2232 457 2378 501 mea;
2400 444 2509 504 sub
2532 444 2766 503 nomine
2787 443 3127 518 episcopalis
3144 444 3456 504 incubabat
3476 445 3669 504 ofﬁcii.
3696 446 3806 505 Hic

2099 532 2365 590 obscenae
2429 532 2814 592 meretriculze
2870 533 3242 606 prolectarius
3288 533 3636 593 adhaerebat”.
3694 534 3803 605 Qui

2100 619 2366 679 videlicet
2397 621 2539 680 dum
2565 621 2786 680 Ottonis
2815 622 3064 694 Augusti
3100 622 3494 696 propinquum
3526 623 3806 684 formida—

2097 716 2183 768 ret
2212 710 2551 783 adventum,
2582 710 2797 769 falsum
2826 712 3103 769 mentitus
3129 718 3212 769 est
3235 710 3586 772 caelibatum.
3618 713 3802 772 Mere-

2099 799 2299 857 tricem
2326 800 2522 875 itaque
2552 815 2586 857 a
2615 800 2887 859 consortii
2922 800 3013 859 sui
3048 800 3314 860 societate
3344 804 3609 875 removit,
3643 818 3806 862 eam-

2095 906 2208 964 que
2226 905 2384 949 sacro
2397 891 2688 950 velamine
2704 890 2979 949 fallaciter
2991 891 3276 960 indutam,
3307 893 3804 953 sanctimonialem

2096 997 2218 1039 esse
2267 982 2604 1051 constituit;
2661 988 3061 1041 verumtamen
3102 987 3228 1054 post
3271 980 3634 1054 imperatoris
3680 988 3808 1043 abs—

2093 1086 2341 1143 cessum,
2373 1077 2429 1130 et
2459 1071 2529 1130 ad
2556 1071 2818 1146 pristinae
2860 1070 3135 1129 fceditatis
3182 1070 3566 1143 ignominiam
3608 1074 3799 1145 rediit,

2092 1166 2147 1218 et
2177 1161 2416 1234 insuper
2437 1162 2508 1218 ad
2540 1161 2829 1234 probrosaa
2855 1160 3116 1219 infamiae
3129 1176 3252 1218 sum
3277 1161 3587 1220 cumulum
3612 1179 3687 1221 ex
3715 1179 3810 1222 ea-

2092 1248 2225 1307 dem
2262 1249 2489 1308 tartarei
2522 1250 2826 1323 prostibuli
2858 1248 3094 1307 victima
3114 1248 3304 1306 ﬁlium
3320 1252 3658 1322 procreavit.
3688 1250 3799 1321 Qui

2092 1352 2230 1395 mox
2282 1344 2347 1395 ut
2402 1355 2506 1411 per
2556 1341 2909 1397 incrementa
2965 1345 3290 1411 temporum
3354 1340 3804 1411 grandiusculus

2089 1425 2364 1496 adolevit,
2399 1432 2558 1499 pater
2598 1443 2733 1485 eum
2786 1427 3019 1486 sibimet
3058 1428 3123 1485 in
3168 1427 3475 1500 episc0pali
3524 1428 3803 1502 dignitate

2090 1513 2410 1572 substituit.
2439 1514 2552 1573 Sed
2579 1530 2711 1573 cum
2744 1515 2917 1589 longa
2958 1514 3298 1573 dominandi
3340 1518 3693 1576 consuetudo
3729 1517 3800 1576 ad

2088 1602 2431 1660 memoriam
2480 1601 2710 1673 rediret,
2762 1618 2936 1677 seque
2985 1617 3105 1661 non
3145 1602 3418 1661 celebrari
3454 1619 3522 1662 ac
3556 1621 3800 1667 venera-

2026 1690 2283 1773 Bbiliter
2328 1690 2538 1763 excoli,
2595 1691 2743 1750 sicut
2792 1698 2925 1750 ante
2970 1698 3365 1764 consueverat,
3420 1694 3799 1773 erubesceret,

2092 1780 2304 1852 reperit
2358 1780 2667 1839 consilium
2708 1796 2784 1838 ex
2829 1780 3037 1838 intimo
3079 1780 3351 1839 diabolici
3397 1781 3641 1855 pectoris
3673 1770 3805 1841 felle

2091 1866 2404 1941 prolatum.
2437 1869 2690 1928 Locutus
2718 1869 2912 1942 itaque
2940 1868 3128 1942 primo
3152 1882 3287 1928 cum
3321 1868 3673 1942 quibusdam
3701 1887 3802 1944 pe-

2091 1958 2509 2019 stilentissimis
2534 1961 2854 2032 monachis,
2887 1960 3096 2019 deinde
3116 1975 3251 2019 cum
3277 1960 3582 2019 nonnullis
3610 1961 3800 2021 Deum

2090 2047 2479 2107 nescientibus
2518 2049 2699 2119 laicis,
2743 2050 2974 2108 tandem
3009 2048 3270 2107 condicto
3305 2049 3579 2122 praestita:
3626 2066 3799 2124 spon-

2090 2141 2269 2199 sionis
2315 2146 2514 2215 pactus
2557 2148 2642 2199 est
2689 2142 2925 2209 foedere,
2960 2146 3025 2199 ut
3072 2146 3305 2199 centum
3354 2141 3638 2201 librarum
3692 2142 3798 2200 Pa-

2089 2229 2306 2302 piensis
2328 2235 2574 2288 moneta;
2597 2230 2851 2303 pretium
2876 2228 3086 2287 infelix
3114 2235 3394 2288 mercator
3416 2230 3790 2303 appenderet;

2088 2324 2143 2376 et
2194 2319 2277 2377 sic
2319 2319 2426 2388 illi,
2469 2324 2677 2377 caacato
2724 2317 2887 2390 prius
2931 2317 3154 2390 abbate,
3203 2318 3305 2392 qui
3347 2322 3486 2376 tunc
3525 2326 3790 2393 praeerat,

2088 2407 2402 2467 Casinense
2436 2408 2856 2467 monasterium
2881 2407 2933 2465 ei
2960 2423 3158 2466 secure
3185 2407 3605 2478 contraderent,
3636 2410 3796 2484 quod

362 2503 511 2559 110
559 2504 786 2563 Domno
831 2503 1153 2563 MAINARDO
1204 2504 1470 2577 episcopo
1502 2548 1516 2563 .
1553 2545 1567 2561 .
1606 2546 1621 2560 .
1662 2546 1675 2561 .
1717 2546 1730 2559 .
1765 2501 2002 2562 PETRUS
2085 2498 2184 2557 ille
2220 2498 2494 2573 deinceps
2522 2514 2727 2558 eorum
2765 2499 2947 2557 fultus
2975 2497 3220 2568 auxilio,
3257 2498 3385 2556 sine
3413 2496 3538 2556 ullo
3564 2504 3793 2557 contra-

280 2598 544 2666 peccator
572 2592 915 2650 monachus.
962 2636 967 2643 .
2085 2587 2354 2647 dictionis
2408 2588 2703 2648 obstaculo
2747 2587 3079 2662 possideret.
3112 2586 3233 2645 Hoc
3283 2587 3455 2645 etiam
3506 2587 3797 2660 primoge-

349 2680 502 2750 Quia
529 2680 687 2750 novi,
724 2680 920 2749 frater,
958 2678 1060 2737 tibi
1092 2693 1211 2737 non
1247 2678 1444 2737 deesse
1484 2676 1874 2750 prudentiam,
1909 2693 1998 2737 se-
2083 2679 2193 2736 niti
2225 2675 2359 2732 111
2397 2676 2627 2737 Satanae
2664 2677 3038 2737 conventioni
3070 2676 3384 2735 machinati
3424 2676 3656 2735 foederis
3691 2677 3798 2735 ad-

282 2786 461 2830 curus
491 2775 547 2829 et
573 2770 795 2844 absque
814 2770 1127 2830 formidine
1152 2769 1529 2842 correptionis
1558 2768 1803 2828 adhibeo
1831 2769 1995 2828 disci-
2083 2764 2374 2835 diderunt,
2410 2770 2475 2825 ut
2501 2765 2601 2823 ille
2630 2764 2931 2839 praetaxati
2950 2764 3118 2838 pretii
3140 2771 3360 2836 partem
3386 2764 3670 2824 duntaxat
3693 2782 3795 2840 per

280 2862 529 2935 plinam.
563 2859 711 2918 Nam
741 2866 797 2919 et
824 2860 887 2918 in
920 2861 1250 2920 Proverbiis
1280 2859 1552 2919 Salomon
1586 2860 1768 2918 dicit:
1803 2883 1824 2911 α
1859 2860 1998 2919 Plus
2081 2871 2218 2914 suos
2271 2870 2467 2914 servos
2526 2854 2794 2925 mitteret,
2858 2858 2912 2909 et
2967 2851 3147 2910 donec
3200 2851 3262 2909 in
3329 2854 3601 2912 manibus
3668 2856 3791 2913 suis

279 2949 511 3025 proﬁcit
574 2948 856 3023 corre‘ptio
901 2949 1056 3024 apud
1108 2948 1473 3022 prudentem,
1527 2964 1704 3021 quam
1762 2956 1995 3007 centum
2082 2938 2294 3017 p‘ositos
2320 2943 2545 3003 abbatis
2573 2943 2769 3003 oculos
2799 2958 2915 3001 non
2937 2940 3241 3016 aspiceret,
3265 2948 3504 3014 partem,
3538 2958 3670 3017 quae
3698 2959 3791 3001 re-

280 3038 467 3128 plagm
509 3040 663 3113 apud
701 3040 948 3100 stultum
997 3045 1451 3128 (Prov.7xvn).4»
1482 3041 1553 3128 Et
1571 3040 1785 3128 iterum
1819 3060 1830 3100 :
1867 3064 1887 3092 ι
1928 3040 1989 3100 Si
2013 3066 2057 3128 ρ
2081 3034 2248 3128 sidua
2281 3041 2448 3128 esset,
2482 3034 3190 3128 nullatenusdestiuaret.
3224 3032 3376 3128 Quid
3413 3034 3626 3128 plura?
3663 3050 3790 3093 cor-

281 3126 633 3200 eorripueris
674 3129 1016 3201 sapientem,
1064 3127 1348 3202 intelliget
1388 3126 1753 3200 disciplinam
1809 3131 1986 3200 (Prov.
2021 3122 2056 3128 “
2079 3122 2242 3191 rasis,
2272 3124 2659 3196 undecunque
2687 3123 2894 3196 potuit,
2922 3129 3095 3198 atque
3124 3122 3409 3193 congestis
3433 3124 3627 3181 aureis
3656 3139 3788 3182 mu-

281 3219 432 3289 m).
470 3237 502 3271 »
537 3218 647 3286 Qui
674 3233 880 3276 rursus
906 3217 988 3274 ait
1017 3241 1030 3275 :
1066 3239 1087 3269 α
1118 3217 1316 3288 Auris,
1346 3232 1480 3290 quas
1509 3217 1671 3276 audit
1727 3217 1993 3291 increpa—
2078 3213 2358 3273 liebribus
2412 3213 2786 3285 ornamentis,
2819 3213 3121 3288 sexaginta
3173 3211 3457 3271 librarum
3500 3214 3666 3286 pretii
3714 3215 3786 3272 ad

282 3306 467 3364 tiones
524 3306 681 3377 vitat,
744 3306 807 3363 in
862 3305 1055 3363 medio
1106 3306 1453 3379 sapientium
1542 3305 1995 3366 commorabitur
2075 3301 2140 3360 B.
2168 3302 2442 3362 Germani
2463 3302 2736 3378 oppidum
2764 3318 2864 3377 per
2887 3301 3346 3375 suoscomplices
3372 3299 3553 3373 misit,
3584 3302 3784 3375 eisque

282 3400 464 3465 (Ρνου.
498 3402 634 3465 xv).
671 3418 693 3448 ι
730 3396 982 3471 Moxque
1018 3396 1322 3470 subjungit
1352 3419 1365 3453 ε
1404 3418 1429 3445 α
1457 3393 1570 3466 Qui
1598 3395 1798 3470 abjicit
1816 3398 1991 3456 disci-
2075 3388 2217 3462 quid
2246 3394 2303 3447 et
2327 3390 2543 3463 quibus
2576 3389 2931 3463 loqueretur,
2968 3387 3123 3461 quod
3157 3387 3229 3444 de
3254 3388 3537 3445 sententia
3572 3386 3786 3447 diaboli

278 3485 523 3559 plinam,
552 3486 794 3560 despicit
810 3487 1068 3545 animam
1097 3501 1264 3545 suam
1284 3505 1301 3558 ;
1328 3487 1430 3561 qui
1456 3493 1653 3545 autem
1677 3488 1989 3563 acquiescit
2075 3492 2328 3551 nequam
2360 3477 2683 3550 discipulus
2725 3478 3013 3547 hauserat,
3052 3476 3453 3548 serpentinum
3488 3476 3651 3535 virus
3689 3478 3785 3535 iu-

278 3572 793 3646 increpationibus,
829 3590 1119 3648 possessor
1158 3583 1244 3633 est
1281 3575 1468 3634 cordis
1521 3575 1730 3647 (Ibid.).
1762 3601 1789 3625 ››
1825 3575 1988 3645 Quod
2075 3567 2320 3626 vomuit.
2361 3567 2471 3635 Qui
2503 3568 2802 3625 venientes
2830 3566 2901 3623 ad
2931 3564 3230 3640 oppidum,
3260 3570 3315 3623 et
3361 3565 3785 3626 communicato

277 3674 368 3719 ore
416 3661 493 3720 ad
538 3677 605 3720 os
644 3677 799 3737 saepe
838 3663 1185 3736 praemonui,
1241 3680 1343 3738 per
1391 3663 1612 3722 litteras
1657 3664 1893 3737 replico,
1935 3670 1993 3722 et
2073 3672 2208 3715 cum
2242 3655 2457 3730 quibus
2490 3656 2671 3716 edocti
2706 3657 2937 3715 fuerant
2972 3655 3220 3714 nefando
3266 3657 3560 3730 mysterio,
3602 3659 3781 3732 proti-

278 3758 500 3809 motum
547 3751 768 3825 fugacis
815 3752 1035 3827 eloquii
1075 3751 1233 3813 velut
1260 3752 1332 3811 ad
1372 3754 1690 3812 anchoram
1727 3753 1990 3812 stationis
2076 3764 2187 3807 nus
2237 3749 2297 3805 in
2352 3756 2551 3824 crypta
2595 3749 2847 3823 quadam
2891 3749 3150 3823 ejusdem
3198 3749 3393 3823 oppidi
3427 3750 3589 3809 missi
3641 3757 3780 3809 sunt

277 3840 541 3914 apicibus
566 3838 704 3914 ligo.
2071 3838 2271 3910 ibique
2300 3852 2402 3911 per
2424 3837 2643 3911 aliquot
2666 3838 2893 3897 dierum
2920 3837 3171 3912 spatium
3194 3838 3482 3909 occultati,
3505 3839 3777 3899 satellites

342 3931 636 4002 Instaura,
681 3932 1033 3992 venerabilis
1070 3933 1264 4005 frater,
1312 3934 1571 3993 ecclesiae
1613 3940 1729 3992 tuae
1770 3932 1989 4006 praedia
2069 3934 2263 3987 autem
2304 3928 2532 3987 Satanae
2569 3931 2982 4003 comprehenso
3019 3928 3304 3988 violenter
3347 3931 3539 3991 abbati
3578 3933 3775 3993 oculos

276 4022 512 4095 prodige
560 4021 939 4081 saecularibus
990 4024 1214 4094 tradita,
1244 4039 1448 4084 revoca
1494 4024 1707 4083 diversi
1759 4024 1987 4097 generis
2070 4023 2301 4087 eruunt,
2333 4033 2545 4092 eosque
2594 4018 2828 4078 linteolo
2876 4018 3143 4092 protinus
3180 4017 3494 4093 involutos,
3533 4022 3608 4081 ad
3657 4039 3773 4094 eos,

275 4120 618 4171 ornamenta
660 4120 932 4172 nocenter
978 4114 1236 4188 opposita
1293 4115 1382 4189 [νη
1413 4115 1718 4189 exposita],
1768 4122 1821 4175 et
1871 4116 1985 4174 sal-
2068 4105 2172 4179 qui
2211 4108 2273 4163 in
2310 4113 2506 4180 crypta
2540 4107 2899 4178 hibitabant,
2941 4107 3161 4167 occulte
3199 4108 3634 4182 transmittunt;
3674 4113 3779 4184 qui

278 4206 388 4279 tem
428 4201 691 4275 insignia
732 4218 1001 4276 quasque,
1036 4204 1127 4261 vel
1166 4203 1384 4277 optima
1418 4205 1820 4277 restituantur,
1852 4220 1985 4277 quae
2068 4210 2209 4252 mox
2256 4193 2473 4254 alacres
2511 4196 2717 4268 eﬂ‘ecti,
2747 4202 2804 4255 et
2830 4202 3104 4271 tanquam
3139 4197 3479 4258 thesaurum
3524 4198 3628 4258 diu
3673 4200 3771 4257 de-

278 4290 637 4361 ριιεειδιίοηίε
665 4296 782 4350 tum
812 4298 1064 4365 tempore
1094 4293 1348 4365 graviter
1382 4292 1742 4367 suspiramus
1771 4294 1984 4352 ablata,
2069 4283 2386 4341 sideratum
2425 4282 2721 4342 inhianter
2756 4285 3032 4359 amplexi,
3061 4285 3400 4344 festinanter
3436 4286 3505 4344 ad
3548 4288 3770 4360 propria

275 4376 343 4435 In
371 4378 642 4438 moribus
660 4395 892 4454 quoque
917 4381 1034 4440 tuis
1056 4382 1425 4456 temetipsum
1454 4382 1694 4457 corrige,
1721 4389 1777 4442 et
1806 4399 1885 4441 un

2166 4389 2328 4433 neare
2363 4384 2681 4448 coeperunt.
2721 4376 2988 4452 Cumque
3017 4377 3139 4450 jam
3176 4378 3474 4452 proﬂigato
3532 4378 3776 4452 longiori

275 4480 384 4541 que
440 4473 668 4538 cautus,
696 4469 959 4544 undique
1012 4470 1461 4544 circumspectus
1517 4471 1759 4531 omnino
1816 4478 1868 4529 te
1920 4472 1978 4530 in
2002 4465 2252 4540 'spatio
2292 4469 2553 4522 extrema
2595 4480 2726 4537 pars
2769 4465 2993 4522 itineris
3033 4472 3375 4538 superesset,
3408 4472 3465 4523 et
3497 4471 3777 4542 tanquam

274 4556 611 4615 sacerdotali
644 4559 925 4631 gravitate
971 4566 1026 4619 et
1059 4561 1359 4619 honestate
1392 4575 1705 4634 compone;
1740 4576 1847 4619 nec
1879 4561 1982 4620 de-
2067 4560 2185 4618 voti
2225 4563 2511 4631 compotes
2548 4553 2735 4612 securi
2768 4554 2889 4626 jam
2942 4551 3219 4610 alimenta
3257 4554 3634 4627 perciperent,
3676 4572 3775 4628 pe-

275 4641 499 4703 lecteris
530 4645 829 4706 fallacium
855 4647 1197 4707 divitiarum
1217 4649 1417 4723 copiis,
1448 4665 1583 4725 quae
1612 4649 1870 4708 fortassis
1889 4650 1984 4707 in-
2068 4648 2339 4721 regrinus
2364 4644 2601 4720 quidam
2621 4642 2814 4700 subito
2839 4641 3194 4714 supervenit,
3222 4648 3278 4699 et
3307 4658 3524 4700 novum
3549 4642 3769 4717 aliquid

273 4741 572 4805 geruntur,
615 4736 881 4809 afﬂuere;
937 4753 1044 4796 nec
1083 4736 1154 4796 de
1194 4738 1502 4810 cathedra),
1536 4738 1632 4798 cui
1684 4738 1981 4812 przesides,
2066 4735 2404 4811 inquisitus,
2446 4732 2805 4799 Albericum,
2836 4729 2940 4803 qui
2970 4728 3193 4787 dudum
3230 4729 3417 4788 fuerat
3453 4730 3774 4806 episcopus,

272 4821 491 4881 ambias
516 4823 742 4883 honore
770 4826 1040 4898 gaudere.
1070 4825 1216 4885 Nam
1244 4842 1397 4900 saepe
1417 4827 1572 4887 Deus
1595 4827 1978 4902 omnipotens,
2066 4825 2279 4885 obiisse
2316 4821 2625 4898 respondit.
2675 4819 2838 4891 Quod
2867 4818 2956 4877 illi
2982 4819 3233 4893 graviter
3266 4820 3553 4893 aspernati
3580 4836 3648 4879 ac
3672 4838 3775 4881 ve-

268 4913 417 4983 quod
442 4911 650 4987 procul
677 4912 753 4971 sit
780 4929 815 4971 a
842 4918 915 4983 te,
947 4915 1127 4973 menti
1155 4916 1433 4990 reprobat,
1467 4931 1645 4990 quam
1676 4932 1779 4990 per
1802 4916 1981 4975 abru-
2066 4915 2368 4973 hementer
2435 4910 2661 4970 attoniti
2733 4908 2963 4968 credere
3030 4908 3364 4967 nullatenus
3442 4916 3773 4982 potuerunt.

270 5004 361 5070 pta
396 5001 764 5074 voluptatum
799 5019 1037 5063 suarum
1070 5004 1180 5062 iter
1208 5008 1464 5081 arripere
1514 5006 1813 5080 conspicit,
1853 5020 1983 5063 om-
2067 5004 2290 5063 Deinde
2318 5018 2442 5061 rem
2470 5000 2684 5061 certius
2721 5003 3108 5074 agnoscentes,
3140 5004 3195 5056 et
3232 4998 3457 5056 dierum
3497 5000 3771 5073 spatium,

269 5104 400 5149 nem
428 5091 545 5150 sibi
585 5094 756 5166 ccepti
800 5100 1040 5155 conatus
1077 5095 1302 5156 aditum
1340 5095 1690 5155 intercludit.
1725 5096 1797 5154 Et
1833 5095 1983 5155 sicut
2066 5108 2182 5166 quo
2204 5091 2474 5151 videlicet
2503 5087 2604 5147 ille
2636 5088 2699 5147 in
2727 5086 3100 5159 aegrotatione
3136 5085 3432 5155 decubuit,
3467 5086 3776 5161 diligenter

263 5178 380 5250 jam
406 5181 750 5255 praesidenti
779 5198 930 5256 saepe
958 5184 1246 5258 prohibet,
1278 5185 1419 5243 dum
1448 5183 1579 5243 vult
1604 5184 1876 5257 gaudere,
1907 5199 1981 5243 ne

266 5271 543 5342 gaudeat;
597 5272 681 5331 sic
727 5274 799 5331 ad
846 5274 1108 5348 regimen
1155 5274 1523 5334 anhelantem
1575 5274 1854 5348 reprimit,
1906 5290 1981 5334 ne

265 5364 589 5437 concupita
618 5362 916 5438 dignitatis
941 5366 1177 5426 culmen
1210 5365 1499 5426 ascendat.
1527 5365 1780 5426 Joannes
1809 5365 1981 5439 plane

268 5445 603 5510 Marsicanie
637 5452 799 5525 prius
831 5453 1103 5513 Ecclesiae
1132 5456 1616 5530 archipresbyter,
1646 5469 1807 5514 nunc
1835 5454 1972 5512 reli-

2064 5183 2388 5251 addiscunt,
2436 5186 2492 5238 et
2536 5179 2637 5238 illa
2680 5179 2975 5251 signanter
3012 5176 3172 5250 hora,
3206 5192 3323 5252 qua
3366 5177 3633 5238 videlicet
3667 5180 3775 5239 ab-

2066 5274 2184 5332 bati
2216 5274 2417 5332 lumen
2444 5270 2718 5331 avulsum
2763 5274 2867 5338 est,
2899 5267 3069 5327 illum
3094 5268 3401 5329 infeliciter
3425 5272 3771 5346 exspirasse,

2065 5362 2291 5436 liquido
2319 5362 2773 5437 deprehendunt.
2806 5358 2953 5418 Ecce
2970 5375 3148 5433 quam
3172 5376 3369 5421 amaro
3394 5361 3512 5420 ﬁne
3538 5362 3765 5431 defecit,

2062 5455 2162 5528 qui
2218 5453 2477 5527 jucunde
2525 5460 2697 5526 atque
2746 5450 3005 5510 suaviter
3056 5451 3253 5510 vivere
3306 5452 3671 5526 concupivit;
3712 5461 3768 5512 et

266 5540 459 5612 giosus
486 5542 555 5600 in
576 5544 881 5604 Uaeinensi
905 5546 1175 5605 emnobio
1198 5548 1537 5618 monachus,
1570 5547 1837 5609 hesterna
1874 5562 1970 5607 me
2059 5544 2187 5619 ipse
2228 5542 2498 5618 temporis
2550 5540 2813 5613 articulo,
2868 5556 2987 5616 quo
3040 5557 3105 5600 se
3146 5556 3599 5602 conscensurum
3641 5557 3765 5600 esse
