4078 6202
274 208 373 273 311

791 211 853 272 s.
892 209 1116 272 PETRI
1153 210 1477 270 DAMIANI
1514 210 1677 272 ore.
1720 211 1911 272 pass
1953 210 2095 272 san
2131 210 2386 274 TOMUS
2422 174 2471 273 ἰ.
2513 245 2582 257 -
2621 213 2858 276 EPIST.
2902 216 3043 276 LIB.
3088 216 3249 277 VIII.

3661 222 3770 280 312

262 312 539 414 sperabat
574 338 741 413 quasi
780 336 1032 397 sublime
1068 336 1387 410 fastigium,
1429 338 1532 411 qui
1570 352 1787 396 caacum
1828 337 1979 396 fece-
2001 337 2344 411 Acupidum
2374 352 2466 396 me
2494 338 2692 412 procul
2722 339 2901 399 dubio
2926 342 3319 402 assentatoriae
3370 343 3564 404 laudis
3598 361 3769 407 accu-

274 436 381 499 rat,
412 434 468 486 et
492 428 613 502 ipse
640 433 914 501 tanquam
945 442 1078 485 vere
1099 431 1343 485 czecatus
1368 433 1543 500 atque
1571 442 1644 484 ex
1670 426 1986 498 improviso

274 522 594 591 correptus,
650 523 882 588 repente
936 521 1021 573 est
1075 514 1376 573 demersus
1424 514 1485 572 in
1538 520 1835 573 tartarum.
1876 514 1985 573 Cui

275 614 425 666 recte
444 606 843 680 propheticum
869 604 1013 662 illud
1041 603 1346 675 congruit:
1383 627 1403 650 κ
1435 604 1586 662 Dum
1610 604 1800 663 adhuc
1825 605 1985 663 ordi-

276 712 388 768 rer,
427 694 668 754 succidit
703 710 798 752 me
836 697 963 765 (Isa.
996 694 1281 763 XXXVIII).
1319 714 1347 745 »
1380 693 1564 752 Filius
1602 699 1797 752 autem
1837 693 1983 766 ejus,

275 786 568 859 apostolus
596 783 866 841 videlicet
901 781 1261 851 Antichristi,
1290 797 1469 857 quem
1498 782 1557 839 in
1589 782 1987 842 ecclesiastica

276 873 574 947 dignitatis
621 871 841 944 apicem
899 878 1057 944 pater
1114 869 1410 938 allexerat,
1462 876 1677 943 quanto
1730 876 1987 943 tempore

277 959 623 1036 supervixit,
653 958 865 1017 multas
901 958 1295 1016 calamitatum
1336 965 1508 1032 atque
1548 958 1984 1017 contentionum

275 1047 693 1106 amaritudines
754 1046 1023 1120 pertulit;
1070 1053 1357 1119 postremo
1413 1045 1696 1105 ferocibus
1745 1061 1983 1104 suorum

272 1137 481 1213 gladiis
520 1137 782 1209 undique
814 1136 1104 1208 perfossus
1141 1136 1432 1194 occubuit.
1483 1136 1734 1209 Dignum
1769 1138 1986 1212 quippe

174 1285 182 1292 ,
272 1236 358 1284 est
387 1232 450 1283 ut
479 1225 609 1282 talis
640 1226 773 1282 vitae
811 1223 1075 1282 clausula
1097 1224 1217 1282 illis
1242 1232 1505 1282 occurrat
1531 1224 1630 1297 qui
1660 1232 1856 1284 contra
1880 1240 1985 1283 vo-

268 1314 547 1373 luntatem
600 1312 699 1371 Dei
747 1312 818 1369 ad
862 1312 1006 1370 sacri
1053 1312 1275 1371 ordinis
1313 1312 1542 1370 culmen
1584 1313 1889 1381 anhelant;
1919 1328 1987 1371 ac

271 1404 513 1476 proinde
549 1402 796 1460 dulcedo
836 1401 1091 1471 vivendi,
1133 1417 1305 1475 quem
1348 1409 1541 1460 mente
1578 1410 1982 1476 conceperant,

270 1496 330 1551 in
382 1491 837 1551 amaritudinem
892 1498 949 1549 et
997 1491 1365 1564 prosperitas,
1393 1508 1527 1567 quae
1577 1508 1681 1565 per
1736 1493 1983 1551 colorem

270 1584 535 1642 falsitatis
597 1582 890 1654 arriserat,
952 1581 1071 1639 illis
1141 1580 1406 1654 provenit
1460 1582 1524 1640 in
1576 1580 1981 1641 calamitatem.

2065 432 2168 485 sat.
2228 427 2610 487 Remordente
2662 428 2878 488 scilicet
2925 431 3273 489 conscientia
3316 433 3578 506 protinus
3627 436 3764 493 aio:

2065 515 2213 574 Cum
2249 516 2354 575 iste
2386 517 2527 575 mihi
2562 518 2719 592 loqui
2748 519 2907 577 venit
2938 520 3009 577 ad
3050 529 3250 579 votum
3287 539 3498 596 meque
3528 533 3771 584 conetur

2064 605 2411 665 benevolum
2440 606 2695 679 reddere,
2728 614 3028 683 nunquam
3055 624 3147 667 me
3171 611 3295 669 oleo
3317 611 3625 673 deliniﬂcae
3643 631 3774 675 sua-

2066 693 2261 752 vitatis
2304 703 2649 768 aspergeret,
2680 696 2846 754 sime
2874 696 3139 755 delectari
3192 697 3429 758 laudum
3476 702 3773 763 favoribus

2064 799 2178 841 non
2214 790 2482 857 speraret.
2501 784 2565 843 In
2602 800 2729 844 mea
2757 785 2935 860 igitur
2961 787 3131 846 laude
3158 788 3502 862 confundor,
3529 798 3602 859 et,
3628 793 3772 853 dum

2066 873 2428 944 magniﬁcari
2469 873 2686 943 videor,
2720 874 3014 933 erubesco.
3050 874 3178 949 Ipse
3217 878 3429 953 quippe
3475 895 3569 938 me
3607 882 3771 941 favor

2064 960 2349 1034 objurgat,
2388 961 2490 1034 qui
2532 962 2722 1021 laudis
2760 962 3023 1036 avidum,
3052 970 3110 1024 et
3146 965 3198 1023 is
3231 966 3332 1041 qui
3379 967 3608 1029 videtur
3642 985 3771 1030 esse

2067 1050 2352 1120 laudatus,
2378 1051 2694 1111 existimat.
2774 1090 2779 1093 -
2870 1056 2874 1061 ’

2136 1139 2267 1198 Huc
2306 1139 2522 1197 accedit
2557 1140 2695 1212 quia
2724 1157 3090 1218 quaecunque
3136 1144 3389 1205 humana
3428 1163 3593 1207 mens
3627 1165 3771 1209 sano

2066 1228 2219 1300 viget
2249 1227 2395 1287 fulta
2419 1228 2682 1300 consilio,
2714 1229 2763 1287 si
2792 1245 2854 1288 se
2881 1231 3171 1291 subtiliter
3198 1240 3259 1292 et
3285 1234 3522 1295 solerter
3566 1237 3767 1311 inqui-

2065 1316 2158 1388 rit,
2214 1315 2317 1375 vix
2372 1316 2431 1373 in
2491 1315 2613 1375 suis
2666 1317 3037 1379 facultatibus
3083 1322 3310 1381 invenit
3358 1324 3519 1382 unde
3565 1324 3772 1384 merito

2064 1422 2293 1480 sperare
2331 1406 2689 1479 praeconium
2714 1408 2910 1481 possit.
2938 1408 3194 1470 Mortalis
3234 1412 3447 1487 quippe
3491 1412 3768 1482 conditio,

2064 1493 2325 1568 undique
2374 1499 2651 1554 coarctata
2694 1501 2868 1570 atque
2893 1496 3216 1569 constricta,
3244 1498 3387 1573 quid
3421 1501 3581 1559 novit
3613 1500 3772 1559 unde

2063 1582 2241 1656 possit
2292 1582 2533 1641 extolli?
2563 1583 2704 1654 Quis
2762 1579 2919 1642 enini
2961 1586 3101 1643 sciat
3146 1586 3287 1660 quid
3339 1587 3403 1646 in
3447 1590 3770 1650 aeternitate

270 1671 496 1741 Quibus
521 1678 576 1727 et
601 1671 749 1728 illud
780 1668 1047 1728 Jeremiae
1073 1669 1278 1727 merito
1305 1670 1573 1743 congruit
1603 1696 1616 1728 :
1651 1695 1675 1721 α
1712 1669 1982 1744 Speravi-
2002 1694 2047 1754 Β
2064 1671 2259 1739 fuerit,
2298 1676 2606 1747 antequam
2637 1674 2790 1733 Deus
2818 1674 2974 1733 hunc
2999 1676 3268 1736 conderet
3296 1678 3631 1738 mundum?
3650 1681 3769 1740 Sed

268 1775 403 1817 mus
430 1773 652 1831 pacem,
684 1764 741 1815 et
770 1773 884 1817 non
912 1766 999 1816 est
1030 1759 1281 1828 bonum;
1321 1759 1705 1833 quaesivimus
1731 1761 1899 1829 bona,
1927 1764 1985 1815 et

265 1864 396 1907 ecce
424 1847 678 1906 turbatio
707 1852 838 1916 (Jer.
874 1857 1028 1906 XIV).
1057 1868 1084 1901 »
1131 1848 1195 1905 Et
1222 1846 1368 1907 illud
1405 1847 1724 1907 Psalmistte
1755 1867 1768 1906 :
1804 1871 1830 1897 α
1868 1849 1980 1907 De-

260 1934 447 2005 jecisti
481 1951 579 1994 eos
608 1936 750 1995 dum
781 1935 1172 1994 allevarenlur
1201 1939 1371 2002 (Psal.
1402 1941 1617 2003 LXXII).
1649 1959 1672 1989 ι

338 2029 586 2086 Econtra
612 2034 693 2098 tu,
728 2027 1079 2085 venerabilis
1107 2029 1300 2095 frater,
1337 2014 1518 2100 hujus
1550 2027 1757 2086 mundi
1780 2026 1982 2086 suavia

266 2119 560 2194 quaelibet,
588 2134 656 2177 ac
688 2118 839 2175 male
873 2118 1134 2191 jucunda
1168 2124 1515 2187 contemne;
1558 2134 1750 2177 rerum
1794 2126 1981 2176 trans-

267 2207 534 2266 euntium
573 2208 768 2280 copias
792 2223 859 2265 ac
892 2207 1209 2265 mundanae
1246 2206 1445 2279 glorise
1485 2207 1839 2266 lenocinium
1882 2208 1981 2266 de-

265 2295 449 2371 spice;
484 2311 848 2371 sequensque
873 2296 1117 2368 vestigia
1148 2295 1465 2355 Salvatoris
1491 2312 1692 2371 aspera
1730 2312 1983 2372 quaeque

266 2386 368 2446 tibi
401 2402 468 2445 ac
504 2387 647 2445 dura
686 2402 965 2460 propone,
1005 2393 1070 2446 ut
1119 2402 1222 2459 per
1261 2386 1519 2445 difﬁcilia
1576 2387 1868 2460 gradiens,
1908 2387 1981 2445 ad

261 2474 519 2550 jucunda
548 2475 856 2548 pertingas,
889 2479 944 2532 et
976 2474 1137 2532 velut
1165 2490 1365 2548 aspera
1402 2476 1637 2534 dumeta
1669 2475 1978 2548 perambu-

267 2566 393 2624 lans
422 2565 576 2624 viam
616 2571 779 2624 tuam
808 2565 974 2623 suavi
1003 2565 1121 2622 ﬁne
1155 2565 1485 2624 concludas.

779 2685 925 2745 112
955 2689 1324 2749 EPISTOLA
1352 2687 1453 2748 IX.

549 2795 628 2840 AD
650 2791 986 2841 OLDERICUM
1008 2790 1329 2837 EPISCOPUM
1353 2789 1689 2836 FIRMANUM.

267 2870 716 2928 ABGUMENTUM.
744 2900 813 2910 —
834 2865 1043 2926 Scribit
1067 2867 1217 2939 hanc
1241 2866 1539 2939 epistolam
1569 2865 1980 2939 Firmanogepi-

341 2956 528 3014 scopo,
542 2955 661 3014 qua
673 2939 925 3014 primum
942 2937 1163 3011 gratissi
1171 2936 1297 3014 mas
1305 2937 1421 3014 sibi
1436 2936 1506 2994 de
1520 2951 1587 2994 eo
1605 2937 1808 2994 missas
1825 2936 1978 2995 litte-

344 2956 528 3014 scopo,
584 2956 661 2998 ua
673 2956 755 3012 ΡΠ
765 2956 925 2996 mum
942 2956 1297 3011 gratlssunas
1312 2956 1357 2995 Sl
1369 2956 1421 2995 Dl
1436 2956 1506 2994 (18
1520 2956 1587 2994 (1.0
1605 2956 1808 2994 [11188218
1827 2956 1978 2995 ιιῐῑθ-

344 3027 437 3069 ras
459 2956 689 3079 scribit;
712 3009 1001 3081 deindese
1022 3011 1276 3081 graviter
1299 3009 1446 3065 ferre
1466 3023 1589 3081 suae
1612 3022 1821 3081 nomen
1848 3024 1978 3081 san-

338 3082 548 3140 ctitatis
582 3077 738 3154 quOd
765 3096 868 3153 per
898 3077 1439 3154 illas"tribu_ebatur.
1474 3077 1663 3154 Quare
1703 3078 1976 3154 pluribus

337 3150 697 3232 argumentis
745 3150 986 3232 conatur
1010 3166 1146 3232 eum
1174 3150 1246 3232 ab
1278 3150 1975 3232 haccpinione'deduce-

340 3221 430 3296 re,
445 3223 714 3297 quamvis
730 3238 790 3280 se
806 3222 1302 3297 ipsecausoletur,
1317 3221 1660 3297 existimans
1681 3221 1751 3297 id-
1764 3237 1976 3297 nequa-

380 3291 516 3353 u'ain
546 3294 718 3352 illum
752 3291 1077 3360 credidisse,
1109 3293 1206 3350 sed
1236 3291 1307 3350 ad
1337 3294 1527 3365 acrius
1558 3291 1974 3365 impellendum

363 3362 559 3424 ccisse.
594 3365 770 3423 Addit
799 3369 1074 3437 praeterea
1107 3380 1168 3421 se
1199 3380 1354 3437 aegre
1382 3364 1583 3437 tulisse
1625 3362 1976 3437 calamitates

341 3436 632 3506 Ecclesiae,
665 3444 730 3495 ut
759 3434 937 3493 armis
967 3452 1060 3493 res
1086 3450 1276 3493 sacras
1313 3434 1623 3506 defendere
1663 3436 1971 3506 compelle«

336 3513 513 3587 retur:
550 3505 903 3587 Quapropter
941 3522 1064 3587 non
1102 3506 1395 3587 armis‘ac
1445 3505 1672 3587 viribus
1722 3505 1977 3587 corporis

341 3576 804 3660 tuendam-dicit
850 3577 1197 3660 Ecclesiaui,
1222 3576 1322 3634 sed
1360 3577 1637 3660 precibus
1680 3576 1976 3660 armisque

336 3649 552 3708 divinis
566 3648 792 3780 ;bidque
822 3648 997 3707 sacris
1052 3649 1294 3708 testibus
1321 3648 1386 3707 et
1400 3648 1722 3740 rationibus
1768 3648 1976 3707 nititur

338 3736 573 3780 comnro
614 3736 732 3778 are.

338 3727 732 3794 comprobare.
1666 3727 1689 3740 ‘

337 3821 559 3879 Domno
606 3820 907 3879 ORDEBICO
945 3818 1220 3878 Firmano
1251 3835 1537 3893 episcopo,
1576 3818 1806 3877 PE'I‘nUs
1839 3834 1974 3891 pec-

265 3918 419 3968 cator
447 3909 771 3968 monachus
801 3907 1216 3982 inexplebilem
1242 3907 1567 3966 devotionis
1604 3907 1890 3965 affectum.

338 3998 677 4057 Melliﬂuam
706 4004 911 4056 vestrae
938 3996 1257 4056 sanctitatis
1286 3997 1582 4070 epistolam
1606 4002 1823 4072 quanta
1850 4013 1975 4056 cor-

266 4085 358 4144 dis
389 4087 662 4145 aviditate
694 4086 1063 4160 susceperim,
1100 4084 1526 4160 perseverantia
1573 4085 1790 4158 probat.
1830 4086 1973 4145 Eam

266 4174 483 4249 quippe
528 4175 996 4233 cohabitatricem
1022 4175 1169 4232 mihi
1200 4175 1260 4232 in
1293 4174 1501 4233 cellula
1523 4174 1743 4248 jugiter
1784 4180 1971 4247 teneo,

267 4280 400 4323 cum
444 4278 511 4321 ea
558 4278 710 4336 saepe
755 4262 1117 4333 confabulor,
1149 4264 1209 4321 in
1260 4279 1327 4322 ea
1371 4262 1668 4322 interioris
1714 4263 1975 4322 hominis

2066 1777 2198 1820 cum
2220 1762 2443 1834 ignoret
2463 1762 2605 1835 quid
2626 1763 2800 1821 fuerit
2817 1768 2950 1822 ante
2972 1764 3175 1823 mundi
3203 1765 3578 1841 principium,
3606 1771 3773 1830 novit

2070 1849 2212 1907 113
2245 1853 2480 1912 forsitan
2508 1853 2651 1926 quid
2690 1860 2816 1929 post
2842 1857 2968 1929 ejus
3006 1856 3321 1916 terminum
3358 1857 3433 1917 sit
3475 1859 3765 1934 futurum,

2066 1948 2268 2001 utrum
2299 1944 2516 2003 scilicet
2549 1943 2608 2002 in
2643 1945 2962 2005 ministerio
2987 1947 3081 2006 cui
3114 1963 3321 2008 cursus
3343 1949 3588 2009 ulterius
3615 1958 3766 2011 astra

2065 2031 2394 2092 deserviant
2422 2040 2476 2091 et
2507 2040 2784 2094 utrumne
2818 2042 2943 2109 post
2971 2052 3057 2105 ea,
3090 2051 3223 2112 quae
3262 2053 3419 2096 nunc
3469 2046 3625 2109 sunt,
3653 2039 3769 2099 alia

2065 2137 2269 2181 rursus
2309 2122 2592 2183 elementa
2635 2123 2959 2183 succedant.
3012 2124 3175 2184 Unde
3214 2131 3271 2185 et
3301 2125 3607 2200 Seraphim
3644 2128 3766 2195 illa,

2063 2230 2199 2289 quae
2225 2212 2402 2272 Isaias
2430 2214 2703 2289 propheta
2733 2216 2790 2273 in
2821 2222 3128 2290 conspectu
3170 2217 3403 2276 Domini
3446 2224 3594 2277 stare
3630 2234 3769 2277 con-

2063 2302 2272 2377 spexit,
2330 2318 2496 2361 senas
2543 2303 2664 2362 alas
2718 2303 2992 2362 habuisse
3043 2304 3314 2364 describit
3362 2329 3375 2363 :
3423 2328 3449 2361 α
3506 2306 3767 2379 Duabus,

2064 2390 2276 2464 inquit,
2308 2391 2578 2450 velabant
2626 2392 2852 2462 faciem,
2898 2399 2955 2451 et
2992 2393 3220 2453 duabus
3266 2391 3533 2452 velabant
3571 2395 3766 2469 pedes,

2063 2484 2115 2537 et
2163 2479 2389 2539 duabus
2432 2480 2722 2539 volabant.
2769 2505 2790 2533 ι
2834 2481 3118 2541 Velabant
3154 2497 3323 2556 porro
3366 2482 3594 2554 faciem,
3645 2485 3771 2544 sive

2061 2566 2256 2640 pedes,
2311 2583 2429 2626 non
2484 2583 2638 2634 suos,
2701 2569 2798 2627 sed
2850 2570 3052 2645 utique
3109 2570 3232 2630 Dei.
3290 2571 3361 2630 Et
3415 2573 3557 2644 quid
3606 2599 3633 2623 α
3668 2591 3770 2649 per

2064 2655 2265 2714 faciem
2321 2655 2445 2726 Dei,
2503 2680 2528 2706 ι
2581 2655 2694 2714 nisi
2734 2658 2939 2716 mundi
2987 2658 3381 2733 principium?
3405 2660 3549 2731 Quid
3598 2686 3619 2715 ι
3668 2679 3770 2736 per

2058 2743 2252 2817 pedes,
2297 2768 2324 2792 ››
2376 2743 2489 2802 nisi
2535 2744 2792 2817 ejusdem
2839 2746 3046 2805 mundi
3084 2746 3220 2805 ﬁnis
3263 2747 3430 2806 debet
3474 2749 3770 2821 intelligi?

2060 2833 2296 2892 Alarum
2338 2849 2472 2905 ergo
2518 2832 2823 2907 Seraphim
2855 2843 2912 2892 et
2943 2834 3336 2907 plures'sunt,
3370 2853 3505 2911 quae
3548 2838 3765 2909 velant,

2060 2928 2116 2982 et
2146 2939 2343 2997 paucae
2393 2939 2526 2999 quae
2583 2924 2798 2996 volant,
2831 2925 2969 2999 quia
3023 2942 3099 2984 ex
3147 2926 3483 2986 divinorum
3523 2940 3766 3003 operum

2001 3011 2401 3110 C.ceisit-udine
2450 3028 2583 3110 cum
2632 3028 2914 3110 perpauca
2955 3014 3027 3110 ad
3067 3017 3767 3110 nostrampermittantur

2060 3100 2332 3159 advolare
2367 3100 2656 3172 notitiam,
2696 3099 2949 3176 plurima
2986 3103 3048 3162 in
3090 3104 3376 3163 thesauris
3412 3112 3765 3165 secretorum

2059 3188 2377 3248 caelestium
2427 3196 2735 3248 servantur
2782 3190 3022 3250 occulta.
3086 3193 3229 3251 Nam
3292 3194 3443 3268 quod
3498 3195 3769 3254 funditus

2060 3280 2399 3354 ignoremus
2439 3281 2579 3356 quid
2631 3287 2763 3340 ante
2808 3282 3013 3340 mundi
3054 3282 3407 3357 principium
3465 3284 3660 3351 fuerit,
3710 3292 3769 3344 et

2061 3369 2201 3443 quid
2245 3370 2368 3443 jam
2411 3378 2535 3441 post
2578 3371 3138 3430 consummationem
3182 3371 3255 3429 sit
3302 3373 3793 3442 futurum,idem-

2061 3458 2323 3533 perhibet
2347 3458 2525 3518 Isaias
2554 3478 2567 3517 :
2602 3485 2629 3510 α
2656 3460 2872 3529 Priora,
2899 3460 3112 3534 inquit,
3141 3463 3481 3522 annuntiate
3515 3466 3682 3534 mihi,
3710 3471 3773 3523 et

2060 3546 2378 3607 novissima
2422 3563 2556 3623 quae
2590 3550 2785 3608 futura
2822 3556 2977 3619 sunt,
3003 3557 3060 3608 et
3087 3550 3274 3609 dicam
3325 3552 3464 3626 quia
3506 3552 3587 3612 dii
3627 3556 3773 3615 estis

2062 3640 2194 3707 (Isa.
2224 3642 2370 3705 XLI).
2403 3661 2430 3687 ι»
2462 3638 2546 3696 De
2572 3637 2779 3696 mediis
2806 3645 2996 3697 autem
3022 3654 3206 3713 pauca
3237 3647 3531 3715 utcunque
3554 3657 3777 3717 cogno-

2062 3725 2299 3797 scimus,
2333 3741 2466 3800 quaa
2494 3742 2570 3785 ex
2591 3727 3020 3801 Scripturarum
3044 3729 3403 3789 attestatione
3425 3730 3596 3789 nobis
3620 3747 3773 3807 pan-

2062 3816 2302 3875 duntur.
2336 3817 2509 3875 Porro
2553 3823 2749 3876 autem
2775 3824 2831 3876 et
2854 3819 2913 3877 in
2942 3817 3033 3876 bis
3061 3818 3203 3892 ipsis
3235 3826 3511 3893 quantam
3547 3822 3776 3881 notitiae

2060 3904 2349 3977 patiamur
2393 3902 2672 3979 inopiam,
2698 3905 2799 3978 qui
2827 3905 3292 3979 sapientissimus
3319 3908 3472 3965 inter
3497 3908 3775 3967 homines

2061 3993 2302 4064 exstitit,
2332 4007 2448 4052 non
2496 3992 2732 4053 erubuit
2774 3994 3052 4053 conﬁteri.
3102 3996 3202 4054 Ait
3236 3997 3397 4055 enim
3438 3996 3714 4057 Salomon
3751 4016 3768 4055 :

2068 4108 2089 4134 ι
2127 4082 2274 4142 Sunt
2317 4083 2459 4158 justi
2503 4088 2559 4141 et
2608 4081 2913 4157 sapientes,
2956 4099 3210 4159 quorum
3261 4101 3434 4161 opera
3473 4086 3535 4145 in
3582 4102 3769 4147 manu

2060 4170 2314 4241 Domini,
2343 4177 2399 4229 et
2421 4176 2615 4229 tamen
2645 4171 2828 4229 nescit
2853 4172 3046 4239 homo,
3069 4179 3266 4233 utrum
3308 4189 3505 4234 amore
3532 4190 3607 4233 an
3634 4175 3774 4236 odio

2059 4261 2274 4337 dignus
2312 4261 2405 4331 sit,
2430 4261 2529 4320 sed
2560 4262 2757 4320 omnia
2785 4262 2849 4319 in
2879 4262 3144 4322 futurum
3189 4271 3497 4324 servantur
3549 4266 3774 4325 incerta

267 4351 445 4410 vestri
489 4352 737 4426 speciem
787 4367 853 4409 ac
902 4353 1025 4411 veri
1070 4352 1274 4412 vultus
1306 4353 1627 4428 imaginem
1670 4353 2258 4428 manifesten(Eccle.
2291 4353 2401 4417 IX).
2434 4373 2461 4401 ιο
2496 4349 2609 4409 Ubi
2648 4350 2971 4409 notandum
3013 4353 3174 4425 quia,
3201 4367 3335 4413 cum
3372 4354 3562 4428 justos
3612 4356 3774 4416 dicat

1988 4402 2038 4462 D

265 4441 639 4516 contemplor.
670 4442 770 4501 Est
834 4450 1023 4502 tamen
1082 4445 1234 4519 quod
1298 4447 1362 4503 in
1412 4460 1480 4503 ea
1533 4443 1785 4519 graviter
1830 4436 2113 4514 fero,”et
2142 4440 2446 4513 sapientes,
2477 4436 2579 4513 qui
2608 4437 2893 4497 nimirum
2926 4439 3246 4499 debuerant
3286 4441 3562 4502 subtilius
3598 4459 3773 4504 nosse

264 4530 403 4606 quia
427 4530 645 4591 scilicet
674 4546 793 4589 non
825 4537 937 4589 tam
967 4531 1312 4591 honoratum
1344 4547 1520 4606 quam
1551 4538 1852 4592 oneratum
1884 4547 1976 4590 me

264 4628 381 4679 tam
428 4621 610 4680 sancti
659 4622 917 4681 nominis
960 4621 1132 4680 laude
1167 4623 1407 4696 reperio.
1434 4622 1501 4681 In
1542 4623 1650 4681 hoc
1685 4621 1975 4697 siquidem

265 4710 516 4770 ﬂebilior
546 4719 631 4771 est
658 4728 784 4771 mea
834 4713 1149 4784 calamitas,
1197 4713 1350 4787 quod
1386 4728 1500 4771 non
1539 4711 1708 4771 modo
1737 4712 1853 4770 mei
1881 4728 1975 4770 me

265 4808 459 4860 reatus
484 4802 831 4875 impediunt,
857 4801 956 4860 sed
978 4801 1215 4875 insuper
1236 4801 1416 4860 sancti
1442 4801 1706 4860 homines
1732 4800 1788 4858 in
1822 4816 1970 4870 mea,

267 4892 412 4963 proh
440 4890 638 4949 dolor!
674 4888 1056 4949 aestimatione
1101 4888 1470 4964 delinquunt.
1506 4911 1531 4937 α
1564 4889 1730 4946 Absit
1756 4893 1970 4958 autem,

264 4986 329 5038 ut
358 4986 581 5040 tantum
614 4982 808 5040 virum
841 4980 1018 5039 fatear
1069 4980 1240 5038 etiam
1271 4994 1366 5037 me
1392 4977 1759 5052 praedicando
1807 4993 1973 5035 men-

268 5067 394 5131 tiri:
441 5070 541 5127 sed
591 5070 731 5144 quia
758 5070 932 5129 homo
964 5086 1042 5139 es,
1074 5078 1236 5145 potes
1263 5068 1465 5128 saltem
1495 5084 1594 5142 per
1622 5067 1972 5126 benevolen-

264 5155 403 5213 tiam
433 5154 576 5213 falli.
608 5155 756 5226 Quia
787 5175 924 5218 vero
956 5158 1189 5218 mentiri
1220 5165 1306 5218 est
1333 5165 1531 5217 contra
1579 5162 1833 5215 mentem
1886 5156 1972 5214 Ιο-

264 5241 384 5317 qui,
419 5244 702 5319 conﬁngit
750 5246 1060 5319 aliquando
1108 5253 1175 5306 ut
1216 5247 1371 5306 idem
1407 5247 1480 5305 sit
1520 5253 1576 5305 et
1613 5263 1688 5304 ex
1731 5244 1973 5305 dicentis

264 5330 540 5404 opinione
563 5349 791 5402 verum,
814 5341 951 5392 etex
974 5335 1160 5409 ipsius
1181 5335 1260 5394 rei
1284 5336 1559 5410 qualitate
1579 5335 1969 5394 mendacium.

264 5418 555 5480 Conﬁteor
584 5421 642 5478 in
671 5420 908 5480 domino
934 5437 1063 5481 meo
1088 5423 1243 5498 quod
1277 5439 1432 5497 szepe
1462 5431 1721 5484 versatur
1747 5423 1806 5482 in
1843 5422 1972 5481 ani-

262 5523 359 5567 mo
390 5524 538 5581 meo,
568 5507 848 5583 quoniam
897 5510 1164 5586 quisquis
1194 5527 1288 5570 me
1319 5512 1380 5570 in
1411 5527 1474 5571 os
1502 5528 1696 5572 meum
1750 5512 1970 5583 laudat,

2056 4529 2211 4601 ipsos
2274 4528 2446 4586 etiam
2505 4527 2787 4602 perhibet,
2843 4543 2978 4601 qua
3039 4528 3235 4589 futura
3286 4538 3427 4590 sunt
3477 4533 3767 4606 ignorare.

2060 4616 2373 4677 Enimvero
2414 4616 2569 4691 quod
2614 4632 2707 4675 me
2744 4632 2862 4677 non
2907 4617 3078 4677 modo
3121 4619 3190 4677 de
3237 4620 3537 4694 sapientia,
3566 4622 3664 4680 sed
3711 4630 3773 4681 et

2056 4707 2128 4766 de
2185 4709 2322 4767 vitae
2366 4723 2595 4782 quoque
2644 4708 2812 4782 quasi
2858 4709 3154 4769 sanctitate
3201 4711 3495 4785 laudastis,
3529 4729 3643 4772 non
3701 4723 3774 4775 ut

2059 4796 2165 4854 hoc
2209 4802 2396 4855 vestra
2430 4796 2734 4869 prudentia
2775 4797 3048 4869 crederet,
3081 4798 3179 4858 sed
3209 4801 3282 4859 ob
3315 4800 3467 4859 hanc
3510 4801 3777 4862 fortassis

2055 4883 2426 4950 industriam,
2460 4890 2523 4942 ut
2560 4899 2655 4941 me
2690 4884 2761 4943 ad
2803 4885 3164 4959 procinctum
3209 4890 3387 4946 sancti
3430 4890 3775 4950 certaminis

2056 4977 2247 5036 acrius
2286 4975 2605 5049 instigaret,
2633 4991 2749 5049 qua
2791 4975 3161 5049 conﬁdentia,
3208 4979 3300 5036 vel
3348 4978 3410 5037 in
3449 4980 3558 5037 hoc
3599 4980 3775 5040 valeo

2059 5062 2490 5135 quantumlibet
2516 5064 2822 5133 assentire,
2844 5064 2984 5123 dum
3017 5080 3119 5138 pro
3147 5066 3356 5138 quovis
3375 5066 3557 5125 otioso
3587 5067 3776 5127 verbo

2056 5155 2205 5213 ratio
2231 5152 2491 5211 redditur
2520 5172 2533 5209 :
2562 5153 2709 5212 dum
2740 5155 2860 5213 sola
2891 5154 3033 5213 fatui
3065 5154 3429 5230 compellatio
3476 5156 3777 5229 gehennae

2057 5243 2413 5317 supplicium
2437 5242 2846 5313 comminatur,
2878 5245 3018 5304 dum
3041 5244 3257 5305 divinae
3276 5244 3419 5317 legis
3446 5260 3558 5304 non
3590 5261 3773 5320 apex,

2057 5348 2178 5391 non
2191 5332 2301 5392 iota
2320 5338 2638 5406 praetereat,
2663 5333 2806 5393 dum
2827 5333 2943 5393 sola
2966 5334 3452 5408 concupiscentiae
3464 5335 3612 5393 visio
3626 5350 3778 5394 mte-

2056 5421 2206 5481 chiaa
2238 5422 2457 5481 crimen
2487 5422 2727 5482 incurrit
2750 5420 2778 5481 ?
2801 5421 2943 5481 Haec
2960 5430 3017 5481 et
3032 5424 3390 5499 huiusmodi,
3413 5423 3775 5484 venerabilis

2055 5517 2236 5586 pater,
2264 5512 2531 5587 quisquis
2555 5511 2731 5587 digna
2749 5512 3206 5574 consideratione
3224 5512 3546 5588 perpendit,
3571 5528 3648 5573 ex
3665 5511 3770 5574 di-
