4078 6202
191 283 272 344 313

1382 283 1605 344 LIBER
1644 284 2016 355 QUARTUS,
2059 283 2292 344 EPIST.
2337 284 2436 343 IX.

3560 295 3667 355 314

188 407 543 482 vinaquidem
567 409 751 478 potest
771 405 1137 464 miseratione
1161 421 1535 481 praesumere,
1555 409 1653 467 sed
1675 409 2036 472 nescieris
2065 409 2155 467 vis
2190 409 2440 467 infertur
2477 409 2735 483 injuriaa,
2767 412 2839 470 ad
2874 413 3183 472 indicenda
3217 416 3478 489 protinus
3509 420 3664 480 bella

185 508 351 560 utrum
381 496 570 555 valeat
595 496 654 554 in
687 495 1117 571 quantumlibet
1147 497 1599 557 exuberantium
1632 501 1868 557 merito-

182 605 289 647 rum
318 601 560 644 suorum
584 585 888 643 securitate
910 586 1180 650 dormire,
1201 588 1519 659 prtesertim
1542 605 1672 646 cum
1693 603 1792 646 mu
1803 605 1868 646 n-

181 677 266 735 dus
284 675 542 748 undique
563 674 788 744 fremat,
819 673 1085 746 undique
1103 674 1260 732 velut
1281 676 1607 735 maximum
1631 678 1868 752 pelagus

178 762 672 824 intumescentibus
705 762 982 836 procellis,
1003 778 1065 819 se
1097 763 1333 833 attollat,
1372 769 1670 839 tantasque
1699 767 1866 824 nobis

179 855 628 929 quibuscumque
667 851 994 924 raptoribus
1032 852 1325 912 molestias
1366 853 1609 926 ingerat,
1653 859 1720 912 ut
1753 859 1866 912 ter-

180 942 315 1002 renis
355 941 552 1013 potius
594 955 702 998 nos
738 941 1026 998 inservire
1066 941 1313 1014 negotiis
1357 957 1533 1016 quam
1572 943 1870 1016 obsequiis

180 1045 360 1090 vacare
398 1027 637 1098 divinis,
687 1027 779 1086 vel
814 1029 885 1085 ad
925 1028 1195 1100 puritatis
1236 1030 1489 1103 aspirare
1519 1031 1868 1090 munditiam

179 1122 503 1198 plerumque
519 1117 841 1192 compellat.
866 1118 1156 1192 Malignus
1182 1119 1351 1192 plane
1384 1119 1620 1194 spiritus
1653 1122 1867 1179 huma-

179 1226 297 1269 num
329 1224 517 1283 genus
540 1223 697 1266 nunc
726 1207 892 1266 solito
919 1208 1321 1267 vehementius
1340 1224 1444 1282 per
1467 1209 1666 1268 omnia
1701 1210 1870 1268 vitio-

177 1314 286 1359 rum
311 1298 560 1371 abrupta
589 1295 926 1370 praecipitat,
950 1298 1336 1356 truculentius
1361 1303 1552 1356 tamen
1577 1299 1866 1372 odiorum,

176 1405 229 1447 ac
245 1387 606 1446 simultatum
631 1385 1028 1444 omneslivore
1047 1387 1362 1460 perturbat.
1382 1387 1490 1446 Tot
1506 1389 1664 1446 enim
1686 1389 1870 1464 quoti-

176 1476 250 1534 die
282 1474 431 1534 bella
459 1473 807 1540 desmviunt,
838 1479 1076 1532 armatas
1107 1473 1259 1534 acies
1286 1482 1594 1549 proruunt,
1629 1477 1868 1536 hostiles

174 1566 404 1640 impetus
429 1566 841 1624 inhorrescunt
867 1571 932 1624 ut
961 1565 1032 1623 de
1069 1565 1427 1627 militaribus
1455 1569 1694 1641 quidem
1721 1569 1866 1628 viris

172 1657 340 1730 plures
359 1656 593 1729 gladius
617 1657 883 1715 videatur
903 1656 1232 1725 absumere,
1258 1674 1438 1731 quam
1459 1660 1520 1717 in
1543 1660 1862 1734 grabatulis

172 1747 514 1820 quiescentes
568 1761 859 1820 corporeae
915 1746 1266 1806 conditionis
1336 1749 1622 1823 aegritudo
1668 1751 1921 1834 ﬁnire,B

1953 497 2283 571 prosiliunt,
2312 504 2670 559 armatorum
2701 516 2917 560 cuneos
2966 502 3291 576 instruunt,
3327 506 3525 582 sicque
3553 511 3661 569 ho-

1950 593 2064 644 stes
2101 601 2236 645 suos
2272 587 2466 645 acrius
2503 589 2665 660 forte,
2701 605 2877 664 quam
2916 591 3040 649 laesi
3075 593 3324 660 fuerant.
3360 596 3660 657 ulciscun-

1953 681 2064 732 tur.
2095 674 2258 744 Quod
2291 677 2436 733 mihi
2468 676 2638 749 plane
2665 679 2802 736 satis
2828 680 3055 739 videtur
3082 682 3427 754 absurdum,
3455 692 3520 744 ut
3548 687 3660 761 ipsi

1949 763 2181 822 Domini
2220 765 2536 824 sacerdotes
2574 772 2854 824 attentent
2886 769 3040 841 quod
3093 771 3280 829 turbis
3318 775 3661 848 vulgaribus

1949 853 2307 925 prohibetur,
2334 861 2389 914 et
2417 857 2570 930 quod
2600 857 2794 915 verbis
2816 858 3176 931 impugnant,
3212 863 3483 935 operibus
3503 882 3658 926 asse-

1953 946 2099 1000 raut.
2134 943 2282 1014 Quid
2316 947 2473 1003 enim
2512 947 2698 1017 magis
2741 945 3090 1005 Christianas
3127 949 3240 1022 legi
3274 950 3507 1011 videtur
3533 972 3658 1016 esse

1951 1034 2300 1091 contrarium
2331 1051 2507 1108 quam
2551 1034 2859 1092 redhibitio
2884 1036 3190 1094 lzesionum
3216 1039 3242 1092 ?
3276 1038 3404 1112 Ubi,
3434 1058 3656 1114 quaeso,

1953 1125 2088 1178 sunt
2119 1127 2195 1179 tot
2225 1123 2517 1195 praeconia
2544 1121 2972 1196 Scripturarum
2999 1126 3024 1180 ?
3050 1124 3160 1181 Ubi
3188 1126 3342 1198 quod
3375 1127 3659 1190 Dominus

1952 1208 2130 1268 dicit:
2175 1233 2194 1262 ι
2235 1209 2295 1270 Si
2327 1212 2462 1286 quis
2504 1212 2606 1270 tibi
2637 1212 2788 1287 quod
2840 1219 3008 1272 tuum
3037 1219 3122 1272 est
3161 1216 3355 1274 tulerit
3388 1234 3460 1276 ne
3494 1236 3658 1294 repe-

1954 1305 2037 1355 tas
2077 1302 2226 1368 (Luc.
2263 1304 2366 1369 v1).
2408 1323 2430 1351 »
2481 1299 2541 1359 Si
2577 1302 2737 1360 enim
2774 1302 2942 1360 nobis
2973 1318 3089 1360 non
3120 1300 3252 1362 licet
3277 1306 3478 1364 eadem
3512 1308 3655 1382 ipsa,

1951 1402 2085 1462 quae
2127 1388 2294 1446 nobis
2340 1388 2530 1446 ablata
2568 1396 2725 1457 sunt,
2766 1397 3055 1462 repetere;
3104 1393 3394 1464 quomodo
3431 1410 3532 1467 pro
3564 1397 3657 1454 his

1948 1478 2081 1536 licet
2125 1477 2359 1536 ultoriee
2407 1478 2806 1537 retributionis
2860 1480 3076 1539 vulnus
3131 1482 3348 1540 inferre
3383 1483 3410 1542 ?
3445 1485 3552 1543 Ubi
3599 1492 3655 1544 et

1946 1566 2092 1626 illud
2145 1587 2156 1625 :
2203 1586 2232 1621 ‹‹
2282 1568 2342 1628 Si
2374 1569 2722 1642 percusserit
2760 1568 2866 1629 tibi
2905 1569 3229 1641 maxillam,
3269 1574 3463 1645 praebe
3503 1576 3556 1633 ei
3604 1582 3660 1634 et

1943 1657 2182 1715 alteram
2218 1677 2229 1715 :
2261 1659 2310 1716 si
2339 1659 2726 1731 angariaverit
2771 1665 2824 1717 te
2871 1659 3035 1717 mille
3064 1676 3290 1733 passus,
3324 1662 3468 1721 vade
3517 1679 3656 1723 cum

1940 1761 2007 1803 eo
2033 1745 2152 1804 duo
2180 1746 2294 1804 alia
2335 1747 2518 1805 millia
2554 1771 2566 1804 :
2609 1747 2659 1805 si
2711 1747 2909 1805 tulerit
2939 1748 3041 1805 tibi
3081 1749 3364 1822 tunicam,
3400 1752 3473 1808 da
3509 1752 3564 1809 ei
3599 1763 3655 1811 et

175 1841 226 1893 ut
262 1834 680 1909 propemodum
729 1835 910 1894 maris
955 1849 1119 1894 more
1157 1841 1390 1909 geratur
1432 1837 1529 1896 hic
1578 1838 1853 1899 mundus.
1876 1833 1905 1834 ί
1938 1833 2182 1908 pallium
2235 1837 2458 1907 (Matth.
2492 1836 2572 1905 v).
2613 1857 2635 1886 ι
2679 1836 2754 1892 At
2790 1835 3026 1894 fortasse
3065 1837 3196 1910 quis
3232 1838 3428 1912 objicit
3467 1840 3656 1898 turbis

177 1924 314 1985 Sicut
369 1923 530 1983 enim
576 1940 712 1983 cum
750 1930 1058 1983 ventorum
1098 1929 1402 1999 tempestas
1437 1925 1716 2000 oboritur,
1746 1930 1858 1988 cri-

174 2019 352 2087 spante
406 2013 608 2071 mitius
653 2012 878 2086 pelago,
917 2014 979 2071 in
1019 2014 1235 2072 vicinia
1274 2014 1483 2073 littoris
1532 2022 1709 2074 aestus
1743 2017 1858 2075 fer-

176 2104 376 2162 ventior
429 2102 756 2172 excitatur;
814 2101 958 2157 114
1004 2102 1085 2160 ita
1152 2118 1312 2162 nunc
1361 2105 1423 2161 in
1484 2104 1601 2163 ﬁne
1656 2107 1862 2165 mundi

174 2192 309 2251 velut
330 2192 531 2250 vicino
562 2191 739 2250 maris
767 2191 977 2262 littore,
1008 2193 1342 2253 furentibus
1383 2194 1609 2253 dissidii
1647 2197 1864 2256 discor-

1942 1923 2322 1982 saecularibus
2379 1923 2505 1981 haec
2553 1938 2676 1982 esse
2728 1924 3016 1996 mandata,
3077 1941 3193 1984 non
3242 1927 3654 2001 sacerdotibus,

1945 2014 2229 2073 nimirum
2287 2025 2349 2074 ut
2403 2015 2791 2074 Ecclesiarum
2844 2017 3124 2089 praesules
3171 2018 3297 2076 haec
3340 2019 3658 2092 praedicare

1948 2105 2214 2176 debeant,
2268 2121 2382 2163 non
2426 2121 2676 2164 servare.
2731 2105 2843 2164 Sed
2887 2107 3020 2180 quis
3062 2108 3170 2166 hoc
3217 2109 3310 2165 vel
3365 2109 3657 2183 desipiens

1948 2198 2176 2267 sentiat,
2203 2212 2338 2256 cum
2370 2196 2656 2254 Dominus
2687 2196 2838 2254 dicat
2866 2216 2878 2254 :
2910 2220 2936 2248 α
2968 2197 3079 2266 Qui
3111 2197 3346 2256 solverit
3373 2215 3563 2258 unum
3586 2201 3658 2259 de

175 2278 381 2353 dieque
419 2279 712 2356 procellis,
745 2287 955 2340 cuncta
993 2282 1302 2342 hominum
1340 2283 1511 2343 corda
1551 2291 1861 2356 vexantur,
1948 2285 2240 2344 mandatis
2272 2285 2399 2342 istis
2447 2284 2732 2356 minimis,
2771 2283 2911 2339 115
2959 2293 3015 2344 et
3052 2286 3309 2345 docuerit
3347 2288 3429 2345 sic
3461 2289 3657 2347 homi-

173 2374 218 2424 et
245 2375 516 2444 tanquam
559 2370 850 2443 spumosis
883 2370 1157 2429 ﬂuctibus
1185 2370 1518 2430 illiduntur.
1570 2373 1865 2433 Instabilis
1946 2391 2070 2444 nes,
2101 2374 2385 2432 minimus
2424 2373 2723 2433 vocabitur
2764 2374 2824 2431 in
2864 2390 3042 2447 regno
3071 2375 3370 2434 cmlorum.
3404 2377 3515 2446 Qui
3543 2394 3651 2437 au-

173 2458 306 2516 enim
335 2459 633 2517 homicida
662 2459 858 2517 omnia
898 2465 1203 2531 scrutatur,
1234 2462 1432 2519 omnia
1469 2463 1674 2521 mundi
1705 2464 1864 2524 velut
1945 2473 2061 2524 tem
2101 2465 2316 2533 fecerit,
2345 2468 2401 2521 et
2435 2464 2709 2532 docuerit,
2747 2479 2996 2537 magnus
3036 2465 3336 2525 vocabitur
3374 2470 3590 2536 (Ibid).
3621 2489 3651 2521 ››

169 2548 326 2607 unius
359 2549 492 2621 agri
536 2548 659 2607 loca
700 2549 1034 2622 perlustrat,
1087 2565 1161 2607 ne
1211 2550 1352 2625 quid
1397 2550 1783 2612 infecundum
1830 2571 1865 2612 a
1949 2551 2224 2612 Sacerdos
2270 2553 2489 2627 itaque,
2539 2553 2641 2626 qui
2693 2553 2750 2611 in
2798 2569 2975 2627 regno
3031 2554 3310 2614 caelorum
3349 2557 3477 2614 vult
3528 2573 3653 2616 esse

169 2636 312 2696 lividi
350 2639 580 2698 fomitis
618 2639 839 2698 satione
877 2646 1196 2714 praetereat.
1232 2641 1388 2700 Hinc
1421 2647 1527 2713 est,
1581 2644 1736 2718 quod
1791 2644 1862 2703 ad
1945 2659 2211 2716 magnus,
2258 2643 2331 2702 sit
2377 2644 2439 2702 in
2490 2643 2701 2718 populo
2747 2643 3022 2716 praevius,
3079 2651 3144 2701 ut
3190 2645 3346 2718 quod
3404 2661 3541 2704 voce
3592 2662 3652 2704 se

168 2729 516 2787 ecclesiastici
558 2734 740 2788 status
778 2729 1108 2789 universale
1146 2731 1473 2803 periculum
1501 2732 1575 2790 ab
1610 2733 1860 2792 invicem
1947 2731 2329 2806 sequentibus
2375 2733 2571 2801 dictat,
2620 2731 2847 2804 primus
2884 2731 3006 2804 ipse
3045 2731 3199 2790 vivis
3239 2733 3514 2805 operibus
3551 2735 3656 2792 im-

171 2817 534 2877 sacerdotium
594 2816 1028 2892 imperiumque
1078 2818 1366 2888 resiliunt,
1419 2825 1593 2893 atque
1636 2821 1710 2879 ab
1760 2822 1862 2880 Dei
1945 2821 2118 2893 pleat.
2158 2818 2344 2886 Unde,
2379 2826 2443 2876 ut
2479 2817 2671 2876 omnis
2707 2817 2870 2891 pravi
2916 2817 3244 2877 intellectus
3277 2820 3500 2878 occasio
3541 2821 3654 2877 tol—

169 2906 564 2979 omnipotentis
599 2905 875 2980 injuriam
908 2922 1070 2965 nunc
1105 2922 1240 2966 cum
1277 2923 1435 2967 unus
1463 2923 1609 2983 papa
1637 2909 1699 2966 in
1723 2925 1860 2984 apo-

172 2993 346 3052 stolico
376 2995 456 3052 sit
490 2995 637 3055 solio
673 2996 1040 3069 constitutus,
1082 2995 1226 3054 alter
1254 3013 1289 3055 a
1323 2997 1544 3056 ﬁnibus
1569 2998 1863 3072 aquilonis

169 3083 473 3144 destinatur
501 3088 718 3147 electus
758 3087 882 3162 (88).
928 3089 1039 3148 Sed
1070 3087 1174 3146 ille
1211 3103 1374 3162 papae
1402 3088 1713 3149 abusivum
1754 3106 1856 3163 pa-

171 3187 284 3244 pam
320 3175 530 3247 procul
566 3176 742 3234 dubio
782 3176 1139 3250 superaddit,
1177 3177 1280 3250 qui
1317 3177 1544 3250 primus
1592 3177 1858 3251 omnipo-

170 3263 323 3321 tentis
367 3263 480 3322 Dei
528 3264 878 3324 vocabulum
926 3265 1139 3339 plurali
1196 3280 1443 3324 numero
1496 3264 1854 3325 declinavit:

171 3369 196 3402 ι
224 3350 411 3424 Eritis,
455 3351 751 3426 inquiens,
799 3353 946 3412 sicut
979 3352 1081 3422 dii,
1117 3353 1362 3412 scientes
1393 3353 1611 3414 bonum
1651 3359 1707 3412 et
1736 3370 1858 3412 ma-

170 3435 277 3496 lum
301 3442 456 3510 (Gen.
480 3445 582 3508 III).
609 3462 631 3492 ι
662 3441 849 3515 Super
872 3456 989 3514 quo
1015 3441 1298 3500 nimirum
1328 3443 1518 3515 potius
1543 3443 1680 3501 ﬂere
1701 3459 1861 3502 com-

166 3526 447 3599 pellimur,
476 3543 654 3602 quam
691 3530 985 3602 prolixius
1018 3532 1159 3604 quid
1198 3531 1448 3590 scribere
1483 3532 1854 3591 delectemur.

167 3610 330 3686 Unde,
384 3632 527 3675 cum
585 3624 719 3676 ante
766 3617 991 3692 aliquot
1034 3617 1159 3677 dies
1207 3620 1457 3693 hymnos
1501 3620 1859 3696 rhythmicos

163 3697 338 3761 ﬂendo
366 3703 775 3778 depromerem
809 3729 821 3763 :

433 3793 595 3854 Heu!
629 3795 792 3855 sedes
811 3796 1144 3870 apostolica,

508 3883 675 3942 Orbis
697 3885 843 3944 olim
879 3885 1085 3961 gloria,

513 3972 701 4045 Nunc,
730 3976 877 4049 proh
907 3975 1108 4035 dolor!
1136 3976 1381 4037 eﬂiceris

512 4059 751 4121 Oiﬁcina
784 4062 1069 4136 Simonis;

443 4147 663 4208 Terunt
693 4151 969 4210 incudem
1001 4153 1220 4224 mallei,

512 4237 752 4296 Nummi
783 4247 920 4299 sunt
953 4242 1179 4300 tartarei
1203 4261 1218 4313 ;

500 4327 532 4386 J
537 4332 666 4386 usto
693 4328 797 4387 Dei
827 4328 1051 4403 judicio

510 4414 602 4474 Fit
632 4417 741 4476 ista
766 4418 1041 4490 conditio,

441 4503 515 4562 Ut
538 4505 806 4577 quisquis
829 4505 1198 4580 apostolicam

512 4594 720 4655 Sedem
747 4597 924 4656 semel
956 4595 1272 4672 comparat,

507 4685 814 4746 Redimere
839 4703 956 4746 non
983 4689 1231 4762 desinat,

507 4778 703 4838 Donec
732 4781 884 4839 male
923 4786 1118 4854 pereat
1148 4805 1160 4839 :

160 4858 245 4917 his
277 4862 472 4935 dictis,
514 4881 636 4939 prae
665 4866 862 4926 dolore
891 4869 1164 4927 contabui
1198 4874 1254 4927 et
1295 4867 1505 4926 addere
1541 4867 1856 4942 supersedi.

227 4948 330 5008 Sed
362 4968 502 5011 cum
543 4954 695 5014 inter
731 4963 938 5015 caetera
969 4957 1139 5026 mala,
1169 4973 1307 5030 quas
1342 4958 1558 5016 nostris
1588 4955 1860 5028 tempori-

160 5034 256 5096 bus
295 5050 633 5117 emergunt,
663 5045 818 5119 ipsas
862 5062 1098 5121 quoque
1144 5047 1428 5106 Ecclesias
1481 5045 1722 5106 violenti
1759 5046 1862 5103 ho-

159 5128 337 5189 mines
413 5133 737 5193 insolenter
810 5136 1140 5210 opprimant
1215 5152 1281 5196 ac
1353 5136 1571 5209 praedia
1625 5136 1866 5208 (Consule

156 5213 368 5275 Scholia
399 5221 480 5275 ad
514 5223 713 5278 calcem
751 5223 1038 5294 opusculi),
1083 5221 1174 5280 vel
1218 5221 1498 5296 quaelibet
1541 5221 1689 5280 bona
1717 5221 1864 5280 sacri

151 5305 289 5376 juris
319 5309 628 5380 invadant,
658 5312 975 5370 nonnullos
1004 5318 1216 5382 movet,
1249 5319 1449 5372 utrum
1482 5312 1864 5370 Ecclesiarum

154 5401 394 5456 rectores
432 5405 704 5472 expetere
733 5399 1050 5459 vindictam
1081 5400 1352 5473 debeant,
1378 5406 1447 5458 ut
1483 5399 1653 5458 malis
1690 5398 1863 5470 mala,

153 5494 300 5540 more
339 5484 742 5558 saecularium,
784 5487 1052 5547 reddant.
1090 5486 1238 5546 Nam
1289 5487 1554 5561 plerique
1596 5501 1758 5558 mox,
1799 5491 1867 5544 ut

205 5578 302 5645 (88)
336 5581 634 5638 Cadaloum
660 5585 930 5650 intelligit.

1946 2909 2118 2980 latur,
2156 2908 2384 2981 primus
2403 2905 2504 2964 ille
2525 2907 2676 2964 inter
2709 2906 2980 2965 Ecclesiae
3015 2907 3337 2966 sacerdotes
3364 2924 3482 2967 non
3521 2909 3600 2966 ait
3633 2928 3645 2967 :

1944 2997 2208 3067 Domine,
2246 2995 2472 3070 quoties
2509 2995 2826 3068 peccaverit
2863 2995 3038 3053 frater
3073 2997 3136 3053 in
3190 2996 3444 3066 fratrem,
3477 3001 3534 3054 et
3566 2996 3652 3054 di-

1945 3086 2136 3144 mittet
2158 3085 2213 3143 ei
2242 3082 2272 3142 ?
2297 3084 2394 3142 sed
2421 3084 2687 3142 omnium
2717 3083 2909 3156 potius
2939 3084 3295 3142 sacerdotum
3327 3101 3561 3144 causam
3591 3087 3651 3144 in

1945 3189 2064 3232 una
2092 3173 2186 3232 sui
2216 3186 2458 3245 persona
2483 3172 2860 3241 constituens,
2909 3191 2937 3224 «
2985 3171 3248 3243 Domine,
3276 3173 3489 3249 inquit,
3514 3189 3653 3248 quo-

1943 3263 2049 3322 ties
2099 3263 2416 3335 peccaverit
2461 3263 2520 3320 in
2562 3278 2655 3320 me
2693 3262 2868 3320 frater
2901 3277 3086 3332 meus,
3134 3268 3187 3320 et
3227 3263 3517 3323 dimittam
3552 3264 3604 3322 ei
3633 3274 3657 3322 7

1944 3367 2129 3426 usque
2152 3351 2361 3425 septies
2388 3351 2414 3407 ?
2441 3353 2663 3419 (Matth.
2697 3353 2893 3418 XVIII.)
2930 3375 2955 3400 ι»
2989 3351 3248 3423 Cumque
3275 3350 3388 3408 sibi
3413 3367 3652 3426 respon-

1943 3441 2173 3504 deretur
2242 3464 2263 3491 ι
2298 3455 2483 3512 usque
2539 3438 2862 3510 septuagies
2897 3439 3105 3508 septies
3158 3440 3396 3507 (Ibid.)»
3454 3440 3654 3498 indul-

1940 3529 2216 3602 gendum,
2252 3528 2484 3586 nullum
2495 3524 2620 3595 jam
2647 3525 2719 3582 de
2744 3525 3026 3584 servando
3051 3542 3084 3583 a
3106 3525 3499 3584 sacerdotibus
3518 3525 3656 3585 uni-

1940 3616 2151 3675 versali
2189 3615 2464 3672 mandato
2504 3613 2768 3670 relictum
2816 3612 3045 3671 videtur
3092 3611 3459 3688 ambiguum.
3502 3615 3660 3674 Luca

1941 3706 2115 3765 etiam
2158 3704 2511 3776 evangelista
2569 3708 2810 3761 testante
2862 3703 3137 3762 docemur
3193 3705 3351 3779 quia,
3410 3704 3658 3764 Domino

1942 3795 2264 3857 Jerusalem
2323 3800 2685 3867 properante,
2735 3791 3007 3866 discipuli
3044 3793 3430 3866 praecedentes
3475 3793 3657 3852 intra-

1944 3893 2155 3944 verunt
2189 3884 2394 3942 urbem
2433 3883 2950 3948 Samaritanorum,
2982 3889 3046 3940 ut
3081 3881 3168 3939 illi
3209 3888 3478 3955 pararent
3504 3887 3654 3951 (Luc.

1944 3978 2049 4048 Ix).
2085 3976 2350 4049 Cumque
2375 3974 2508 4033 illos
2541 3974 2889 4034 Samaritani
2915 3972 3254 4033 nullatenus
3288 3973 3656 4048 recepissent,

1944 4063 2216 4124 commoti
2267 4062 2513 4122 Jacobus
2563 4068 2618 4121 et
2655 4062 2929 4132 Joannes,
2980 4061 3339 4120 humanitate
3383 4061 3656 4134 dictante,

1945 4153 2224 4211 dixerunt
2256 4174 2268 4207 :
2309 4175 2336 4200 «
2362 4150 2630 4218 Domine,
2661 4150 2750 4207 vis
2785 4149 3034 4207 dicimus
3062 4155 3128 4208 ut
3158 4149 3312 4221 ignis
3350 4149 3660 4208 descendat

1945 4240 2016 4298 de
2042 4239 2186 4298 caelo
2215 4243 2271 4296 et
2298 4243 2602 4297 consumat
2638 4236 2790 4308 illos,
2823 4237 2970 4295 sicut
3000 4235 3158 4294 Elias
3186 4237 3373 4295 fecit?
3406 4262 3433 4286 »
3465 4238 3660 4307 (Ibid.)

1942 4328 2081 4387 Mox
2119 4341 2439 4387 conversus
2477 4327 2800 4400 increpavit
2852 4325 3004 4398 illos,
3054 4325 3253 4384 dicens
3288 4344 3301 4382 :
3363 4351 3390 4374 «
3414 4325 3658 4385 Nescitis

1942 4418 2108 4490 cujus
2135 4416 2372 4490 spiritus
2398 4416 2536 4474 estis
2566 4441 2578 4474 :
2602 4415 2789 4474 Filius
2817 4415 3072 4473 hominis
3098 4429 3217 4472 non
3246 4415 3404 4472 venit
3431 4415 3658 4473 animas

1877 4495 1926 4553 D
1945 4504 2201 4578 perdere,
2233 4504 2334 4562 sed
2357 4505 2598 4562 salvare.
2629 4528 2654 4554 η
2690 4504 2800 4562 Ubi
2835 4519 2972 4561 mox
3004 4502 3274 4561 subditur
3304 4525 3316 4559 :
3354 4524 3375 4552 ι
3410 4502 3482 4559 Et
3507 4502 3658 4560 abie-

1940 4597 2080 4653 runt
2123 4594 2186 4651 in
2226 4592 2382 4651 aliud
2424 4591 2722 4651 castellum
2767 4591 2976 4663 (Ibid);
3013 4609 3042 4641 »
3083 4606 3148 4648 ac
3188 4591 3237 4648 si
3277 4605 3390 4647 non
3433 4590 3652 4663 lingua,

1942 4681 2040 4738 sed
2088 4695 2256 4754 opere
2307 4680 2642 4753 loqueretur
2682 4703 2696 4736 :
2738 4679 2868 4736 date
2908 4679 3099 4737 locum
3143 4677 3265 4746 irae,
3321 4677 3414 4734 vel
3467 4677 3661 4750 potius

1941 4769 2095 4846 quod
2133 4769 2256 4844 ipse
2294 4768 2432 4827 dicit
2473 4788 2485 4827 :
2537 4791 2557 4820 ι
2594 4766 2654 4826 Si
2698 4781 2800 4826 vos
2843 4766 3126 4841 persecuti
3175 4764 3389 4824 fuerint
3429 4763 3490 4821 in
3537 4780 3654 4823 una

1941 4861 2189 4928 civitate,
2221 4859 2403 4933 fugite
2431 4860 2494 4917 in
2523 4859 2698 4917 aliam
2727 4861 2946 4930 (Matth.
2988 4861 3074 4924 Χ).
3115 4879 3136 4908 ι»

2018 4947 2148 5006 Vita
2189 4948 2377 5021 plane,
2419 4964 2592 5020 quam
2640 4946 2900 5005 Salvator
2939 4950 3128 5002 noster
3161 4943 3337 5016 gessit
3364 4941 3424 5000 in
3456 4958 3651 5012 carne,

1947 5053 2064 5096 non
2095 5038 2294 5096 minus
2323 5053 2498 5110 quam
2533 5037 2862 5110 praedicatio
2901 5032 3252 5107 evangelica,
3286 5032 3453 5090 nobis
3490 5037 3658 5090 estet

1946 5126 2234 5200 proposita
2289 5125 2551 5184 tenendae
2587 5125 2741 5183 linea
2771 5122 3112 5194 disciplina).
3161 5119 3319 5180 Sicut
3359 5136 3495 5193 ergo
3531 5123 3654 5196 ipse

1947 5220 2152 5274 cuncta
2197 5215 2402 5273 mundi
2447 5217 2691 5272 furentis
2745 5210 3061 5278 obstacula,
3099 5225 3215 5268 non
3264 5225 3365 5282 per
3409 5210 3654 5269 districti

1947 5303 2236 5364 examinis
2272 5301 2572 5371 ultionem,
2615 5301 2711 5359 sed
2753 5316 2853 5372 per
2901 5299 3177 5358 invictam
3231 5300 3524 5372 superavit
3561 5301 3656 5358 in-

1947 5407 2242 5453 concussas
2309 5390 2599 5464 patientiae
2659 5388 3033 5460 maiestatem,
3094 5389 3173 5446 ita
3229 5390 3390 5448 docet
3447 5389 3656 5447 mundi

1947 5480 2164 5541 rabiem
2215 5478 2408 5554 potius
2463 5477 2873 5550 aequanimiter
2922 5477 3071 5538 ferre
3123 5493 3298 5550 quam
3353 5476 3444 5537 vel
3497 5492 3657 5535 arma
