4078 6202
383 282 487 343 315
898 279 959 340 S.
998 277 1220 338 PETRI
1260 276 1581 336 DAMIANI
1620 275 1779 335 OPP.
1823 273 2014 334 PARS
2058 274 2201 334 SEU
2241 273 2492 334 TOMUS
2533 275 2579 333 Ι.
2625 307 2688 318 -
2729 273 2966 336 EPIST.
3009 272 3156 335 LIB.
3199 274 3359 334 VIII.
3650 272 3654 277 ’
3776 280 3888 340 316

377 403 679 477 corripere,
711 401 801 461 vel
824 402 1056 462 laedenti
1087 400 1423 461 lassionibus
1441 398 2138 473 respoudere;prasser-A
2159 402 2407 475 (Consule
2443 404 2706 472 Scholia.)
2746 400 2805 460 Si
2855 415 2990 473 ergo
3041 414 3145 473 pro
3195 400 3328 471 ﬁde,
3369 415 3485 475 qua
3530 401 3886 463 universalis

266 500 274 507 ‘
382 494 487 551 tim
504 508 635 557 cum
656 492 803 551 inter
826 498 1134 565 regnumet
1152 489 1539 549 sacerdotium
1558 489 1790 563 propria
1808 489 2092 564 cujusque
2175 489 2319 547 vivit
2361 490 2635 561 Ecclesia,
2676 502 2965 563 nusquam
3003 488 3190 547 ferrea
3231 487 3442 563 corripi
3488 504 3650 548 arma
3686 506 3892 550 conce-

381 580 813 654 distinguantur
832 579 1037 647 cilicia,
1067 584 1130 636 ut
1150 584 1204 637 et
1231 593 1336 636 rex
1359 577 1538 639 armis
1568 584 1762 637 utatur
1789 577 2012 646 saeculi,
2037 585 2093 635 et
2172 578 2350 649 ditur,
2382 580 2671 654 quomodo
2715 594 2817 654 pro
2853 579 3094 637 terrenis
3132 593 3198 637 ac
3234 579 3580 638 transitoriis
3612 579 3888 642 Ecclesiae

384 671 643 737 sacerdos
679 669 1014 743 accingatur
1052 667 1245 741 gladio
1282 669 1537 741 spiritus,
1565 668 1670 741 qui
1713 675 1796 725 est
1845 667 2091 725 verbum
2175 668 2539 728 facultatibus
2577 669 2829 728 loricata;
2875 669 3025 726 acies
3062 669 3122 726 in
3152 669 3374 741 gladios
3403 669 3832 729 debacchentur
3864 670 3892 730 ἲ

386 759 487 819 Dei
538 761 755 830 (Ephes.
791 761 893 827 Vl).
935 757 1017 816 De
1072 756 1275 815 saeculi
1315 772 1522 830 nempe
1569 757 1829 831 principe
1878 758 2092 816 Paulus

383 848 566 906 dicit:
625 870 646 898 α
678 846 803 904 Non
849 845 974 904 sine
1009 862 1178 905 causa
1227 845 1487 915 gladium
1521 853 1724 919 portat.
1782 847 1885 905 Dei
1938 847 2093 904 enim

387 936 650 993 minister
684 941 794 1005 est,
835 933 1049 993 vindex
1108 934 1169 992 in
1227 934 1368 992 iram
1432 934 1485 992 ei
1549 933 1649 1007 qui
1704 934 1925 993 malum
1980 935 2097 1007 agit

383 1028 550 1098 (Rom.
594 1031 739 1096 Xlll).
775 1047 794 1073 ι
850 1023 1084 1085 Azarias
1126 1039 1252 1095 rex,
1298 1023 1434 1098 quia
1471 1024 1819 1083 sacerdotale
1857 1030 2097 1097 usurpat

386 1115 661 1185 cilicium,
706 1114 862 1188 lepra
906 1114 1272 1188 perfunditur
1312 1117 1384 1186 (Π
1418 1117 1666 1187 Paralip.
1705 1117 1902 1187 XXVI);
1942 1119 1999 1172 et
2047 1112 2095 1170 si

388 1206 647 1266 sacerdos
665 1222 824 1265 arma
844 1205 1096 1280 corripit,
1119 1206 1271 1279 quod
1306 1206 1506 1278 utique
1526 1204 1805 1264 laicorum
1828 1209 1930 1276 est,
1955 1204 2096 1279 quid

390 1304 642 1357 meretur
670 1296 697 1356 ’ἰ
726 1298 868 1355 Nam
916 1305 968 1356 et
1016 1297 1200 1354 David
1256 1296 1467 1356 idcirco
1526 1303 1657 1353 ante
1708 1296 2096 1368 Evangelium

389 1388 718 1461 evangelica
741 1388 959 1445 vixisse
993 1389 1262 1456 creditur,
1295 1387 1432 1461 quia
1474 1402 1589 1445 non
1621 1387 1791 1445 modo
1823 1387 2010 1445 Semei
2042 1392 2099 1446 et

393 1477 550 1546 Saul,
582 1476 680 1535 sed
707 1483 762 1534 et
787 1476 1054 1549 plurimis
1081 1476 1395 1534 indulsisse
1417 1477 1538 1535 suis
1572 1477 1832 1535 hostibus
1864 1476 2095 1534 inveni-

388 1574 501 1626 tur.
534 1569 615 1626 De
642 1582 777 1641 quo,
812 1575 864 1624 et
892 1564 1114 1623 caeteris
1152 1567 1363 1624 sanctis
1399 1567 1663 1626 Patribus
1692 1567 1975 1626 nonnulla
2004 1567 2099 1625 hic

390 1658 658 1732 exempla
696 1657 1160 1731 perstringerem,
1195 1658 1309 1715 nisi
1366 1658 1530 1717 vobis
1568 1658 2098 1733 incomparabiliter

2179 758 2371 829 Porro,
2424 758 2604 817 sancti
2653 757 2765 815 viri
2793 772 2925 815 cum
2963 758 3302 831 przuvalent,
3345 759 3647 816 haereticos
3696 759 3893 817 idolo-

2178 863 2428 921 rumque
2465 848 2712 906 cultores
2754 862 3123 921 nequaquam
3174 847 3508 921 perimunt;
3552 848 3651 906 sed
3690 850 3891 921 potius

2177 936 2249 993 ab
2273 936 2357 994 eis
2382 952 2483 1008 pro
2514 937 2627 995 ﬁde
2658 938 2936 995 catholica
2974 937 3180 1010 perimi
3222 950 3335 993 non
3377 936 3691 1008 refugiunt.
3726 938 3886 1007 Quo-

2172 1026 2347 1083 modo
2377 1041 2511 1097 ergo
2537 1041 2637 1099 pro
2665 1042 2861 1084 rerum
2891 1024 3101 1083 vilium
3141 1025 3484 1084 detrimento
3524 1026 3709 1085 ﬁdelis
3736 1028 3889 1085 ﬁde-

2180 1113 2292 1170 lem
2322 1113 2528 1183 gladiis
2567 1114 2821 1186 impetat,
2863 1129 3034 1187 quem
3064 1128 3255 1171 secum
3292 1112 3490 1187 utique
3524 1113 3890 1188 redemptum

2179 1202 2391 1261 Christi
2415 1204 2699 1277 sanguine
2728 1220 2843 1262 non
2876 1204 3099 1277 ignorat
3127 1206 3154 1260 ἶ)

2250 1293 2316 1350 In
2358 1293 2678 1352 Galliarum
2718 1294 2935 1352 ﬁnibus
2976 1294 3174 1352 audivi
3221 1301 3444 1366 gestum
3500 1294 3678 1354 fuisse
3728 1297 3893 1371 quod

2179 1382 2407 1440 refero:
2451 1383 2608 1441 Inter
2642 1383 2903 1442 abbatem
2950 1392 3007 1441 et
3054 1383 3366 1458 quemdam
3406 1384 3600 1442 szeculi
3653 1400 3893 1458 praepo—

2181 1480 2392 1530 tentem
2431 1479 2553 1533 orta
2590 1480 2674 1531 est
2714 1490 2828 1532 non
2872 1473 3018 1531 levis
3065 1474 3136 1531 de
3174 1473 3533 1545 possessione
3568 1474 3890 1532 contentio.

2179 1564 2441 1639 Cumque
2464 1580 2498 1622 a
2528 1565 2705 1638 partis
2731 1564 3039 1639 utriusque
3070 1564 3392 1622 fautoribus
3428 1564 3603 1622 minis
3627 1565 3726 1623 diu
3759 1580 3894 1623 cer-

2181 1658 2395 1710 taretur
2455 1659 2510 1711 et
2554 1653 2784 1726 jurgiis,
2818 1653 3047 1710 tandem
3094 1658 3159 1711 ut
3195 1651 3376 1711 armis
3400 1660 3666 1723 ageretur
3695 1655 3896 1711 utrin-

390 1749 613 1808 notiora
641 1763 814 1823 quam
837 1749 1125 1806 miliilimc
1149 1756 1202 1806 et
1225 1750 1316 1806 his
1335 1750 1546 1807 similia
1567 1757 1786 1808 certum
1814 1756 2293 1828 tenerem.Bqt10
2347 1742 2675 1800 condictum
2723 1748 2826 1800 est.
2886 1741 2957 1798 Et
3011 1740 3312 1799 saecularis
3365 1742 3622 1814 quidem,
3672 1742 3895 1813 paratis

396 1840 572 1899 Plane
600 1837 732 1913 quis
769 1854 885 1897 non
924 1838 1117 1898 videat
1154 1854 1327 1913 quam
1362 1840 1434 1896 sit
1470 1840 1774 1898 inhonesta
1811 1841 2095 1913 confusio,
2182 1833 2437 1892 militum
2504 1833 2701 1907 copiis,
2756 1848 3028 1906 campum
3085 1831 3458 1906 praeliaturus
3540 1831 3892 1904 ingreditur,

391 1935 455 1988 ut
481 1927 632 2001 quod
674 1927 961 2000 agendum
996 1928 1249 1986 Ecclesia
1281 1928 1547 1999 denegat,
1581 1928 1948 2003 impudenter
1976 1929 2099 2002 ipsa
2181 1925 2333 1983 acies
2365 1925 2551 1994 struit,
2593 1939 2808 1982 cuneos
2842 1923 3071 1982 ordinat
3107 1930 3281 1997 atque
3329 1924 3399 1981 ad
3450 1923 3668 1981 fortiter
3709 1938 3897 1995 agen-

393 2017 710 2075 committat
749 2021 960 2075 etcum
1015 2018 1147 2075 aliis
1175 2018 1447 2091 praedicet
1474 2018 1832 2090 patientiam,
1862 2018 2103 2076 infmde-
2182 2013 2323 2071 dum
2359 2014 2623 2071 omnium
2681 2019 2900 2069 mentes
2933 2012 3250 2070 acerrimus
3292 2012 3618 2070 cohortatur
3655 2011 3893 2070 inﬂam-

390 2106 633 2164 rabilem
664 2105 787 2178 ipsa
821 2113 1016 2163 contra
1053 2106 1387 2164 innocentes
1424 2105 1771 2163 accendatur
1808 2106 1868 2164 in
1903 2107 2101 2164 iram?
2184 2108 2322 2162 mat.
2369 2101 2695 2160 Silvescunt
2733 2102 2929 2159 omnia
2966 2099 3196 2173 gladiis,
3230 2100 3436 2159 rubent
3482 2101 3689 2175 clypei,
3731 2101 3894 2159 voci-

389 2194 642 2266 Contigit
689 2193 845 2252 enim
902 2194 1012 2251 hoc
1070 2191 1299 2251 facienti
1348 2193 1501 2266 quod
1554 2194 1865 2266 Apostolus
1910 2194 2096 2252 dicit:
2184 2190 2495 2249 iurantium
2573 2190 2788 2248 clamor
2849 2188 3155 2259 attollitur,
3213 2188 3468 2246 minaces
3533 2194 3892 2249 armatorum

393 2308 414 2333 ι
452 2284 537 2343 Nc
584 2298 715 2341 cum
744 2283 876 2341 aliis
910 2281 1367 2357 preedicaverim,
1407 2283 1529 2356 ipse
1568 2283 1847 2357 reprobus
1888 2282 2103 2341 efﬁciar
2184 2278 2454 2338 fremitus
2502 2278 2929 2348 inhorrescunt,
2987 2276 3097 2334 tela
3148 2277 3533 2349 stringuntur,
3585 2276 3744 2337 solus
3784 2277 3895 2335 ad-

390 2376 440 2442 (I
461 2374 578 2430 Cor.
617 2376 743 2439 1X):
787 2396 812 2419 ι»
841 2372 933 2429 vel
965 2372 1111 2430 illud
1144 2373 1335 2444 potius
1363 2373 1517 2447 quod
1550 2373 1620 2430 ad
1655 2373 1946 2431 Romanos
1975 2374 2056 2431 ait
2086 2393 2099 2431 :
2186 2383 2369 2427 versae
2401 2367 2577 2441 partis
2614 2366 2863 2440 impetus
2898 2366 2969 2423 ad
3000 2366 3436 2437 congruendum
3466 2366 3720 2423 accensis
3761 2381 3895 2422 ma—

398 2483 418 2511 ι
452 2459 568 2529 Qui
590 2474 724 2531 ergo
753 2459 940 2519 alium
970 2460 1157 2528 doces,
1189 2461 1438 2534 teipsum
1467 2476 1583 2518 non
1612 2460 1799 2532 doces,
1833 2462 2101 2536 quipraa-
2187 2459 2364 2518 nibus
2404 2463 2784 2530 exspectatur.
2818 2456 3014 2515 Abbas
3050 2462 3245 2514 autem
3283 2471 3398 2514 non
3444 2457 3506 2514 in
3551 2456 3735 2514 armis
3776 2463 3901 2513 ter-

391 2548 548 2606 dicas
570 2564 684 2608 non
716 2546 1051 2617 furandum,
1083 2548 1327 2618 furaris;
1360 2549 1457 2624 qui
1490 2549 1636 2606 dicis
1671 2564 1786 2607 non
1818 2550 2105 2609 moechan-
2186 2549 2342 2606 renis
2386 2562 2548 2621 spem
2596 2562 2783 2616 suam,
2836 2545 2933 2602 sed
2980 2545 3040 2602 in
3092 2545 3366 2603 humanae
3411 2543 3619 2602 salutis
3657 2551 3897 2602 auctore

392 2637 555 2708 dum,
597 2635 936 2703 mcecharis;
984 2635 1089 2708 qui
1125 2635 1478 2697 abominaris
1523 2638 1697 2705 idola,
1736 2638 2100 2712 sacrilegium
2185 2638 2555 2706 constituens,
2598 2636 2840 2707 cunctis,
2878 2635 2982 2710 qui
3024 2649 3126 2705 pro
3164 2648 3226 2691 se
3277 2632 3554 2691 dimicare
3601 2647 3897 2691 convene—

390 2720 533 2783 facis
562 2731 728 2797 (Rom.
758 2728 836 2797 Ii).
873 2750 898 2777 η
928 2725 1069 2783 116
1102 2729 1169 2785 Et
1196 2729 1486 2801 praecipue
1513 2728 1571 2785 id
1594 2728 1747 2802 quod
1771 2729 1865 2787 bis
1892 2737 2099 2802 praesto
2183 2732 2331 2797 rant,
2381 2742 2559 2785 suum
2598 2726 2892 2799 prohibuit
2930 2725 3289 2795 comitatum,
3319 2724 3470 2783 solos
3517 2729 3709 2782 autem
3760 2738 3902 2781 mo-

392 2814 710 2887 subjungit,
774 2817 1049 2875 sacerdoti
1105 2832 1420 2889 congruere
1470 2816 1700 2873 videtur
1741 2835 1752 2874 ε
1812 2817 1979 2886 «Qui
2036 2818 2096 2874 in
2183 2818 2399 2874 nachos
2445 2830 2582 2873 suos
2623 2816 2789 2889 cquis
2828 2815 3122 2887 imposuit,
3162 2814 3347 2886 capita
3392 2813 3638 2872 cucullis
3676 2813 3899 2886 operiri

398 2902 519 2975 lege
551 2903 833 2976 gloriaris,
866 2922 966 2979 per
992 2904 1521 2979 praevaricationem
1552 2904 1695 2978 legis
1727 2905 1910 2964 Deum
1938 2906 2102 2964 inbo-
2182 2904 2472 2977 praecepit,
2506 2904 2703 2977 sicque
2734 2918 2867 2961 cum
2896 2902 3034 2971 illis,
3065 2899 3223 2959 velut
3250 2900 3509 2972 galeatis,
3541 2908 3596 2957 et
3642 2898 3899 2959 loricatis

401 3005 570 3049 noras
601 2994 803 3065 (Ibid).
840 3015 862 3044 ι
899 2994 966 3052 In
1008 2995 1130 3068 lege
1157 2992 1377 3068 quippe
1412 2992 1515 3051 Dei
1544 2993 1806 3052 sacerdos
1839 3010 1954 3053 non
1984 2997 2101 3052 im-
2183 2992 2318 3049 ﬁdei
2352 2993 2739 3057 munimento,
2769 2990 3072 3062 crucisque
3107 2988 3327 3048 vexillo
3360 2988 3432 3046 ad
3470 2988 3661 3047 locum
3700 2994 3892 3047 certa-

398 3080 603 3139 mcrito
626 3081 923 3153 gloriatur,
954 3084 1058 3159 qui
1085 3083 1393 3141 ministerii
1425 3082 1621 3141 locum
1641 3084 1709 3141 ad
1734 3084 2099 3156 praedicanda
2119 3128 2163 3190 Ο
2184 3082 2363 3141 minis
2391 3083 2563 3141 venit.
2602 3083 2863 3155 Cumque
2890 3081 2982 3140 vir
3004 3080 3105 3138 ille
3131 3095 3250 3140 non
3277 3079 3482 3146 ferrea,
3514 3086 3580 3138 ut
3605 3078 3895 3152 sperabat,

398 3168 534 3190 ._,_.._
579 3170 835 3190 md-.-
1302 3170 1392 3190 η,
1436 3187 1531 3190 _-_
2062 3189 2066 3190 ν
2269 3189 2329 3190 η
2422 3189 2454 3190 η
2852 3171 2940 3190 η,
3028 3179 3289 3190 .-__._-__
3372 3169 3512 3190 η...
3584 3169 3867 3190 “me

395 3168 537 3240 legis
578 3170 843 3227 mandata
882 3172 1118 3230 sortitus
1154 3178 1256 3241 est,
1298 3170 1397 3229 sed
1436 3187 1535 3244 per
1572 3168 2345 3244 prmvaricationemuarma
2402 3173 2775 3247 conspiceret,
2847 3171 2945 3230 sed
3027 3179 3301 3245 tanquam
3372 3169 3512 3225 117
3577 3169 3897 3235 cmlestem,

396 3258 540 3328 legis
569 3258 753 3316 Deum
783 3259 1131 3318 inhonorare
1156 3260 1539 3328 convincitur,
1569 3274 1703 3318 cum
1734 3260 1874 3318 scita
1896 3261 2101 3335 legalia
2182 3270 2359 3339 atque
2414 3264 2734 3335 angelicam
2800 3264 2981 3321 aciem
3020 3263 3328 3321 adventare
3372 3262 3637 3320 cominus
3681 3260 3898 3317 adver-

397 3347 717 3421 transgredi
775 3364 891 3407 non
956 3355 1206 3407 veretur.
1267 3349 1540 3423 Dumque
1576 3349 1737 3408 aliud
1774 3350 1910 3423 agit,
1943 3351 2101 3410 aliud
2187 3353 2361 3421 tisset,
2398 3358 2590 3411 tantus
2626 3367 2765 3410 eum
2793 3366 2927 3409 cum
2974 3352 3100 3409 suis
3132 3350 3408 3410 omnibus
3447 3348 3634 3408 divini
3660 3347 3894 3405 timoris

391 3435 681 3509 praedicat,
713 3444 996 3512 quantum
1028 3438 1088 3496 in
1121 3455 1179 3497 se
1205 3447 1309 3509 est,
1341 3453 1542 3496 omnes
1569 3438 1642 3496 ab
1668 3440 1929 3514 ejusdem
1963 3439 2102 3515 legis
2186 3440 2390 3498 horror
2423 3439 2637 3497 invasit
2667 3447 2732 3498 ut
2770 3439 3100 3498 desilientes
3127 3455 3201 3498 ex
3237 3439 3400 3513 equis
3432 3437 3696 3511 protinus
3724 3449 3887 3492 arma

395 3526 795 3587 observatione
849 3529 1163 3603 perturbat,
1212 3529 1360 3587 sicut
1421 3528 1638 3588 Scribis
1692 3536 1747 3587 et
1797 3529 2106 3588 Pharisaeis
2187 3528 2545 3602 projicerent,
2581 3535 2747 3586 terrm
2786 3542 2846 3586 se
2876 3527 3177 3587 humiliter
3212 3531 3551 3595 sternerent,
3580 3523 3896 3596 indulgen-

394 3610 894 3676 Dominus~dicitz
945 3640 966 3669 α
1000 3617 1103 3675 Vae
1149 3617 1335 3687 vobis,
1392 3618 1490 3691 qui
1538 3618 1856 3677 abstulistis
1915 3620 2106 3677 claves
2188 3617 2324 3674 tiam
2376 3616 2719 3689 ﬂagitarent.
2766 3617 2879 3687 Sic,
2937 3617 3019 3675 sic
3054 3617 3336 3675 nimirum
3387 3614 3591 3673 titulos
3633 3610 3891 3670 victoriae

394 3705 691 3779 sapientia;
747 3714 805 3765 et
858 3706 1135 3777 scicntize,
1192 3706 1290 3765 sed
1362 3706 1473 3779 ipsi
1542 3720 1657 3763 non
1723 3706 2021 3775 introistis,
2052 3712 2107 3763 et
2190 3706 2557 3780 triumphalis
2585 3706 2857 3776 obtinuit,
2884 3706 2986 3780 qui
3016 3720 3133 3763 non
3174 3706 3237 3764 in
3274 3702 3672 3777 frequentibus
3699 3699 3892 3773 equis,

396 3795 638 3867 insuper
692 3795 839 3855 alios
883 3796 1127 3854 introire
1169 3794 1427 3852 volentes
1473 3794 1851 3865 prohibuistis
1888 3796 2101 3866 (Matth.
2190 3812 2305 3855 non
2336 3797 2399 3854 in
2431 3797 2783 3855 micantibus
2798 3795 3005 3869 gladiis
3029 3810 3190 3869 spem
3216 3795 3429 3868 posuit,
3461 3792 3561 3850 sed
3577 3806 3650 3850 ex
3673 3789 3892 3848 divinae

398 3885 571 3955 XXtI).
611 3905 632 3934 ι
664 3882 734 3939 Et
765 3898 963 3941 revera
1000 3898 1114 3955 qua
1150 3882 1357 3945 fronte,
1391 3896 1507 3955 qua
1544 3881 1828 3939 libertatis
1867 3881 2109 3939 audacia
2193 3893 2413 3946 tantum
2444 3888 2717 3961 potentize
2744 3888 2956 3945 virtute
2986 3886 3377 3960 prmsumpsit.

396 3969 659 4027 sacerdos
736 3970 983 4044 quilibet
1034 3970 1097 4027 in
1168 3968 1575 4027 dissidentium
1625 3967 2107 4027 confcederatione
2259 3976 2347 4033 Ad
2380 3976 2505 4033 haec
2541 3977 2589 4034 si
2625 3976 2757 4049 quis
2783 3972 3015 4049 objiciat
3050 3973 3276 4032 bellicis
3303 3972 3507 4032 usibus
3543 3971 3793 4029 Leonem
3834 3984 3895 4026 se

399 4062 677 4131 desudet;
720 4076 857 4119 cum
903 4060 1025 4133 ipse
1067 4060 1192 4118 suis
1241 4057 1543 4118 lmsoribus
1584 4072 1701 4115 non
1748 4057 2107 4116 remissionis
2190 4062 2522 4139 frequenter
2603 4064 2964 4138 implicuisse
3046 4064 3377 4137 pontificem
3409 4106 3424 4131 ,
3491 4064 3891 4119 verumtamen

401 4150 696 4222 indulgeat
754 4148 1009 4219 veniam,
1070 4149 1169 4206 sed
1221 4148 1491 4205 ell‘eratur
1543 4146 1981 4219 implacabiliter
2037 4145 2107 4203 ad
2190 4159 2453 4211 sanctum
2497 4169 2640 4225 esse,
2692 4153 2820 4211 dico
2862 4151 3017 4226 quod
3069 4152 3273 4221 sentio,
3307 4148 3583 4224 quoniam
3638 4162 3743 4205 nec
3786 4145 3892 4203 Pe-

398 4238 758 4296 vindictain?
778 4239 934 4296 Inter
953 4253 1155 4297 omnes
1178 4252 1315 4295 sane
1346 4237 1628 4295 virtutum
1659 4251 1934 4308 gemmas,
1964 4251 2109 4309 quas
2191 4248 2314 4298 trus
2349 4239 2422 4299 ob
2472 4240 2579 4299 hoc
2625 4240 3005 4314 apostolicum
3052 4239 3273 4297 obtinet
3321 4236 3709 4310 principatum
3755 4233 3894 4304 quia

399 4325 657 4385 Salvator
702 4332 893 4385 noster
924 4326 995 4383 de
1036 4326 1185 4384 caelo
1230 4324 1472 4383 veniens
1516 4322 1730 4393 attulit,
1768 4322 1915 4380 duas
1963 4322 2109 4379 insi-
2190 4330 2423 4402 negavit
2471 4332 2656 4400 (Marc.
2702 4336 2848 4400 XIV),
2904 4343 3013 4385 nec
3055 4326 3238 4385 David
3286 4324 3501 4383 idcirco
3544 4321 3894 4397 prophetiae

399 4414 574 4488 gaius
609 4421 783 4488 atque
821 4414 1158 4489 praeclarius
1198 4412 1438 4472 rutilare
1471 4410 1832 4481 monstravit,
1870 4426 2014 4485 quas
2055 4416 2147 4489 et;
2192 4424 2444 4477 meretur
2498 4416 2799 4476 oraculum
2861 4417 3001 4488 quia
3052 4423 3243 4475 torum
3297 4413 3470 4472 alieni
3517 4413 3629 4471 viri
3676 4410 3897 4468 invasit

401 4487 461 4560 in
504 4518 565 4561 se
618 4487 779 4577 prius
824 4487 1130 4576 expressit,
1165 4509 1221 4559 et
1278 4508 1344 4559 ut
1391 4500 1559 4559 nobis
1607 4487 2269 4578 imprimerentur,D(H
2300 4510 2439 4578 Reg,
2481 4514 2608 4577 x1);
2647 4523 2778 4565 cum
2824 4487 2998 4577 mala,
3028 4505 3121 4565 vel
3158 4506 3307 4564 bona
3348 4518 3464 4561 non
3519 4516 3621 4576 pro
3669 4497 3895 4557 meritis

399 4595 649 4665 edocuit,
707 4594 1044 4653 charitatem
1097 4593 1316 4653 scilicet
1368 4599 1422 4652 et
1489 4592 1846 4667 patientiam.
1902 4590 1973 4651 Et
2038 4593 2109 4650 de

396 4684 668 4743 charitate
692 4683 930 4758 quidem
967 4682 1107 4741 dicit
1137 4681 1446 4755 Apostolus
1477 4700 1490 4738 :
1541 4704 1561 4733 ι
1601 4680 1837 4754 Propter
1862 4680 2108 4739 nimiam

396 4774 732 4831 charitatem
763 4788 954 4845 suam,
986 4787 1100 4847 qua
1125 4772 1333 4830 dilexit
1360 4772 1514 4831 Deus
1544 4773 1858 4842 mundum,
1896 4771 2107 4830 Filium

399 4877 572 4920 suum
625 4860 784 4919 misit
835 4864 1057 4933 (Ephes.
1114 4867 1203 4929 11).
1244 4881 1270 4914 ››
1330 4860 1411 4920 De
1458 4860 1760 4934 patientia'
1790 4874 1926 4917 vero
1979 4861 2105 4917 ait:

402 4977 428 5000 ‹‹
458 4953 833 5026 Qumcunque
884 4953 1093 5025 scripta
1143 4961 1296 5023 sunt,
1344 4951 1415 5010 ad
1473 4959 1725 5009 nostram
1783 4952 2104 5011 doctrinam

396 5040 608 5113 scripta
655 5047 815 5112 sunt,
870 5046 936 5098 ut
984 5056 1085 5114 per
1140 5040 1495 5114 patientiam,
1543 5044 1599 5095 et
1654 5039 2105 5098 consolationem

400 5128 829 5201 Scripturarum
891 5145 1053 5203 spem
1119 5130 1436 5187 habeamus
1503 5132 1677 5196 (Rom.
1730 5134 1862 5197 XV).
1917 5150 1940 5179 ι
2002 5128 2109 5186 Per

394 5217 736 5276 charitatem
764 5234 1018 5291 namque
1044 5216 1147 5276 Dei
1178 5217 1364 5275 Filius
1390 5218 1460 5275 dc
1479 5217 1623 5275 coelo
1652 5218 1968 5287 descendit,
2003 5234 2107 5293 per

396 5305 732 5377 patientiam
768 5321 902 5363 vero
937 5305 1233 5364 diabolum
1260 5305 1571 5380 superavit.
1606 5304 1711 5364 His
1742 5306 1956 5365 muniti
1983 5308 2105 5365 vir-

398 5396 637 5466 tutibus,
697 5402 752 5454 et
810 5396 1143 5455 fundatores
1191 5396 1434 5470 apostoli
1483 5402 1738 5454 sanctam
1789 5397 2103 5456 Ecclesium

394 5485 799 5555 condiderunt,
832 5492 889 5543 et
943 5492 1396 5561 prepuguatores
1441 5486 1568 5559 ejus
1606 5488 1787 5545 sancti
1827 5495 2107 5563 martyres

396 5576 622 5641 diversa
658 5574 933 5633 mortium
964 5574 1248 5648 supplicia
1274 5574 1701 5649 triumphaliter
1721 5577 2101 5654 pertulerunt.

2191 4598 2630 4657 considerentur
2673 4582 3034 4665 habentium,
3078 4596 3178 4654 sed
3229 4610 3305 4652 ex
3351 4591 3598 4666 propriis
3645 4588 3895 4647 debeant

2190 4688 2562 4765 qualitatibus
2577 4686 2844 4763 judicari.
2872 4685 3154 4761 Nunquid
3179 4684 3287 4742 hoc
3314 4683 3545 4756 legitur,
3569 4679 3657 4738 vel
3685 4678 3894 4751 egisse,

2189 4777 2280 4835 vel
2347 4776 2552 4834 litteris
2595 4774 2860 4833 docuisse
2903 4772 3232 4846 Gregorius,
3278 4770 3383 4844 qui
3436 4775 3515 4827 tot
3563 4766 3795 4842 rapinas
3831 4780 3900 4824 ac

2190 4864 2494 4924 violentias
2525 4880 2555 4923 a
2600 4862 3112 4935 Longobardorum
3151 4866 3240 4918 est
3282 4859 3504 4917 feritate
3539 4851 3901 4932 perpessus?

2190 4954 2345 5012 Num
2382 4951 2727 5011 Ambrosius
2760 4951 2982 5009 bellum
3013 4948 3254 5007 Arianis
3290 4963 3350 5006 se
3388 4958 3674 5017 suamque
3700 4940 3901 5000 Eccle-

2189 5043 2341 5100 sium.
2387 5040 2702 5100 crudeliter
2747 5038 3161 5098 infestantibus
3215 5034 3473 5094 intulit?
3518 5028 3793 5104 Nunquid
3842 5029 3904 5087 in

2188 5145 2345 5187 arma
2415 5137 2745 5188 sanctorum
2804 5127 3094 5204 quiSpiam
3177 5123 3422 5183 traditur
3506 5120 3905 5180 insurrexisse

2190 5216 2530 5292 pontiﬁcum
2560 5219 2587 5273 ?
2612 5215 2826 5275 Causas
2871 5216 3049 5289 igitur
3087 5209 3461 5275 ecclesiastici-
3492 5208 3905 5280 cujuscunque

2193 5307 2406 5381 negotii
2455 5305 2606 5380 leges
2654 5305 2932 5364 dirimant
2972 5303 3100 5372 fori,
3150 5304 3243 5361 vel
3291 5296 3658 5360 sacerdotalis
3717 5293 3905 5353 edicta

2189 5398 2417 5457 consilii
2456 5413 2529 5455 ne
2558 5395 2714 5471 quod
2743 5393 3063 5470 gerendum
3094 5399 3182 5452 est
3216 5392 3278 5450 in
3321 5387 3714 5450 tribunalibus
3736 5386 3901 5459 judi-

2188 5505 2342 5561 cuiu,
2382 5490 2474 5548 vel
2519 5504 2595 5547 ex
2640 5487 2927 5547 sententia
2966 5485 3139 5543 debet
3170 5483 3405 5558 prodire
3439 5479 3804 5555 pontiﬁcum,
3843 5477 3909 5535 in

2189 5583 2453 5639 nostrum
2478 5582 2735 5639 vertatur
2758 5572 3135 5651 opprobrium
3159 5569 3567 5649 congressione
3583 5563 3901 5629 bellorum.
