4078 6202
223 303 334 361 317
1456 301 1678 361 LIBER
1719 302 2088 372 QUARTUS,
2133 304 2370 364 EPIST.
2418 307 2516 363 IX.
3128 309 3130 312 ’
3635 313 3740 373 318

225 425 339 483 Sed
369 440 518 494 ecce,
551 424 688 482 dum
717 424 991 482 aviditate
1022 424 1300 496 loquendi
1325 425 1622 485 vobiscum
1659 400 2003 494 sermonisA
2025 442 2164 492 cem,
2219 435 2279 483 ut
2333 432 2573 496 pontifex
2634 435 2734 491 est,
2787 431 3124 498 Spiritualem
3177 436 3437 499 gladium,
3485 442 3539 490 et
3585 440 3742 493 aliter

223 513 538 571 articulum
591 513 822 585 longius
859 515 1149 586 protraho,
1183 520 1415 585 metam,
1464 521 1529 574 ut
1564 515 1752 586 video,
1787 532 1945 573 com—
2033 503 2429 586 ῖβῐῖἶβοτθξθπιὸ
2494 517 2618 586 “itm
2675 505 3020 586 εβίιζίῖιιεῖθω,
3074 504 3403 586 Ῑηδβῖηυθτ,
3446 514 3612 586 seu?“
3668 513 3743 563 ἀί·

224 605 424 680 pendii
457 604 779 678 epistolaris
819 606 1056 663 excedo.
1088 605 1445 664 Incolumem
1491 611 1564 676 te,
1596 606 1930 664 venerabilis

2103 577 2218 635 cte;
2283 576 2640 640 temporalem
2704 580 2881 626 autem
2943 576 3120 628 solum
3181 577 3457 641 indirecte,
3521 581 3574 633 id
3637 588 3738 642 est,

2103 644 2239 694 tione
2289 645 2599 707 spiritualis,
2655 649 2708 698 et
2765 648 3021 707 quantum
3072 646 3139 697 ad
3197 647 3338 699 illius
3381 651 3541 702 ﬁnem
3603 665 3737 704 coo-

223 702 404 768 pater,
438 693 509 750 ad
541 693 864 765 regendum
911 693 1186 751 Ecclesite
1237 711 1358 753 sure
1402 701 1614 752 statum
1662 697 1945 753 custodiat
2029 693 2254 766 veniens
2296 693 2706 767 iestDEt'ideo‘
2742 693 3345 779 sailii'igigeiiasé‘i“;
3381 693 3740 774 ὗᾏᾘᾚιηνιῖιέ-

224 784 594 857 omnipotens
621 783 796 853 Deus,
825 789 878 840 et
903 788 965 842 tu
992 799 1223 857 quoque
1252 785 1312 841 in
1345 784 1555 842 sanctis
1581 784 1939 843 orationibus
2027 781 2168 863 (little
2215 786 2578 863 Spiritua‘em_
2603 786 2862 863 gladium.
2907 793 2959 839 et
2999 789 3319 863 Deruipsum
3369 792 3435 842 ad
3477 794 3744 846 ecclesia-

226 873 347 932 tuis
379 873 496 930 mei
531 888 752 930 memor
779 889 903 931 esse
927 873 1206 946 digneris-
2027 858 2191 946 ῗξξῗῗῗ
2221 858 2856 946 ,ἒίῖἷδοὲἓῗμάίίῗῖῗὲίέυἷί
2870 859 3228 946 .Ἵ9ῗ¹ῗ.-,,ί¹¹⁰.ίῖ¹
3264 863 3628 946 amicist
3657 865 3742 946 .‘n

899 1051 1240 1111 SCHOLIA.

293 1141 406 1193 Sed
437 1154 564 1192 cum
608 1140 755 1192 inter
797 1145 986 1192 caetera
1032 1139 1178 1190 mata
1222 1151 1338 1205 qua:
1385 1144 1584 1195 nostris
1631 1145 1955 1208 temporibus

233 1215 532 1276 emergunt.
597 1212 719 1263 Haec
774 1225 900 1275 pars
957 1212 1116 1276 hujus
1173 1213 1414 1276 epistolae
1470 1219 1671 1268 attente
1719 1217 1955 1279 legenda

232 1288 354 1335 est:
394 1296 467 1334 ne
519 1284 638 1345 quis
681 1283 769 1334 vel
806 1283 1147 1334 occasionem
1199 1285 1418 1334 errandi
1464 1290 1659 1349 sumat,
1708 1287 1796 1337 vel
1850 1301 1950 1338 au-

231 1359 443 1405 ctorem
499 1354 556 1404 in
603 1354 845 1404 doctrina
901 1354 1190 1404 aberrasse
1248 1355 1538 1405 existimet.
1587 1357 1761 1407 Videri
1810 1359 1952 1409 enim

233 1428 411 1488 potest
444 1424 620 1487 ipsum
659 1424 904 1475 sensisse
939 1435 1049 1474 non
1086 1436 1250 1486 posse
1300 1426 1625 1487 pontiﬁcem,
1682 1431 1770 1477 aut
1822 1429 1954 1480 alios

233 1496 643 1548 ecclesiasticos
705 1497 981 1558 principes
1031 1508 1132 1558 per
1190 1495 1408 1556 bellum,
1467 1500 1512 1549 si
1574 1512 1804 1553 necesse
1864 1502 1953 1560 sit,

233 1581 324 1620 res
377 1567 780 1620 ecclesiasticas
822 1567 1135 1630 defendere,
1188 1568 1312 1632 quia
1355 1569 1592 1622 Ecclesia
1638 1585 1746 1623 non
1793 1572 1954 1623 habet

231 1639 477 1703 gladium
530 1639 903 1702 temporalem,
959 1640 1056 1691 sed
1110 1640 1452 1703 spiritualem
1518 1645 1750 1694 tantum.
1809 1645 1955 1695 Unde

231 1713 284 1762 in
326 1711 352 1773 ἕ
388 1708 542 1761 Sicut
579 1723 721 1773 ergo,
776 1715 901 1776 post
941 1711 1180 1762 medium
1223 1713 1482 1775 epistolae,
1539 1714 1610 1764 ita
1652 1716 1770 1766 vult
1817 1717 1957 1766 inter

2025 925 2179 997 laicis
2221 941 2354 979 vero
2407 927 2553 979 nullo
2598 929 2754 980 modo
2806 931 3100 981 invenitur.
3158 931 3215 980 At
3263 933 3576 995 temporalis
3619 935 3737 997 gla-

2027 996 2157 1070 dius,
2199 1011 2298 1062 per
2341 1011 2399 1050 se
2441 1003 2493 1049 et
2537 1001 2742 1050 directe
2784 1001 2838 1049 in
2891 1002 3213 1064 imperatore
3254 1006 3305 1053 et
3347 996 3738 1070 temporalibus

2026 1069 2265 1132 regibus.
2309 1083 2405 1121 seu
2462 1070 2803 1134 principibus
2859 1073 3156 1132 invenitur,
3202 1086 3312 1124 non
3357 1087 3456 1139 per
3494 1078 3741 1128 dimana—

2039 1143 2238 1192 tionem
2273 1155 2303 1191 a
2332 1143 2602 1205 pontiﬁce,
2642 1144 2737 1194 sed
2795 1155 2892 1206 per
2945 1144 3081 1194 alios
3130 1144 3314 1197 titulos
3363 1151 3416 1199 et
3460 1161 3592 1205 vsas,
3642 1162 3740 1210 per

2038 1223 2172 1273 quas
2224 1212 2316 1263 illa
2362 1217 2601 1276 potestas
2651 1216 2795 1276 juste
2861 1216 3182 1278 comparari,
3248 1217 3337 1268 vel
3398 1219 3738 1270 hacreditario

2033 1286 2156 1346 jure
2211 1283 2440 1336 obtineri
2496 1286 2791 1337 consuevit.
2845 1287 2971 1337 Nam
3027 1290 3272 1351 potestas
3321 1287 3411 1338 illa
3469 1302 3740 1352 suprema,

2037 1366 2199 1417 quam
2253 1356 2516 1408 indirecte
2569 1355 2726 1408 habet
2776 1358 3021 1420 pontifex
3073 1357 3127 1408 in
3178 1358 3582 1422 temporalibus,
3632 1373 3741 1412 non

2036 1427 2213 1476 aufert
2279 1430 2500 1491 propria
2563 1429 2686 1491 jura
2751 1429 2980 1480 aliorum
3035 1430 3356 1494 principum,
3412 1443 3591 1495 neque
3649 1445 3745 1484 eos

2037 1502 2150 1547 suis
2195 1498 2414 1549 directis
2460 1498 2712 1549 dominiis
2759 1503 2812 1551 et
2868 1503 3132 1563 potestate
3187 1502 3378 1561 privat.
3428 1504 3592 1565 Atque
3643 1502 3742 1554 hac

2037 1570 2247 1621 ratione
2335 1567 2515 1620 solent
2581 1571 2704 1631 jura
2779 1571 2980 1632 dicere,
3053 1573 3362 1634 pontiﬁcem
3431 1574 3746 1634 ttormaliter

2038 1653 2258 1705 semper
2330 1639 2612 1703 loquimur
2682 1641 2892 1692 ratione
2954 1642 3319 1705 pontiﬁcatus)
3384 1656 3493 1695 non
3546 1644 3747 1697 habere

2033 1712 2468 1776 jnrisdictiouem
2504 1712 2559 1763 in
2596 1712 3001 1775 temporalibus,
3034 1716 3092 1763 ut
3125 1713 3354 1764 sumitur
3395 1727 3462 1766 ex
3509 1727 3624 1778 cap.
3683 1716 3747 1768 Si

233 1793 470 1845 regnum
525 1786 577 1832 et
626 1782 987 1834 sacerdotium
1034 1782 1210 1834 divisa
1254 1795 1379 1836 esse
1423 1784 1613 1843 ofﬁcia,
1652 1788 1710 1837 ut
1761 1789 1812 1839 et
1859 1800 1954 1838 rex
1980 1781 2242 1851 Bduobus
2279 1784 2303 1846 ἓ
2336 1783 2597 1848 Denique,
2628 1785 2700 1834 De
2735 1783 3184 1849 appellationibus
3215 1799 3340 1838 cum
3367 1788 3743 1840 concordanti-

221 1854 408 1922 Marmis
459 1856 642 1904 utatur
702 1854 907 1915 saeculi,
968 1856 1022 1904 et
1081 1855 1339 1906 sacerdos
1402 1857 1715 1918 accingatur
1776 1858 1956 1919 gladio

229 1920 524 1986 'spirituali.
577 1925 637 1976 Et
681 1925 912 1976 inferius
944 1941 958 1977 :
996 1924 1058 1976 Si
1103 1939 1244 1990 ergo,
1298 1927 1488 1990 inquit,
1540 1941 1638 1990 pro
1684 1929 1805 1992 ﬁde,
1850 1943 1959 1994 qua

233 1996 567 2047 universalis
597 1997 735 2049 vivit
770 1995 1028 2059 Ecclesia,
1071 2010 1353 2063 nunquam
1390 1999 1574 2061 ferrea
1621 2000 1825 2064 corripi
1859 2015 1956 2051 ar-

231 2081 329 2117 ma
378 2068 707 2126 conceditur,
763 2070 1018 2131 quomodo
1075 2082 1172 2132 pro
1226 2070 1457 2121 terrenis
1514 2084 1578 2122 ac
1621 2073 1958 2124 transitoriis

233 2139 591 2202 facultatibus
623 2139 860 2192 loricata:
895 2141 1035 2191 acies
1058 2141 1116 2191 in
1146 2141 1342 2203 gladiis
1374 2142 1774 2195 debacchentur
1795 2147 1819 2195 ?
1853 2146 1955 2195 etc.

231 2213 369 2261 Ante
425 2223 558 2262 vero
617 2224 777 2276 quam
838 2212 951 2263 haec
1011 2213 1248 2263 Damiani
1316 2213 1500 2273 verba,
1565 2217 1617 2266 et
1679 2214 1784 2266 alia
1839 2228 1958 2278 quae

233 2282 371 2334 satis
435 2287 734 2346 exaggerat
795 2287 848 2334 et
913 2284 1220 2336 indistincte
1280 2285 1504 2348 profert,
1558 2285 1624 2337 ad
1692 2286 1839 2349 pium
1907 2291 1958 2337 et

234 2365 432 2405 verum
480 2366 703 2405 sensum
763 2355 828 2404 ab
872 2355 1009 2417 ipsis
1063 2358 1248 2407 verbis
1303 2369 1414 2408 non
1462 2357 1717 2416 alienum,
1773 2359 1958 2409 traha-

231 2437 378 2482 mus,
441 2438 630 2476 veram
691 2429 743 2476 et
791 2425 1111 2477 catholicam
1157 2426 1459 2478 doctrinam
1511 2428 1754 2480 breviter
1814 2441 1959 2493 prae-

230 2497 451 2548 mittere
502 2509 732 2548 necesse
782 2500 880 2548 est.
933 2497 1108 2549 Primo
1151 2511 1283 2561 ergo
1339 2501 1680 2551 statuendum
1738 2505 1819 2550 est
1872 2501 1959 2551 hic

232 2579 362 2619 esse
398 2579 706 2620 sermonem
749 2569 815 2619 de
851 2569 1096 2632 principe
1146 2569 1539 2629 ecclesiastico,
1580 2573 1637 2622 ut
1679 2571 1800 2622 talis
1858 2575 1956 2626 est.

235 2651 338 2690 seu
406 2639 472 2689 de
521 2639 794 2701 pontifice,
841 2644 900 2691 ut
946 2641 1191 2703 pontifex
1241 2644 1355 2702 est;
1403 2655 1526 2692 nam
1561 2643 1606 2693 si
1640 2642 1958 2694 considere-

229 2713 323 2760 tur
372 2712 428 2761 ut
475 2709 724 2773 dominus
767 2711 1099 2775 temporalis,
1141 2725 1240 2777 per
1287 2714 1566 2776 proprium
1602 2719 1654 2764 et
1691 2714 1957 2764 directum

232 2783 536 2834 dominium
589 2788 641 2836 et
690 2785 1127 2849 jurisdictionem
1177 2781 1316 2838 118
1371 2785 1744 2849 temporalem,
1796 2796 1957 2847 quam

231 2853 399 2905 habet
453 2856 509 2905 in
571 2857 688 2907 suis
748 2857 925 2916 terris,
987 2870 1095 2907 non
1153 2859 1237 2906 est
1287 2856 1508 2907 dubium
1577 2856 1705 2918 quin
1768 2855 1961 2908 habeat

233 2925 385 2977 idem
447 2928 540 2988 jus
599 2926 731 2979 belli
785 2928 929 2989 quod
974 2929 1176 2979 habent
1237 2927 1327 2978 alii
1381 2928 1622 2989 supremi
1684 2939 1847 2990 reges
1910 2931 1964 2979 et

233 2997 572 3058 temporales
637 2997 858 3060 domini,
942 3003 1198 3061 quantum
1273 2998 1340 3049 ad
1415 2997 1677 3049 rationem
1745 3000 1963 3061 justitiae

235 3071 469 3129 spectat.
537 3068 784 3125 Quamvis
857 3071 912 3121 in
989 3070 1150 3122 modo
1222 3069 1490 3121 tractandi
1573 3083 1664 3120 res
1741 3069 1963 3122 bellicas

235 3149 464 3189 servare
518 3140 712 3191 debeat
769 3140 1090 3203 religionem
1135 3143 1190 3192 et
1241 3141 1542 3192 decentiam
1592 3140 1824 3192 debitam
1870 3142 2018 3208 di-G
2045 3142 2098 3189 et
2160 3141 2443 3202 pontiﬁces

235 3210 433 3271 gnitati
484 3211 797 3273 pontiﬁcali,
854 3225 974 3276 qum
1025 3213 1078 3263 iu
1134 3224 1199 3264 eo
1245 3215 1329 3264 est
1380 3213 1668 3276 praecipua,
1726 3224 1957 3276 eumque

233 3281 444 3343 obligat
489 3283 546 3330 ut
599 3283 655 3333 in
704 3296 807 3334 usu
860 3284 1024 3347 gladii
1081 3282 1395 3346 temporalis
1437 3285 1656 3335 modum
1707 3283 1959 3336 observet

235 3351 490 3414 dignitati
529 3353 826 3416 pontiﬁcali
870 3355 1306 3407 convenientem.
1351 3355 1456 3406 Nec
1503 3369 1570 3407 ex
1618 3355 1719 3406 hoc
1762 3359 1960 3416 puncto

231 3424 400 3485 plura
435 3424 618 3482 dicere
653 3436 884 3477 necesse
933 3429 1036 3487 est,
1077 3427 1204 3490 quia
1232 3427 1425 3479 beatus
1455 3427 1644 3478 Petrus
1677 3426 1961 3479 Damianus

236 3492 306 3544 de
327 3493 423 3545 illo
451 3507 561 3545 non
588 3496 797 3553 tractat,
829 3510 930 3549 nec
960 3497 1190 3548 verbum
1225 3496 1442 3560 aliquod
1472 3497 1684 3561 attingit
1714 3498 1860 3562 quod
1890 3511 1958 3550 ex

233 3562 342 3614 hoc
375 3566 549 3629 capite
586 3567 765 3630 aliqua
800 3569 1250 3632 interpretatione
1285 3569 1538 3630 indigeat.

303 3637 554 3688 Secundo
603 3641 947 3690 statuendum
1000 3643 1083 3692 est
1131 3639 1443 3703 pontiﬁcem
1498 3652 1566 3691 ex
1624 3639 1677 3688 vi
1744 3639 1960 3702 pontiﬁ-

235 3707 376 3760 calis
422 3709 704 3771 dignitatis
752 3710 953 3762 habere
1007 3725 1118 3763 non
1176 3712 1351 3763 solum
1408 3712 1648 3774 gladium
1713 3712 1962 3774 spiritua-

235 3779 369 3841 lem,
416 3782 515 3833 sed
570 3783 733 3833 etiam
783 3782 963 3846 aliquo
1024 3783 1186 3836 modo
1237 3783 1608 3846 temporalem,
1652 3787 1710 3834 ut
1761 3784 1959 3834 diserte

237 3852 407 3902 docet
469 3853 776 3905 Bonifacius
826 3866 984 3918 papa,
1038 3857 1092 3905 in
1155 3855 1437 3916 Extravag.
1500 3855 1541 3914 l,
1601 3855 1675 3906 De
1728 3853 1958 3919 majori-

240 3927 356 3975 tate
411 3927 458 3975 et
507 3924 652 3975 obed.
704 3925 757 3976 Et
816 3925 1122 3990 Gregorius,
1172 3925 1265 3977 lib.
1317 3939 1420 3989 xit,
1472 3927 1628 3989 epist.
1671 3927 1722 3976 21
1779 3933 1830 3978 et
1881 3927 1960 3988 2‘2,

241 4001 440 4059 estque
509 3999 778 4049 sententia
850 3999 965 4048 haec
1033 3999 1300 4050 communi
1371 3997 1754 4050 catholicorum
1827 4011 1962 4048 con-

239 4079 415 4117 sensu
464 4067 707 4130 probata,
749 4081 908 4132 quam
961 4069 1252 4132 Gregorius
1304 4069 1370 4122 ΙΧ
1432 4070 1485 4120 in
1528 4070 1683 4134 epist.
1724 4069 1789 4120 ad
1831 4070 1964 4121 Ger-

237 4151 466 4190 manum
518 4141 875 4203 patriarcham
937 4141 1400 4205 Constantinopol.
1458 4142 1548 4202 ait,
1607 4141 1963 4203 signiﬁcatam

235 4210 418 4262 fuisse
471 4211 525 4260 in
578 4211 890 4274 Evangelia,
936 4225 1063 4264 cum
1109 4213 1364 4276 discipuli
1415 4211 1620 4264 Christo
1669 4214 1960 4265 dixerunt:

248 4305 269 4326 ι
306 4283 446 4333 Ecce
493 4282 599 4332 duo
645 4282 813 4346 gladii
846 4283 965 4343 hic;
1004 4303 1024 4328 ι
1073 4285 1190 4348 ipse
1242 4288 1420 4336 autem
1450 4285 1728 4347 respondit
1761 4305 1772 4333 :
1813 4287 1962 4338 Satis

239 4358 318 4405 est
387 4350 527 4412 (Luc.
602 4359 806 4417 XXII);
873 4360 923 4406 et
983 4360 1173 4420 postea
1233 4356 1368 4407 dixit
1432 4357 1584 4408 Petro
1637 4377 1648 4406 :
1710 4359 1963 4409 Converte

235 4423 491 4487 gladium
524 4427 682 4476 tuum
715 4426 774 4476 in
816 4426 1076 4490 vaginam
1109 4426 1321 4490 (ilatth.
1354 4439 1532 4488 xxvi;
1570 4431 1727 4479 Joan.
1772 4433 1959 4494 xvm).

241 4495 506 4548 Ecclesia.
538 4497 699 4548 etiam
741 4499 820 4548 sic
867 4500 934 4550 de
986 4499 1136 4551 Petro
1183 4498 1464 4563 loquitur:
1505 4518 1526 4546 ι
1563 4499 1637 4550 Tu
1672 4513 1734 4552 es
1775 4503 1957 4563 pastor

241 4565 491 4618 omnium
555 4569 814 4632 princeps
880 4569 1277 4633 apostolorum,
1357 4570 1453 4621 tibi
1529 4571 1744 4623 tradidit
1816 4571 1958 4624 Deus

241 4637 431 4688 omnia
483 4649 652 4702 regna
695 4639 898 4690 mundi.
946 4660 965 4683 ι
1017 4641 1162 4691 Ratio
1213 4653 1346 4691 vero
1394 4645 1496 4702 est,
1549 4643 1673 4704 quia
1725 4646 1964 4705 potestas

241 4707 548 4770 spiritualis
595 4710 700 4760 nisi
765 4710 986 4764 haberet
1040 4710 1221 4775 aliquo
1269 4712 1430 4762 modo
1473 4714 1818 4776 coniunctam
1863 4727 1963 4779 po-

241 4783 500 4831 testatem
549 4781 925 4845 temporalem,
981 4785 1131 4835 esset
1187 4782 1434 4835 inefﬁcax
1487 4787 1538 4834 et
1590 4785 1804 4836 inﬁrma
1855 4799 1868 4837 :
1914 4795 1965 4842 et

241 4850 372 4902 ideo
423 4861 547 4902 cum
589 4865 758 4915 opera
814 4851 903 4904 Dei
949 4854 1056 4904 sint
1106 4854 1362 4918 perfecta,
1408 4858 1463 4906 et
1515 4857 1662 4907 recte
1705 4855 1963 4918 instituta,

241 4933 376 4973 cum
439 4921 591 4973 Petro
640 4925 788 4976 dedit
847 4937 1158 4988 supremam
1221 4924 1561 4988 spiritualem
1625 4930 1965 4990 potestatem.

243 5003 348 5043 seu
413 4992 752 5056 spiritualem
818 4995 1075 5058 gladium,
1143 4995 1289 5047 dedit
1369 4997 1528 5048 etiam
1588 4996 1964 5060 temporalem,

239 5075 349 5116 seu
390 5064 752 5128 materialem,
799 5071 1056 5130 quantum
1097 5066 1164 5118 ad
1212 5067 1374 5118 ﬁnem
1416 5068 1637 5118 alterius
1685 5069 1964 5132 potestatis

241 5136 592 5189 conveniens
643 5138 727 5187 sit.
797 5138 946 5190 Unde
1004 5138 1192 5190 Glossa
1253 5139 1307 5189 in
1367 5151 1488 5201 cap.
1554 5140 1960 5200 Auctoritatem,

238 5205 423 5258 verbo
468 5207 768 5270 Materiati,
813 5212 887 5268 15,
939 5222 991 5275 q.
1052 5210 1100 5272 6,
1153 5212 1298 5260 notat
1343 5209 1771 5263 ecclesiasticum
1823 5211 1963 5274 judi-

240 5289 366 5330 cem
414 5290 583 5342 posse
619 5279 860 5332 indicere
897 5281 1117 5338 bellum,
1168 5293 1238 5332 ex
1280 5278 1492 5333 Nicolao
1538 5294 1674 5345 papa
1714 5283 1769 5332 in
1814 5285 1962 5334 textu

239 5347 321 5399 ibi
374 5349 594 5402 dicente
648 5349 717 5401 ad
774 5350 1240 5415 archiepiscopum
1300 5351 1710 5413 Trevereusem,
1765 5355 1818 5402 et
1862 5354 1962 5404 de-

241 5420 502 5472 fensores
571 5421 842 5481 Ecclesiae,
906 5426 965 5474 ut
1016 5421 1280 5485 spirituali
1342 5426 1395 5474 et
1459 5423 1723 5475 materiali
1781 5423 1961 5487 gladio

237 5492 492 5553 utantur,
517 5491 694 5544 donec
717 5492 1088 5545 ecclesiastica
1121 5493 1262 5545 bona
1291 5498 1636 5558 recuperent.

307 5564 451 5616 Hinc
507 5564 666 5626 tertio
718 5565 1062 5617 statuendum
1121 5567 1206 5616 est
1265 5564 1424 5618 aliter
1486 5565 1689 5618 habere
1755 5565 1966 5629 pontiﬁ-

308 5654 418 5718 (89)
455 5653 581 5707 Vide
611 5667 728 5718 cap.
758 5654 876 5709 [tuo
906 5661 1054 5719 sunt,
1082 5657 1143 5707 9.6
1175 5655 1294 5708 dist.
1325 5667 1452 5717 cum
1482 5655 1602 5708 aliis
1625 5654 1842 5707 ibidem.

1978 4511 2030 4569 ι)
2045 4507 2155 4548 suae
2233 4497 2512 4569 potestatis

2038 1853 2305 1927 bustquze
2341 1855 2412 1904 ibi
2448 1855 2634 1907 Glossa
2666 1856 2854 1908 ultima
2888 1857 3076 1920 refert,
3112 1861 3168 1910 et
3194 1859 3395 1922 passim
3423 1859 3748 1927 jurisperiti,

2043 1923 2183 1997 119
2206 1928 2508 1990 praesertim
2535 1929 2587 1978 in
2611 1930 2766 1993 capit.
2795 1932 2836 1979 Δ
2872 1930 3038 1988 nobis,
3077 1930 3149 1983 De
3173 1929 3426 1997 judiciis,
3460 1939 3513 1984 et
3545 1933 3596 1984 in
3627 1923 3742 1996 cap.

2039 1996 2184 2048 Licet
2211 2013 2276 2050 ea;
2298 2005 2556 2063 suscepto,
2581 2000 2655 2052 De
2677 2004 2792 2064 foro
2816 2004 3160 2066 competenti.

2101 2069 2257 2121 Juxta
2313 2084 2446 2134 ergo
2503 2073 2783 2124 veritatem
2849 2075 3197 2138 intelligenda
3251 2077 3378 2126 sunt
3434 2075 3525 2126 illa
3583 2076 3751 2128 verba

2044 2141 2278 2192 Damiani
2323 2165 2335 2192 :
2389 2163 2409 2186 ι
2467 2143 2611 2194 Inter
2673 2156 2902 2206 regnum
2977 2149 3028 2195 et
3107 2147 3469 2198 sacerdotium
3530 2148 3751 2210 propria

2041 2213 2464 2276 distinguuntur‘
2496 2215 2687 2272 oﬁicia,
2732 2235 2750 2259 ε
2791 2218 2893 2265 etc.
2959 2217 3212 2280 Loquitur
3261 2219 3404 2268 enim
3457 2217 3524 2268 de
3561 2217 3750 2268 ofﬁciis

2039 2296 2138 2344 per
2199 2296 2279 2340 se.
2350 2287 2402 2335 et
2461 2285 2664 2336 directe
2730 2287 2916 2348 utique
2974 2287 3219 2350 dignitati
3275 2287 3745 2351 convenientibus.

2039 2355 2220 2417 Neque
2263 2359 2343 2407 est
2382 2355 2468 2406 hic
2501 2355 2757 2420 loquendi
2812 2356 3008 2408 modus
3054 2358 3262 2409 alienus
3300 2358 3366 2410 ab
3404 2359 3535 2422 ipsis
3570 2361 3750 2422 ponti-

2040 2426 2249 2478 ﬂcihus.
2313 2427 2439 2478 Nam
2505 2427 2755 2480 Nicotaus
2805 2441 2948 2492 papa
3007 2430 3061 2479 in
3131 2429 3337 2480 celebri
3405 2431 3634 2494 epistola
3683 2432 3752 2482 ad

2043 2498 2351 2550 Michaelem
2426 2501 2825 2563 imperatorem,
2901 2513 3073 2564 prope
3155 2502 3320 2553 ﬁnem
3385 2503 3464 2553 sic
3520 2501 3745 2554 scribit:

2046 2590 2066 2615 α
2105 2571 2228 2622 Cum
2288 2572 2354 2622 ad
2407 2584 2594 2624 verum
2650 2576 2867 2623 ventum
2924 2577 3007 2622 est
3055 2573 3306 2625 eumdem
3357 2586 3542 2637 regem
3592 2577 3751 2636 atque

2047 2641 2368 2703 i’ontiﬁcem,
2408 2643 2478 2693 'id
2525 2645 2627 2703 est,
2686 2649 2931 2707 tempore
2988 2644 3127 2708 legis
3191 2647 3393 2706 gratiae,
3455 2644 3597 2696 ultra
3649 2646 3751 2697 sibi

2041 2724 2219 2775 neque
2275 2715 2569 2776 imperator
2621 2716 2746 2777 jura
2795 2715 3134 2778 pontiﬁcatus
3189 2716 3435 2779 arripuit,
3480 2729 3584 2767 nec
3623 2729 3748 2779 pono

2045 2783 2176 2833 titex
2226 2796 2426 2836 nomen
2469 2786 2854 2847 imperatorum
2907 2787 3224 2849 usurpavit;
3289 2788 3542 2850 quoniam
3610 2787 3752 2840 idem

2043 2855 2309 2905 mediator
2357 2855 2447 2906 Dei
2502 2861 2553 2906 et
2603 2857 2900 2919 hominum,
2956 2856 3118 2908 homo
3168 2856 3409 2909 Christus
3456 2858 3615 2909 Jesus
3671 2859 3750 2910 sic

2045 2923 2254 2976 actibus
2333 2927 2569 2989 propriis
2657 2930 2711 2977 et
2789 2927 3137 2990 dignitatibus
3223 2928 3490 2979 distinctis
3575 2929 3750 2980 oﬁicia

2044 2996 2326 3060 utriusque
2381 2999 2666 3059 potestatis
2727 2997 2997 3057 discrevit,
3068 3001 3125 3048 ut
3185 3001 3239 3049 et
3299 2999 3575 3050 Christiani
3641 3001 3748 3050 im-

2045 3070 2327 3130 peratores
2399 3081 2499 3131 pro
2564 3073 2768 3120 aeterna
2843 3069 2950 3121 vita
3019 3069 3362 3133 pontiﬁcibus
3423 3071 3754 3133 indigerent,

2516 3153 2616 3202 pro
2681 3151 2843 3192 cursu
2922 3140 3299 3203 temporalium
3381 3143 3750 3193 tantummodo

2044 3223 2227 3261 rerum
2274 3211 2644 3273 imperialibus
2700 3211 2912 3276 legibus
2969 3214 3270 3273 uterentur,
3325 3216 3592 3277 quatenus
3649 3212 3751 3276 spi-

2044 3283 2251 3333 rituaiis
2306 3284 2445 3334 actio
2507 3283 2814 3335 carnalibus
2871 3283 3101 3334 distaret
3150 3283 3475 3344 incursibus,
3527 3287 3580 3336 et
3627 3283 3753 3335 ideo

2047 3353 2279 3405 militans
2340 3354 2446 3405 Deo
2509 3356 2732 3407 minime
2775 3367 2836 3406 se
2883 3355 3114 3418 negotiis
3171 3355 3522 3406 saecularibus
3581 3354 3751 3419 impli-

2044 3428 2210 3484 caret,
2270 3445 2290 3468 ι»
2356 3429 2459 3476 etc.
2527 3425 2690 3482 Quem
2752 3427 2926 3476 locum
2993 3428 3228 3476 tractans
3283 3423 3464 3475 Glossa
3523 3426 3576 3474 in
3631 3439 3748 3489 cap.

2046 3497 2180 3546 Cum
2224 3496 2297 3546 ad
2356 3509 2562 3554 verum,
2610 3497 2732 3546 dist.
2795 3496 2874 3557 96,
2925 3496 2981 3546 in
3033 3495 3201 3546 verbo
3259 3493 3562 3559 Usurpavit,
3623 3497 3750 3549 inde

2043 3567 2253 3629 colligit
2301 3569 2594 3629 potestates
2637 3566 2736 3617 has
2779 3579 2901 3617 esse
2951 3566 3171 3626 divisas,
3216 3567 3599 3628 imperatorem
3642 3580 3750 3619 non

2043 3637 2245 3689 habere
2312 3637 2554 3701 gladium
2625 3638 2978 3701 temporalem
3037 3649 3069 3687 a
3120 3649 3260 3700 papa
3319 3638 3441 3702 (89).
3495 3637 3553 3689 Et
3606 3638 3751 3691 idem

2041 3709 2202 3759 habet
2264 3709 2316 3758 iu
2378 3721 2425 3760 c.
2494 3708 2758 3772 Quoniam
2817 3709 2943 3759 dist.
3017 3709 3089 3768 10,
3161 3707 3251 3758 ubi
3331 3709 3493 3758 etiam
3558 3709 3751 3760 addit:

2051 3800 2069 3824 ι
2123 3779 2268 3837 Quod
2310 3792 2449 3843 papa
2509 3793 2615 3830 non
2670 3779 2835 3830 habet
2875 3783 3166 3844 utrumque
3213 3778 3468 3842 gladium,
3533 3797 3552 3821 ι
3607 3783 3752 3846 quoii

2044 3851 2455 3914 intelligendum
2499 3855 2581 3904 est
2621 3852 2845 3913 directe,
2881 3854 2934 3903 et
2973 3863 3073 3915 per
3113 3862 3190 3912 se,
3227 3862 3296 3900 ne
3337 3852 3406 3902 sit
3440 3863 3749 3914 erroneum,

2044 3926 2098 3974 et
2152 3924 2277 3986 quia
2336 3923 2551 3986 gladius
2616 3922 2929 3988 temporalis
2983 3925 3145 3987 prout
3218 3924 3300 3973 est
3367 3922 3422 3972 in
3479 3924 3751 3986 pontiﬁce,

2044 4007 2184 4046 unus
2240 3995 2634 4058 quodammodo
2689 3999 2771 4046 est
2823 4007 2947 4047 cum
3002 3992 3285 4057 spirituali,
3348 3994 3473 4058 quia
3525 3993 3617 4045 ubi
3670 3999 3752 4047 est

2043 4079 2212 4119 unum
2272 4069 2494 4129 propter
2554 4065 2717 4124 aliud,
2791 4065 2865 4116 ibi
2944 4067 3025 4118 est
3093 4075 3262 4116 unum
3321 4066 3560 4125 tantum;
3627 4078 3754 4118 nam

2044 4139 2263 4203 alioqui,
2328 4142 2387 4190 ut
2449 4138 2702 4199 diximus,
2779 4140 2983 4190 certum
3049 4139 3128 4189 est
3188 4137 3500 4199 pontiﬁcem
3550 4136 3753 4190 habere

2044 4215 2334 4274 utrumque
2386 4209 2644 4272 gladium,
2700 4210 3035 4273 spiritualem
3091 4212 3143 4260 et
3199 4210 3572 4274 temporalem,
3607 4211 3753 4276 quod

2042 4283 2128 4334 his
2183 4281 2346 4332 etiam
2396 4281 2581 4333 verbis
2634 4282 2829 4333 asserit
2883 4282 3086 4343 Glossa,
3155 4293 3224 4333 ex
3299 4285 3428 4332 text.
3501 4280 3628 4332 ibid.
3696 4283 3751 4333 in

2045 4365 2160 4416 cap.
2194 4354 2238 4414 1,
2270 4353 2394 4404 dist.
2426 4352 2507 4403 22.

2106 4422 2293 4474 Ultimo
2348 4423 2692 4474 statuendum
2750 4425 2849 4481 est,
2923 4422 3172 4487 quamvis
3240 4421 3485 4486 pontifex
3557 4433 3626 4472 ex
3701 4421 3756 4472 vi

2586 4493 2825 4556 gladium
2900 4492 3095 4545 habeat
3173 4492 3509 4544 materialem
3591 4493 3753 4543 modo

2041 4569 2154 4630 jam
2188 4565 2478 4628 explicato,
2515 4576 2624 4615 non
2663 4567 2844 4615 tamen
2877 4563 3078 4614 debere
3112 4564 3190 4614 uti
3228 4562 3318 4615 illo
3354 4575 3455 4627 per
3489 4563 3753 4625 seipsum,

2045 4650 2148 4690 nec
2190 4649 2286 4700 per
2339 4635 2738 4687 ecclesiasticas
2795 4645 3061 4697 personas
3126 4636 3280 4685 extra
3323 4633 3601 4698 propriam
3659 4631 3752 4685 de-

2047 4710 2348 4762 fensionem
2405 4708 2462 4757 in
2521 4717 2652 4758 casu
2726 4707 2980 4757 extremae
3042 4706 3398 4762 necessitatis,
3483 4703 3582 4754 sed
3653 4715 3754 4766 per

2046 4779 2322 4843 principes
2373 4775 2682 4838 saeculares,
2726 4776 2921 4840 quibus
2966 4777 3262 4839 praecipere
3312 4777 3501 4835 potest,
3553 4776 3610 4824 ut
3661 4773 3753 4824 illo

2049 4853 2105 4902 in
2154 4863 2306 4902 suam
2353 4849 2741 4908 defensionem,
2794 4850 2884 4900 aut
2927 4850 3125 4912 justam
3177 4847 3464 4898 vindictam
3513 4847 3751 4905 utantur,

2051 4924 2264 4988 quando
2317 4933 2545 4974 necesse
2606 4922 2784 4972 fuerit.
2852 4921 2960 4972 Hoc
3023 4931 3283 4984 expresse
3343 4918 3475 4968 dixit
3538 4915 3754 4967 Bonifa-

2052 4996 2186 5052 cius,
2226 4993 2346 5045 loco
2398 5006 2562 5057 supra
2606 4994 2793 5045 citato:
2851 5005 2975 5043 nam
3024 5004 3146 5043 cum
3198 4991 3423 5042 dixisset
3464 4990 3753 5051 utrumque

2049 5065 2287 5128 gladium
2339 5076 2458 5117 esse
2523 5065 2578 5115 in
2631 5067 2893 5126 potestate
2961 5062 3227 5121 Ecclesiae,
3300 5058 3637 5122 spiritualem
3686 5061 3755 5128 et

2046 5127 2421 5200 temporalem,
2468 5136 2651 5187 addit:
2687 5136 2787 5186 Sed
2844 5136 2888 5184 is
2940 5134 3154 5196 quidem
3211 5143 3306 5193 pro
3360 5129 3613 5190 Ecclesia,
3659 5127 3753 5181 ille

2047 5219 2180 5260 vero
2253 5207 2320 5258 ab
2389 5206 2622 5259 Erclesia
2693 5206 3078 5262 exercendus;
3157 5202 3246 5253 ille
3314 5202 3632 5263 sacerdotis,
3709 5201 3754 5251 is

2046 5291 2210 5330 manu
2258 5289 2450 5340 regum
2496 5281 2548 5329 et
2590 5277 2836 5330 militum.
2883 5275 2980 5326 sed
3019 5275 3086 5325 ad
3118 5277 3306 5324 nutum
3347 5277 3400 5324 et
3443 5272 3752 5336 patientiam

2045 5348 2361 5402 sacerdotis.
2411 5348 2466 5398 Et
2515 5348 2703 5399 eadem
2749 5347 2865 5398 fere
2921 5345 3085 5397 verba
3137 5344 3296 5396 habet
3342 5344 3629 5408 Gregorius
3683 5344 3752 5394 lx

2045 5420 2102 5472 in
2176 5421 2318 5471 dicta
2388 5418 2611 5482 epistola
2673 5419 2740 5469 ad
2793 5419 3130 5470 Germanum.
3190 5420 3355 5480 Atque
3418 5414 3521 5468 hoc
3593 5415 3751 5467 modo

2046 5490 2396 5543 censuevisse
2449 5489 2730 5552 pontiﬁces
2789 5490 3027 5540 excitare
3074 5487 3402 5550 temporales
3461 5485 3747 5549 principes,

2045 5565 2099 5615 et
2143 5573 2242 5626 per
2291 5571 2386 5614 eos
2430 5559 2574 5613 bella
2629 5559 2883 5619 indicere,
2947 5571 3018 5612 ex
3079 5558 3324 5612 historiis
3366 5557 3747 5610 ecclesiasticis
