  <div class='ocr_page' id='page_1' title='image "/cluster/home/n/w/nwhite01/storage/ocr_20150623/144/hvd.32044054760046/166.png"; bbox 0 0 4088 6198; ppageno 0'>
   <div class='ocr_carea' id='block_1_1' title="bbox 207 325 299 384">
    <p class='ocr_par' dir='ltr' id='par_1_1' title="bbox 207 325 299 384">
     <span class='ocr_line' id='line_1_1' title="bbox 207 325 299 384; baseline -0.033 0"><span class='ocrx_word' id='word_1_1' title='bbox 207 325 299 384; x_wconf 71' lang='grc'><strong>321</strong></span> 
     </span>
    </p>
   </div>
   <div class='ocr_carea' id='block_1_2' title="bbox 814 447 1315 509">
    <p class='ocr_par' dir='ltr' id='par_1_2' title="bbox 814 447 1315 509">
     <span class='ocr_line' id='line_1_2' title="bbox 814 447 1315 509; baseline -0.002 -2"><span class='ocrx_word' id='word_1_2' title='bbox 814 447 1181 509; x_wconf 87' lang='lat' dir='ltr'><strong>EPISTOLA</strong></span> <span class='ocrx_word' id='word_1_3' title='bbox 1216 448 1315 507; x_wconf 86' lang='lat' dir='ltr'><strong>XI.</strong></span> 
     </span>
    </p>
   </div>
   <div class='ocr_carea' id='block_1_3' title="bbox 201 549 1915 608">
    <p class='ocr_par' dir='ltr' id='par_1_3' title="bbox 201 549 1915 608">
     <span class='ocr_line' id='line_1_3' title="bbox 201 549 1915 608; baseline -0.002 -5"><span class='ocrx_word' id='word_1_4' title='bbox 201 555 276 603; x_wconf 75' lang='lat' dir='ltr'><strong>AD</strong></span> <span class='ocrx_word' id='word_1_5' title='bbox 312 549 686 598; x_wconf 75' lang='lat' dir='ltr'><strong>THEODOSIUM</strong></span> <span class='ocrx_word' id='word_1_6' title='bbox 743 550 1285 608; x_wconf 78' lang='lat' dir='ltr'><strong>SENOGALLIENSEM,</strong></span> <span class='ocrx_word' id='word_1_7' title='bbox 1318 551 1389 596; x_wconf 83' lang='lat' dir='ltr'><strong>ET</strong></span> <span class='ocrx_word' id='word_1_8' title='bbox 1430 552 1789 599; x_wconf 81' lang='lat' dir='ltr'><strong>RODULPHUM</strong></span> <span class='ocrx_word' id='word_1_9' title='bbox 1816 553 1915 600; x_wconf 80' lang='lat' dir='ltr'><strong>EU-</strong></span> 
     </span>
    </p>
   </div>
   <div class='ocr_carea' id='block_1_4' title="bbox 732 621 1379 670">
    <p class='ocr_par' dir='ltr' id='par_1_4' title="bbox 732 621 1379 670">
     <span class='ocr_line' id='line_1_4' title="bbox 732 621 1379 670; baseline -0.009 0"><span class='ocrx_word' id='word_1_10' title='bbox 732 622 1005 670; x_wconf 79' lang='lat' dir='ltr'><strong>GUBINUM</strong></span> <span class='ocrx_word' id='word_1_11' title='bbox 1056 621 1379 669; x_wconf 87' lang='lat' dir='ltr'><strong>EPISCOPOS.</strong></span> 
     </span>
    </p>
   </div>
   <div class='ocr_carea' id='block_1_5' title="bbox 200 708 1914 770">
    <p class='ocr_par' dir='ltr' id='par_1_5' title="bbox 200 708 1914 770">
     <span class='ocr_line' id='line_1_5' title="bbox 200 708 1914 770; baseline 0.001 -1"><span class='ocrx_word' id='word_1_12' title='bbox 200 712 644 769; x_wconf 77' lang='lat' dir='ltr'><strong>ARGUMENTUM.</strong></span> <span class='ocrx_word' id='word_1_13' title='bbox 676 740 743 750; x_wconf 93' lang='lat'><strong>—</strong></span> <span class='ocrx_word' id='word_1_14' title='bbox 777 708 1171 767; x_wconf 85' lang='lat' dir='ltr'><strong>Theodosium</strong></span> <span class='ocrx_word' id='word_1_15' title='bbox 1204 708 1694 770; x_wconf 75' lang='lat' dir='ltr'><strong>Senogalliensem</strong></span> <span class='ocrx_word' id='word_1_16' title='bbox 1723 718 1777 768; x_wconf 91' lang='lat' dir='ltr'><strong>et</strong></span> <span class='ocrx_word' id='word_1_17' title='bbox 1805 711 1914 770; x_wconf 79' lang='lat' dir='ltr'><strong>Bo-</strong></span> 
     </span>
    </p>
   </div>
   <div class='ocr_carea' id='block_1_6' title="bbox 263 779 1909 862">
    <p class='ocr_par' dir='ltr' id='par_1_6' title="bbox 263 779 1909 862">
     <span class='ocr_line' id='line_1_6' title="bbox 263 779 1909 862; baseline 0.001 -24"><span class='ocrx_word' id='word_1_18' title='bbox 263 781 563 862; x_wconf 73' lang='lat' dir='ltr'><strong>dulphum</strong></span> <span class='ocrx_word' id='word_1_19' title='bbox 594 779 974 860; x_wconf 83' lang='lat' dir='ltr'><strong>Eugubinum</strong></span> <span class='ocrx_word' id='word_1_20' title='bbox 1014 780 1320 862; x_wconf 82' lang='lat' dir='ltr'><strong>antistites,</strong></span> <span class='ocrx_word' id='word_1_21' title='bbox 1348 779 1909 862; x_wconf 74' lang='lat' dir='ltr'><strong>librorumsuorum</strong></span> 
     </span>
    </p>
   </div>
   <div class='ocr_carea' id='block_1_7' title="bbox 256 852 1910 933">
    <p class='ocr_par' dir='ltr' id='par_1_7' title="bbox 256 852 1910 933">
     <span class='ocr_line' id='line_1_7' title="bbox 256 852 1910 933; baseline 0.001 -25"><span class='ocrx_word' id='word_1_22' title='bbox 256 852 483 933; x_wconf 74' lang='lat' dir='ltr'><strong>judices</strong></span> <span class='ocrx_word' id='word_1_23' title='bbox 514 859 570 908; x_wconf 89' lang='lat' dir='ltr'><strong>et</strong></span> <span class='ocrx_word' id='word_1_24' title='bbox 593 852 767 933; x_wconf 83' lang='lat' dir='ltr'><strong>quasi</strong></span> <span class='ocrx_word' id='word_1_25' title='bbox 794 866 1063 933; x_wconf 74' lang='lat' dir='ltr'><strong>censores</strong></span> <span class='ocrx_word' id='word_1_26' title='bbox 1092 853 1404 933; x_wconf 66' lang='lat' dir='ltr'><strong>constituit,</strong></span> <span class='ocrx_word' id='word_1_27' title='bbox 1430 854 1802 933; x_wconf 70' lang='lat' dir='ltr'><strong>pracipitque</strong></span> <span class='ocrx_word' id='word_1_28' title='bbox 1827 860 1910 933; x_wconf 84' lang='lat' dir='ltr'><strong>ut,</strong></span> 
     </span>
    </p>
   </div>
   <div class='ocr_carea' id='block_1_8' title="bbox 262 922 1915 1005">
    <p class='ocr_par' dir='ltr' id='par_1_8' title="bbox 262 922 1915 1005">
     <span class='ocr_line' id='line_1_8' title="bbox 262 922 1915 1005; baseline 0.001 -25"><span class='ocrx_word' id='word_1_29' title='bbox 262 922 674 1005; x_wconf 82' lang='lat' dir='ltr'><strong>iisdiligenter</strong></span> <span class='ocrx_word' id='word_1_30' title='bbox 700 922 990 1005; x_wconf 78' lang='lat' dir='ltr'><strong>perlectis,</strong></span> <span class='ocrx_word' id='word_1_31' title='bbox 1022 922 1310 1005; x_wconf 74' lang='lat' dir='ltr'><strong>quidquid</strong></span> <span class='ocrx_word' id='word_1_32' title='bbox 1350 922 1544 1005; x_wconf 75' lang='lat' dir='ltr'><strong>visum</strong></span> <span class='ocrx_word' id='word_1_33' title='bbox 1586 922 1915 1005; x_wconf 31' lang='lat' dir='ltr'><strong>fuerittaut</strong></span> 
     </span>
    </p>
   </div>
   <div class='ocr_carea' id='block_1_9' title="bbox 259 1000 1912 1075">
    <p class='ocr_par' dir='ltr' id='par_1_9' title="bbox 259 1000 1912 1075">
     <span class='ocr_line' id='line_1_9' title="bbox 259 1000 1912 1075; baseline 0.002 -24"><span class='ocrx_word' id='word_1_34' title='bbox 259 1002 410 1075; x_wconf 70' lang='lat' dir='ltr'><strong>ante,</strong></span> <span class='ocrx_word' id='word_1_35' title='bbox 461 1000 562 1075; x_wconf 78' lang='lat' dir='ltr'><strong>aut</strong></span> <span class='ocrx_word' id='word_1_36' title='bbox 610 1002 740 1075; x_wconf 88' lang='lat' dir='ltr'><strong>post</strong></span> <span class='ocrx_word' id='word_1_37' title='bbox 790 1008 961 1075; x_wconf 75' lang='lat' dir='ltr'><strong>suam</strong></span> <span class='ocrx_word' id='word_1_38' title='bbox 1007 1002 1252 1052; x_wconf 87' lang='lat' dir='ltr'><strong>mortem</strong></span> <span class='ocrx_word' id='word_1_39' title='bbox 1290 1002 1641 1069; x_wconf 81' lang='lat' dir='ltr'><strong>quaeunque</strong></span> <span class='ocrx_word' id='word_1_40' title='bbox 1693 1000 1912 1055; x_wconf 82' lang='lat' dir='ltr'><strong>ratione</strong></span> 
     </span>
    </p>
   </div>
   <div class='ocr_carea' id='block_1_10' title="bbox 257 1064 988 1138">
    <p class='ocr_par' dir='ltr' id='par_1_10' title="bbox 257 1064 988 1138">
     <span class='ocr_line' id='line_1_10' title="bbox 257 1064 988 1138; baseline 0 -15"><span class='ocrx_word' id='word_1_41' title='bbox 257 1064 547 1138; x_wconf 85' lang='lat' dir='ltr'><strong>corrigant</strong></span> <span class='ocrx_word' id='word_1_42' title='bbox 572 1064 629 1122; x_wconf 84' lang='lat' dir='ltr'><strong>et</strong></span> <span class='ocrx_word' id='word_1_43' title='bbox 655 1064 988 1123; x_wconf 89' lang='lat' dir='ltr'><strong>emendent.</strong></span> 
     </span>
    </p>
   </div>
   <div class='ocr_carea' id='block_1_11' title="bbox 262 1171 1911 1248">
    <p class='ocr_par' dir='ltr' id='par_1_11' title="bbox 262 1171 1911 1248">
     <span class='ocr_line' id='line_1_11' title="bbox 262 1171 1911 1248; baseline 0.001 -16"><span class='ocrx_word' id='word_1_44' title='bbox 262 1171 792 1232; x_wconf 81' lang='lat' dir='ltr'><strong>Reverendissimis</strong></span> <span class='ocrx_word' id='word_1_45' title='bbox 819 1172 1124 1246; x_wconf 81' lang='lat' dir='ltr'><strong>episcopis,</strong></span> <span class='ocrx_word' id='word_1_46' title='bbox 1154 1172 1488 1233; x_wconf 82' lang='lat' dir='ltr'><strong>THEODOSIO</strong></span> <span class='ocrx_word' id='word_1_47' title='bbox 1512 1173 1911 1248; x_wconf 89' lang='lat' dir='ltr'><strong>Senogallien-</strong></span> 
     </span>
    </p>
   </div>
   <div class='ocr_carea' id='block_1_12' title="bbox 198 1260 1911 1337">
    <p class='ocr_par' dir='ltr' id='par_1_12' title="bbox 198 1260 1911 1337">
     <span class='ocr_line' id='line_1_12' title="bbox 198 1260 1911 1337; baseline 0.002 -18"><span class='ocrx_word' id='word_1_48' title='bbox 198 1262 260 1329; x_wconf 89' lang='lat' dir='ltr'><strong>si,</strong></span> <span class='ocrx_word' id='word_1_49' title='bbox 285 1270 339 1319; x_wconf 89' lang='lat' dir='ltr'><strong>et</strong></span> <span class='ocrx_word' id='word_1_50' title='bbox 361 1261 688 1320; x_wconf 79' lang='lat' dir='ltr'><strong>RODULPHO</strong></span> <span class='ocrx_word' id='word_1_51' title='bbox 709 1260 1040 1334; x_wconf 88' lang='lat' dir='ltr'><strong>Euguhino,</strong></span> <span class='ocrx_word' id='word_1_52' title='bbox 1064 1260 1297 1320; x_wconf 68' lang='lat' dir='ltr'><strong>Pramus</strong></span> <span class='ocrx_word' id='word_1_53' title='bbox 1315 1271 1572 1337; x_wconf 86' lang='lat' dir='ltr'><strong>peccator</strong></span> <span class='ocrx_word' id='word_1_54' title='bbox 1590 1265 1911 1324; x_wconf 86' lang='lat' dir='ltr'><strong>monachus</strong></span> 
     </span>
    </p>
   </div>
   <div class='ocr_carea' id='block_1_13' title="bbox 195 1350 544 1409">
    <p class='ocr_par' dir='ltr' id='par_1_13' title="bbox 195 1350 544 1409">
     <span class='ocr_line' id='line_1_13' title="bbox 195 1350 544 1409; baseline -0.006 0"><span class='ocrx_word' id='word_1_55' title='bbox 195 1350 544 1409; x_wconf 73' lang='lat' dir='ltr'><strong>servitutem.</strong></span> 
     </span>
    </p>
   </div>
   <div class='ocr_carea' id='block_1_14' title="bbox 261 1439 1909 1514">
    <p class='ocr_par' dir='ltr' id='par_1_14' title="bbox 261 1439 1909 1514">
     <span class='ocr_line' id='line_1_14' title="bbox 261 1439 1909 1514; baseline 0.002 -18"><span class='ocrx_word' id='word_1_56' title='bbox 261 1439 498 1498; x_wconf 77' lang='lat' dir='ltr'><strong>Noverit</strong></span> <span class='ocrx_word' id='word_1_57' title='bbox 540 1439 812 1498; x_wconf 89' lang='lat' dir='ltr'><strong>sanctitas</strong></span> <span class='ocrx_word' id='word_1_58' title='bbox 868 1445 1077 1510; x_wconf 89' lang='lat' dir='ltr'><strong>vestra,</strong></span> <span class='ocrx_word' id='word_1_59' title='bbox 1124 1439 1485 1500; x_wconf 86' lang='lat' dir='ltr'><strong>dilectissimi</strong></span> <span class='ocrx_word' id='word_1_60' title='bbox 1528 1439 1673 1498; x_wconf 90' lang='lat' dir='ltr'><strong>mihi</strong></span> <span class='ocrx_word' id='word_1_61' title='bbox 1722 1450 1909 1514; x_wconf 84' lang='lat' dir='ltr'><strong>patres</strong></span> 
     </span>
    </p>
   </div>
   <div class='ocr_carea' id='block_1_15' title="bbox 195 1527 1907 1603">
    <p class='ocr_par' dir='ltr' id='par_1_15' title="bbox 195 1527 1907 1603">
     <span class='ocr_line' id='line_1_15' title="bbox 195 1527 1907 1603; baseline 0 -18"><span class='ocrx_word' id='word_1_62' title='bbox 195 1536 243 1586; x_wconf 87' lang='lat' dir='ltr'><strong>et</strong></span> <span class='ocrx_word' id='word_1_63' title='bbox 290 1528 544 1599; x_wconf 83' lang='lat' dir='ltr'><strong>domini,</strong></span> <span class='ocrx_word' id='word_1_64' title='bbox 584 1529 724 1603; x_wconf 84' lang='lat' dir='ltr'><strong>quia</strong></span> <span class='ocrx_word' id='word_1_65' title='bbox 758 1531 1106 1602; x_wconf 86' lang='lat' dir='ltr'><strong>prasumpsi</strong></span> <span class='ocrx_word' id='word_1_66' title='bbox 1143 1529 1414 1603; x_wconf 82' lang='lat' dir='ltr'><strong>quadam</strong></span> <span class='ocrx_word' id='word_1_67' title='bbox 1447 1527 1727 1602; x_wconf 89' lang='lat' dir='ltr'><strong>opuscula</strong></span> <span class='ocrx_word' id='word_1_68' title='bbox 1765 1529 1907 1585; x_wconf 79' lang='lat' dir='ltr'><strong>scri-</strong></span> 
     </span>
    </p>
   </div>
   <div class='ocr_carea' id='block_1_16' title="bbox 195 1616 1906 1691">
    <p class='ocr_par' dir='ltr' id='par_1_16' title="bbox 195 1616 1906 1691">
     <span class='ocr_line' id='line_1_16' title="bbox 195 1616 1906 1691; baseline 0 -18"><span class='ocrx_word' id='word_1_69' title='bbox 195 1616 337 1685; x_wconf 87' lang='lat' dir='ltr'><strong>bere,</strong></span> <span class='ocrx_word' id='word_1_70' title='bbox 388 1632 505 1674; x_wconf 90' lang='lat' dir='ltr'><strong>non</strong></span> <span class='ocrx_word' id='word_1_71' title='bbox 543 1623 658 1675; x_wconf 92' lang='lat' dir='ltr'><strong>tam</strong></span> <span class='ocrx_word' id='word_1_72' title='bbox 694 1617 964 1675; x_wconf 88' lang='lat' dir='ltr'><strong>videlicet</strong></span> <span class='ocrx_word' id='word_1_73' title='bbox 998 1626 1063 1675; x_wconf 94' lang='lat' dir='ltr'><strong>ut</strong></span> <span class='ocrx_word' id='word_1_74' title='bbox 1094 1616 1302 1690; x_wconf 90' lang='lat' dir='ltr'><strong>legivis</strong></span> <span class='ocrx_word' id='word_1_75' title='bbox 1340 1617 1596 1691; x_wconf 91' lang='lat' dir='ltr'><strong>(legibus)</strong></span> <span class='ocrx_word' id='word_1_76' title='bbox 1635 1617 1906 1675; x_wconf 90' lang='lat' dir='ltr'><strong>ecclesia-</strong></span> 
     </span>
    </p>
   </div>
   <div class='ocr_carea' id='block_1_17' title="bbox 194 1708 1902 1784">
    <p class='ocr_par' dir='ltr' id='par_1_17' title="bbox 194 1708 1902 1784">
     <span class='ocr_line' id='line_1_17' title="bbox 194 1708 1902 1784; baseline 0.001 -19"><span class='ocrx_word' id='word_1_77' title='bbox 194 1708 361 1777; x_wconf 87' lang='lat' dir='ltr'><strong>sticis,</strong></span> <span class='ocrx_word' id='word_1_78' title='bbox 429 1709 585 1781; x_wconf 91' lang='lat' dir='ltr'><strong>quod</strong></span> <span class='ocrx_word' id='word_1_79' title='bbox 641 1712 1012 1768; x_wconf 89' lang='lat' dir='ltr'><strong>temerarium</strong></span> <span class='ocrx_word' id='word_1_80' title='bbox 1076 1710 1277 1781; x_wconf 84' lang='lat' dir='ltr'><strong>fuerat,</strong></span> <span class='ocrx_word' id='word_1_81' title='bbox 1335 1710 1558 1784; x_wconf 90' lang='lat' dir='ltr'><strong>aliquid</strong></span> <span class='ocrx_word' id='word_1_82' title='bbox 1611 1710 1902 1779; x_wconf 85' lang='lat' dir='ltr'><strong>adderem,</strong></span> 
     </span>
    </p>
   </div>
   <div class='ocr_carea' id='block_1_18' title="bbox 1402 319 2485 394">
    <p class='ocr_par' dir='ltr' id='par_1_18' title="bbox 1402 319 2485 394">
     <span class='ocr_line' id='line_1_18' title="bbox 1402 319 2485 394; baseline 0.006 -15"><span class='ocrx_word' id='word_1_83' title='bbox 1402 319 1625 380; x_wconf 86' lang='lat' dir='ltr'><strong>LIBER</strong></span> <span class='ocrx_word' id='word_1_84' title='bbox 1665 320 2036 394; x_wconf 82' lang='lat' dir='ltr'><strong>QUARTUS,</strong></span> <span class='ocrx_word' id='word_1_85' title='bbox 2077 323 2314 386; x_wconf 91' lang='lat' dir='ltr'><strong>EPIST.</strong></span> <span class='ocrx_word' id='word_1_86' title='bbox 2356 326 2485 387; x_wconf 86' lang='lat' dir='ltr'>XII.</span> 
     </span>
    </p>
   </div>
   <div class='ocr_carea' id='block_1_19' title="bbox 3600 338 3716 399">
    <p class='ocr_par' dir='ltr' id='par_1_19' title="bbox 3600 338 3716 399">
     <span class='ocr_line' id='line_1_19' title="bbox 3600 338 3716 399; baseline 0.009 -1"><span class='ocrx_word' id='word_1_87' title='bbox 3600 338 3716 399; x_wconf 76' lang='lat'><strong>322</strong></span> 
     </span>
    </p>
   </div>
   <div class='ocr_carea' id='block_1_20' title="bbox 1928 451 3697 557">
    <p class='ocr_par' dir='ltr' id='par_1_20' title="bbox 1928 451 3697 557">
     <span class='ocr_line' id='line_1_20' title="bbox 1928 451 3697 557; baseline 0.009 -29"><span class='ocrx_word' id='word_1_88' title='bbox 1928 451 1982 510; x_wconf 83' lang='grc' dir='ltr'><strong>Α</strong></span> <span class='ocrx_word' id='word_1_89' title='bbox 2068 472 2292 531; x_wconf 89' lang='lat' dir='ltr'><strong>Domno</strong></span> <span class='ocrx_word' id='word_1_90' title='bbox 2317 472 2384 530; x_wconf 93' lang='lat' dir='ltr'><strong>V.</strong></span> <span class='ocrx_word' id='word_1_91' title='bbox 2417 475 2901 535; x_wconf 89' lang='lat' dir='ltr'><strong>reverendissimo</strong></span> <span class='ocrx_word' id='word_1_92' title='bbox 2927 478 3211 552; x_wconf 89' lang='lat' dir='ltr'><strong>episcopo,</strong></span> <span class='ocrx_word' id='word_1_93' title='bbox 3243 478 3473 541; x_wconf 81' lang='lat' dir='ltr'><strong>PETRUS</strong></span> <span class='ocrx_word' id='word_1_94' title='bbox 3500 499 3697 557; x_wconf 89' lang='lat' dir='ltr'><strong>pecca-</strong></span> 
     </span>
    </p>
   </div>
   <div class='ocr_carea' id='block_1_21' title="bbox 1995 561 2402 631">
    <p class='ocr_par' dir='ltr' id='par_1_21' title="bbox 1995 561 2402 631">
     <span class='ocr_line' id='line_1_21' title="bbox 1995 561 2402 631; baseline 0.01 -14"><span class='ocrx_word' id='word_1_95' title='bbox 1995 567 2101 631; x_wconf 90' lang='lat' dir='ltr'><strong>tor,</strong></span> <span class='ocrx_word' id='word_1_96' title='bbox 2136 561 2402 621; x_wconf 87' lang='lat' dir='ltr'><strong>salutem.</strong></span> 
     </span>
    </p>
   </div>
   <div class='ocr_carea' id='block_1_22' title="bbox 2064 649 3703 735">
    <p class='ocr_par' dir='ltr' id='par_1_22' title="bbox 2064 649 3703 735">
     <span class='ocr_line' id='line_1_22' title="bbox 2064 649 3703 735; baseline 0.009 -29"><span class='ocrx_word' id='word_1_97' title='bbox 2064 649 2209 708; x_wconf 92' lang='lat' dir='ltr'><strong>Nolo</strong></span> <span class='ocrx_word' id='word_1_98' title='bbox 2250 660 2301 710; x_wconf 90' lang='lat' dir='ltr'><strong>te</strong></span> <span class='ocrx_word' id='word_1_99' title='bbox 2346 654 2532 723; x_wconf 85' lang='lat' dir='ltr'><strong>lateat,</strong></span> <span class='ocrx_word' id='word_1_100' title='bbox 2576 656 2925 717; x_wconf 87' lang='lat' dir='ltr'><strong>venerabilis</strong></span> <span class='ocrx_word' id='word_1_101' title='bbox 2966 661 3156 725; x_wconf 86' lang='lat' dir='ltr'><strong>frater,</strong></span> <span class='ocrx_word' id='word_1_102' title='bbox 3194 660 3330 735; x_wconf 89' lang='lat' dir='ltr'><strong>quia</strong></span> <span class='ocrx_word' id='word_1_103' title='bbox 3364 661 3435 719; x_wconf 87' lang='lat' dir='ltr'><strong>de</strong></span> <span class='ocrx_word' id='word_1_104' title='bbox 3472 662 3703 735; x_wconf 84' lang='lat' dir='ltr'><strong>pradiis</strong></span> 
     </span>
    </p>
   </div>
   <div class='ocr_carea' id='block_1_23' title="bbox 1993 740 3703 826">
    <p class='ocr_par' dir='ltr' id='par_1_23' title="bbox 1993 740 3703 826">
     <span class='ocr_line' id='line_1_23' title="bbox 1993 740 3703 826; baseline 0.008 -28"><span class='ocrx_word' id='word_1_105' title='bbox 1993 740 2248 800; x_wconf 88' lang='lat' dir='ltr'><strong>ecclesia</strong></span> <span class='ocrx_word' id='word_1_106' title='bbox 2295 752 2439 816; x_wconf 87' lang='lat' dir='ltr'><strong>tua,</strong></span> <span class='ocrx_word' id='word_1_107' title='bbox 2484 761 2617 817; x_wconf 91' lang='lat' dir='ltr'><strong>qua</strong></span> <span class='ocrx_word' id='word_1_108' title='bbox 2664 746 2980 805; x_wconf 85' lang='lat' dir='ltr'><strong>distrahere</strong></span> <span class='ocrx_word' id='word_1_109' title='bbox 3022 748 3264 820; x_wconf 89' lang='lat' dir='ltr'><strong>diceris,</strong></span> <span class='ocrx_word' id='word_1_110' title='bbox 3318 767 3433 809; x_wconf 92' lang='lat' dir='ltr'><strong>non</strong></span> <span class='ocrx_word' id='word_1_111' title='bbox 3489 768 3703 826; x_wconf 86' lang='lat' dir='ltr'><strong>parvus</strong></span> 
     </span>
    </p>
   </div>
   <div class='ocr_carea' id='block_1_24' title="bbox 1994 831 3703 900">
    <p class='ocr_par' dir='ltr' id='par_1_24' title="bbox 1994 831 3703 900">
     <span class='ocr_line' id='line_1_24' title="bbox 1994 831 3703 900; baseline 0.008 -14"><span class='ocrx_word' id='word_1_112' title='bbox 1994 845 2192 887; x_wconf 91' lang='lat' dir='ltr'><strong>rumor</strong></span> <span class='ocrx_word' id='word_1_113' title='bbox 2224 831 2486 900; x_wconf 88' lang='lat' dir='ltr'><strong>increvit,</strong></span> <span class='ocrx_word' id='word_1_114' title='bbox 2516 849 2652 891; x_wconf 90' lang='lat' dir='ltr'><strong>nam</strong></span> <span class='ocrx_word' id='word_1_115' title='bbox 2684 842 2740 891; x_wconf 91' lang='lat' dir='ltr'><strong>et</strong></span> <span class='ocrx_word' id='word_1_116' title='bbox 2776 851 2873 892; x_wconf 92' lang='lat' dir='ltr'><strong>cor</strong></span> <span class='ocrx_word' id='word_1_117' title='bbox 2901 844 3160 895; x_wconf 88' lang='lat' dir='ltr'><strong>nostrum</strong></span> <span class='ocrx_word' id='word_1_118' title='bbox 3189 854 3301 897; x_wconf 89' lang='lat' dir='ltr'><strong>non</strong></span> <span class='ocrx_word' id='word_1_119' title='bbox 3335 839 3448 897; x_wconf 88' lang='lat' dir='ltr'><strong>levi</strong></span> <span class='ocrx_word' id='word_1_120' title='bbox 3489 856 3703 899; x_wconf 83' lang='lat' dir='ltr'><strong>mcero-</strong></span> 
     </span>
    </p>
   </div>
   <div class='ocr_carea' id='block_1_25' title="bbox 1993 917 3708 1004">
    <p class='ocr_par' dir='ltr' id='par_1_25' title="bbox 1993 917 3708 1004">
     <span class='ocr_line' id='line_1_25' title="bbox 1993 917 3708 1004; baseline 0.009 -30"><span class='ocrx_word' id='word_1_121' title='bbox 1993 917 2072 975; x_wconf 91' lang='lat' dir='ltr'><strong>ris</strong></span> <span class='ocrx_word' id='word_1_122' title='bbox 2122 919 2323 978; x_wconf 88' lang='lat' dir='ltr'><strong>aculeo</strong></span> <span class='ocrx_word' id='word_1_123' title='bbox 2380 937 2564 995; x_wconf 86' lang='lat' dir='ltr'><strong>nuper</strong></span> <span class='ocrx_word' id='word_1_124' title='bbox 2611 924 2812 980; x_wconf 91' lang='lat' dir='ltr'><strong>eadem</strong></span> <span class='ocrx_word' id='word_1_125' title='bbox 2858 926 3013 983; x_wconf 86' lang='lat' dir='ltr'><strong>fama</strong></span> <span class='ocrx_word' id='word_1_126' title='bbox 3061 927 3369 987; x_wconf 80' lang='lat' dir='ltr'><strong>transﬁxit.</strong></span> <span class='ocrx_word' id='word_1_127' title='bbox 3426 929 3708 1004; x_wconf 89' lang='lat' dir='ltr'><strong>Nunquid</strong></span> 
     </span>
    </p>
   </div>
   <div class='ocr_carea' id='block_1_26' title="bbox 1992 1006 3705 1091">
    <p class='ocr_par' dir='ltr' id='par_1_26' title="bbox 1992 1006 3705 1091">
     <span class='ocr_line' id='line_1_26' title="bbox 1992 1006 3705 1091; baseline 0.008 -27"><span class='ocrx_word' id='word_1_128' title='bbox 1992 1006 2207 1065; x_wconf 92' lang='lat' dir='ltr'><strong>oblitus</strong></span> <span class='ocrx_word' id='word_1_129' title='bbox 2236 1024 2297 1066; x_wconf 93' lang='lat' dir='ltr'><strong>es</strong></span> <span class='ocrx_word' id='word_1_130' title='bbox 2329 1010 2483 1084; x_wconf 92' lang='lat' dir='ltr'><strong>quod</strong></span> <span class='ocrx_word' id='word_1_131' title='bbox 2512 1018 2645 1068; x_wconf 84' lang='lat' dir='ltr'><strong>ante</strong></span> <span class='ocrx_word' id='word_1_132' title='bbox 2676 1012 2792 1069; x_wconf 88' lang='lat' dir='ltr'><strong>fere</strong></span> <span class='ocrx_word' id='word_1_133' title='bbox 2824 1013 3299 1087; x_wconf 87' lang='lat' dir='ltr'><strong>quinquennium</strong></span> <span class='ocrx_word' id='word_1_134' title='bbox 3334 1015 3526 1075; x_wconf 78' lang='lat' dir='ltr'><strong>Victor</strong></span> <span class='ocrx_word' id='word_1_135' title='bbox 3564 1034 3705 1091; x_wconf 91' lang='lat' dir='ltr'><strong>apo-</strong></span> 
     </span>
    </p>
   </div>
   <div class='ocr_carea' id='block_1_27' title="bbox 1992 1096 3763 1182">
    <p class='ocr_par' dir='ltr' id='par_1_27' title="bbox 1992 1096 3763 1182">
     <span class='ocr_line' id='line_1_27' title="bbox 1992 1096 3763 1182; baseline 0.008 -28"><span class='ocrx_word' id='word_1_136' title='bbox 1992 1096 2210 1156; x_wconf 88' lang='lat' dir='ltr'><strong>stolica</strong></span> <span class='ocrx_word' id='word_1_137' title='bbox 2259 1098 2424 1158; x_wconf 89' lang='lat' dir='ltr'><strong>Sedis</strong></span> <span class='ocrx_word' id='word_1_138' title='bbox 2463 1102 2768 1175; x_wconf 90' lang='lat' dir='ltr'><strong>episcopus</strong></span> <span class='ocrx_word' id='word_1_139' title='bbox 2808 1107 2977 1172; x_wconf 79' lang='lat' dir='ltr'><strong>(Vict.</strong></span> <span class='ocrx_word' id='word_1_140' title='bbox 3009 1108 3079 1172; x_wconf 85' lang='grc' dir='ltr'><strong>Π,</strong></span> <span class='ocrx_word' id='word_1_141' title='bbox 3130 1108 3303 1177; x_wconf 85' lang='lat' dir='ltr'><strong>papa)</strong></span> <span class='ocrx_word' id='word_1_142' title='bbox 3342 1107 3401 1164; x_wconf 89' lang='lat' dir='ltr'><strong>in</strong></span> <span class='ocrx_word' id='word_1_143' title='bbox 3446 1107 3705 1182; x_wconf 90' lang='lat' dir='ltr'><strong>plenario</strong></span> <span class='ocrx_word' id='word_1_144' title='bbox 3740 1140 3763 1147; x_wconf 61' lang='grc' dir='ltr'><strong>ι</strong></span> 
     </span>
    </p>
   </div>
   <div class='ocr_carea' id='block_1_28' title="bbox 1990 1186 3707 1269">
    <p class='ocr_par' dir='ltr' id='par_1_28' title="bbox 1990 1186 3707 1269">
     <span class='ocr_line' id='line_1_28' title="bbox 1990 1186 3707 1269; baseline 0.008 -28"><span class='ocrx_word' id='word_1_145' title='bbox 1990 1186 2233 1244; x_wconf 92' lang='lat' dir='ltr'><strong>concilio</strong></span> <span class='ocrx_word' id='word_1_146' title='bbox 2273 1187 2584 1246; x_wconf 85' lang='lat' dir='ltr'><strong>Florentia</strong></span> <span class='ocrx_word' id='word_1_147' title='bbox 2612 1189 2915 1260; x_wconf 90' lang='lat' dir='ltr'><strong>celebrato,</strong></span> <span class='ocrx_word' id='word_1_148' title='bbox 2946 1192 3041 1250; x_wconf 91' lang='lat' dir='ltr'><strong>cui</strong></span> <span class='ocrx_word' id='word_1_149' title='bbox 3069 1194 3243 1252; x_wconf 91' lang='lat' dir='ltr'><strong>simul</strong></span> <span class='ocrx_word' id='word_1_150' title='bbox 3276 1202 3331 1251; x_wconf 89' lang='lat' dir='ltr'><strong>et</strong></span> <span class='ocrx_word' id='word_1_151' title='bbox 3365 1195 3504 1269; x_wconf 91' lang='lat' dir='ltr'><strong>imp.</strong></span> <span class='ocrx_word' id='word_1_152' title='bbox 3544 1196 3707 1255; x_wconf 86' lang='lat' dir='ltr'><strong>Hen-</strong></span> 
     </span>
    </p>
   </div>
   <div class='ocr_carea' id='block_1_29' title="bbox 1988 1273 3707 1349">
    <p class='ocr_par' dir='ltr' id='par_1_29' title="bbox 1988 1273 3707 1349">
     <span class='ocr_line' id='line_1_29' title="bbox 1988 1273 3707 1349; baseline 0.008 -19"><span class='ocrx_word' id='word_1_153' title='bbox 1988 1273 2144 1332; x_wconf 92' lang='lat' dir='ltr'><strong>ricus</strong></span> <span class='ocrx_word' id='word_1_154' title='bbox 2180 1276 2471 1349; x_wconf 84' lang='lat' dir='ltr'><strong>interfuit,</strong></span> <span class='ocrx_word' id='word_1_155' title='bbox 2513 1280 2621 1337; x_wconf 91' lang='lat' dir='ltr'><strong>hoc</strong></span> <span class='ocrx_word' id='word_1_156' title='bbox 2659 1279 2767 1338; x_wconf 90' lang='lat' dir='ltr'><strong>sub</strong></span> <span class='ocrx_word' id='word_1_157' title='bbox 2805 1282 3423 1340; x_wconf 83' lang='lat' dir='ltr'><strong>excommunicationis</strong></span> <span class='ocrx_word' id='word_1_158' title='bbox 3461 1299 3707 1344; x_wconf 88' lang='lat' dir='ltr'><strong>censura</strong></span> 
     </span>
    </p>
   </div>
   <div class='ocr_carea' id='block_1_30' title="bbox 1988 1362 3705 1445">
    <p class='ocr_par' dir='ltr' id='par_1_30' title="bbox 1988 1362 3705 1445">
     <span class='ocr_line' id='line_1_30' title="bbox 1988 1362 3705 1445; baseline 0.009 -28"><span class='ocrx_word' id='word_1_159' title='bbox 1988 1362 2285 1434; x_wconf 89' lang='lat' dir='ltr'><strong>prohibuit</strong></span> <span class='ocrx_word' id='word_1_160' title='bbox 2313 1363 2340 1420; x_wconf 86' lang='lat'><strong>?</strong></span> <span class='ocrx_word' id='word_1_161' title='bbox 2373 1366 2464 1422; x_wconf 88' lang='lat' dir='ltr'><strong>An</strong></span> <span class='ocrx_word' id='word_1_162' title='bbox 2500 1368 2734 1437; x_wconf 87' lang='lat' dir='ltr'><strong>ignoras</strong></span> <span class='ocrx_word' id='word_1_163' title='bbox 2769 1370 2908 1441; x_wconf 91' lang='lat' dir='ltr'><strong>quia</strong></span> <span class='ocrx_word' id='word_1_164' title='bbox 2940 1371 3012 1427; x_wconf 89' lang='lat' dir='ltr'><strong>ad</strong></span> <span class='ocrx_word' id='word_1_165' title='bbox 3053 1371 3160 1428; x_wconf 91' lang='lat' dir='ltr'><strong>hoc</strong></span> <span class='ocrx_word' id='word_1_166' title='bbox 3191 1370 3449 1428; x_wconf 92' lang='lat' dir='ltr'><strong>ecclesiis</strong></span> <span class='ocrx_word' id='word_1_167' title='bbox 3488 1374 3705 1445; x_wconf 84' lang='lat' dir='ltr'><strong>pradia</strong></span> 
     </span>
    </p>
   </div>
   <div class='ocr_carea' id='block_1_31' title="bbox 1987 1454 3704 1533">
    <p class='ocr_par' dir='ltr' id='par_1_31' title="bbox 1987 1454 3704 1533">
     <span class='ocr_line' id='line_1_31' title="bbox 1987 1454 3704 1533; baseline 0.007 -24"><span class='ocrx_word' id='word_1_168' title='bbox 1987 1454 2412 1526; x_wconf 85' lang='lat' dir='ltr'><strong>conferuntur,</strong></span> <span class='ocrx_word' id='word_1_169' title='bbox 2464 1465 2528 1515; x_wconf 93' lang='lat' dir='ltr'><strong>ut</strong></span> <span class='ocrx_word' id='word_1_170' title='bbox 2590 1473 2664 1514; x_wconf 89' lang='lat' dir='ltr'><strong>ex</strong></span> <span class='ocrx_word' id='word_1_171' title='bbox 2738 1458 2830 1515; x_wconf 90' lang='lat' dir='ltr'><strong>his</strong></span> <span class='ocrx_word' id='word_1_172' title='bbox 2866 1474 3181 1533; x_wconf 79' lang='lat' dir='ltr'><strong>,pauperes</strong></span> <span class='ocrx_word' id='word_1_173' title='bbox 3260 1468 3704 1533; x_wconf 91' lang='lat' dir='ltr'><strong>sustententur,</strong></span> 
     </span>
    </p>
   </div>
   <div class='ocr_carea' id='block_1_32' title="bbox 1986 1536 3705 1625">
    <p class='ocr_par' dir='ltr' id='par_1_32' title="bbox 1986 1536 3705 1625">
     <span class='ocr_line' id='line_1_32' title="bbox 1986 1536 3705 1625; baseline 0.009 -30"><span class='ocrx_word' id='word_1_174' title='bbox 1986 1540 2312 1615; x_wconf 88' lang='lat' dir='ltr'><strong>indigentes</strong></span> <span class='ocrx_word' id='word_1_175' title='bbox 2355 1544 2615 1603; x_wconf 90' lang='lat' dir='ltr'><strong>.alantnr</strong></span> <span class='ocrx_word' id='word_1_176' title='bbox 2646 1590 2660 1616; x_wconf 91' lang='lat'><strong>,</strong></span> <span class='ocrx_word' id='word_1_177' title='bbox 2722 1554 2785 1603; x_wconf 93' lang='lat' dir='ltr'><strong>ut</strong></span> <span class='ocrx_word' id='word_1_178' title='bbox 2835 1562 2910 1604; x_wconf 88' lang='lat' dir='ltr'><strong>ex</strong></span> <span class='ocrx_word' id='word_1_179' title='bbox 2968 1548 3059 1605; x_wconf 89' lang='lat' dir='ltr'><strong>his</strong></span> <span class='ocrx_word' id='word_1_180' title='bbox 3126 1548 3322 1606; x_wconf 89' lang='lat' dir='ltr'><strong>viduis</strong></span> <span class='ocrx_word' id='word_1_181' title='bbox 3374 1536 3548 1623; x_wconf 87' lang='lat' dir='ltr'><strong>atque</strong></span> <span class='ocrx_word' id='word_1_182' title='bbox 3595 1567 3705 1625; x_wconf 86' lang='lat' dir='ltr'><strong>pu-</strong></span> 
     </span>
    </p>
   </div>
   <div class='ocr_carea' id='block_1_33' title="bbox 1985 1625 3705 1709">
    <p class='ocr_par' dir='ltr' id='par_1_33' title="bbox 1985 1625 3705 1709">
     <span class='ocr_line' id='line_1_33' title="bbox 1985 1625 3705 1709; baseline 0.008 -28"><span class='ocrx_word' id='word_1_183' title='bbox 1985 1625 2141 1698; x_wconf 87' lang='lat' dir='ltr'><strong>pillis</strong></span> <span class='ocrx_word' id='word_1_184' title='bbox 2192 1629 2518 1689; x_wconf 87' lang='lat' dir='ltr'><strong>subsidium</strong></span> <span class='ocrx_word' id='word_1_185' title='bbox 2570 1634 2966 1705; x_wconf 87' lang='lat' dir='ltr'><strong>procuretur?</strong></span> <span class='ocrx_word' id='word_1_186' title='bbox 3014 1633 3285 1692; x_wconf 90' lang='lat' dir='ltr'><strong>Ecclesia</strong></span> <span class='ocrx_word' id='word_1_187' title='bbox 3335 1637 3549 1709; x_wconf 87' lang='lat' dir='ltr'><strong>quippe</strong></span> <span class='ocrx_word' id='word_1_188' title='bbox 3606 1653 3705 1694; x_wconf 83' lang='lat' dir='ltr'><strong>na-</strong></span> 
     </span>
    </p>
   </div>
   <div class='ocr_carea' id='block_1_34' title="bbox 1985 1718 3703 1796">
    <p class='ocr_par' dir='ltr' id='par_1_34' title="bbox 1985 1718 3703 1796">
     <span class='ocr_line' id='line_1_34' title="bbox 1985 1718 3703 1796; baseline 0.008 -25"><span class='ocrx_word' id='word_1_189' title='bbox 1985 1718 2197 1773; x_wconf 88' lang='lat' dir='ltr'><strong>scentis</strong></span> <span class='ocrx_word' id='word_1_190' title='bbox 2247 1718 2415 1776; x_wconf 89' lang='lat' dir='ltr'><strong>initio</strong></span> <span class='ocrx_word' id='word_1_191' title='bbox 2458 1719 2553 1776; x_wconf 91' lang='lat' dir='ltr'><strong>hic</strong></span> <span class='ocrx_word' id='word_1_192' title='bbox 2588 1736 2713 1778; x_wconf 92' lang='lat' dir='ltr'><strong>mos</strong></span> <span class='ocrx_word' id='word_1_193' title='bbox 2748 1721 3008 1789; x_wconf 90' lang='lat' dir='ltr'><strong>inolevit,</strong></span> <span class='ocrx_word' id='word_1_194' title='bbox 3039 1729 3104 1780; x_wconf 91' lang='lat' dir='ltr'><strong>ut</strong></span> <span class='ocrx_word' id='word_1_195' title='bbox 3132 1723 3387 1796; x_wconf 76' lang='lat' dir='ltr'><strong>quilibet</strong></span> <span class='ocrx_word' id='word_1_196' title='bbox 3406 1728 3703 1784; x_wconf 88' lang='lat' dir='ltr'><strong>venientes</strong></span> 
     </span>
    </p>
   </div>
   <div class='ocr_carea' id='block_1_35' title="bbox 193 1797 3705 1885">
    <p class='ocr_par' dir='ltr' id='par_1_35' title="bbox 193 1797 3705 1885">
     <span class='ocr_line' id='line_1_35' title="bbox 193 1797 3705 1885; baseline 0.005 -30"><span class='ocrx_word' id='word_1_197' title='bbox 193 1811 360 1870; x_wconf 88' lang='lat' dir='ltr'><strong>quam</strong></span> <span class='ocrx_word' id='word_1_198' title='bbox 407 1798 483 1855; x_wconf 92' lang='lat' dir='ltr'><strong>ob</strong></span> <span class='ocrx_word' id='word_1_199' title='bbox 524 1798 632 1854; x_wconf 88' lang='lat' dir='ltr'><strong>hoc</strong></span> <span class='ocrx_word' id='word_1_200' title='bbox 668 1798 959 1872; x_wconf 86' lang='lat' dir='ltr'><strong>pracipue</strong></span> <span class='ocrx_word' id='word_1_201' title='bbox 997 1798 1135 1872; x_wconf 91' lang='lat' dir='ltr'><strong>quia</strong></span> <span class='ocrx_word' id='word_1_202' title='bbox 1170 1799 1296 1856; x_wconf 88' lang='lat' dir='ltr'><strong>sine</strong></span> <span class='ocrx_word' id='word_1_203' title='bbox 1334 1799 1596 1873; x_wconf 92' lang='lat' dir='ltr'><strong>quolibet</strong></span> <span class='ocrx_word' id='word_1_204' title='bbox 1630 1797 1906 1856; x_wconf 87' lang='lat' dir='ltr'><strong>exercitio</strong></span> <span class='ocrx_word' id='word_1_205' title='bbox 1927 1806 2060 1866; x_wconf 85' lang='lat' dir='ltr'><strong>Bad</strong></span> <span class='ocrx_word' id='word_1_206' title='bbox 2133 1805 2307 1862; x_wconf 87' lang='lat' dir='ltr'><strong>ﬁdem</strong></span> <span class='ocrx_word' id='word_1_207' title='bbox 2331 1852 2345 1875; x_wconf 92' lang='lat'><strong>,</strong></span> <span class='ocrx_word' id='word_1_208' title='bbox 2406 1808 2833 1880; x_wconf 90' lang='lat' dir='ltr'><strong>possessionum</strong></span> <span class='ocrx_word' id='word_1_209' title='bbox 2911 1826 3152 1868; x_wconf 88' lang='lat' dir='ltr'><strong>suarum</strong></span> <span class='ocrx_word' id='word_1_210' title='bbox 3222 1813 3355 1885; x_wconf 89' lang='lat' dir='ltr'><strong>jura</strong></span> <span class='ocrx_word' id='word_1_211' title='bbox 3418 1811 3705 1871; x_wconf 88' lang='lat' dir='ltr'><strong>distrahe-</strong></span> 
     </span>
    </p>
   </div>
   <div class='ocr_carea' id='block_1_36' title="bbox 194 1883 1903 1957">
    <p class='ocr_par' dir='ltr' id='par_1_36' title="bbox 194 1883 1903 1957">
     <span class='ocr_line' id='line_1_36' title="bbox 194 1883 1903 1957; baseline 0.001 -17"><span class='ocrx_word' id='word_1_212' title='bbox 194 1883 393 1941; x_wconf 89' lang='lat' dir='ltr'><strong>inertis</strong></span> <span class='ocrx_word' id='word_1_213' title='bbox 428 1884 532 1941; x_wconf 86' lang='lat' dir='ltr'><strong>otii</strong></span> <span class='ocrx_word' id='word_1_214' title='bbox 570 1890 624 1941; x_wconf 87' lang='lat' dir='ltr'><strong>et</strong></span> <span class='ocrx_word' id='word_1_215' title='bbox 667 1885 995 1943; x_wconf 89' lang='lat' dir='ltr'><strong>remotioris</strong></span> <span class='ocrx_word' id='word_1_216' title='bbox 1047 1885 1278 1944; x_wconf 88' lang='lat' dir='ltr'><strong>cellula</strong></span> <span class='ocrx_word' id='word_1_217' title='bbox 1322 1886 1489 1943; x_wconf 87' lang='lat' dir='ltr'><strong>tadia</strong></span> <span class='ocrx_word' id='word_1_218' title='bbox 1522 1902 1639 1943; x_wconf 89' lang='lat' dir='ltr'><strong>non</strong></span> <span class='ocrx_word' id='word_1_219' title='bbox 1684 1886 1903 1957; x_wconf 82' lang='lat' dir='ltr'><strong>perfer-</strong></span> 
     </span>
    </p>
   </div>
   <div class='ocr_carea' id='block_1_37' title="bbox 196 1973 1906 2048">
    <p class='ocr_par' dir='ltr' id='par_1_37' title="bbox 196 1973 1906 2048">
     <span class='ocr_line' id='line_1_37' title="bbox 196 1973 1906 2048; baseline 0 -18"><span class='ocrx_word' id='word_1_220' title='bbox 196 1987 336 2043; x_wconf 84' lang='lat' dir='ltr'><strong>rem,</strong></span> <span class='ocrx_word' id='word_1_221' title='bbox 370 1981 438 2032; x_wconf 92' lang='lat' dir='ltr'><strong>ut</strong></span> <span class='ocrx_word' id='word_1_222' title='bbox 469 1973 573 2048; x_wconf 90' lang='lat' dir='ltr'><strong>qui</strong></span> <span class='ocrx_word' id='word_1_223' title='bbox 608 1974 881 2048; x_wconf 88' lang='lat' dir='ltr'><strong>operibus</strong></span> <span class='ocrx_word' id='word_1_224' title='bbox 919 1990 1205 2033; x_wconf 89' lang='lat' dir='ltr'><strong>manuum</strong></span> <span class='ocrx_word' id='word_1_225' title='bbox 1236 1974 1460 2034; x_wconf 86' lang='lat' dir='ltr'><strong>utiliter</strong></span> <span class='ocrx_word' id='word_1_226' title='bbox 1485 1974 1761 2032; x_wconf 87' lang='lat' dir='ltr'><strong>insudare</strong></span> <span class='ocrx_word' id='word_1_227' title='bbox 1788 1989 1906 2031; x_wconf 92' lang='lat' dir='ltr'><strong>non</strong></span> 
     </span>
    </p>
   </div>
   <div class='ocr_carea' id='block_1_38' title="bbox 193 2064 1906 2138">
    <p class='ocr_par' dir='ltr' id='par_1_38' title="bbox 193 2064 1906 2138">
     <span class='ocr_line' id='line_1_38' title="bbox 193 2064 1906 2138; baseline 0.001 -17"><span class='ocrx_word' id='word_1_228' title='bbox 193 2071 477 2136; x_wconf 86' lang='lat' dir='ltr'><strong>poteram,</strong></span> <span class='ocrx_word' id='word_1_229' title='bbox 511 2079 609 2122; x_wconf 88' lang='lat' dir='ltr'><strong>cor</strong></span> <span class='ocrx_word' id='word_1_230' title='bbox 650 2080 861 2138; x_wconf 87' lang='lat' dir='ltr'><strong>vagum</strong></span> <span class='ocrx_word' id='word_1_231' title='bbox 898 2073 1071 2138; x_wconf 88' lang='lat' dir='ltr'><strong>atque</strong></span> <span class='ocrx_word' id='word_1_232' title='bbox 1109 2065 1393 2125; x_wconf 89' lang='lat' dir='ltr'><strong>lascivum</strong></span> <span class='ocrx_word' id='word_1_233' title='bbox 1432 2064 1683 2138; x_wconf 89' lang='lat' dir='ltr'><strong>quodam</strong></span> <span class='ocrx_word' id='word_1_234' title='bbox 1722 2065 1906 2123; x_wconf 91' lang='lat' dir='ltr'><strong>medi-</strong></span> 
     </span>
    </p>
   </div>
   <div class='ocr_carea' id='block_1_39' title="bbox 197 2154 1904 2229">
    <p class='ocr_par' dir='ltr' id='par_1_39' title="bbox 197 2154 1904 2229">
     <span class='ocr_line' id='line_1_39' title="bbox 197 2154 1904 2229; baseline 0.001 -19"><span class='ocrx_word' id='word_1_235' title='bbox 197 2154 423 2212; x_wconf 86' lang='lat' dir='ltr'><strong>tationis</strong></span> <span class='ocrx_word' id='word_1_236' title='bbox 467 2154 592 2212; x_wconf 93' lang='lat' dir='ltr'><strong>loro</strong></span> <span class='ocrx_word' id='word_1_237' title='bbox 640 2155 1074 2227; x_wconf 87' lang='lat' dir='ltr'><strong>restringerem,</strong></span> <span class='ocrx_word' id='word_1_238' title='bbox 1123 2155 1320 2229; x_wconf 89' lang='lat' dir='ltr'><strong>sicque</strong></span> <span class='ocrx_word' id='word_1_239' title='bbox 1358 2154 1769 2228; x_wconf 77' lang='lat' dir='ltr'><strong>cogitationum</strong></span> <span class='ocrx_word' id='word_1_240' title='bbox 1810 2154 1904 2211; x_wconf 91' lang='lat' dir='ltr'><strong>in-</strong></span> 
     </span>
    </p>
   </div>
   <div class='ocr_carea' id='block_1_40' title="bbox 193 2242 1907 2319">
    <p class='ocr_par' dir='ltr' id='par_1_40' title="bbox 193 2242 1907 2319">
     <span class='ocr_line' id='line_1_40' title="bbox 193 2242 1907 2319; baseline -0.001 -18"><span class='ocrx_word' id='word_1_241' title='bbox 193 2242 528 2315; x_wconf 82' lang='lat' dir='ltr'><strong>gruentium</strong></span> <span class='ocrx_word' id='word_1_242' title='bbox 573 2243 896 2318; x_wconf 86' lang='lat' dir='ltr'><strong>strepitum,</strong></span> <span class='ocrx_word' id='word_1_243' title='bbox 945 2252 1119 2319; x_wconf 90' lang='lat' dir='ltr'><strong>atque</strong></span> <span class='ocrx_word' id='word_1_244' title='bbox 1171 2244 1386 2303; x_wconf 86' lang='lat' dir='ltr'><strong>acedia</strong></span> <span class='ocrx_word' id='word_1_245' title='bbox 1447 2243 1775 2317; x_wconf 91' lang='lat' dir='ltr'><strong>obrepentis</strong></span> <span class='ocrx_word' id='word_1_246' title='bbox 1813 2243 1907 2300; x_wconf 89' lang='lat' dir='ltr'><strong>in-</strong></span> 
     </span>
    </p>
   </div>
   <div class='ocr_carea' id='block_1_41' title="bbox 194 2331 1907 2407">
    <p class='ocr_par' dir='ltr' id='par_1_41' title="bbox 194 2331 1907 2407">
     <span class='ocr_line' id='line_1_41' title="bbox 194 2331 1907 2407; baseline 0 -18"><span class='ocrx_word' id='word_1_247' title='bbox 194 2332 461 2390; x_wconf 85' lang='lat' dir='ltr'><strong>stantiam</strong></span> <span class='ocrx_word' id='word_1_248' title='bbox 517 2331 747 2391; x_wconf 83' lang='lat' dir='ltr'><strong>facilius</strong></span> <span class='ocrx_word' id='word_1_249' title='bbox 800 2333 1214 2407; x_wconf 90' lang='lat' dir='ltr'><strong>propulsarem.</strong></span> <span class='ocrx_word' id='word_1_250' title='bbox 1283 2333 1395 2392; x_wconf 87' lang='lat' dir='ltr'><strong>Sed</strong></span> <span class='ocrx_word' id='word_1_251' title='bbox 1450 2333 1726 2406; x_wconf 89' lang='lat' dir='ltr'><strong>quoniam</strong></span> <span class='ocrx_word' id='word_1_252' title='bbox 1784 2331 1907 2405; x_wconf 90' lang='lat' dir='ltr'><strong>jam</strong></span> 
     </span>
    </p>
   </div>
   <div class='ocr_carea' id='block_1_42' title="bbox 194 2422 1906 2499">
    <p class='ocr_par' dir='ltr' id='par_1_42' title="bbox 194 2422 1906 2499">
     <span class='ocr_line' id='line_1_42' title="bbox 194 2422 1906 2499; baseline 0.001 -20"><span class='ocrx_word' id='word_1_253' title='bbox 194 2422 347 2480; x_wconf 91' lang='lat' dir='ltr'><strong>illius</strong></span> <span class='ocrx_word' id='word_1_254' title='bbox 401 2422 697 2481; x_wconf 76' lang='lat' dir='ltr'><strong>examinis</strong></span> <span class='ocrx_word' id='word_1_255' title='bbox 732 2424 1126 2484; x_wconf 89' lang='lat' dir='ltr'><strong>tribunalibus</strong></span> <span class='ocrx_word' id='word_1_256' title='bbox 1171 2425 1593 2499; x_wconf 89' lang='lat' dir='ltr'><strong>appropinquo,</strong></span> <span class='ocrx_word' id='word_1_257' title='bbox 1636 2423 1737 2482; x_wconf 90' lang='lat' dir='ltr'><strong>ubi</strong></span> <span class='ocrx_word' id='word_1_258' title='bbox 1789 2439 1906 2481; x_wconf 91' lang='lat' dir='ltr'><strong>non</strong></span> 
     </span>
    </p>
   </div>
   <div class='ocr_carea' id='block_1_43' title="bbox 193 2510 1905 2587">
    <p class='ocr_par' dir='ltr' id='par_1_43' title="bbox 193 2510 1905 2587">
     <span class='ocr_line' id='line_1_43' title="bbox 193 2510 1905 2587; baseline 0 -18"><span class='ocrx_word' id='word_1_259' title='bbox 193 2510 354 2570; x_wconf 88' lang='lat' dir='ltr'><strong>modo</strong></span> <span class='ocrx_word' id='word_1_260' title='bbox 392 2512 469 2569; x_wconf 87' lang='lat' dir='ltr'><strong>de</strong></span> <span class='ocrx_word' id='word_1_261' title='bbox 500 2512 697 2570; x_wconf 85' lang='lat' dir='ltr'><strong>verbis</strong></span> <span class='ocrx_word' id='word_1_262' title='bbox 733 2520 790 2571; x_wconf 94' lang='lat' dir='ltr'><strong>et</strong></span> <span class='ocrx_word' id='word_1_263' title='bbox 832 2515 1080 2587; x_wconf 86' lang='lat' dir='ltr'><strong>scriptis,</strong></span> <span class='ocrx_word' id='word_1_264' title='bbox 1113 2513 1267 2573; x_wconf 92' lang='lat' dir='ltr'><strong>ultro</strong></span> <span class='ocrx_word' id='word_1_265' title='bbox 1310 2513 1482 2571; x_wconf 86' lang='lat' dir='ltr'><strong>etiam</strong></span> <span class='ocrx_word' id='word_1_266' title='bbox 1523 2515 1595 2571; x_wconf 91' lang='lat' dir='ltr'><strong>de</strong></span> <span class='ocrx_word' id='word_1_267' title='bbox 1633 2513 1905 2570; x_wconf 70' lang='lat' dir='ltr'><strong>minutis-</strong></span> 
     </span>
    </p>
   </div>
   <div class='ocr_carea' id='block_1_44' title="bbox 195 2601 1909 2675">
    <p class='ocr_par' dir='ltr' id='par_1_44' title="bbox 195 2601 1909 2675">
     <span class='ocr_line' id='line_1_44' title="bbox 195 2601 1909 2675; baseline 0.002 -17"><span class='ocrx_word' id='word_1_268' title='bbox 195 2601 354 2659; x_wconf 89' lang='lat' dir='ltr'><strong>simis</strong></span> <span class='ocrx_word' id='word_1_269' title='bbox 402 2602 855 2675; x_wconf 86' lang='lat' dir='ltr'><strong>cogitationibus</strong></span> <span class='ocrx_word' id='word_1_270' title='bbox 892 2603 1311 2663; x_wconf 90' lang='lat' dir='ltr'><strong>discussionem</strong></span> <span class='ocrx_word' id='word_1_271' title='bbox 1349 2602 1749 2661; x_wconf 90' lang='lat' dir='ltr'><strong>ventilandum</strong></span> <span class='ocrx_word' id='word_1_272' title='bbox 1785 2617 1909 2661; x_wconf 88' lang='lat' dir='ltr'><strong>esse</strong></span> 
     </span>
    </p>
   </div>
   <div class='ocr_carea' id='block_1_45' title="bbox 194 2690 1907 2765">
    <p class='ocr_par' dir='ltr' id='par_1_45' title="bbox 194 2690 1907 2765">
     <span class='ocr_line' id='line_1_45' title="bbox 194 2690 1907 2765; baseline 0.002 -18"><span class='ocrx_word' id='word_1_273' title='bbox 194 2705 303 2747; x_wconf 89' lang='lat' dir='ltr'><strong>non</strong></span> <span class='ocrx_word' id='word_1_274' title='bbox 365 2690 637 2764; x_wconf 84' lang='lat' dir='ltr'><strong>ambigo,</strong></span> <span class='ocrx_word' id='word_1_275' title='bbox 691 2691 1007 2750; x_wconf 89' lang='lat' dir='ltr'><strong>sanctitatis</strong></span> <span class='ocrx_word' id='word_1_276' title='bbox 1071 2701 1276 2751; x_wconf 87' lang='lat' dir='ltr'><strong>vestra</strong></span> <span class='ocrx_word' id='word_1_277' title='bbox 1344 2691 1741 2765; x_wconf 90' lang='lat' dir='ltr'><strong>prudentiam,</strong></span> <span class='ocrx_word' id='word_1_278' title='bbox 1794 2707 1907 2764; x_wconf 90' lang='lat' dir='ltr'><strong>qua</strong></span> 
     </span>
    </p>
   </div>
   <div class='ocr_carea' id='block_1_46' title="bbox 196 2778 1906 2855">
    <p class='ocr_par' dir='ltr' id='par_1_46' title="bbox 196 2778 1906 2855">
     <span class='ocr_line' id='line_1_46' title="bbox 196 2778 1906 2855; baseline 0.002 -19"><span class='ocrx_word' id='word_1_279' title='bbox 196 2778 374 2850; x_wconf 88' lang='lat' dir='ltr'><strong>valeo,</strong></span> <span class='ocrx_word' id='word_1_280' title='bbox 409 2780 833 2854; x_wconf 88' lang='lat' dir='ltr'><strong>supplicatione</strong></span> <span class='ocrx_word' id='word_1_281' title='bbox 864 2782 1128 2855; x_wconf 89' lang='lat' dir='ltr'><strong>deposco,</strong></span> <span class='ocrx_word' id='word_1_282' title='bbox 1164 2789 1249 2852; x_wconf 88' lang='lat' dir='ltr'><strong>ut,</strong></span> <span class='ocrx_word' id='word_1_283' title='bbox 1282 2788 1381 2841; x_wconf 90' lang='lat' dir='ltr'><strong>aut</strong></span> <span class='ocrx_word' id='word_1_284' title='bbox 1419 2797 1513 2839; x_wconf 90' lang='lat' dir='ltr'><strong>me</strong></span> <span class='ocrx_word' id='word_1_285' title='bbox 1539 2782 1906 2853; x_wconf 89' lang='lat' dir='ltr'><strong>adveniente,</strong></span> 
     </span>
    </p>
   </div>
   <div class='ocr_carea' id='block_1_47' title="bbox 197 2868 1909 2944">
    <p class='ocr_par' dir='ltr' id='par_1_47' title="bbox 197 2868 1909 2944">
     <span class='ocr_line' id='line_1_47' title="bbox 197 2868 1909 2944; baseline 0.002 -20"><span class='ocrx_word' id='word_1_286' title='bbox 197 2868 240 2925; x_wconf 89' lang='lat' dir='ltr'><strong>si</strong></span> <span class='ocrx_word' id='word_1_287' title='bbox 296 2877 477 2936; x_wconf 79' lang='lat' dir='ltr'><strong>vacat,</strong></span> <span class='ocrx_word' id='word_1_288' title='bbox 522 2877 623 2928; x_wconf 90' lang='lat' dir='ltr'><strong>aut</strong></span> <span class='ocrx_word' id='word_1_289' title='bbox 667 2877 972 2944; x_wconf 87' lang='lat' dir='ltr'><strong>postquam</strong></span> <span class='ocrx_word' id='word_1_290' title='bbox 1019 2885 1113 2928; x_wconf 89' lang='lat' dir='ltr'><strong>me</strong></span> <span class='ocrx_word' id='word_1_291' title='bbox 1158 2871 1319 2929; x_wconf 90' lang='lat' dir='ltr'><strong>obire</strong></span> <span class='ocrx_word' id='word_1_292' title='bbox 1364 2870 1683 2943; x_wconf 87' lang='lat' dir='ltr'><strong>contigerit,</strong></span> <span class='ocrx_word' id='word_1_293' title='bbox 1735 2869 1909 2943; x_wconf 92' lang='lat' dir='ltr'><strong>quid-</strong></span> 
     </span>
    </p>
   </div>
   <div class='ocr_carea' id='block_1_48' title="bbox 196 2962 1909 3038">
    <p class='ocr_par' dir='ltr' id='par_1_48' title="bbox 196 2962 1909 3038">
     <span class='ocr_line' id='line_1_48' title="bbox 196 2962 1909 3038; baseline 0.002 -19"><span class='ocrx_word' id='word_1_294' title='bbox 196 2962 323 3036; x_wconf 88' lang='lat' dir='ltr'><strong>quid</strong></span> <span class='ocrx_word' id='word_1_295' title='bbox 354 2963 775 3036; x_wconf 82' lang='lat' dir='ltr'><strong>Opusculorum</strong></span> <span class='ocrx_word' id='word_1_296' title='bbox 808 2979 1075 3023; x_wconf 91' lang='lat' dir='ltr'><strong>meorum</strong></span> <span class='ocrx_word' id='word_1_297' title='bbox 1114 2965 1377 3023; x_wconf 90' lang='lat' dir='ltr'><strong>invenire</strong></span> <span class='ocrx_word' id='word_1_298' title='bbox 1418 2966 1667 3038; x_wconf 88' lang='lat' dir='ltr'><strong>potestis,</strong></span> <span class='ocrx_word' id='word_1_299' title='bbox 1696 2972 1909 3024; x_wconf 89' lang='lat' dir='ltr'><strong>attenta</strong></span> 
     </span>
    </p>
   </div>
   <div class='ocr_carea' id='block_1_49' title="bbox 196 3050 1910 3127">
    <p class='ocr_par' dir='ltr' id='par_1_49' title="bbox 196 3050 1910 3127">
     <span class='ocr_line' id='line_1_49' title="bbox 196 3050 1910 3127; baseline 0.003 -20"><span class='ocrx_word' id='word_1_300' title='bbox 196 3050 498 3125; x_wconf 82' lang='lat' dir='ltr'><strong>diligentia</strong></span> <span class='ocrx_word' id='word_1_301' title='bbox 533 3051 855 3125; x_wconf 88' lang='lat' dir='ltr'><strong>perlegatis.</strong></span> <span class='ocrx_word' id='word_1_302' title='bbox 886 3052 956 3110; x_wconf 87' lang='lat' dir='ltr'><strong>Et</strong></span> <span class='ocrx_word' id='word_1_303' title='bbox 994 3052 1044 3110; x_wconf 89' lang='lat' dir='ltr'><strong>si</strong></span> <span class='ocrx_word' id='word_1_304' title='bbox 1078 3053 1223 3127; x_wconf 92' lang='lat' dir='ltr'><strong>quid</strong></span> <span class='ocrx_word' id='word_1_305' title='bbox 1261 3053 1321 3111; x_wconf 93' lang='lat' dir='ltr'><strong>in</strong></span> <span class='ocrx_word' id='word_1_306' title='bbox 1364 3053 1455 3111; x_wconf 90' lang='lat' dir='ltr'><strong>his</strong></span> <span class='ocrx_word' id='word_1_307' title='bbox 1492 3054 1789 3111; x_wconf 88' lang='lat' dir='ltr'><strong>catholica</strong></span> <span class='ocrx_word' id='word_1_308' title='bbox 1826 3070 1910 3112; x_wconf 91' lang='lat' dir='ltr'><strong>re-</strong></span> 
     </span>
    </p>
   </div>
   <div class='ocr_carea' id='block_1_50' title="bbox 1994 1894 3705 1973">
    <p class='ocr_par' dir='ltr' id='par_1_50' title="bbox 1994 1894 3705 1973">
     <span class='ocr_line' id='line_1_50' title="bbox 1994 1894 3705 1973; baseline 0.006 -22"><span class='ocrx_word' id='word_1_309' title='bbox 1994 1900 2144 1964; x_wconf 89' lang='lat' dir='ltr'><strong>rent,</strong></span> <span class='ocrx_word' id='word_1_310' title='bbox 2178 1902 2352 1968; x_wconf 90' lang='lat' dir='ltr'><strong>atque</strong></span> <span class='ocrx_word' id='word_1_311' title='bbox 2387 1894 2456 1951; x_wconf 91' lang='lat' dir='ltr'><strong>ad</strong></span> <span class='ocrx_word' id='word_1_312' title='bbox 2496 1897 2666 1969; x_wconf 84' lang='lat' dir='ltr'><strong>pedes</strong></span> <span class='ocrx_word' id='word_1_313' title='bbox 2710 1897 3100 1971; x_wconf 90' lang='lat' dir='ltr'><strong>apostolorum</strong></span> <span class='ocrx_word' id='word_1_314' title='bbox 3145 1900 3396 1972; x_wconf 90' lang='lat' dir='ltr'><strong>pretium</strong></span> <span class='ocrx_word' id='word_1_315' title='bbox 3436 1902 3589 1973; x_wconf 91' lang='lat' dir='ltr'><strong>quod</strong></span> <span class='ocrx_word' id='word_1_316' title='bbox 3628 1917 3705 1961; x_wconf 84' lang='lat' dir='ltr'><strong>ex</strong></span> 
     </span>
    </p>
   </div>
   <div class='ocr_carea' id='block_1_51' title="bbox 1995 1982 3704 2055">
    <p class='ocr_par' dir='ltr' id='par_1_51' title="bbox 1995 1982 3704 2055">
     <span class='ocr_line' id='line_1_51' title="bbox 1995 1982 3704 2055; baseline 0.006 -16"><span class='ocrx_word' id='word_1_317' title='bbox 1995 1984 2088 2040; x_wconf 92' lang='lat' dir='ltr'><strong>his</strong></span> <span class='ocrx_word' id='word_1_318' title='bbox 2116 1982 2473 2055; x_wconf 89' lang='lat' dir='ltr'><strong>sumebatur,</strong></span> <span class='ocrx_word' id='word_1_319' title='bbox 2508 1984 2797 2042; x_wconf 69' lang='lat' dir='ltr'><strong>offerrent.</strong></span> <span class='ocrx_word' id='word_1_320' title='bbox 2835 1985 2997 2044; x_wconf 89' lang='lat' dir='ltr'><strong>Unde</strong></span> <span class='ocrx_word' id='word_1_321' title='bbox 3032 1994 3087 2044; x_wconf 89' lang='lat' dir='ltr'><strong>et</strong></span> <span class='ocrx_word' id='word_1_322' title='bbox 3119 1987 3181 2044; x_wconf 91' lang='lat' dir='ltr'><strong>in</strong></span> <span class='ocrx_word' id='word_1_323' title='bbox 3220 2004 3422 2046; x_wconf 92' lang='lat' dir='ltr'><strong>eorum</strong></span> <span class='ocrx_word' id='word_1_324' title='bbox 3461 1991 3704 2050; x_wconf 85' lang='lat' dir='ltr'><strong>Actibus</strong></span> 
     </span>
    </p>
   </div>
   <div class='ocr_carea' id='block_1_52' title="bbox 1995 2068 3701 2151">
    <p class='ocr_par' dir='ltr' id='par_1_52' title="bbox 1995 2068 3701 2151">
     <span class='ocr_line' id='line_1_52' title="bbox 1995 2068 3701 2151; baseline 0.007 -26"><span class='ocrx_word' id='word_1_325' title='bbox 1995 2068 2210 2142; x_wconf 88' lang='lat' dir='ltr'><strong>legitur</strong></span> <span class='ocrx_word' id='word_1_326' title='bbox 2251 2090 2264 2127; x_wconf 89' lang='lat'><strong>:</strong></span> <span class='ocrx_word' id='word_1_327' title='bbox 2321 2092 2348 2124; x_wconf 85' lang='lat'>«</span> <span class='ocrx_word' id='word_1_328' title='bbox 2390 2071 2704 2145; x_wconf 87' lang='lat' dir='ltr'><strong>Quotquot,</strong></span> <span class='ocrx_word' id='word_1_329' title='bbox 2748 2074 2958 2147; x_wconf 87' lang='lat' dir='ltr'><strong>inquit,</strong></span> <span class='ocrx_word' id='word_1_330' title='bbox 3014 2091 3366 2148; x_wconf 83' lang='lat' dir='ltr'><strong>possessores</strong></span> <span class='ocrx_word' id='word_1_331' title='bbox 3410 2093 3701 2151; x_wconf 90' lang='lat' dir='ltr'><strong>agrorum,</strong></span> 
     </span>
    </p>
   </div>
   <div class='ocr_carea' id='block_1_53' title="bbox 1993 2160 3700 2240">
    <p class='ocr_par' dir='ltr' id='par_1_53' title="bbox 1993 2160 3700 2240">
     <span class='ocr_line' id='line_1_53' title="bbox 1993 2160 3700 2240; baseline 0.006 -23"><span class='ocrx_word' id='word_1_332' title='bbox 1993 2168 2093 2219; x_wconf 89' lang='lat' dir='ltr'><strong>aut</strong></span> <span class='ocrx_word' id='word_1_333' title='bbox 2152 2160 2461 2237; x_wconf 80' lang='lat' dir='ltr'><strong>domorum</strong></span> <span class='ocrx_word' id='word_1_334' title='bbox 2517 2169 2715 2233; x_wconf 83' lang='lat' dir='ltr'><strong>erant,</strong></span> <span class='ocrx_word' id='word_1_335' title='bbox 2775 2164 3091 2223; x_wconf 89' lang='lat' dir='ltr'><strong>vendentes</strong></span> <span class='ocrx_word' id='word_1_336' title='bbox 3141 2166 3455 2225; x_wconf 81' lang='lat' dir='ltr'><strong>aﬂ‘erebant</strong></span> <span class='ocrx_word' id='word_1_337' title='bbox 3522 2169 3700 2240; x_wconf 91' lang='lat' dir='ltr'><strong>pretia</strong></span> 
     </span>
    </p>
   </div>
   <div class='ocr_carea' id='block_1_54' title="bbox 1994 2251 3699 2331">
    <p class='ocr_par' dir='ltr' id='par_1_54' title="bbox 1994 2251 3699 2331">
     <span class='ocr_line' id='line_1_54' title="bbox 1994 2251 3699 2331; baseline 0.005 -24"><span class='ocrx_word' id='word_1_338' title='bbox 1994 2265 2194 2308; x_wconf 92' lang='lat' dir='ltr'><strong>eorum</strong></span> <span class='ocrx_word' id='word_1_339' title='bbox 2224 2266 2358 2323; x_wconf 88' lang='lat' dir='ltr'><strong>qua</strong></span> <span class='ocrx_word' id='word_1_340' title='bbox 2385 2251 2730 2323; x_wconf 87' lang='lat' dir='ltr'><strong>vendebant,</strong></span> <span class='ocrx_word' id='word_1_341' title='bbox 2759 2260 2813 2310; x_wconf 90' lang='lat' dir='ltr'><strong>et</strong></span> <span class='ocrx_word' id='word_1_342' title='bbox 2852 2254 3140 2325; x_wconf 89' lang='lat' dir='ltr'><strong>ponebant</strong></span> <span class='ocrx_word' id='word_1_343' title='bbox 3178 2264 3312 2312; x_wconf 90' lang='lat' dir='ltr'><strong>ante</strong></span> <span class='ocrx_word' id='word_1_344' title='bbox 3349 2256 3522 2328; x_wconf 89' lang='lat' dir='ltr'><strong>pedes</strong></span> <span class='ocrx_word' id='word_1_345' title='bbox 3560 2272 3699 2331; x_wconf 84' lang='lat' dir='ltr'><strong>apo-</strong></span> 
     </span>
    </p>
   </div>
   <div class='ocr_carea' id='block_1_55' title="bbox 1994 2338 3700 2419">
    <p class='ocr_par' dir='ltr' id='par_1_55' title="bbox 1994 2338 3700 2419">
     <span class='ocr_line' id='line_1_55' title="bbox 1994 2338 3700 2419; baseline 0.005 -24"><span class='ocrx_word' id='word_1_346' title='bbox 1994 2338 2269 2396; x_wconf 89' lang='lat' dir='ltr'><strong>stolorum</strong></span> <span class='ocrx_word' id='word_1_347' title='bbox 2342 2341 2489 2406; x_wconf 82' lang='lat' dir='ltr'><strong>(Act.</strong></span> <span class='ocrx_word' id='word_1_348' title='bbox 2546 2347 2654 2406; x_wconf 87' lang='lat' dir='ltr'><strong>IV).</strong></span> <span class='ocrx_word' id='word_1_349' title='bbox 2707 2361 2735 2394; x_wconf 88' lang='lat'><strong>»</strong></span> <span class='ocrx_word' id='word_1_350' title='bbox 2796 2341 3157 2400; x_wconf 88' lang='lat' dir='ltr'><strong>Pracedente</strong></span> <span class='ocrx_word' id='word_1_351' title='bbox 3228 2360 3363 2401; x_wconf 90' lang='lat' dir='ltr'><strong>vero</strong></span> <span class='ocrx_word' id='word_1_352' title='bbox 3446 2350 3700 2419; x_wconf 87' lang='lat' dir='ltr'><strong>tempore</strong></span> 
     </span>
    </p>
   </div>
   <div class='ocr_carea' id='block_1_56' title="bbox 1994 2427 3705 2508">
    <p class='ocr_par' dir='ltr' id='par_1_56' title="bbox 1994 2427 3705 2508">
     <span class='ocr_line' id='line_1_56' title="bbox 1994 2427 3705 2508; baseline 0.004 -22"><span class='ocrx_word' id='word_1_353' title='bbox 1994 2427 2206 2486; x_wconf 88' lang='lat' dir='ltr'><strong>sanctis</strong></span> <span class='ocrx_word' id='word_1_354' title='bbox 2265 2427 2650 2486; x_wconf 85' lang='lat' dir='ltr'><strong>Ecclesiarum</strong></span> <span class='ocrx_word' id='word_1_355' title='bbox 2698 2431 3013 2489; x_wconf 90' lang='lat' dir='ltr'><strong>rectoribus</strong></span> <span class='ocrx_word' id='word_1_356' title='bbox 3051 2433 3247 2489; x_wconf 87' lang='lat' dir='ltr'><strong>visum</strong></span> <span class='ocrx_word' id='word_1_357' title='bbox 3297 2439 3405 2502; x_wconf 90' lang='lat' dir='ltr'><strong>est,</strong></span> <span class='ocrx_word' id='word_1_358' title='bbox 3466 2442 3531 2492; x_wconf 90' lang='lat' dir='ltr'><strong>ut</strong></span> <span class='ocrx_word' id='word_1_359' title='bbox 3579 2434 3705 2508; x_wconf 89' lang='lat' dir='ltr'><strong>ipsa</strong></span> 
     </span>
    </p>
   </div>
   <div class='ocr_carea' id='block_1_57' title="bbox 1994 2515 3703 2590">
    <p class='ocr_par' dir='ltr' id='par_1_57' title="bbox 1994 2515 3703 2590">
     <span class='ocr_line' id='line_1_57' title="bbox 1994 2515 3703 2590; baseline 0.005 -17"><span class='ocrx_word' id='word_1_360' title='bbox 1994 2516 2185 2589; x_wconf 90' lang='lat' dir='ltr'><strong>potius</strong></span> <span class='ocrx_word' id='word_1_361' title='bbox 2237 2515 2495 2574; x_wconf 91' lang='lat' dir='ltr'><strong>ecclesiis</strong></span> <span class='ocrx_word' id='word_1_362' title='bbox 2542 2516 2760 2590; x_wconf 86' lang='lat' dir='ltr'><strong>pradia</strong></span> <span class='ocrx_word' id='word_1_363' title='bbox 2820 2519 3199 2578; x_wconf 90' lang='lat' dir='ltr'><strong>traderentur.</strong></span> <span class='ocrx_word' id='word_1_364' title='bbox 3257 2519 3422 2577; x_wconf 90' lang='lat' dir='ltr'><strong>Unde</strong></span> <span class='ocrx_word' id='word_1_365' title='bbox 3483 2522 3703 2581; x_wconf 90' lang='lat' dir='ltr'><strong>scilicet</strong></span> 
     </span>
    </p>
   </div>
   <div class='ocr_carea' id='block_1_58' title="bbox 1996 2605 3703 2670">
    <p class='ocr_par' dir='ltr' id='par_1_58' title="bbox 1996 2605 3703 2670">
     <span class='ocr_line' id='line_1_58' title="bbox 1996 2605 3703 2670; baseline 0.004 -6"><span class='ocrx_word' id='word_1_366' title='bbox 1996 2622 2111 2664; x_wconf 91' lang='lat' dir='ltr'><strong>non</strong></span> <span class='ocrx_word' id='word_1_367' title='bbox 2144 2605 2313 2663; x_wconf 89' lang='lat' dir='ltr'><strong>modo</strong></span> <span class='ocrx_word' id='word_1_368' title='bbox 2347 2606 2585 2665; x_wconf 88' lang='lat' dir='ltr'><strong>clericos</strong></span> <span class='ocrx_word' id='word_1_369' title='bbox 2619 2607 2795 2666; x_wconf 90' lang='lat' dir='ltr'><strong>sacris</strong></span> <span class='ocrx_word' id='word_1_370' title='bbox 2832 2609 3187 2667; x_wconf 82' lang='lat' dir='ltr'><strong>excubantes</strong></span> <span class='ocrx_word' id='word_1_371' title='bbox 3215 2608 3420 2667; x_wconf 76' lang='lat' dir='ltr'><strong>ofﬁciis</strong></span> <span class='ocrx_word' id='word_1_372' title='bbox 3446 2611 3703 2670; x_wconf 88' lang='lat' dir='ltr'><strong>ecclesia</strong></span> 
     </span>
    </p>
   </div>
   <div class='ocr_carea' id='block_1_59' title="bbox 1994 2695 3702 2773">
    <p class='ocr_par' dir='ltr' id='par_1_59' title="bbox 1994 2695 3702 2773">
     <span class='ocr_line' id='line_1_59' title="bbox 1994 2695 3702 2773; baseline 0.003 -21"><span class='ocrx_word' id='word_1_373' title='bbox 1994 2702 2266 2769; x_wconf 90' lang='lat' dir='ltr'><strong>pasceret,</strong></span> <span class='ocrx_word' id='word_1_374' title='bbox 2306 2695 2405 2751; x_wconf 91' lang='lat' dir='ltr'><strong>sed</strong></span> <span class='ocrx_word' id='word_1_375' title='bbox 2443 2701 2499 2753; x_wconf 88' lang='lat' dir='ltr'><strong>et</strong></span> <span class='ocrx_word' id='word_1_376' title='bbox 2531 2695 2816 2770; x_wconf 84' lang='lat' dir='ltr'><strong>refrigerii</strong></span> <span class='ocrx_word' id='word_1_377' title='bbox 2856 2698 3064 2771; x_wconf 89' lang='lat' dir='ltr'><strong>stipem</strong></span> <span class='ocrx_word' id='word_1_378' title='bbox 3101 2697 3347 2756; x_wconf 89' lang='lat' dir='ltr'><strong>diversis</strong></span> <span class='ocrx_word' id='word_1_379' title='bbox 3384 2700 3702 2773; x_wconf 88' lang='lat' dir='ltr'><strong>indigenti-</strong></span> 
     </span>
    </p>
   </div>
   <div class='ocr_carea' id='block_1_60' title="bbox 1993 2785 3701 2865">
    <p class='ocr_par' dir='ltr' id='par_1_60' title="bbox 1993 2785 3701 2865">
     <span class='ocr_line' id='line_1_60' title="bbox 1993 2785 3701 2865; baseline 0.005 -22"><span class='ocrx_word' id='word_1_380' title='bbox 1993 2786 2123 2856; x_wconf 92' lang='lat' dir='ltr'><strong>bus,</strong></span> <span class='ocrx_word' id='word_1_381' title='bbox 2180 2792 2236 2843; x_wconf 92' lang='lat' dir='ltr'><strong>et</strong></span> <span class='ocrx_word' id='word_1_382' title='bbox 2281 2785 2479 2859; x_wconf 88' lang='lat' dir='ltr'><strong>in0pia</strong></span> <span class='ocrx_word' id='word_1_383' title='bbox 2528 2786 2922 2846; x_wconf 85' lang='lat' dir='ltr'><strong>laborantibus</strong></span> <span class='ocrx_word' id='word_1_384' title='bbox 2984 2788 3357 2849; x_wconf 89' lang='lat' dir='ltr'><strong>ministraret.</strong></span> <span class='ocrx_word' id='word_1_385' title='bbox 3408 2791 3701 2865; x_wconf 91' lang='lat' dir='ltr'><strong>Perpende</strong></span> 
     </span>
    </p>
   </div>
   <div class='ocr_carea' id='block_1_61' title="bbox 1994 2874 3700 2951">
    <p class='ocr_par' dir='ltr' id='par_1_61' title="bbox 1994 2874 3700 2951">
     <span class='ocr_line' id='line_1_61' title="bbox 1994 2874 3700 2951; baseline 0.004 -19"><span class='ocrx_word' id='word_1_386' title='bbox 1994 2874 2204 2949; x_wconf 88' lang='lat' dir='ltr'><strong>igitur,</strong></span> <span class='ocrx_word' id='word_1_387' title='bbox 2247 2875 2594 2933; x_wconf 89' lang='lat' dir='ltr'><strong>venerabilis</strong></span> <span class='ocrx_word' id='word_1_388' title='bbox 2626 2877 2820 2947; x_wconf 84' lang='lat' dir='ltr'><strong>frater,</strong></span> <span class='ocrx_word' id='word_1_389' title='bbox 2857 2886 3209 2951; x_wconf 89' lang='lat' dir='ltr'><strong>quantorum</strong></span> <span class='ocrx_word' id='word_1_390' title='bbox 3250 2880 3700 2941; x_wconf 87' lang='lat' dir='ltr'><strong>homicidiorum</strong></span> 
     </span>
    </p>
   </div>
   <div class='ocr_carea' id='block_1_62' title="bbox 1995 2963 3701 3042">
    <p class='ocr_par' dir='ltr' id='par_1_62' title="bbox 1995 2963 3701 3042">
     <span class='ocr_line' id='line_1_62' title="bbox 1995 2963 3701 3042; baseline 0.004 -21"><span class='ocrx_word' id='word_1_391' title='bbox 1995 2964 2056 3021; x_wconf 92' lang='lat' dir='ltr'><strong>in</strong></span> <span class='ocrx_word' id='word_1_392' title='bbox 2095 2963 2189 3022; x_wconf 91' lang='lat' dir='ltr'><strong>die</strong></span> <span class='ocrx_word' id='word_1_393' title='bbox 2223 2963 2431 3037; x_wconf 90' lang='lat' dir='ltr'><strong>judicii</strong></span> <span class='ocrx_word' id='word_1_394' title='bbox 2480 2980 2613 3022; x_wconf 89' lang='lat' dir='ltr'><strong>reus</strong></span> <span class='ocrx_word' id='word_1_395' title='bbox 2645 2964 2772 3035; x_wconf 92' lang='lat' dir='ltr'><strong>erit,</strong></span> <span class='ocrx_word' id='word_1_396' title='bbox 2808 2966 2911 3037; x_wconf 85' lang='lat' dir='ltr'><strong>qui</strong></span> <span class='ocrx_word' id='word_1_397' title='bbox 2958 2965 3128 3024; x_wconf 91' lang='lat' dir='ltr'><strong>modo</strong></span> <span class='ocrx_word' id='word_1_398' title='bbox 3170 2974 3250 3025; x_wconf 92' lang='lat' dir='ltr'><strong>tot</strong></span> <span class='ocrx_word' id='word_1_399' title='bbox 3295 2969 3573 3042; x_wconf 87' lang='lat' dir='ltr'><strong>orphauis</strong></span> <span class='ocrx_word' id='word_1_400' title='bbox 3610 2971 3701 3028; x_wconf 90' lang='lat' dir='ltr'><strong>di-</strong></span> 
     </span>
    </p>
   </div>
   <div class='ocr_carea' id='block_1_63' title="bbox 1996 3054 3703 3130">
    <p class='ocr_par' dir='ltr' id='par_1_63' title="bbox 1996 3054 3703 3130">
     <span class='ocr_line' id='line_1_63' title="bbox 1996 3054 3703 3130; baseline 0.004 -19"><span class='ocrx_word' id='word_1_401' title='bbox 1996 3056 2296 3130; x_wconf 89' lang='lat' dir='ltr'><strong>versisque</strong></span> <span class='ocrx_word' id='word_1_402' title='bbox 2330 3054 2698 3128; x_wconf 82' lang='lat' dir='ltr'><strong>pauperibus,</strong></span> <span class='ocrx_word' id='word_1_403' title='bbox 2736 3054 2893 3113; x_wconf 91' lang='lat' dir='ltr'><strong>unde</strong></span> <span class='ocrx_word' id='word_1_404' title='bbox 2939 3056 3136 3114; x_wconf 91' lang='lat' dir='ltr'><strong>vivere</strong></span> <span class='ocrx_word' id='word_1_405' title='bbox 3175 3056 3439 3129; x_wconf 90' lang='lat' dir='ltr'><strong>debeant,</strong></span> <span class='ocrx_word' id='word_1_406' title='bbox 3473 3059 3703 3117; x_wconf 89' lang='lat' dir='ltr'><strong>subtra-</strong></span> 
     </span>
    </p>
   </div>
   <div class='ocr_carea' id='block_1_64' title="bbox 195 3140 3705 3224">
    <p class='ocr_par' dir='ltr' id='par_1_64' title="bbox 195 3140 3705 3224">
     <span class='ocr_line' id='line_1_64' title="bbox 195 3140 3705 3224; baseline 0.003 -26"><span class='ocrx_word' id='word_1_407' title='bbox 195 3142 335 3213; x_wconf 83' lang='lat' dir='ltr'><strong>gula</strong></span> <span class='ocrx_word' id='word_1_408' title='bbox 391 3141 700 3199; x_wconf 88' lang='lat' dir='ltr'><strong>dissonum</strong></span> <span class='ocrx_word' id='word_1_409' title='bbox 728 3185 743 3207; x_wconf 85' lang='lat'><strong>,</strong></span> <span class='ocrx_word' id='word_1_410' title='bbox 800 3141 850 3199; x_wconf 90' lang='lat' dir='ltr'><strong>si</strong></span> <span class='ocrx_word' id='word_1_411' title='bbox 914 3142 1057 3217; x_wconf 91' lang='lat' dir='ltr'><strong>quid</strong></span> <span class='ocrx_word' id='word_1_412' title='bbox 1124 3158 1415 3201; x_wconf 89' lang='lat' dir='ltr'><strong>sacrarum</strong></span> <span class='ocrx_word' id='word_1_413' title='bbox 1477 3140 2098 3224; x_wconf 70' lang='lat' dir='ltr'><strong>Scripturarumchit.</strong></span> <span class='ocrx_word' id='word_1_414' title='bbox 2146 3143 2236 3201; x_wconf 89' lang='lat' dir='ltr'><strong>Ad</strong></span> <span class='ocrx_word' id='word_1_415' title='bbox 2288 3143 2543 3202; x_wconf 88' lang='lat' dir='ltr'><strong>tribunal</strong></span> <span class='ocrx_word' id='word_1_416' title='bbox 2610 3142 2773 3201; x_wconf 90' lang='lat' dir='ltr'><strong>illius</strong></span> <span class='ocrx_word' id='word_1_417' title='bbox 2822 3145 2924 3216; x_wconf 91' lang='lat' dir='ltr'><strong>qui</strong></span> <span class='ocrx_word' id='word_1_418' title='bbox 2990 3160 3271 3218; x_wconf 86' lang='lat' dir='ltr'><strong>pauperes</strong></span> <span class='ocrx_word' id='word_1_419' title='bbox 3334 3148 3705 3221; x_wconf 80' lang='lat' dir='ltr'><strong>singulariter</strong></span> 
     </span>
    </p>
   </div>
   <div class='ocr_carea' id='block_1_65' title="bbox 195 3232 1906 3309">
    <p class='ocr_par' dir='ltr' id='par_1_65' title="bbox 195 3232 1906 3309">
     <span class='ocr_line' id='line_1_65' title="bbox 195 3232 1906 3309; baseline 0.003 -21"><span class='ocrx_word' id='word_1_420' title='bbox 195 3232 517 3291; x_wconf 85' lang='lat' dir='ltr'><strong>auctoritati</strong></span> <span class='ocrx_word' id='word_1_421' title='bbox 555 3233 840 3306; x_wconf 90' lang='lat' dir='ltr'><strong>reperitur</strong></span> <span class='ocrx_word' id='word_1_422' title='bbox 876 3234 1209 3305; x_wconf 89' lang='lat' dir='ltr'><strong>adversum,</strong></span> <span class='ocrx_word' id='word_1_423' title='bbox 1247 3243 1417 3309; x_wconf 89' lang='lat' dir='ltr'><strong>prout</strong></span> <span class='ocrx_word' id='word_1_424' title='bbox 1476 3234 1672 3294; x_wconf 87' lang='lat' dir='ltr'><strong>visum</strong></span> <span class='ocrx_word' id='word_1_425' title='bbox 1712 3235 1906 3307; x_wconf 90' lang='lat' dir='ltr'><strong>fuerit,</strong></span> 
     </span>
    </p>
   </div>
   <div class='ocr_carea' id='block_1_66' title="bbox 198 3320 1910 3395">
    <p class='ocr_par' dir='ltr' id='par_1_66' title="bbox 198 3320 1910 3395">
     <span class='ocr_line' id='line_1_66' title="bbox 198 3320 1910 3395; baseline 0.002 -19"><span class='ocrx_word' id='word_1_426' title='bbox 198 3320 281 3378; x_wconf 82' lang='lat' dir='ltr'><strong>vel</strong></span> <span class='ocrx_word' id='word_1_427' title='bbox 324 3336 572 3395; x_wconf 87' lang='lat' dir='ltr'><strong>prorsus</strong></span> <span class='ocrx_word' id='word_1_428' title='bbox 622 3320 980 3393; x_wconf 84' lang='lat' dir='ltr'><strong>abscindere,</strong></span> <span class='ocrx_word' id='word_1_429' title='bbox 1041 3321 1132 3379; x_wconf 89' lang='lat' dir='ltr'><strong>vel</strong></span> <span class='ocrx_word' id='word_1_430' title='bbox 1175 3322 1246 3380; x_wconf 91' lang='lat' dir='ltr'><strong>ad</strong></span> <span class='ocrx_word' id='word_1_431' title='bbox 1295 3338 1502 3381; x_wconf 90' lang='lat' dir='ltr'><strong>sanum</strong></span> <span class='ocrx_word' id='word_1_432' title='bbox 1547 3322 1910 3381; x_wconf 90' lang='lat' dir='ltr'><strong>intellectum</strong></span> 
     </span>
    </p>
   </div>
   <div class='ocr_carea' id='block_1_67' title="bbox 197 3410 1911 3485">
    <p class='ocr_par' dir='ltr' id='par_1_67' title="bbox 197 3410 1911 3485">
     <span class='ocr_line' id='line_1_67' title="bbox 197 3410 1911 3485; baseline 0.002 -19"><span class='ocrx_word' id='word_1_433' title='bbox 197 3416 502 3467; x_wconf 88' lang='lat' dir='ltr'><strong>correctam</strong></span> <span class='ocrx_word' id='word_1_434' title='bbox 544 3410 888 3467; x_wconf 85' lang='lat' dir='ltr'><strong>sententiam</strong></span> <span class='ocrx_word' id='word_1_435' title='bbox 919 3425 1210 3482; x_wconf 88' lang='lat' dir='ltr'><strong>revocare,</strong></span> <span class='ocrx_word' id='word_1_436' title='bbox 1250 3418 1536 3483; x_wconf 89' lang='lat' dir='ltr'><strong>quatenus</strong></span> <span class='ocrx_word' id='word_1_437' title='bbox 1572 3411 1725 3485; x_wconf 91' lang='lat' dir='ltr'><strong>quod</strong></span> <span class='ocrx_word' id='word_1_438' title='bbox 1764 3427 1911 3471; x_wconf 86' lang='lat' dir='ltr'><strong>mea</strong></span> 
     </span>
    </p>
   </div>
   <div class='ocr_carea' id='block_1_68' title="bbox 199 3498 1911 3572">
    <p class='ocr_par' dir='ltr' id='par_1_68' title="bbox 199 3498 1911 3572">
     <span class='ocr_line' id='line_1_68' title="bbox 199 3498 1911 3572; baseline 0.002 -18"><span class='ocrx_word' id='word_1_439' title='bbox 199 3498 519 3557; x_wconf 84' lang='lat' dir='ltr'><strong>stoliditatis</strong></span> <span class='ocrx_word' id='word_1_440' title='bbox 554 3499 880 3570; x_wconf 86' lang='lat' dir='ltr'><strong>ignorantia</strong></span> <span class='ocrx_word' id='word_1_441' title='bbox 928 3500 1308 3572; x_wconf 90' lang='lat' dir='ltr'><strong>depravatur,</strong></span> <span class='ocrx_word' id='word_1_442' title='bbox 1347 3502 1421 3558; x_wconf 88' lang='lat' dir='ltr'><strong>ad</strong></span> <span class='ocrx_word' id='word_1_443' title='bbox 1460 3505 1630 3558; x_wconf 88' lang='lat' dir='ltr'><strong>recta</strong></span> <span class='ocrx_word' id='word_1_444' title='bbox 1665 3500 1801 3559; x_wconf 90' lang='lat' dir='ltr'><strong>ﬁdei</strong></span> <span class='ocrx_word' id='word_1_445' title='bbox 1836 3500 1911 3558; x_wconf 92' lang='lat' dir='ltr'><strong>1i-</strong></span> 
     </span>
    </p>
   </div>
   <div class='ocr_carea' id='block_1_69' title="bbox 200 3582 1911 3661">
    <p class='ocr_par' dir='ltr' id='par_1_69' title="bbox 200 3582 1911 3661">
     <span class='ocr_line' id='line_1_69' title="bbox 200 3582 1911 3661; baseline 0.002 -18"><span class='ocrx_word' id='word_1_446' title='bbox 200 3602 356 3645; x_wconf 89' lang='lat' dir='ltr'><strong>neam</strong></span> <span class='ocrx_word' id='word_1_447' title='bbox 411 3593 624 3645; x_wconf 84' lang='lat' dir='ltr'><strong>vestra</strong></span> <span class='ocrx_word' id='word_1_448' title='bbox 682 3585 999 3645; x_wconf 85' lang='lat' dir='ltr'><strong>sanctitatis</strong></span> <span class='ocrx_word' id='word_1_449' title='bbox 1055 3582 1356 3661; x_wconf 77' lang='lat' dir='ltr'><strong>diligentia</strong></span> <span class='ocrx_word' id='word_1_450' title='bbox 1418 3590 1802 3659; x_wconf 89' lang='lat' dir='ltr'><strong>reformetur,</strong></span> <span class='ocrx_word' id='word_1_451' title='bbox 1855 3595 1911 3646; x_wconf 92' lang='lat' dir='ltr'><strong>et</strong></span> 
     </span>
    </p>
   </div>
   <div class='ocr_carea' id='block_1_70' title="bbox 199 3675 1909 3752">
    <p class='ocr_par' dir='ltr' id='par_1_70' title="bbox 199 3675 1909 3752">
     <span class='ocr_line' id='line_1_70' title="bbox 199 3675 1909 3752; baseline 0.002 -20"><span class='ocrx_word' id='word_1_452' title='bbox 199 3675 297 3734; x_wconf 90' lang='lat' dir='ltr'><strong>hoc</strong></span> <span class='ocrx_word' id='word_1_453' title='bbox 332 3692 443 3749; x_wconf 87' lang='lat' dir='ltr'><strong>per</strong></span> <span class='ocrx_word' id='word_1_454' title='bbox 492 3691 594 3734; x_wconf 89' lang='lat' dir='ltr'><strong>vos</strong></span> <span class='ocrx_word' id='word_1_455' title='bbox 638 3676 905 3734; x_wconf 88' lang='lat' dir='ltr'><strong>emendet</strong></span> <span class='ocrx_word' id='word_1_456' title='bbox 952 3677 1222 3746; x_wconf 78' lang='lat' dir='ltr'><strong>Charitas,</strong></span> <span class='ocrx_word' id='word_1_457' title='bbox 1276 3693 1411 3751; x_wconf 85' lang='lat' dir='ltr'><strong>qua</strong></span> <span class='ocrx_word' id='word_1_458' title='bbox 1450 3678 1717 3749; x_wconf 70' lang='lat' dir='ltr'><strong>aediﬁcat,</strong></span> <span class='ocrx_word' id='word_1_459' title='bbox 1757 3679 1909 3752; x_wconf 89' lang='lat' dir='ltr'><strong>quod</strong></span> 
     </span>
    </p>
   </div>
   <div class='ocr_carea' id='block_1_71' title="bbox 197 3764 1906 3840">
    <p class='ocr_par' dir='ltr' id='par_1_71' title="bbox 197 3764 1906 3840">
     <span class='ocr_line' id='line_1_71' title="bbox 197 3764 1906 3840; baseline 0 -17"><span class='ocrx_word' id='word_1_460' title='bbox 197 3779 291 3836; x_wconf 84' lang='lat' dir='ltr'><strong>per</strong></span> <span class='ocrx_word' id='word_1_461' title='bbox 341 3781 443 3824; x_wconf 87' lang='lat' dir='ltr'><strong>me</strong></span> <span class='ocrx_word' id='word_1_462' title='bbox 498 3764 741 3839; x_wconf 90' lang='lat' dir='ltr'><strong>deliquit</strong></span> <span class='ocrx_word' id='word_1_463' title='bbox 800 3765 1039 3823; x_wconf 91' lang='lat' dir='ltr'><strong>scientia</strong></span> <span class='ocrx_word' id='word_1_464' title='bbox 1074 3810 1089 3836; x_wconf 93' lang='lat'><strong>,</strong></span> <span class='ocrx_word' id='word_1_465' title='bbox 1144 3781 1277 3840; x_wconf 84' lang='lat' dir='ltr'><strong>qua</strong></span> <span class='ocrx_word' id='word_1_466' title='bbox 1337 3767 1596 3825; x_wconf 87' lang='lat' dir='ltr'><strong>fortassis</strong></span> <span class='ocrx_word' id='word_1_467' title='bbox 1650 3767 1906 3825; x_wconf 86' lang='lat' dir='ltr'><strong>inﬂabat.</strong></span> 
     </span>
    </p>
   </div>
   <div class='ocr_carea' id='block_1_72' title="bbox 199 3852 1912 3928">
    <p class='ocr_par' dir='ltr' id='par_1_72' title="bbox 199 3852 1912 3928">
     <span class='ocr_line' id='line_1_72' title="bbox 199 3852 1912 3928; baseline 0.001 -17"><span class='ocrx_word' id='word_1_468' title='bbox 199 3852 337 3921; x_wconf 79' lang='lat' dir='ltr'><strong>Quid</strong></span> <span class='ocrx_word' id='word_1_469' title='bbox 394 3853 563 3911; x_wconf 90' lang='lat' dir='ltr'><strong>enim</strong></span> <span class='ocrx_word' id='word_1_470' title='bbox 620 3852 879 3921; x_wconf 90' lang='lat' dir='ltr'><strong>mirum,</strong></span> <span class='ocrx_word' id='word_1_471' title='bbox 916 3854 966 3911; x_wconf 91' lang='lat' dir='ltr'><strong>si</strong></span> <span class='ocrx_word' id='word_1_472' title='bbox 1022 3869 1127 3928; x_wconf 89' lang='lat' dir='ltr'><strong>ego</strong></span> <span class='ocrx_word' id='word_1_473' title='bbox 1184 3854 1486 3928; x_wconf 89' lang='lat' dir='ltr'><strong>imperitus</strong></span> <span class='ocrx_word' id='word_1_474' title='bbox 1535 3863 1592 3913; x_wconf 93' lang='lat' dir='ltr'><strong>et</strong></span> <span class='ocrx_word' id='word_1_475' title='bbox 1640 3854 1912 3914; x_wconf 91' lang='lat' dir='ltr'><strong>animalis</strong></span> 
     </span>
    </p>
   </div>
   <div class='ocr_carea' id='block_1_73' title="bbox 198 3942 1911 4003">
    <p class='ocr_par' dir='ltr' id='par_1_73' title="bbox 198 3942 1911 4003">
     <span class='ocr_line' id='line_1_73' title="bbox 198 3942 1911 4003; baseline 0.002 -4"><span class='ocrx_word' id='word_1_476' title='bbox 198 3942 363 4002; x_wconf 88' lang='lat' dir='ltr'><strong>homo</strong></span> <span class='ocrx_word' id='word_1_477' title='bbox 419 3944 861 4002; x_wconf 86' lang='lat' dir='ltr'><strong>dictatiunculis</strong></span> <span class='ocrx_word' id='word_1_478' title='bbox 920 3944 1065 4002; x_wconf 90' lang='lat' dir='ltr'><strong>meis</strong></span> <span class='ocrx_word' id='word_1_479' title='bbox 1120 3953 1344 4003; x_wconf 85' lang='lat' dir='ltr'><strong>sanctos</strong></span> <span class='ocrx_word' id='word_1_480' title='bbox 1396 3946 1553 4003; x_wconf 90' lang='lat' dir='ltr'><strong>viros</strong></span> <span class='ocrx_word' id='word_1_481' title='bbox 1602 3945 1911 4003; x_wconf 89' lang='lat' dir='ltr'><strong>adhibeam</strong></span> 
     </span>
    </p>
   </div>
   <div class='ocr_carea' id='block_1_74' title="bbox 195 4029 1911 4105">
    <p class='ocr_par' dir='ltr' id='par_1_74' title="bbox 195 4029 1911 4105">
     <span class='ocr_line' id='line_1_74' title="bbox 195 4029 1911 4105; baseline 0.002 -18"><span class='ocrx_word' id='word_1_482' title='bbox 195 4029 438 4102; x_wconf 89' lang='lat' dir='ltr'><strong>judices,</strong></span> <span class='ocrx_word' id='word_1_483' title='bbox 485 4032 954 4105; x_wconf 87' lang='lat' dir='ltr'><strong>quandoquidem</strong></span> <span class='ocrx_word' id='word_1_484' title='bbox 1012 4034 1195 4091; x_wconf 87' lang='lat' dir='ltr'><strong>Lucas</strong></span> <span class='ocrx_word' id='word_1_485' title='bbox 1233 4039 1288 4091; x_wconf 89' lang='lat' dir='ltr'><strong>et</strong></span> <span class='ocrx_word' id='word_1_486' title='bbox 1336 4033 1563 4092; x_wconf 89' lang='lat' dir='ltr'><strong>Marcus</strong></span> <span class='ocrx_word' id='word_1_487' title='bbox 1609 4035 1672 4091; x_wconf 91' lang='lat' dir='ltr'><strong>in</strong></span> <span class='ocrx_word' id='word_1_488' title='bbox 1715 4034 1911 4091; x_wconf 88' lang='lat' dir='ltr'><strong>Evan-</strong></span> 
     </span>
    </p>
   </div>
   <div class='ocr_carea' id='block_1_75' title="bbox 199 4118 1909 4195">
    <p class='ocr_par' dir='ltr' id='par_1_75' title="bbox 199 4118 1909 4195">
     <span class='ocr_line' id='line_1_75' title="bbox 199 4118 1909 4195; baseline 0.002 -18"><span class='ocrx_word' id='word_1_489' title='bbox 199 4118 377 4189; x_wconf 83' lang='lat' dir='ltr'><strong>geliis,</strong></span> <span class='ocrx_word' id='word_1_490' title='bbox 440 4134 571 4194; x_wconf 86' lang='lat' dir='ltr'><strong>qua</strong></span> <span class='ocrx_word' id='word_1_491' title='bbox 629 4119 844 4194; x_wconf 89' lang='lat' dir='ltr'><strong>Spiritu</strong></span> <span class='ocrx_word' id='word_1_492' title='bbox 897 4127 1091 4180; x_wconf 88' lang='lat' dir='ltr'><strong>sancto</strong></span> <span class='ocrx_word' id='word_1_493' title='bbox 1145 4121 1393 4180; x_wconf 89' lang='lat' dir='ltr'><strong>dictante</strong></span> <span class='ocrx_word' id='word_1_494' title='bbox 1447 4120 1909 4195; x_wconf 86' lang='lat' dir='ltr'><strong>descripserant,</strong></span> 
     </span>
    </p>
   </div>
   <div class='ocr_carea' id='block_1_76' title="bbox 202 4205 1911 4284">
    <p class='ocr_par' dir='ltr' id='par_1_76' title="bbox 202 4205 1911 4284">
     <span class='ocr_line' id='line_1_76' title="bbox 202 4205 1911 4284; baseline 0.001 -20"><span class='ocrx_word' id='word_1_495' title='bbox 202 4205 430 4267; x_wconf 89' lang='lat' dir='ltr'><strong>Petrum</strong></span> <span class='ocrx_word' id='word_1_496' title='bbox 458 4218 516 4268; x_wconf 88' lang='lat' dir='ltr'><strong>et</strong></span> <span class='ocrx_word' id='word_1_497' title='bbox 548 4208 797 4268; x_wconf 90' lang='lat' dir='ltr'><strong>Paulum</strong></span> <span class='ocrx_word' id='word_1_498' title='bbox 820 4211 1107 4284; x_wconf 89' lang='lat' dir='ltr'><strong>apostolos</strong></span> <span class='ocrx_word' id='word_1_499' title='bbox 1140 4211 1397 4270; x_wconf 89' lang='lat' dir='ltr'><strong>habuere</strong></span> <span class='ocrx_word' id='word_1_500' title='bbox 1423 4211 1740 4271; x_wconf 83' lang='lat' dir='ltr'><strong>censores?</strong></span> <span class='ocrx_word' id='word_1_501' title='bbox 1770 4208 1911 4267; x_wconf 83' lang='lat'><strong>123</strong></span> 
     </span>
    </p>
   </div>
   <div class='ocr_carea' id='block_1_77' title="bbox 201 4294 1909 4375">
    <p class='ocr_par' dir='ltr' id='par_1_77' title="bbox 201 4294 1909 4375">
     <span class='ocr_line' id='line_1_77' title="bbox 201 4294 1909 4375; baseline 0.004 -22"><span class='ocrx_word' id='word_1_502' title='bbox 201 4294 368 4357; x_wconf 89' lang='lat' dir='ltr'><strong>Porro</strong></span> <span class='ocrx_word' id='word_1_503' title='bbox 407 4306 607 4357; x_wconf 89' lang='lat' dir='ltr'><strong>autem</strong></span> <span class='ocrx_word' id='word_1_504' title='bbox 645 4300 922 4374; x_wconf 89' lang='lat' dir='ltr'><strong>quoniam</strong></span> <span class='ocrx_word' id='word_1_505' title='bbox 960 4317 1035 4359; x_wconf 85' lang='lat' dir='ltr'><strong>ex</strong></span> <span class='ocrx_word' id='word_1_506' title='bbox 1074 4300 1167 4359; x_wconf 92' lang='lat' dir='ltr'><strong>his</strong></span> <span class='ocrx_word' id='word_1_507' title='bbox 1201 4302 1304 4375; x_wconf 90' lang='lat' dir='ltr'><strong>qui</strong></span> <span class='ocrx_word' id='word_1_508' title='bbox 1344 4302 1639 4360; x_wconf 85' lang='lat' dir='ltr'><strong>exercitati</strong></span> <span class='ocrx_word' id='word_1_509' title='bbox 1675 4307 1812 4361; x_wconf 90' lang='lat' dir='ltr'><strong>sunt</strong></span> <span class='ocrx_word' id='word_1_510' title='bbox 1849 4303 1909 4360; x_wconf 89' lang='lat' dir='ltr'><strong>in</strong></span> 
     </span>
    </p>
   </div>
   <div class='ocr_carea' id='block_1_78' title="bbox 203 4386 1911 4465">
    <p class='ocr_par' dir='ltr' id='par_1_78' title="bbox 203 4386 1911 4465">
     <span class='ocr_line' id='line_1_78' title="bbox 203 4386 1911 4465; baseline 0.004 -23"><span class='ocrx_word' id='word_1_511' title='bbox 203 4386 670 4447; x_wconf 67' lang='lat' dir='ltr'><strong>meditationibus</strong></span> <span class='ocrx_word' id='word_1_512' title='bbox 733 4389 1163 4462; x_wconf 82' lang='lat' dir='ltr'><strong>Scripturarum</strong></span> <span class='ocrx_word' id='word_1_513' title='bbox 1192 4436 1206 4460; x_wconf 92' lang='lat'><strong>,</strong></span> <span class='ocrx_word' id='word_1_514' title='bbox 1261 4390 1512 4465; x_wconf 89' lang='lat' dir='ltr'><strong>purioris</strong></span> <span class='ocrx_word' id='word_1_515' title='bbox 1596 4392 1746 4449; x_wconf 88' lang='lat' dir='ltr'><strong>circa</strong></span> <span class='ocrx_word' id='word_1_516' title='bbox 1817 4406 1911 4448; x_wconf 90' lang='lat' dir='ltr'><strong>me</strong></span> 
     </span>
    </p>
   </div>
   <div class='ocr_carea' id='block_1_79' title="bbox 203 4472 1911 4553">
    <p class='ocr_par' dir='ltr' id='par_1_79' title="bbox 203 4472 1911 4553">
     <span class='ocr_line' id='line_1_79' title="bbox 203 4472 1911 4553; baseline 0.004 -23"><span class='ocrx_word' id='word_1_517' title='bbox 203 4472 354 4547; x_wconf 86' lang='lat' dir='ltr'><strong>ﬁdei,</strong></span> <span class='ocrx_word' id='word_1_518' title='bbox 394 4485 452 4533; x_wconf 90' lang='lat' dir='ltr'><strong>et</strong></span> <span class='ocrx_word' id='word_1_519' title='bbox 499 4476 941 4536; x_wconf 89' lang='lat' dir='ltr'><strong>abundantioris</strong></span> <span class='ocrx_word' id='word_1_520' title='bbox 982 4478 1277 4536; x_wconf 91' lang='lat' dir='ltr'><strong>charitatis</strong></span> <span class='ocrx_word' id='word_1_521' title='bbox 1320 4479 1578 4553; x_wconf 89' lang='lat' dir='ltr'><strong>aliquem</strong></span> <span class='ocrx_word' id='word_1_522' title='bbox 1621 4496 1745 4538; x_wconf 89' lang='lat' dir='ltr'><strong>esse</strong></span> <span class='ocrx_word' id='word_1_523' title='bbox 1791 4495 1911 4537; x_wconf 91' lang='lat' dir='ltr'><strong>non</strong></span> 
     </span>
    </p>
   </div>
   <div class='ocr_carea' id='block_1_80' title="bbox 203 4565 1913 4642">
    <p class='ocr_par' dir='ltr' id='par_1_80' title="bbox 203 4565 1913 4642">
     <span class='ocr_line' id='line_1_80' title="bbox 203 4565 1913 4642; baseline 0.004 -21"><span class='ocrx_word' id='word_1_524' title='bbox 203 4566 462 4634; x_wconf 84' lang='lat' dir='ltr'><strong>arbitror,</strong></span> <span class='ocrx_word' id='word_1_525' title='bbox 495 4565 707 4623; x_wconf 87' lang='lat' dir='ltr'><strong>idcirco</strong></span> <span class='ocrx_word' id='word_1_526' title='bbox 747 4566 913 4624; x_wconf 89' lang='lat' dir='ltr'><strong>vobis</strong></span> <span class='ocrx_word' id='word_1_527' title='bbox 945 4568 1313 4640; x_wconf 90' lang='lat' dir='ltr'><strong>potissimum</strong></span> <span class='ocrx_word' id='word_1_528' title='bbox 1357 4568 1535 4642; x_wconf 88' lang='lat' dir='ltr'><strong>hujus</strong></span> <span class='ocrx_word' id='word_1_529' title='bbox 1574 4568 1782 4627; x_wconf 89' lang='lat' dir='ltr'><strong>fascem</strong></span> <span class='ocrx_word' id='word_1_530' title='bbox 1825 4568 1913 4627; x_wconf 91' lang='lat' dir='ltr'><strong>la-</strong></span> 
     </span>
    </p>
   </div>
   <div class='ocr_carea' id='block_1_81' title="bbox 205 4649 1909 4731">
    <p class='ocr_par' dir='ltr' id='par_1_81' title="bbox 205 4649 1909 4731">
     <span class='ocr_line' id='line_1_81' title="bbox 205 4649 1909 4731; baseline 0.006 -25"><span class='ocrx_word' id='word_1_531' title='bbox 205 4649 350 4708; x_wconf 75' lang='lat' dir='ltr'><strong>boris</strong></span> <span class='ocrx_word' id='word_1_532' title='bbox 386 4653 658 4727; x_wconf 89' lang='lat' dir='ltr'><strong>injungo.</strong></span> <span class='ocrx_word' id='word_1_533' title='bbox 694 4651 787 4712; x_wconf 91' lang='lat' dir='ltr'><strong>Sic</strong></span> <span class='ocrx_word' id='word_1_534' title='bbox 826 4653 1023 4726; x_wconf 91' lang='lat' dir='ltr'><strong>igitur,</strong></span> <span class='ocrx_word' id='word_1_535' title='bbox 1060 4655 1442 4726; x_wconf 87' lang='lat' dir='ltr'><strong>dilectissimi,</strong></span> <span class='ocrx_word' id='word_1_536' title='bbox 1479 4657 1540 4714; x_wconf 90' lang='lat' dir='ltr'><strong>in</strong></span> <span class='ocrx_word' id='word_1_537' title='bbox 1583 4658 1690 4715; x_wconf 92' lang='lat' dir='ltr'><strong>hoc</strong></span> <span class='ocrx_word' id='word_1_538' title='bbox 1728 4657 1909 4731; x_wconf 89' lang='lat' dir='ltr'><strong>pieta-</strong></span> 
     </span>
    </p>
   </div>
   <div class='ocr_carea' id='block_1_82' title="bbox 206 4738 1913 4815">
    <p class='ocr_par' dir='ltr' id='par_1_82' title="bbox 206 4738 1913 4815">
     <span class='ocr_line' id='line_1_82' title="bbox 206 4738 1913 4815; baseline 0.005 -21"><span class='ocrx_word' id='word_1_539' title='bbox 206 4738 467 4813; x_wconf 64' lang='lat' dir='ltr'><strong>tisopere</strong></span> <span class='ocrx_word' id='word_1_540' title='bbox 492 4740 665 4799; x_wconf 89' lang='lat' dir='ltr'><strong>etiam</strong></span> <span class='ocrx_word' id='word_1_541' title='bbox 697 4757 790 4798; x_wconf 90' lang='lat' dir='ltr'><strong>me</strong></span> <span class='ocrx_word' id='word_1_542' title='bbox 816 4740 1091 4801; x_wconf 89' lang='lat' dir='ltr'><strong>defuncto</strong></span> <span class='ocrx_word' id='word_1_543' title='bbox 1125 4742 1322 4802; x_wconf 89' lang='lat' dir='ltr'><strong>ﬁdeles</strong></span> <span class='ocrx_word' id='word_1_544' title='bbox 1352 4750 1550 4815; x_wconf 91' lang='lat' dir='ltr'><strong>estote,</strong></span> <span class='ocrx_word' id='word_1_545' title='bbox 1585 4746 1667 4804; x_wconf 91' lang='lat' dir='ltr'><strong>sic</strong></span> <span class='ocrx_word' id='word_1_546' title='bbox 1706 4746 1913 4805; x_wconf 90' lang='lat' dir='ltr'><strong>ultima</strong></span> 
     </span>
    </p>
   </div>
   <div class='ocr_carea' id='block_1_83' title="bbox 202 4827 1910 4906">
    <p class='ocr_par' dir='ltr' id='par_1_83' title="bbox 202 4827 1910 4906">
     <span class='ocr_line' id='line_1_83' title="bbox 202 4827 1910 4906; baseline 0.007 -27"><span class='ocrx_word' id='word_1_547' title='bbox 202 4828 406 4885; x_wconf 84' lang='lat' dir='ltr'><strong>veteris</strong></span> <span class='ocrx_word' id='word_1_548' title='bbox 441 4827 716 4886; x_wconf 89' lang='lat' dir='ltr'><strong>amicitia</strong></span> <span class='ocrx_word' id='word_1_549' title='bbox 748 4829 882 4901; x_wconf 89' lang='lat' dir='ltr'><strong>jura</strong></span> <span class='ocrx_word' id='word_1_550' title='bbox 909 4831 1216 4903; x_wconf 89' lang='lat' dir='ltr'><strong>persolvite</strong></span> <span class='ocrx_word' id='word_1_551' title='bbox 1246 4839 1309 4890; x_wconf 93' lang='lat' dir='ltr'><strong>ut</strong></span> <span class='ocrx_word' id='word_1_552' title='bbox 1353 4838 1408 4889; x_wconf 93' lang='lat' dir='ltr'><strong>et</strong></span> <span class='ocrx_word' id='word_1_553' title='bbox 1445 4847 1559 4902; x_wconf 88' lang='lat' dir='ltr'><strong>me,</strong></span> <span class='ocrx_word' id='word_1_554' title='bbox 1590 4833 1639 4890; x_wconf 89' lang='lat' dir='ltr'><strong>si</strong></span> <span class='ocrx_word' id='word_1_555' title='bbox 1670 4848 1788 4906; x_wconf 91' lang='lat' dir='ltr'><strong>qua</strong></span> <span class='ocrx_word' id='word_1_556' title='bbox 1819 4849 1910 4891; x_wconf 91' lang='lat' dir='ltr'><strong>re-</strong></span> 
     </span>
    </p>
   </div>
   <div class='ocr_carea' id='block_1_84' title="bbox 200 4914 1910 4992">
    <p class='ocr_par' dir='ltr' id='par_1_84' title="bbox 200 4914 1910 4992">
     <span class='ocr_line' id='line_1_84' title="bbox 200 4914 1910 4992; baseline 0.005 -21"><span class='ocrx_word' id='word_1_557' title='bbox 200 4914 435 4985; x_wconf 87' lang='lat' dir='ltr'><strong>peritur,</strong></span> <span class='ocrx_word' id='word_1_558' title='bbox 464 4918 679 4975; x_wconf 90' lang='lat' dir='ltr'><strong>erroris</strong></span> <span class='ocrx_word' id='word_1_559' title='bbox 728 4921 843 4978; x_wconf 89' lang='lat' dir='ltr'><strong>mei</strong></span> <span class='ocrx_word' id='word_1_560' title='bbox 896 4936 1049 4979; x_wconf 85' lang='lat' dir='ltr'><strong>noxa</strong></span> <span class='ocrx_word' id='word_1_561' title='bbox 1099 4936 1215 4978; x_wconf 87' lang='lat' dir='ltr'><strong>non</strong></span> <span class='ocrx_word' id='word_1_562' title='bbox 1272 4926 1490 4992; x_wconf 91' lang='lat' dir='ltr'><strong>teneat,</strong></span> <span class='ocrx_word' id='word_1_563' title='bbox 1524 4929 1580 4979; x_wconf 88' lang='lat' dir='ltr'><strong>et</strong></span> <span class='ocrx_word' id='word_1_564' title='bbox 1623 4921 1787 4980; x_wconf 92' lang='lat' dir='ltr'><strong>vobis</strong></span> <span class='ocrx_word' id='word_1_565' title='bbox 1835 4938 1910 4979; x_wconf 82' lang='lat' dir='ltr'><strong>ex</strong></span> 
     </span>
    </p>
   </div>
   <div class='ocr_carea' id='block_1_85' title="bbox 201 5002 1914 5082">
    <p class='ocr_par' dir='ltr' id='par_1_85' title="bbox 201 5002 1914 5082">
     <span class='ocr_line' id='line_1_85' title="bbox 201 5002 1914 5082; baseline 0.005 -22"><span class='ocrx_word' id='word_1_566' title='bbox 201 5002 459 5077; x_wconf 87' lang='lat' dir='ltr'><strong>impenso</strong></span> <span class='ocrx_word' id='word_1_567' title='bbox 529 5006 822 5068; x_wconf 89' lang='lat' dir='ltr'><strong>charitatis</strong></span> <span class='ocrx_word' id='word_1_568' title='bbox 887 5010 1076 5069; x_wconf 84' lang='lat' dir='ltr'><strong>oﬂicio</strong></span> <span class='ocrx_word' id='word_1_569' title='bbox 1149 5010 1528 5082; x_wconf 86' lang='lat' dir='ltr'><strong>pramiorum</strong></span> <span class='ocrx_word' id='word_1_570' title='bbox 1591 5010 1914 5069; x_wconf 82' lang='lat' dir='ltr'><strong>calestium</strong></span> 
     </span>
    </p>
   </div>
   <div class='ocr_carea' id='block_1_86' title="bbox 201 5104 1569 5156">
    <p class='ocr_par' dir='ltr' id='par_1_86' title="bbox 201 5104 1569 5156">
     <span class='ocr_line' id='line_1_86' title="bbox 201 5104 1569 5156; baseline 0.015 -9"><span class='ocrx_word' id='word_1_571' title='bbox 201 5105 415 5153; x_wconf 87' lang='lat' dir='ltr'><strong>merces</strong></span> <span class='ocrx_word' id='word_1_572' title='bbox 451 5104 756 5156; x_wconf 89' lang='lat' dir='ltr'><strong>accrescat.</strong></span> <span class='ocrx_word' id='word_1_573' title='bbox 1562 5127 1569 5133; x_wconf 82' lang='grc'><em>“</em></span> 
     </span>
    </p>
   </div>
   <div class='ocr_carea' id='block_1_87' title="bbox 689 5222 1425 5285">
    <p class='ocr_par' dir='ltr' id='par_1_87' title="bbox 689 5222 1425 5285">
     <span class='ocr_line' id='line_1_87' title="bbox 689 5222 1425 5285; baseline 0.007 -5"><span class='ocrx_word' id='word_1_574' title='bbox 689 5222 1187 5284; x_wconf 79' lang='lat' dir='ltr'><strong>EPISTULA</strong></span> <span class='ocrx_word' id='word_1_575' title='bbox 1239 5223 1425 5285; x_wconf 85' lang='lat' dir='ltr'><strong>XII.</strong></span> 
     </span>
    </p>
   </div>
   <div class='ocr_carea' id='block_1_88' title="bbox 782 5325 1332 5374">
    <p class='ocr_par' dir='ltr' id='par_1_88' title="bbox 782 5325 1332 5374">
     <span class='ocr_line' id='line_1_88' title="bbox 782 5325 1332 5374; baseline 0.007 -4"><span class='ocrx_word' id='word_1_576' title='bbox 782 5325 861 5370; x_wconf 86' lang='lat' dir='ltr'><strong>AD</strong></span> <span class='ocrx_word' id='word_1_577' title='bbox 890 5325 949 5370; x_wconf 85' lang='lat' dir='ltr'><strong>V.</strong></span> <span class='ocrx_word' id='word_1_578' title='bbox 994 5326 1332 5374; x_wconf 79' lang='lat' dir='ltr'><strong>EPISCOPUM.</strong></span> 
     </span>
    </p>
   </div>
   <div class='ocr_carea' id='block_1_89' title="bbox 206 5413 1918 5503">
    <p class='ocr_par' dir='ltr' id='par_1_89' title="bbox 206 5413 1918 5503">
     <span class='ocr_line' id='line_1_89' title="bbox 206 5413 1918 5503; baseline 0.006 -33"><span class='ocrx_word' id='word_1_579' title='bbox 206 5413 657 5503; x_wconf 62' lang='lat' dir='ltr'><strong>Aaoumrum.</strong></span> <span class='ocrx_word' id='word_1_580' title='bbox 713 5451 778 5503; x_wconf 60' lang='grc' dir='ltr'><em>τ</em></span> <span class='ocrx_word' id='word_1_581' title='bbox 840 5418 1187 5503; x_wconf 69' lang='lat' dir='ltr'><strong>Episcopum</strong></span> <span class='ocrx_word' id='word_1_582' title='bbox 1244 5420 1514 5503; x_wconf 72' lang='lat' dir='ltr'><strong>Ecclesia</strong></span> <span class='ocrx_word' id='word_1_583' title='bbox 1566 5421 1719 5503; x_wconf 78' lang='lat' dir='ltr'><strong>bona</strong></span> <span class='ocrx_word' id='word_1_584' title='bbox 1778 5423 1918 5503; x_wconf 88' lang='lat' dir='ltr'><strong>alie-</strong></span> 
     </span>
    </p>
   </div>
   <div class='ocr_carea' id='block_1_90' title="bbox 276 5490 1923 5572">
    <p class='ocr_par' dir='ltr' id='par_1_90' title="bbox 276 5490 1923 5572">
     <span class='ocr_line' id='line_1_90' title="bbox 276 5490 1923 5572; baseline 0.006 -29"><span class='ocrx_word' id='word_1_585' title='bbox 276 5495 514 5572; x_wconf 75' lang='lat' dir='ltr'><strong>nantem</strong></span> <span class='ocrx_word' id='word_1_586' title='bbox 565 5490 956 5572; x_wconf 77' lang='lat' dir='ltr'><strong>reprehendit,</strong></span> <span class='ocrx_word' id='word_1_587' title='bbox 1009 5490 1064 5549; x_wconf 80' lang='lat' dir='ltr'><strong>et</strong></span> <span class='ocrx_word' id='word_1_588' title='bbox 1114 5493 1511 5572; x_wconf 77' lang='lat' dir='ltr'><strong>magnitudine</strong></span> <span class='ocrx_word' id='word_1_589' title='bbox 1545 5493 1749 5572; x_wconf 83' lang='lat' dir='ltr'><strong>_rulpa</strong></span> <span class='ocrx_word' id='word_1_590' title='bbox 1788 5500 1923 5553; x_wconf 90' lang='lat' dir='ltr'><strong>ante</strong></span> 
     </span>
    </p>
   </div>
   <div class='ocr_carea' id='block_1_91' title="bbox 263 5561 1921 5690">
    <p class='ocr_par' dir='ltr' id='par_1_91' title="bbox 263 5561 1921 5690">
     <span class='ocr_line' id='line_1_91' title="bbox 263 5561 1921 5690; baseline 0.004 -73"><span class='ocrx_word' id='word_1_591' title='bbox 263 5561 509 5690; x_wconf 41' lang='lat' dir='ltr'><strong>adigit):</strong></span> <span class='ocrx_word' id='word_1_592' title='bbox 512 5561 721 5689; x_wconf 72' lang='lat' dir='ltr'><strong>posita,</strong></span> <span class='ocrx_word' id='word_1_593' title='bbox 751 5561 1013 5622; x_wconf 87' lang='lat' dir='ltr'><strong>hortatur</strong></span> <span class='ocrx_word' id='word_1_594' title='bbox 1042 5578 1115 5621; x_wconf 90' lang='lat' dir='ltr'><strong>ne</strong></span> <span class='ocrx_word' id='word_1_595' title='bbox 1153 5561 1294 5638; x_wconf 79' lang='lat' dir='ltr'><strong>quid</strong></span> <span class='ocrx_word' id='word_1_596' title='bbox 1320 5565 1512 5623; x_wconf 87' lang='lat' dir='ltr'><strong>simile</strong></span> <span class='ocrx_word' id='word_1_597' title='bbox 1538 5567 1600 5622; x_wconf 90' lang='lat' dir='ltr'><strong>in</strong></span> <span class='ocrx_word' id='word_1_598' title='bbox 1626 5561 1921 5637; x_wconf 80' lang='lat' dir='ltr'><strong>posterum</strong></span> 
     </span>
    </p>
   </div>
   <div class='ocr_carea' id='block_1_92' title="bbox 1992 3232 3701 3310">
    <p class='ocr_par' dir='ltr' id='par_1_92' title="bbox 1992 3232 3701 3310">
     <span class='ocr_line' id='line_1_92' title="bbox 1992 3232 3701 3310; baseline 0.003 -19"><span class='ocrx_word' id='word_1_599' title='bbox 1992 3232 2202 3303; x_wconf 88' lang='lat' dir='ltr'><strong>diligit,</strong></span> <span class='ocrx_word' id='word_1_600' title='bbox 2244 3232 2347 3305; x_wconf 89' lang='lat' dir='ltr'><strong>qui</strong></span> <span class='ocrx_word' id='word_1_601' title='bbox 2387 3248 2446 3289; x_wconf 92' lang='lat' dir='ltr'><strong>se</strong></span> <span class='ocrx_word' id='word_1_602' title='bbox 2481 3232 2544 3288; x_wconf 91' lang='lat' dir='ltr'><strong>in</strong></span> <span class='ocrx_word' id='word_1_603' title='bbox 2582 3247 2833 3304; x_wconf 90' lang='lat' dir='ltr'><strong>paupere</strong></span> <span class='ocrx_word' id='word_1_604' title='bbox 2864 3232 3056 3301; x_wconf 88' lang='lat' dir='ltr'><strong>reﬁci,</strong></span> <span class='ocrx_word' id='word_1_605' title='bbox 3105 3234 3163 3291; x_wconf 92' lang='lat' dir='ltr'><strong>in</strong></span> <span class='ocrx_word' id='word_1_606' title='bbox 3195 3250 3445 3309; x_wconf 89' lang='lat' dir='ltr'><strong>paupere</strong></span> <span class='ocrx_word' id='word_1_607' title='bbox 3475 3252 3535 3295; x_wconf 92' lang='lat' dir='ltr'><strong>se</strong></span> <span class='ocrx_word' id='word_1_608' title='bbox 3573 3254 3701 3310; x_wconf 90' lang='lat' dir='ltr'><strong>per-</strong></span> 
     </span>
    </p>
   </div>
   <div class='ocr_carea' id='block_1_93' title="bbox 1992 3320 3700 3399">
    <p class='ocr_par' dir='ltr' id='par_1_93' title="bbox 1992 3320 3700 3399">
     <span class='ocr_line' id='line_1_93' title="bbox 1992 3320 3700 3399; baseline 0.004 -21"><span class='ocrx_word' id='word_1_609' title='bbox 1992 3321 2152 3378; x_wconf 91' lang='lat' dir='ltr'><strong>hibet</strong></span> <span class='ocrx_word' id='word_1_610' title='bbox 2207 3320 2427 3379; x_wconf 89' lang='lat' dir='ltr'><strong>esurire</strong></span> <span class='ocrx_word' id='word_1_611' title='bbox 2488 3322 2704 3393; x_wconf 83' lang='lat' dir='ltr'><strong>(Matth.</strong></span> <span class='ocrx_word' id='word_1_612' title='bbox 2761 3320 2941 3392; x_wconf 83' lang='lat' dir='ltr'><strong>XXV);</strong></span> <span class='ocrx_word' id='word_1_613' title='bbox 2991 3321 3063 3377; x_wconf 92' lang='lat' dir='ltr'><strong>ad</strong></span> <span class='ocrx_word' id='word_1_614' title='bbox 3116 3322 3393 3396; x_wconf 90' lang='lat' dir='ltr'><strong>tribunal,</strong></span> <span class='ocrx_word' id='word_1_615' title='bbox 3434 3324 3700 3399; x_wconf 88' lang='lat' dir='ltr'><strong>inquam,</strong></span> 
     </span>
    </p>
   </div>
   <div class='ocr_carea' id='block_1_94' title="bbox 1992 3407 3701 3482">
    <p class='ocr_par' dir='ltr' id='par_1_94' title="bbox 1992 3407 3701 3482">
     <span class='ocr_line' id='line_1_94' title="bbox 1992 3407 3701 3482; baseline 0.004 -16"><span class='ocrx_word' id='word_1_616' title='bbox 1992 3407 2154 3467; x_wconf 92' lang='lat' dir='ltr'><strong>illius</strong></span> <span class='ocrx_word' id='word_1_617' title='bbox 2183 3424 2301 3482; x_wconf 89' lang='lat' dir='ltr'><strong>qua</strong></span> <span class='ocrx_word' id='word_1_618' title='bbox 2336 3408 2687 3466; x_wconf 86' lang='lat' dir='ltr'><strong>conscientia</strong></span> <span class='ocrx_word' id='word_1_619' title='bbox 2725 3408 2902 3478; x_wconf 89' lang='lat' dir='ltr'><strong>venit,</strong></span> <span class='ocrx_word' id='word_1_620' title='bbox 2935 3409 3037 3481; x_wconf 90' lang='lat' dir='ltr'><strong>qui</strong></span> <span class='ocrx_word' id='word_1_621' title='bbox 3078 3410 3353 3468; x_wconf 85' lang='lat' dir='ltr'><strong>alimenta</strong></span> <span class='ocrx_word' id='word_1_622' title='bbox 3385 3428 3445 3469; x_wconf 91' lang='lat' dir='ltr'><strong>se</strong></span> <span class='ocrx_word' id='word_1_623' title='bbox 3473 3414 3701 3472; x_wconf 91' lang='lat' dir='ltr'><strong>subtra-</strong></span> 
     </span>
    </p>
   </div>
   <div class='ocr_carea' id='block_1_95' title="bbox 1993 3494 3703 3577">
    <p class='ocr_par' dir='ltr' id='par_1_95' title="bbox 1993 3494 3703 3577">
     <span class='ocr_line' id='line_1_95' title="bbox 1993 3494 3703 3577; baseline 0.006 -24"><span class='ocrx_word' id='word_1_624' title='bbox 1993 3496 2151 3553; x_wconf 81' lang='lat' dir='ltr'><strong>xisse</strong></span> <span class='ocrx_word' id='word_1_625' title='bbox 2181 3494 2536 3568; x_wconf 88' lang='lat' dir='ltr'><strong>pauperibus</strong></span> <span class='ocrx_word' id='word_1_626' title='bbox 2574 3495 2925 3568; x_wconf 87' lang='lat' dir='ltr'><strong>recognoscit</strong></span> <span class='ocrx_word' id='word_1_627' title='bbox 2953 3494 2980 3552; x_wconf 87' lang='lat'>?</span> <span class='ocrx_word' id='word_1_628' title='bbox 3009 3494 3071 3554; x_wconf 92' lang='lat' dir='ltr'><strong>Si</strong></span> <span class='ocrx_word' id='word_1_629' title='bbox 3105 3496 3416 3558; x_wconf 87' lang='lat' dir='ltr'><strong>damnatur</strong></span> <span class='ocrx_word' id='word_1_630' title='bbox 3452 3502 3572 3568; x_wconf 88' lang='lat' dir='ltr'><strong>ille,</strong></span> <span class='ocrx_word' id='word_1_631' title='bbox 3601 3507 3703 3577; x_wconf 92' lang='lat' dir='ltr'><strong>qui</strong></span> 
     </span>
    </p>
   </div>
   <div class='ocr_carea' id='block_1_96' title="bbox 1996 3582 3704 3658">
    <p class='ocr_par' dir='ltr' id='par_1_96' title="bbox 1996 3582 3704 3658">
     <span class='ocr_line' id='line_1_96' title="bbox 1996 3582 3704 3658; baseline 0.004 -16"><span class='ocrx_word' id='word_1_632' title='bbox 1996 3584 2085 3643; x_wconf 89' lang='lat' dir='ltr'><strong>vel</strong></span> <span class='ocrx_word' id='word_1_633' title='bbox 2125 3597 2315 3641; x_wconf 89' lang='lat' dir='ltr'><strong>unum</strong></span> <span class='ocrx_word' id='word_1_634' title='bbox 2356 3584 2658 3640; x_wconf 90' lang='lat' dir='ltr'><strong>hominem</strong></span> <span class='ocrx_word' id='word_1_635' title='bbox 2694 3582 2937 3654; x_wconf 90' lang='lat' dir='ltr'><strong>peremit</strong></span> <span class='ocrx_word' id='word_1_636' title='bbox 2965 3583 3135 3658; x_wconf 69' lang='lat' dir='ltr'><strong>ferrp,</strong></span> <span class='ocrx_word' id='word_1_637' title='bbox 3160 3600 3277 3658; x_wconf 90' lang='lat' dir='ltr'><strong>qua</strong></span> <span class='ocrx_word' id='word_1_638' title='bbox 3304 3590 3585 3648; x_wconf 89' lang='lat' dir='ltr'><strong>sententia</strong></span> <span class='ocrx_word' id='word_1_639' title='bbox 3613 3592 3704 3650; x_wconf 85' lang='lat' dir='ltr'><strong>di-</strong></span> 
     </span>
    </p>
   </div>
   <div class='ocr_carea' id='block_1_97' title="bbox 1994 3644 3709 3751">
    <p class='ocr_par' dir='ltr' id='par_1_97' title="bbox 1994 3644 3709 3751">
     <span class='ocr_line' id='line_1_97' title="bbox 1994 3644 3709 3751; baseline 0.006 -22"><span class='ocrx_word' id='word_1_640' title='bbox 1994 3688 2146 3745; x_wconf 88' lang='lat' dir='ltr'><strong>gnus</strong></span> <span class='ocrx_word' id='word_1_641' title='bbox 2171 3672 2298 3741; x_wconf 86' lang='lat' dir='ltr'><strong>erit,</strong></span> <span class='ocrx_word' id='word_1_642' title='bbox 2329 3671 2432 3744; x_wconf 91' lang='lat' dir='ltr'><strong>qui</strong></span> <span class='ocrx_word' id='word_1_643' title='bbox 2453 3671 2604 3729; x_wconf 90' lang='lat' dir='ltr'><strong>bona</strong></span> <span class='ocrx_word' id='word_1_644' title='bbox 2630 3644 2902 3728; x_wconf 78' lang='lat' dir='ltr'><strong>Ecclesia</strong></span> <span class='ocrx_word' id='word_1_645' title='bbox 2928 3644 3305 3745; x_wconf 71' lang='lat' dir='ltr'><strong>proﬂigando,</strong></span> <span class='ocrx_word' id='word_1_646' title='bbox 3329 3644 3709 3751; x_wconf 65' lang='lat' dir='ltr'><strong>quamplures</strong></span> 
     </span>
    </p>
   </div>
   <div class='ocr_carea' id='block_1_98' title="bbox 1993 3758 3703 3835">
    <p class='ocr_par' dir='ltr' id='par_1_98' title="bbox 1993 3758 3703 3835">
     <span class='ocr_line' id='line_1_98' title="bbox 1993 3758 3703 3835; baseline 0.005 -18"><span class='ocrx_word' id='word_1_647' title='bbox 1993 3759 2269 3817; x_wconf 88' lang='lat' dir='ltr'><strong>interﬁcit</strong></span> <span class='ocrx_word' id='word_1_648' title='bbox 2312 3759 2483 3816; x_wconf 87' lang='lat' dir='ltr'><strong>famis</strong></span> <span class='ocrx_word' id='word_1_649' title='bbox 2517 3766 2572 3816; x_wconf 89' lang='lat' dir='ltr'><strong>et</strong></span> <span class='ocrx_word' id='word_1_650' title='bbox 2612 3760 2823 3833; x_wconf 87' lang='lat' dir='ltr'><strong>inopia</strong></span> <span class='ocrx_word' id='word_1_651' title='bbox 2852 3759 3046 3833; x_wconf 87' lang='lat' dir='ltr'><strong>gladio</strong></span> <span class='ocrx_word' id='word_1_652' title='bbox 3076 3758 3104 3817; x_wconf 83' lang='lat'><strong><em>?</em></strong></span> <span class='ocrx_word' id='word_1_653' title='bbox 3135 3760 3219 3818; x_wconf 92' lang='lat' dir='ltr'><strong>De</strong></span> <span class='ocrx_word' id='word_1_654' title='bbox 3253 3763 3470 3835; x_wconf 92' lang='lat' dir='ltr'><strong>quibus</strong></span> <span class='ocrx_word' id='word_1_655' title='bbox 3505 3766 3703 3825; x_wconf 89' lang='lat' dir='ltr'><strong>divina</strong></span> 
     </span>
    </p>
   </div>
   <div class='ocr_carea' id='block_1_99' title="bbox 1994 3848 3705 3921">
    <p class='ocr_par' dir='ltr' id='par_1_99' title="bbox 1994 3848 3705 3921">
     <span class='ocr_line' id='line_1_99' title="bbox 1994 3848 3705 3921; baseline 0.003 -12"><span class='ocrx_word' id='word_1_656' title='bbox 1994 3865 2133 3909; x_wconf 90' lang='lat' dir='ltr'><strong>voce</strong></span> <span class='ocrx_word' id='word_1_657' title='bbox 2180 3848 2333 3907; x_wconf 90' lang='lat' dir='ltr'><strong>malo</strong></span> <span class='ocrx_word' id='word_1_658' title='bbox 2382 3848 2625 3907; x_wconf 89' lang='lat' dir='ltr'><strong>cuilibet</strong></span> <span class='ocrx_word' id='word_1_659' title='bbox 2674 3848 2952 3907; x_wconf 90' lang='lat' dir='ltr'><strong>venditori</strong></span> <span class='ocrx_word' id='word_1_660' title='bbox 2998 3848 3120 3921; x_wconf 89' lang='lat' dir='ltr'><strong>jam</strong></span> <span class='ocrx_word' id='word_1_661' title='bbox 3173 3849 3434 3910; x_wconf 87' lang='lat' dir='ltr'><strong>dicitur:</strong></span> <span class='ocrx_word' id='word_1_662' title='bbox 3481 3876 3509 3907; x_wconf 88' lang='lat'>«</span> <span class='ocrx_word' id='word_1_663' title='bbox 3559 3855 3705 3914; x_wconf 86' lang='lat' dir='ltr'><strong>Ecce</strong></span> 
     </span>
    </p>
   </div>
   <div class='ocr_carea' id='block_1_100' title="bbox 1995 3938 3705 4012">
    <p class='ocr_par' dir='ltr' id='par_1_100' title="bbox 1995 3938 3705 4012">
     <span class='ocr_line' id='line_1_100' title="bbox 1995 3938 3705 4012; baseline 0.004 -14"><span class='ocrx_word' id='word_1_664' title='bbox 1995 3955 2113 3998; x_wconf 86' lang='lat' dir='ltr'><strong>vox</strong></span> <span class='ocrx_word' id='word_1_665' title='bbox 2155 3938 2458 4012; x_wconf 88' lang='lat' dir='ltr'><strong>sanguinis</strong></span> <span class='ocrx_word' id='word_1_666' title='bbox 2512 3940 2703 3997; x_wconf 86' lang='lat' dir='ltr'><strong>fratris</strong></span> <span class='ocrx_word' id='word_1_667' title='bbox 2756 3940 2839 3999; x_wconf 91' lang='lat' dir='ltr'><strong>tui</strong></span> <span class='ocrx_word' id='word_1_668' title='bbox 2892 3942 3101 4001; x_wconf 87' lang='lat' dir='ltr'><strong>clamat</strong></span> <span class='ocrx_word' id='word_1_669' title='bbox 3150 3943 3222 4001; x_wconf 89' lang='lat' dir='ltr'><strong>ad</strong></span> <span class='ocrx_word' id='word_1_670' title='bbox 3280 3960 3373 4002; x_wconf 91' lang='lat' dir='ltr'><strong>me</strong></span> <span class='ocrx_word' id='word_1_671' title='bbox 3431 3942 3575 3999; x_wconf 82' lang='lat'><strong>124</strong></span> <span class='ocrx_word' id='word_1_672' title='bbox 3632 3946 3705 4005; x_wconf 91' lang='lat' dir='ltr'><strong>de</strong></span> 
     </span>
    </p>
   </div>
   <div class='ocr_carea' id='block_1_101' title="bbox 1998 4027 3706 4107">
    <p class='ocr_par' dir='ltr' id='par_1_101' title="bbox 1998 4027 3706 4107">
     <span class='ocr_line' id='line_1_101' title="bbox 1998 4027 3706 4107; baseline 0.004 -22"><span class='ocrx_word' id='word_1_673' title='bbox 1998 4034 2145 4087; x_wconf 90' lang='lat' dir='ltr'><strong>terra</strong></span> <span class='ocrx_word' id='word_1_674' title='bbox 2175 4030 2328 4098; x_wconf 81' lang='lat' dir='ltr'><strong>(Gen.</strong></span> <span class='ocrx_word' id='word_1_675' title='bbox 2364 4032 2466 4101; x_wconf 73' lang='grc' dir='ltr'><strong>ιν).</strong></span> <span class='ocrx_word' id='word_1_676' title='bbox 2502 4050 2522 4078; x_wconf 73' lang='grc' dir='ltr'><strong><em>ι</em></strong></span> <span class='ocrx_word' id='word_1_677' title='bbox 2563 4027 2635 4085; x_wconf 88' lang='lat' dir='ltr'><strong>Et</strong></span> <span class='ocrx_word' id='word_1_678' title='bbox 2662 4029 2762 4087; x_wconf 90' lang='lat' dir='ltr'><strong>ille</strong></span> <span class='ocrx_word' id='word_1_679' title='bbox 2790 4030 3028 4102; x_wconf 91' lang='lat' dir='ltr'><strong>quidem</strong></span> <span class='ocrx_word' id='word_1_680' title='bbox 3069 4032 3304 4091; x_wconf 87' lang='lat' dir='ltr'><strong>fratrem</strong></span> <span class='ocrx_word' id='word_1_681' title='bbox 3338 4033 3582 4107; x_wconf 88' lang='lat' dir='ltr'><strong>peremit</strong></span> <span class='ocrx_word' id='word_1_682' title='bbox 3608 4033 3706 4090; x_wconf 89' lang='lat' dir='ltr'><strong>in-</strong></span> 
     </span>
    </p>
   </div>
   <div class='ocr_carea' id='block_1_102' title="bbox 1993 4115 3705 4197">
    <p class='ocr_par' dir='ltr' id='par_1_102' title="bbox 1993 4115 3705 4197">
     <span class='ocr_line' id='line_1_102' title="bbox 1993 4115 3705 4197; baseline 0.003 -22"><span class='ocrx_word' id='word_1_683' title='bbox 1993 4116 2171 4187; x_wconf 90' lang='lat' dir='ltr'><strong>vidia,</strong></span> <span class='ocrx_word' id='word_1_684' title='bbox 2203 4117 2343 4190; x_wconf 89' lang='lat' dir='ltr'><strong>quia</strong></span> <span class='ocrx_word' id='word_1_685' title='bbox 2372 4115 2725 4175; x_wconf 89' lang='lat' dir='ltr'><strong>sacriﬁcium</strong></span> <span class='ocrx_word' id='word_1_686' title='bbox 2755 4119 2881 4192; x_wconf 91' lang='lat' dir='ltr'><strong>ejus</strong></span> <span class='ocrx_word' id='word_1_687' title='bbox 2915 4135 3032 4178; x_wconf 93' lang='lat' dir='ltr'><strong>non</strong></span> <span class='ocrx_word' id='word_1_688' title='bbox 3058 4128 3166 4190; x_wconf 91' lang='lat' dir='ltr'><strong>est,</strong></span> <span class='ocrx_word' id='word_1_689' title='bbox 3199 4121 3317 4180; x_wconf 90' lang='lat' dir='ltr'><strong>Deo</strong></span> <span class='ocrx_word' id='word_1_690' title='bbox 3344 4121 3705 4197; x_wconf 88' lang='lat' dir='ltr'><strong>reprobante,</strong></span> 
     </span>
    </p>
   </div>
   <div class='ocr_carea' id='block_1_103' title="bbox 1996 4205 3706 4282">
    <p class='ocr_par' dir='ltr' id='par_1_103' title="bbox 1996 4205 3706 4282">
     <span class='ocr_line' id='line_1_103' title="bbox 1996 4205 3706 4282; baseline 0.003 -18"><span class='ocrx_word' id='word_1_691' title='bbox 1996 4213 2349 4278; x_wconf 89' lang='lat' dir='ltr'><strong>susceptum.</strong></span> <span class='ocrx_word' id='word_1_692' title='bbox 2390 4205 2491 4263; x_wconf 90' lang='lat' dir='ltr'><strong>Isti</strong></span> <span class='ocrx_word' id='word_1_693' title='bbox 2530 4206 2875 4281; x_wconf 89' lang='lat' dir='ltr'><strong>plerumque</strong></span> <span class='ocrx_word' id='word_1_694' title='bbox 2914 4208 3026 4266; x_wconf 89' lang='lat' dir='ltr'><strong>tale</strong></span> <span class='ocrx_word' id='word_1_695' title='bbox 3073 4208 3215 4282; x_wconf 92' lang='lat' dir='ltr'><strong>quid</strong></span> <span class='ocrx_word' id='word_1_696' title='bbox 3253 4211 3474 4269; x_wconf 79' lang='lat' dir='ltr'><strong>faciunt</strong></span> <span class='ocrx_word' id='word_1_697' title='bbox 3510 4224 3706 4271; x_wconf 90' lang='lat' dir='ltr'><strong>amore</strong></span> 
     </span>
    </p>
   </div>
   <div class='ocr_carea' id='block_1_104' title="bbox 1996 4293 3707 4371">
    <p class='ocr_par' dir='ltr' id='par_1_104' title="bbox 1996 4293 3707 4371">
     <span class='ocr_line' id='line_1_104' title="bbox 1996 4293 3707 4371; baseline 0 -18"><span class='ocrx_word' id='word_1_698' title='bbox 1996 4294 2279 4368; x_wconf 89' lang='lat' dir='ltr'><strong>pecunia,</strong></span> <span class='ocrx_word' id='word_1_699' title='bbox 2313 4317 2335 4344; x_wconf 81' lang='grc'><strong>·</strong></span> <span class='ocrx_word' id='word_1_700' title='bbox 2370 4293 2529 4367; x_wconf 91' lang='lat' dir='ltr'><strong>quod</strong></span> <span class='ocrx_word' id='word_1_701' title='bbox 2566 4301 2651 4352; x_wconf 91' lang='lat' dir='ltr'><strong>est</strong></span> <span class='ocrx_word' id='word_1_702' title='bbox 2679 4295 2930 4355; x_wconf 88' lang='lat' dir='ltr'><strong>servitus</strong></span> <span class='ocrx_word' id='word_1_703' title='bbox 2953 4296 3245 4357; x_wconf 90' lang='lat' dir='ltr'><strong>idolorum</strong></span> <span class='ocrx_word' id='word_1_704' title='bbox 3277 4302 3498 4371; x_wconf 83' lang='lat' dir='ltr'><strong>(Ephes.</strong></span> <span class='ocrx_word' id='word_1_705' title='bbox 3535 4305 3641 4369; x_wconf 89' lang='lat' dir='ltr'><strong>Ill).</strong></span> <span class='ocrx_word' id='word_1_706' title='bbox 3684 4324 3707 4353; x_wconf 76' lang='grc' dir='ltr'><strong><em>ι</em></strong></span> 
     </span>
    </p>
   </div>
   <div class='ocr_carea' id='block_1_105' title="bbox 1998 4383 3708 4461">
    <p class='ocr_par' dir='ltr' id='par_1_105' title="bbox 1998 4383 3708 4461">
     <span class='ocr_line' id='line_1_105' title="bbox 1998 4383 3708 4461; baseline 0.002 -18"><span class='ocrx_word' id='word_1_707' title='bbox 1998 4383 2109 4443; x_wconf 89' lang='lat' dir='ltr'><strong>Sed</strong></span> <span class='ocrx_word' id='word_1_708' title='bbox 2146 4384 2287 4457; x_wconf 89' lang='lat' dir='ltr'><strong>quia</strong></span> <span class='ocrx_word' id='word_1_709' title='bbox 2325 4383 2571 4442; x_wconf 88' lang='lat' dir='ltr'><strong>conveni</strong></span> <span class='ocrx_word' id='word_1_710' title='bbox 2601 4392 2675 4455; x_wconf 90' lang='lat' dir='ltr'><strong>te,</strong></span> <span class='ocrx_word' id='word_1_711' title='bbox 2712 4399 2779 4442; x_wconf 90' lang='lat' dir='ltr'><strong>ac</strong></span> <span class='ocrx_word' id='word_1_712' title='bbox 2807 4401 2980 4460; x_wconf 90' lang='lat' dir='ltr'><strong>super</strong></span> <span class='ocrx_word' id='word_1_713' title='bbox 3014 4386 3107 4444; x_wconf 92' lang='lat' dir='ltr'><strong>his</strong></span> <span class='ocrx_word' id='word_1_714' title='bbox 3137 4402 3255 4461; x_wconf 89' lang='lat' dir='ltr'><strong>qua</strong></span> <span class='ocrx_word' id='word_1_715' title='bbox 3284 4387 3491 4447; x_wconf 87' lang='lat' dir='ltr'><strong>licebat</strong></span> <span class='ocrx_word' id='word_1_716' title='bbox 3518 4396 3708 4447; x_wconf 90' lang='lat' dir='ltr'><strong>auste-</strong></span> 
     </span>
    </p>
   </div>
   <div class='ocr_carea' id='block_1_106' title="bbox 1999 4473 3707 4554">
    <p class='ocr_par' dir='ltr' id='par_1_106' title="bbox 1999 4473 3707 4554">
     <span class='ocr_line' id='line_1_106' title="bbox 1999 4473 3707 4554; baseline 0.004 -22"><span class='ocrx_word' id='word_1_717' title='bbox 1999 4473 2162 4532; x_wconf 90' lang='lat' dir='ltr'><strong>ritate</strong></span> <span class='ocrx_word' id='word_1_718' title='bbox 2225 4474 2500 4547; x_wconf 90' lang='lat' dir='ltr'><strong>corripui,</strong></span> <span class='ocrx_word' id='word_1_719' title='bbox 2549 4475 2893 4547; x_wconf 90' lang='lat' dir='ltr'><strong>respondisti</strong></span> <span class='ocrx_word' id='word_1_720' title='bbox 2935 4492 3141 4549; x_wconf 89' lang='lat' dir='ltr'><strong>parum</strong></span> <span class='ocrx_word' id='word_1_721' title='bbox 3190 4479 3333 4551; x_wconf 91' lang='lat' dir='ltr'><strong>quid</strong></span> <span class='ocrx_word' id='word_1_722' title='bbox 3379 4496 3503 4537; x_wconf 88' lang='lat' dir='ltr'><strong>esse</strong></span> <span class='ocrx_word' id='word_1_723' title='bbox 3549 4480 3707 4554; x_wconf 91' lang='lat' dir='ltr'><strong>quod</strong></span> 
     </span>
    </p>
   </div>
   <div class='ocr_carea' id='block_1_107' title="bbox 1998 4563 3708 4639">
    <p class='ocr_par' dir='ltr' id='par_1_107' title="bbox 1998 4563 3708 4639">
     <span class='ocr_line' id='line_1_107' title="bbox 1998 4563 3708 4639; baseline 0.003 -19"><span class='ocrx_word' id='word_1_724' title='bbox 1998 4563 2199 4620; x_wconf 90' lang='lat' dir='ltr'><strong>datum</strong></span> <span class='ocrx_word' id='word_1_725' title='bbox 2226 4570 2331 4633; x_wconf 88' lang='lat' dir='ltr'><strong>est,</strong></span> <span class='ocrx_word' id='word_1_726' title='bbox 2361 4578 2465 4620; x_wconf 90' lang='lat' dir='ltr'><strong>nec</strong></span> <span class='ocrx_word' id='word_1_727' title='bbox 2506 4564 2589 4620; x_wconf 89' lang='lat' dir='ltr'><strong>rei</strong></span> <span class='ocrx_word' id='word_1_728' title='bbox 2618 4565 2856 4621; x_wconf 90' lang='lat' dir='ltr'><strong>modum</strong></span> <span class='ocrx_word' id='word_1_729' title='bbox 2886 4564 3138 4622; x_wconf 90' lang='lat' dir='ltr'><strong>tenuisse</strong></span> <span class='ocrx_word' id='word_1_730' title='bbox 3171 4566 3325 4639; x_wconf 92' lang='lat' dir='ltr'><strong>quod</strong></span> <span class='ocrx_word' id='word_1_731' title='bbox 3357 4567 3524 4638; x_wconf 88' lang='lat' dir='ltr'><strong>mihi,</strong></span> <span class='ocrx_word' id='word_1_732' title='bbox 3554 4568 3708 4626; x_wconf 89' lang='lat' dir='ltr'><strong>fama</strong></span> 
     </span>
    </p>
   </div>
   <div class='ocr_carea' id='block_1_108' title="bbox 1999 4648 3708 4727">
    <p class='ocr_par' dir='ltr' id='par_1_108' title="bbox 1999 4648 3708 4727">
     <span class='ocr_line' id='line_1_108' title="bbox 1999 4648 3708 4727; baseline 0.004 -20"><span class='ocrx_word' id='word_1_733' title='bbox 1999 4648 2293 4723; x_wconf 90' lang='lat' dir='ltr'><strong>vulgante,</strong></span> <span class='ocrx_word' id='word_1_734' title='bbox 2352 4650 2637 4722; x_wconf 89' lang='lat' dir='ltr'><strong>perlatum</strong></span> <span class='ocrx_word' id='word_1_735' title='bbox 2690 4658 2791 4709; x_wconf 87' lang='lat' dir='ltr'><strong>est.</strong></span> <span class='ocrx_word' id='word_1_736' title='bbox 2852 4652 2944 4710; x_wconf 88' lang='lat' dir='ltr'><strong>Ad</strong></span> <span class='ocrx_word' id='word_1_737' title='bbox 2997 4653 3149 4725; x_wconf 88' lang='lat' dir='ltr'><strong>quod</strong></span> <span class='ocrx_word' id='word_1_738' title='bbox 3205 4669 3340 4725; x_wconf 85' lang='lat' dir='ltr'><strong>ego,</strong></span> <span class='ocrx_word' id='word_1_739' title='bbox 3392 4654 3708 4727; x_wconf 90' lang='lat' dir='ltr'><strong>aliquando</strong></span> 
     </span>
    </p>
   </div>
   <div class='ocr_carea' id='block_1_109' title="bbox 1998 4738 3704 4814">
    <p class='ocr_par' dir='ltr' id='par_1_109' title="bbox 1998 4738 3704 4814">
     <span class='ocr_line' id='line_1_109' title="bbox 1998 4738 3704 4814; baseline 0.002 -18"><span class='ocrx_word' id='word_1_740' title='bbox 1998 4738 2266 4811; x_wconf 85' lang='lat' dir='ltr'><strong>guttatim</strong></span> <span class='ocrx_word' id='word_1_741' title='bbox 2298 4739 2490 4811; x_wconf 91' lang='lat' dir='ltr'><strong>liquor</strong></span> <span class='ocrx_word' id='word_1_742' title='bbox 2521 4746 2769 4812; x_wconf 89' lang='lat' dir='ltr'><strong>emanat,</strong></span> <span class='ocrx_word' id='word_1_743' title='bbox 2796 4740 2899 4814; x_wconf 91' lang='lat' dir='ltr'><strong>qui</strong></span> <span class='ocrx_word' id='word_1_744' title='bbox 2940 4748 3130 4798; x_wconf 90' lang='lat' dir='ltr'><strong>tamen</strong></span> <span class='ocrx_word' id='word_1_745' title='bbox 3164 4757 3265 4799; x_wconf 90' lang='lat' dir='ltr'><strong>vas</strong></span> <span class='ocrx_word' id='word_1_746' title='bbox 3302 4754 3543 4814; x_wconf 88' lang='lat' dir='ltr'><strong>prorsus</strong></span> <span class='ocrx_word' id='word_1_747' title='bbox 3569 4758 3704 4801; x_wconf 92' lang='lat' dir='ltr'><strong>eva-</strong></span> 
     </span>
    </p>
   </div>
   <div class='ocr_carea' id='block_1_110' title="bbox 1997 4825 3708 4901">
    <p class='ocr_par' dir='ltr' id='par_1_110' title="bbox 1997 4825 3708 4901">
     <span class='ocr_line' id='line_1_110' title="bbox 1997 4825 3708 4901; baseline 0.002 -17"><span class='ocrx_word' id='word_1_748' title='bbox 1997 4834 2170 4897; x_wconf 89' lang='lat' dir='ltr'><strong>cuat;</strong></span> <span class='ocrx_word' id='word_1_749' title='bbox 2232 4825 2378 4886; x_wconf 86' lang='lat' dir='ltr'><strong>uber</strong></span> <span class='ocrx_word' id='word_1_750' title='bbox 2428 4826 2599 4885; x_wconf 90' lang='lat' dir='ltr'><strong>etiam</strong></span> <span class='ocrx_word' id='word_1_751' title='bbox 2654 4831 3115 4901; x_wconf 88' lang='lat' dir='ltr'><strong>promptuarium</strong></span> <span class='ocrx_word' id='word_1_752' title='bbox 3144 4873 3159 4900; x_wconf 93' lang='lat'><strong>,</strong></span> <span class='ocrx_word' id='word_1_753' title='bbox 3212 4829 3367 4886; x_wconf 89' lang='lat' dir='ltr'><strong>unde</strong></span> <span class='ocrx_word' id='word_1_754' title='bbox 3415 4830 3708 4888; x_wconf 90' lang='lat' dir='ltr'><strong>modicum</strong></span> 
     </span>
    </p>
   </div>
   <div class='ocr_carea' id='block_1_111' title="bbox 2000 4916 3710 4991">
    <p class='ocr_par' dir='ltr' id='par_1_111' title="bbox 2000 4916 3710 4991">
     <span class='ocr_line' id='line_1_111' title="bbox 2000 4916 3710 4991; baseline 0.002 -16"><span class='ocrx_word' id='word_1_755' title='bbox 2000 4917 2144 4990; x_wconf 91' lang='lat' dir='ltr'><strong>quid</strong></span> <span class='ocrx_word' id='word_1_756' title='bbox 2199 4916 2753 4991; x_wconf 5' lang='lat' dir='ltr'><strong>quotidiegtollitur,</strong></span> <span class='ocrx_word' id='word_1_757' title='bbox 2814 4918 3045 4976; x_wconf 91' lang='lat' dir='ltr'><strong>tandem</strong></span> <span class='ocrx_word' id='word_1_758' title='bbox 3094 4918 3406 4991; x_wconf 89' lang='lat' dir='ltr'><strong>aliquando</strong></span> <span class='ocrx_word' id='word_1_759' title='bbox 3458 4934 3710 4978; x_wconf 88' lang='lat' dir='ltr'><strong>vacuum</strong></span> 
     </span>
    </p>
   </div>
   <div class='ocr_carea' id='block_1_112' title="bbox 2001 5005 3707 5085">
    <p class='ocr_par' dir='ltr' id='par_1_112' title="bbox 2001 5005 3707 5085">
     <span class='ocr_line' id='line_1_112' title="bbox 2001 5005 3707 5085; baseline 0.002 -20"><span class='ocrx_word' id='word_1_760' title='bbox 2001 5008 2306 5081; x_wconf 87' lang='lat' dir='ltr'><strong>reperitur.</strong></span> <span class='ocrx_word' id='word_1_761' title='bbox 2368 5005 2632 5080; x_wconf 90' lang='lat' dir='ltr'><strong>Idipsum</strong></span> <span class='ocrx_word' id='word_1_762' title='bbox 2691 5014 2879 5065; x_wconf 90' lang='lat' dir='ltr'><strong>tamen</strong></span> <span class='ocrx_word' id='word_1_763' title='bbox 2919 5009 3071 5082; x_wconf 90' lang='lat' dir='ltr'><strong>quod</strong></span> <span class='ocrx_word' id='word_1_764' title='bbox 3119 5024 3327 5082; x_wconf 89' lang='lat' dir='ltr'><strong>parum</strong></span> <span class='ocrx_word' id='word_1_765' title='bbox 3377 5016 3431 5066; x_wconf 93' lang='lat' dir='ltr'><strong>et</strong></span> <span class='ocrx_word' id='word_1_766' title='bbox 3475 5012 3707 5085; x_wconf 90' lang='lat' dir='ltr'><strong>perexi-</strong></span> 
     </span>
    </p>
   </div>
   <div class='ocr_carea' id='block_1_113' title="bbox 1998 5096 3708 5171">
    <p class='ocr_par' dir='ltr' id='par_1_113' title="bbox 1998 5096 3708 5171">
     <span class='ocr_line' id='line_1_113' title="bbox 1998 5096 3708 5171; baseline 0.001 -15"><span class='ocrx_word' id='word_1_767' title='bbox 1998 5113 2181 5171; x_wconf 90' lang='lat' dir='ltr'><strong>guum</strong></span> <span class='ocrx_word' id='word_1_768' title='bbox 2211 5097 2388 5166; x_wconf 89' lang='lat' dir='ltr'><strong>dicis,</strong></span> <span class='ocrx_word' id='word_1_769' title='bbox 2418 5096 2732 5170; x_wconf 89' lang='lat' dir='ltr'><strong>judicantis</strong></span> <span class='ocrx_word' id='word_1_770' title='bbox 2772 5098 2969 5155; x_wconf 90' lang='lat' dir='ltr'><strong>omnia</strong></span> <span class='ocrx_word' id='word_1_771' title='bbox 3006 5098 3308 5156; x_wconf 90' lang='lat' dir='ltr'><strong>scientiam</strong></span> <span class='ocrx_word' id='word_1_772' title='bbox 3339 5114 3457 5158; x_wconf 90' lang='lat' dir='ltr'><strong>non</strong></span> <span class='ocrx_word' id='word_1_773' title='bbox 3495 5101 3708 5160; x_wconf 88' lang='lat' dir='ltr'><strong>evadit.</strong></span> 
     </span>
    </p>
   </div>
   <div class='ocr_carea' id='block_1_114' title="bbox 2000 5184 3707 5260">
    <p class='ocr_par' dir='ltr' id='par_1_114' title="bbox 2000 5184 3707 5260">
     <span class='ocr_line' id='line_1_114' title="bbox 2000 5184 3707 5260; baseline 0.002 -16"><span class='ocrx_word' id='word_1_774' title='bbox 2000 5185 2158 5244; x_wconf 90' lang='lat' dir='ltr'><strong>Audi</strong></span> <span class='ocrx_word' id='word_1_775' title='bbox 2210 5185 2352 5260; x_wconf 87' lang='lat' dir='ltr'><strong>quid</strong></span> <span class='ocrx_word' id='word_1_776' title='bbox 2400 5184 2682 5244; x_wconf 89' lang='lat' dir='ltr'><strong>Jeremias</strong></span> <span class='ocrx_word' id='word_1_777' title='bbox 2727 5184 2875 5243; x_wconf 89' lang='lat' dir='ltr'><strong>dicat</strong></span> <span class='ocrx_word' id='word_1_778' title='bbox 2916 5210 2929 5244; x_wconf 90' lang='lat'><strong>:</strong></span> <span class='ocrx_word' id='word_1_779' title='bbox 2971 5209 2993 5237; x_wconf 80' lang='grc' dir='ltr'>ι</span> <span class='ocrx_word' id='word_1_780' title='bbox 3029 5187 3270 5245; x_wconf 91' lang='lat' dir='ltr'><strong>Factum</strong></span> <span class='ocrx_word' id='word_1_781' title='bbox 3321 5194 3406 5246; x_wconf 91' lang='lat' dir='ltr'><strong>est</strong></span> <span class='ocrx_word' id='word_1_782' title='bbox 3464 5189 3707 5248; x_wconf 89' lang='lat' dir='ltr'><strong>verbum</strong></span> 
     </span>
    </p>
   </div>
   <div class='ocr_carea' id='block_1_115' title="bbox 2003 5273 3706 5353">
    <p class='ocr_par' dir='ltr' id='par_1_115' title="bbox 2003 5273 3706 5353">
     <span class='ocr_line' id='line_1_115' title="bbox 2003 5273 3706 5353; baseline 0.002 -21"><span class='ocrx_word' id='word_1_783' title='bbox 2003 5274 2245 5332; x_wconf 90' lang='lat' dir='ltr'><strong>Domini</strong></span> <span class='ocrx_word' id='word_1_784' title='bbox 2286 5273 2357 5330; x_wconf 89' lang='lat' dir='ltr'><strong>ad</strong></span> <span class='ocrx_word' id='word_1_785' title='bbox 2397 5288 2488 5331; x_wconf 91' lang='lat' dir='ltr'><strong>me</strong></span> <span class='ocrx_word' id='word_1_786' title='bbox 2539 5273 2738 5331; x_wconf 90' lang='lat' dir='ltr'><strong>dicens</strong></span> <span class='ocrx_word' id='word_1_787' title='bbox 2773 5296 2786 5331; x_wconf 91' lang='lat'><strong>:</strong></span> <span class='ocrx_word' id='word_1_788' title='bbox 2820 5274 2964 5331; x_wconf 61' lang='lat' dir='ltr'><strong>Ecce</strong></span> <span class='ocrx_word' id='word_1_789' title='bbox 3003 5274 3305 5334; x_wconf 87' lang='lat' dir='ltr'><strong>Ananehel</strong></span> <span class='ocrx_word' id='word_1_790' title='bbox 3347 5276 3706 5353; x_wconf 89' lang='lat' dir='ltr'><strong>[Anamehel]</strong></span> 
     </span>
    </p>
   </div>
   <div class='ocr_carea' id='block_1_116' title="bbox 2004 5362 3710 5437">
    <p class='ocr_par' dir='ltr' id='par_1_116' title="bbox 2004 5362 3710 5437">
     <span class='ocr_line' id='line_1_116' title="bbox 2004 5362 3710 5437; baseline 0.005 -16"><span class='ocrx_word' id='word_1_791' title='bbox 2004 5364 2168 5423; x_wconf 90' lang='lat' dir='ltr'><strong>ﬁlius</strong></span> <span class='ocrx_word' id='word_1_792' title='bbox 2196 5362 2352 5423; x_wconf 91' lang='lat' dir='ltr'><strong>Sella</strong></span> <span class='ocrx_word' id='word_1_793' title='bbox 2382 5363 2660 5436; x_wconf 89' lang='lat' dir='ltr'><strong>patruelis</strong></span> <span class='ocrx_word' id='word_1_794' title='bbox 2696 5363 2781 5421; x_wconf 91' lang='lat' dir='ltr'><strong>tui</strong></span> <span class='ocrx_word' id='word_1_795' title='bbox 2815 5364 3010 5423; x_wconf 90' lang='lat' dir='ltr'><strong>veniet</strong></span> <span class='ocrx_word' id='word_1_796' title='bbox 3043 5367 3116 5424; x_wconf 91' lang='lat' dir='ltr'><strong>ad</strong></span> <span class='ocrx_word' id='word_1_797' title='bbox 3168 5374 3221 5425; x_wconf 92' lang='lat' dir='ltr'><strong>te</strong></span> <span class='ocrx_word' id='word_1_798' title='bbox 3243 5414 3256 5437; x_wconf 91' lang='lat'><strong>,</strong></span> <span class='ocrx_word' id='word_1_799' title='bbox 3292 5366 3489 5427; x_wconf 90' lang='lat' dir='ltr'><strong>dicens</strong></span> <span class='ocrx_word' id='word_1_800' title='bbox 3522 5386 3533 5425; x_wconf 94' lang='lat'><strong>:</strong></span> <span class='ocrx_word' id='word_1_801' title='bbox 3569 5370 3710 5429; x_wconf 88' lang='lat' dir='ltr'><strong>Eme</strong></span> 
     </span>
    </p>
   </div>
   <div class='ocr_carea' id='block_1_117' title="bbox 2004 5454 3707 5527">
    <p class='ocr_par' dir='ltr' id='par_1_117' title="bbox 2004 5454 3707 5527">
     <span class='ocr_line' id='line_1_117' title="bbox 2004 5454 3707 5527; baseline 0.004 -16"><span class='ocrx_word' id='word_1_802' title='bbox 2004 5454 2110 5512; x_wconf 93' lang='lat' dir='ltr'><strong>tibi</strong></span> <span class='ocrx_word' id='word_1_803' title='bbox 2138 5469 2350 5527; x_wconf 89' lang='lat' dir='ltr'><strong>agrum</strong></span> <span class='ocrx_word' id='word_1_804' title='bbox 2389 5468 2607 5521; x_wconf 88' lang='lat' dir='ltr'><strong>meum,</strong></span> <span class='ocrx_word' id='word_1_805' title='bbox 2632 5454 2734 5527; x_wconf 90' lang='lat' dir='ltr'><strong>qui</strong></span> <span class='ocrx_word' id='word_1_806' title='bbox 2779 5460 2865 5512; x_wconf 91' lang='lat' dir='ltr'><strong>est</strong></span> <span class='ocrx_word' id='word_1_807' title='bbox 2912 5455 2979 5513; x_wconf 88' lang='lat' dir='ltr'><strong>in</strong></span> <span class='ocrx_word' id='word_1_808' title='bbox 3031 5458 3325 5517; x_wconf 88' lang='lat' dir='ltr'><strong>Anathoth</strong></span> <span class='ocrx_word' id='word_1_809' title='bbox 3359 5477 3373 5527; x_wconf 91' lang='lat'><strong>;</strong></span> <span class='ocrx_word' id='word_1_810' title='bbox 3404 5458 3506 5517; x_wconf 88' lang='lat' dir='ltr'><strong>tibi</strong></span> <span class='ocrx_word' id='word_1_811' title='bbox 3550 5461 3707 5517; x_wconf 88' lang='lat' dir='ltr'><strong>enim</strong></span> 
     </span>
    </p>
   </div>
   <div class='ocr_carea' id='block_1_118' title="bbox 2001 5543 3706 5619">
    <p class='ocr_par' dir='ltr' id='par_1_118' title="bbox 2001 5543 3706 5619">
     <span class='ocr_line' id='line_1_118' title="bbox 2001 5543 3706 5619; baseline 0.003 -16"><span class='ocrx_word' id='word_1_812' title='bbox 2001 5544 2270 5618; x_wconf 89' lang='lat' dir='ltr'><strong>competit</strong></span> <span class='ocrx_word' id='word_1_813' title='bbox 2297 5559 2371 5602; x_wconf 81' lang='lat' dir='ltr'><strong>ex</strong></span> <span class='ocrx_word' id='word_1_814' title='bbox 2392 5543 2840 5618; x_wconf 88' lang='lat' dir='ltr'><strong>propinquitate,</strong></span> <span class='ocrx_word' id='word_1_815' title='bbox 2865 5552 2931 5605; x_wconf 92' lang='lat' dir='ltr'><strong>ut</strong></span> <span class='ocrx_word' id='word_1_816' title='bbox 2950 5560 3109 5604; x_wconf 89' lang='lat' dir='ltr'><strong>emas</strong></span> <span class='ocrx_word' id='word_1_817' title='bbox 3126 5562 3263 5607; x_wconf 91' lang='lat' dir='ltr'><strong>eum</strong></span> <span class='ocrx_word' id='word_1_818' title='bbox 3283 5552 3414 5618; x_wconf 79' lang='lat' dir='ltr'><strong>(Jer.</strong></span> <span class='ocrx_word' id='word_1_819' title='bbox 3447 5555 3706 5619; x_wconf 55' lang='lat' dir='ltr'><strong>XXXII)»</strong></span> 
     </span>
    </p>
   </div>
   <div class='ocr_carea' id='block_1_119' title="bbox 2005 5632 3708 5715">
    <p class='ocr_par' dir='ltr' id='par_1_119' title="bbox 2005 5632 3708 5715">
     <span class='ocr_line' id='line_1_119' title="bbox 2005 5632 3708 5715; baseline 0.004 -23"><span class='ocrx_word' id='word_1_820' title='bbox 2005 5634 2077 5693; x_wconf 92' lang='lat' dir='ltr'><strong>Et</strong></span> <span class='ocrx_word' id='word_1_821' title='bbox 2120 5633 2294 5708; x_wconf 81' lang='lat' dir='ltr'><strong>paulo</strong></span> <span class='ocrx_word' id='word_1_822' title='bbox 2344 5640 2471 5709; x_wconf 90' lang='lat' dir='ltr'><strong>post</strong></span> <span class='ocrx_word' id='word_1_823' title='bbox 2501 5632 2698 5694; x_wconf 88' lang='lat' dir='ltr'><strong>subdit</strong></span> <span class='ocrx_word' id='word_1_824' title='bbox 2728 5658 2740 5692; x_wconf 89' lang='lat'>:</span> <span class='ocrx_word' id='word_1_825' title='bbox 2776 5658 2798 5687; x_wconf 79' lang='grc' dir='ltr'>ι</span> <span class='ocrx_word' id='word_1_826' title='bbox 2832 5634 3102 5696; x_wconf 83' lang='lat' dir='ltr'><strong>Intellexi</strong></span> <span class='ocrx_word' id='word_1_827' title='bbox 3146 5644 3341 5699; x_wconf 81' lang='lat' dir='ltr'><strong>autem</strong></span> <span class='ocrx_word' id='word_1_828' title='bbox 3382 5638 3536 5715; x_wconf 88' lang='lat' dir='ltr'><strong>quod</strong></span> <span class='ocrx_word' id='word_1_829' title='bbox 3577 5653 3708 5701; x_wconf 85' lang='lat' dir='ltr'><strong>ver-</strong></span> 
     </span>
    </p>
   </div>
  </div>
