4078 6202
304 264 409 325 323
562 270 563 277 “
823 269 881 327 S.
926 266 1148 330 PETRI
1188 264 1511 327 DAMIANI
1549 266 1706 327 OPP.
1749 264 1942 327 PARS
1985 263 2124 326 SEU
2166 264 2420 327 TOMUS
2458 266 2505 326 Ι.
2548 300 2615 312 -
2657 269 2893 330 EPIST.
2939 266 3080 330 LIB.
3123 270 3278 332 VIII.
3702 266 3807 338 324

298 391 442 451 bum
481 393 713 454 Domini
749 402 916 466 esset,
947 402 1004 454 et
1031 396 1148 454 emi
1185 408 1391 468 agrum
1427 394 1500 452 ab
1538 393 1838 453 Ananehel
1881 391 2064 454 ﬁlioA
2088 391 2282 467 plebes
2325 395 2701 456 sacularibus
2745 397 3013 469 tradunt;
3072 397 3113 455 ii
3151 399 3432 459 nimirum
3483 408 3639 461 tanto
3673 420 3808 478 gra-

300 482 572 554 patruelis
617 483 753 554 mei,
800 482 902 557 qui
944 489 1029 541 est
1072 483 1131 540 in
1187 483 1503 552 Anathoth,
1563 488 1619 539 et
1669 481 1915 557 appendi
1955 482 2009 541 ei
2088 484 2223 541 vius
2264 484 2616 558 delinquunt
2669 492 2883 559 quanto
2937 492 2994 544 et
3036 486 3405 560 sacrilegium
3449 492 3811 552 committere

298 578 706 644 argumentum
760 578 976 645 septem
1027 577 1260 628 stateres
1310 579 1365 628 et
1432 571 1632 629 decem
1710 576 2007 643 argenteos
2085 573 2534 645 convincuntur,
2566 575 2704 648 quia
2756 580 2811 632 et
2849 583 3044 633 sancta
3073 574 3403 648 profanant,
3437 585 3493 635 et
3526 578 3634 650 his,
3671 582 3807 653 qui-

300 663 510 732 (Jerem.
543 661 752 731 xxxn).
788 682 815 711 »
843 661 985 718 Ecce
1010 676 1185 733 quam
1214 658 1405 729 exilis,
1427 677 1599 734 quam
1632 676 1848 734 parvus
1872 676 2008 733 ager
2088 663 2197 722 bus
2248 664 2413 737 quasi
2461 665 2809 724 beneficium
2854 674 3230 741 prarogatur,
3264 684 3553 728 venenum
3596 670 3809 731 lethale

297 750 393 809 ille
429 752 607 809 fuisse
638 752 1027 825 perpenditur,
1059 758 1124 809 ut
1158 751 1354 809 decem
1393 750 1678 809 duntaxat
1721 750 2008 825 argenteis
2088 752 2411 825 propinant.
2448 752 2597 822 Quid
2646 763 2729 812 est
2770 755 2929 812 enim
2979 754 3231 815 decimas
3278 756 3340 814 in
3393 773 3568 817 usum
3613 777 3808 820 sacu-

301 848 355 898 et
398 848 614 914 septem
651 840 957 899 stateribus
993 848 1298 910 emeretur,
1338 848 1392 898 et
1430 848 1619 899 tamen
1661 857 1836 915 super
1873 856 2007 899 eum

300 927 545 985 verbum
572 926 805 985 Domini
830 926 899 984 ad
924 943 983 985 se
1025 928 1238 987 factum
1271 928 1540 1002 prOpheta
1573 936 1829 987 testatur.
1861 929 2007 987 Nam

297 1024 351 1073 et
381 1017 570 1074 eidem
607 1016 875 1075 Jeremia
909 1017 1051 1075 tanti
1092 1018 1203 1075 fuit
1230 1017 1474 1090 agellus,
1501 1026 1568 1076 ut
1602 1017 1673 1075 de
1706 1034 1772 1076 eo
1810 1018 1960 1076 dicat
1990 1034 2002 1072 :

302 1129 321 1156 α
354 1104 422 1164 Et
471 1098 671 1180 scripsi
723 1106 783 1163 in
827 1105 994 1178 libro,
1042 1115 1097 1164 et
1142 1107 1393 1181 signavi,
1433 1115 1489 1166 et
1526 1108 1771 1168 adhibui
1817 1115 2006 1178 testes,

296 1204 351 1253 et
400 1195 649 1269 appendi
697 1202 999 1269 argentum
1048 1196 1107 1253 in
1163 1203 1389 1267 statera,
1430 1204 1483 1253 et
1539 1198 1731 1272 accepi
1792 1197 2008 1255 librum

298 1285 672 1359 possessionis
699 1285 1011 1358 signatura,
1047 1284 1471 1358 stipulationes,
1502 1294 1557 1345 et
1594 1294 1713 1344 rata
1752 1295 1807 1344 et
1841 1287 2007 1359 signa

297 1376 616 1435 forinsecus
654 1377 837 1446 (Ibid.)
870 1400 883 1433 :
932 1402 956 1424 ι»
994 1383 1049 1433 et
1087 1375 1202 1434 alia
1238 1376 1404 1449 plura
1439 1392 1572 1449 qua
1608 1378 1703 1433 hic
1735 1379 2009 1436 adnotare

296 1464 716 1539 postponimus,
768 1481 842 1522 ne
895 1464 1190 1522 fastidium
1246 1465 1570 1537 legentibus
1652 1465 2006 1541 ingeramus.

297 1553 450 1612 Dum
482 1568 621 1626 ergo
667 1560 781 1610 tam
826 1568 1002 1625 parva
1037 1552 1317 1625 possessio
1360 1570 1393 1610 a
1439 1554 1715 1626 propheta
1751 1561 1867 1612 tam
1915 1571 2008 1613 so-

297 1640 566 1698 lemniter
600 1641 833 1710 emitur,
864 1648 926 1698 ut
964 1641 1138 1699 etiam
1175 1640 1395 1699 divina
1429 1642 1583 1700 vocis
1612 1643 1842 1700 oraculo
1867 1659 2009 1715 pra—

2088 842 2299 901 larium
2328 850 2570 916 vertere,
2600 844 2715 903 nisi
2764 845 3129 905 mortiferum
3173 847 3258 905 eis
3298 847 3480 919 virus,
3513 866 3631 923 quo
3671 867 3803 924 per-

2088 941 2219 990 eant
2250 979 2264 1002 ,
2316 932 2660 991 exhibere?
2706 933 2837 992 Huc
2889 934 3107 993 accedit
3159 936 3313 1009 quod
3368 946 3423 996 et
3482 938 3809 1012 plebesanis

2082 1023 2238 1095 justa
2263 1020 2431 1078 datur
2458 1022 2697 1093 occasio,
2731 1030 2794 1080 ut
2845 1023 3181 1082 matricibus
3227 1024 3348 1082 suis
3384 1025 3637 1086 ecclesiis
3665 1029 3808 1087 obe-

2088 1109 2365 1167 dientiam
2406 1110 2771 1182 subtraham,
2802 1117 2867 1169 ut
2899 1126 3013 1169 non
3041 1112 3125 1170 eis
3150 1113 3410 1187 legitima
3447 1114 3808 1176 decimarum

2090 1198 2303 1256 tributa
2326 1199 2695 1270 persolvant;
2734 1206 2790 1257 et
2822 1201 2947 1258 hac
2978 1215 3177 1259 revera
3213 1208 3350 1260 sunt
3386 1204 3614 1277 egregia
3651 1206 3807 1264 dona

2089 1286 2396 1358 pontificis,
2448 1288 2664 1359 quibus
2703 1288 2987 1345 nimirum
3024 1290 3209 1347 honor
3246 1290 3503 1349 ecclesiis
3543 1292 3804 1362 tollitur;

2088 1375 2368 1448 accipient
2406 1376 2563 1451 quod
2602 1376 2772 1435 datur
2808 1376 2871 1434 in
2901 1377 3218 1450 perniciem
3258 1379 3520 1450 vertitur,
3555 1381 3809 1455 populus

2088 1481 2122 1521 a
2172 1465 2484 1523 Christiani
2514 1465 2664 1524 ritus
2699 1465 3028 1524 obedientia
3068 1476 3390 1527 revocatur.
3432 1469 3524 1528 Ab
3558 1470 3651 1529 his
3693 1470 3810 1529 ita—

2089 1572 2202 1630 que
2250 1556 2544 1628 sacrilegis
2596 1556 2765 1614 donis
2795 1602 2810 1625 ,
2865 1557 3237 1616 dilectissime
3295 1560 3505 1631 frater,
3561 1564 3805 1621 manum

2090 1645 2313 1703 retrahe
2342 1688 2355 1715 ,
2408 1644 2481 1702 ab
2527 1644 2617 1703 his
2678 1645 2935 1716 nefariis,
2991 1648 3364 1721 profanisque
3418 1652 3809 1711 contractibus

299 1731 539 1800 dicatur,
571 1730 846 1805 qualibet
873 1731 1239 1789 ecclesiastici
1266 1731 1416 1806 juris
1454 1731 1759 1790 hareditas
1795 1739 2069 1805 quantoB
2093 1742 2262 1793 cauta
2304 1749 2528 1807 semper
2567 1750 2634 1791 ac
2680 1734 3125 1808 diligentissima
3179 1743 3232 1794 te
3278 1738 3606 1810 provisione
3652 1755 3810 1799 com-

300 1821 371 1877 ad
413 1819 782 1878 vendendum
826 1820 995 1878 debet
1050 1836 1173 1878 esse
1219 1820 1440 1889 terrori,
1470 1836 1543 1877 ex
1583 1836 1701 1892 qua
1746 1820 2014 1880 videlicet

302 1916 564 1976 Christus
600 1916 661 1973 in
697 1914 819 1974 suis
856 1915 1022 1973 debet
1062 1914 1461 1987 indigentibus
1498 1915 1863 1972 sustentari?
1902 1913 2012 1973 Sed

300 2006 442 2080 quid
492 2006 563 2063 de
606 2005 941 2065 venditione
976 2002 1327 2077 loquimur?
1371 2020 1506 2063 cum
1552 2019 1668 2062 non
1716 2003 1885 2062 modo
1924 2020 2010 2074 ea.

303 2112 439 2169 qua
493 2098 932 2170 emphyteuseos
986 2101 1123 2152 sunt
1170 2093 1352 2152 locata
1401 2101 1717 2163 contractu,
1749 2093 1841 2151 vel
1881 2094 2014 2166 jure

297 2184 669 2258 proveniunt,
700 2185 822 2242 sive
851 2184 1024 2241 etiam
1055 2198 1190 2256 qua
1222 2180 1505 2239 libellario
1543 2181 1777 2240 nomine
1814 2181 2011 2254 pensi-

304 2281 515 2346 tantur,
549 2274 646 2333 sed
675 2273 774 2331 illa
808 2290 1058 2347 quoque,
1098 2288 1232 2347 qua
1262 2273 1373 2331 sub
1402 2272 1558 2330 nudo
1603 2271 1866 2330 beneﬁcii
1908 2287 2010 2330 vo-

303 2364 509 2423 cabulo
566 2363 869 2423 saculares
926 2363 1265 2436 accipiunt,
1315 2360 1572 2418 revocari
1627 2361 1698 2418 de
1751 2366 1958 2418 catero
1994 2402 2011 2430 ,

303 2460 477 2526 atque
549 2452 775 2510 restitui
831 2452 1085 2510 ecclesiis
1139 2450 1303 2508 nullo
1355 2449 1526 2507 modo
1582 2448 1875 2522 possunt?
1929 2449 2015 2507 Ita

304 2542 518 2616 quippe
545 2557 756 2599 manus
783 2540 1182 2613 diripientium
1216 2537 1517 2596 diabolica
1562 2537 1802 2596 tenacia
1830 2537 2015 2611 gluti-

308 2629 401 2686 nis
432 2629 812 2701 inviscantur,
857 2636 922 2687 ut
953 2627 1212 2702 quolibet
1246 2626 1417 2685 modo
1455 2626 1629 2686 semel
1667 2627 2012 2700 acceperint,

303 2717 559 2776 ecclesiis
596 2717 835 2776 reddere
876 2732 984 2775 sua
1023 2716 1176 2774 bona
1222 2714 1557 2773 nullatenus
1601 2715 1966 2789 acquiescant
1995 2733 2012 2787 ;

304 2815 359 2865 et
402 2823 515 2865 non
560 2808 733 2865 modo
773 2806 903 2879 ipsi,
955 2805 1097 2863 dum
1143 2804 1372 2873 vivunt,
1431 2804 1806 2877 proprietario
1846 2805 2016 2877 quasi

299 2896 431 2969 jure
457 2896 803 2970 possideant,
838 2894 934 2952 sed
967 2894 1029 2951 in
1059 2899 1310 2967 posteros
1348 2892 1439 2950 sui
1476 2892 1757 2963 germinis
1786 2894 2016 2952 eminus

301 2984 646 3056 possidenda
725 2984 1151 3042 transmittant.
1231 2980 1440 3040 Petunt
1520 2981 1625 3039 tibi
1710 2981 2017 3041 saculares

303 3074 685 3133 ecclesiastica
731 3074 968 3148 pradia,
1018 3074 1379 3147 importunos
1429 3088 1489 3130 se
1533 3072 1826 3160 ingerunt,
1878 3088 2078 3160 sup-C

304 3162 579 3235 plicantes
628 3162 947 3232 insistunt,
1001 3168 1058 3219 et
1132 3176 1249 3218 non
1330 3160 1439 3219 sub
1507 3159 2017 3233 astipulationibus

274 3252 665 3333 'monimenti,
695 3253 795 3311 sed
835 3258 1059 3311 tantum
1092 3253 1235 3310 forte
1276 3249 1510 3308 nomine
1540 3250 1829 3322 beneficii,
1858 3251 2012 3323 quod

299 3345 500 3415 utique
527 3342 883 3402 tantumdem
911 3351 1017 3414 est,
1045 3359 1112 3401 ac
1141 3342 1189 3399 si
1216 3341 1585 3399 adamantino
1624 3340 1773 3414 stylo
1802 3340 2013 3398 tabulis

302 3432 466 3490 areis
518 3432 926 3491 scriberentur.
981 3431 1240 3491 Veniunt
1279 3431 1473 3504 itaque
1518 3429 1591 3487 ad
1634 3437 1705 3501 te,
1758 3428 2012 3488 dicentes

302 3534 437 3579 cum
465 3521 667 3579 Achab
698 3536 832 3594 rege
873 3519 1152 3580 Samaria
1182 3544 1194 3577 :
1231 3544 1252 3572 ι
1292 3520 1368 3577 Da
1396 3519 1542 3577 mihi
1570 3518 1801 3577 vineam
1830 3526 2009 3589 tuam,

300 3614 368 3666 ut
392 3608 602 3667 faciam
642 3608 789 3667 mihi
838 3595 1073 3668 borium
1123 3608 1372 3679 olerum,
1400 3609 1539 3681 quia
1582 3606 1775 3666 vicina
1822 3615 1927 3677 est,
1956 3614 2011 3665 et

300 3712 474 3770 prope
526 3698 766 3758 domum
820 3713 1009 3757 meam
1066 3701 1162 3770 (III
1212 3701 1345 3767 Reg.
1400 3698 1552 3768 XXI).
1608 3719 1633 3746 ιι
1717 3696 1806 3755 Tu
1876 3711 2011 3754 cum

305 3785 531 3843 Naboth
576 3787 872 3846 Jezraelite
922 3795 1129 3859 prasto
1169 3787 1448 3859 responde
1479 3811 1492 3845 :
1529 3811 1557 3835 τι
1605 3786 1894 3860 Propitius
1939 3785 2012 3845 sit

304 3871 448 3930 mihi
478 3874 782 3945 Dominus,
811 3890 885 3933 ne
910 3875 1042 3934 dem
1066 3875 1463 3934 hareditatem
1492 3883 1720 3949 patrum
1745 3889 2009 3934 meorum

296 3961 401 4020 tibi
433 3965 642 4038 (tua).
672 3990 700 4015 »ι

370 4056 653 4116 Praterea
716 4074 831 4116 non
875 4058 1107 4133 ignoras
1152 4057 1308 4132 quia,
1334 4073 1470 4117 cum
1519 4075 1553 4118 a
1598 4059 2012 4134 paenitentibus

296 4152 475 4203 terras
513 4145 849 4217 accipimus,
884 4148 1054 4219 juxta
1112 4163 1448 4206 mensuram
1486 4149 1750 4207 muneris
1802 4149 1886 4207 eis
1940 4149 2012 4207 de

299 4235 616 4306 quantitate
634 4235 993 4307 poenitentia
1018 4238 1369 4307 relaxamus,
1397 4234 1537 4293 125
1558 4238 1705 4297 sicut
1731 4238 2008 4312 scriptum

303 4329 387 4381 est
438 4345 450 4380 :
503 4326 725 4379 Divitia
775 4327 1036 4390 hominis,
1090 4328 1388 4398 redemptio
1441 4329 1558 4397 ejus
1616 4332 1795 4395 (Prov.
1855 4332 2006 4397 XIII).

312 4410 605 4486 Perpende
637 4412 837 4487 igitur,
874 4423 928 4474 et
969 4431 1225 4488 congrua
1261 4417 1482 4476 ratione
1519 4417 1815 4476 considera
1850 4417 2009 4490 quia,

301 4500 449 4560 sicut
476 4501 527 4560 is
556 4503 655 4577 qui
695 4503 913 4577 pradia
938 4504 1154 4577 prabet
1195 4506 1469 4575 ecclesiis,
1503 4506 1861 4580 poenitentia
1891 4520 2014 4564 sua

302 4589 551 4662 pondere
608 4591 812 4652 merito
869 4593 1190 4665 levigatur,
1253 4594 1336 4652 sic
1394 4593 1495 4652 ille
1546 4595 1648 4668 qui
1698 4593 2004 4661 subtrahit,

297 4680 617 4739 subeunda
656 4682 1013 4755 panitentia
1050 4684 1226 4755 digna
1270 4684 1423 4743 mole
1464 4684 1824 4759 deprimitur.
1862 4684 2008 4741 Nam

298 4770 346 4828 si
402 4772 565 4831 dator
623 4773 964 4846 absolvitur,
1016 4791 1377 4850 consequens
1434 4784 1519 4833 est
1577 4781 1643 4833 ut
1697 4782 2010 4848 prareptor

302 4860 555 4921 vinculis
608 4862 922 4923 innodetur
951 4911 969 4936 ,
1024 4872 1293 4939 tantoque
1352 4866 1447 4922 hic
1500 4865 1691 4922 debito
1748 4871 2012 4924 teneatur

302 4949 594 5010 obnoxius
663 4960 882 5024 quanto
954 4952 1053 5011 ille
1124 4969 1239 5011 non
1300 4952 1618 5025 ambigitur
1692 4951 2010 5013 absolutus.

312 5040 587 5116 Quisquis
636 5042 814 5112 igitur
859 5044 1226 5101 ecclesiastici
1278 5042 1546 5101 territorii
1595 5042 1869 5116 prodigus
1906 5049 2012 5114 est,

312 5136 391 5187 tot
438 5131 498 5187 in
550 5146 738 5189 unum
784 5140 959 5206 caput
998 5133 1150 5191 mala
1202 5140 1576 5191 concurrunt.
1617 5132 1683 5190 In
1719 5132 2016 5191 tremendo

316 5232 573 5292 namque
617 5219 722 5279 Dei
763 5222 987 5294 judicio
1029 5223 1237 5295 sancti,
1270 5238 1517 5297 quorum
1562 5224 1746 5307 honor
1787 5224 2019 5283 clerico-

318 5323 449 5367 rum
476 5317 721 5381 egestate
755 5312 1063 5384 minuitur,
1093 5313 1438 5386 irascuntur,
1469 5328 1765 5389 pauperes,
1798 5314 2014 5388 vidua,

306 5396 535 5471 pupilli,
587 5400 832 5474 quilibet
879 5402 1129 5476 hospites
1177 5404 1346 5463 famis
1387 5420 1447 5463 se
1485 5404 1675 5476 gladio
1719 5405 2019 5463 clamitant

314 5484 708 5561 interemptos.
750 5490 850 5549 Sic
885 5492 1226 5567 multiplicis
1264 5493 1563 5553 homicidii
1596 5509 1730 5554 reus
1757 5494 1869 5553 erit
1912 5494 2019 5570 qui

322 5575 669 5651 sanguinem
723 5578 869 5636 forte
913 5592 1219 5654 nunquam
1276 5580 1443 5641 fudit.
1500 5581 1654 5642 Sunt
1703 5581 1881 5641 etiam.
1914 5581 2018 5657 qui

2029 4463 2079 4523 D

2092 1839 2276 1897 pesce.
2332 1821 2499 1880 Prius
2545 1822 2789 1892 animas,
2852 1823 2956 1882 tibi
2996 1824 3358 1895 commissas;
3380 1826 3590 1886 deinde
3629 1830 3805 1888 etiam

2096 1911 2390 1972 facultates
2440 1910 2700 1970 ecclesia
2760 1919 2876 1970 tam
2917 1913 3186 1987 pervigili
3222 1929 3447 1989 semper
3486 1920 3808 1976 attentione

2094 2001 2350 2076 guberna
2390 2009 2453 2060 ut
2491 2002 2674 2061 stadio
2718 2002 2805 2061 tui
2846 2003 3137 2062 villicatus
3190 2019 3444 2077 emenso,
3482 2021 3621 2077 non,
3650 2007 3807 2081 quod

2090 2090 2257 2159 absit,
2307 2090 2564 2149 ecclesia
2612 2090 2936 2165 dissipator,
2996 2092 3095 2150 sed
3139 2092 3384 2151 celebris
3437 2094 3609 2152 fama
3647 2098 3809 2154 testi-

2092 2178 2289 2236 monio
2328 2185 2523 2237 custos
2565 2178 2774 2237 dicaris
2822 2187 2879 2238 et
2925 2187 3130 2253 pastor.
3181 2180 3448 2253 Obsecro,
3498 2183 3690 2253 frater,
3734 2200 3812 2241 ne

2090 2266 2329 2338 gravius
2354 2267 2457 2325 tibi
2488 2267 2755 2326 videatur
2784 2268 2891 2326 ista
2926 2269 3229 2342 correptio.
3263 2270 3409 2329 Nam
3446 2272 3582 2345 quia
3612 2281 3813 2332 nostro

2091 2355 2282 2415 studio
2355 2364 2406 2414 te
2480 2364 2811 2429 provectum
2868 2358 2940 2415 ad
2991 2358 3355 2432 episc0patus
3407 2360 3629 2432 apicem
3688 2377 3810 2420 non

2092 2445 2340 2519 ignoras,
2377 2445 2621 2519 dignum
2650 2454 2754 2515 est,
2787 2454 2850 2505 ut
2879 2447 3029 2505 sicut
3058 2450 3488 2521 provehentem,
3524 2450 3606 2507 ita
3648 2450 3811 2508 nihi-

2097 2532 2348 2592 lominus
2418 2542 2473 2592 et
2523 2534 2965 2607 redarguentem
3029 2536 3341 2609 aliquando
3400 2538 3815 2611 aquanimiter

2094 2624 2262 2681 feras.
2301 2622 2446 2681 Nam
2477 2627 2533 2679 et
2559 2622 2684 2695 ipse
2711 2623 2993 2682 Dominus
3023 2624 3262 2683 Petrum
3293 2627 3610 2685 universali
3639 2629 3811 2700 prius

2096 2711 2369 2771 Ecclesia
2414 2712 2686 2784 pratulit,
2745 2713 2955 2771 deinde
3001 2715 3165 2787 gravi
3204 2716 3668 2789 reprehensionis
3708 2716 3812 2773 in-

2095 2800 2355 2860 vectione
2400 2800 2672 2874 pulsavit.
2724 2802 2872 2860 Nam
2913 2819 3047 2862 cum
3090 2804 3301 2865 diceret
3346 2825 3359 2864 :
3410 2829 3438 2859 ει
3478 2804 3610 2863 Tibi
3654 2804 3810 2863 dabo

2096 2893 2285 2949 claves
2356 2891 2521 2963 regni
2597 2891 2898 2964 calorum,
2962 2899 3017 2951 et
3066 2894 3463 2969 quodcunque
3512 2893 3808 2967 ligaveris,

2097 2978 2220 3037 sive
2261 2978 2502 3037 solveris
2548 2995 2722 3053 super
2767 2986 2996 3051 terram,
3023 2981 3299 3054 ligabitur
3337 2990 3393 3041 et
3434 2982 3691 3040 solvetur
3743 2982 3810 3038 in

2102 3066 2264 3126 calis
2286 3068 2501 3140 (Matth.
2531 3070 2657 3141 XVI)
2683 3087 2702 3139 ;
2738 3092 2759 3123 ι
2793 3070 2967 3142 paulo
2987 3077 3113 3143 post
3141 3086 3278 3129 eum
3309 3077 3427 3129 tam
3440 3078 3666 3130 austere
3688 3086 3813 3131 cor-

2102 3157 2299 3230 ripuit,
2341 3163 2405 3215 ut
2446 3157 2655 3216 diceret
2701 3181 2713 3216 :
2761 3182 2783 3209 ιι
2823 3157 2980 3218 Vade
3016 3166 3143 3232 post
3188 3174 3301 3232 me,
3356 3159 3584 3231 Satana,
3635 3177 3809 3219 scan-

2098 3249 2298 3309 dalum
2325 3264 2386 3309 es
2416 3250 2583 3320 mihi,
2616 3249 2754 3323 quia
2784 3266 2899 3308 non
2929 3251 3085 3325 sapis
3115 3267 3181 3309 ea
3210 3266 3345 3324 qua
3384 3250 3485 3309 Dei
3514 3258 3669 3321 sunt,
3703 3252 3810 3309 sed

2098 3358 2164 3401 ea
2196 3359 2333 3416 qua
2374 3343 2702 3401 hominum.
2742 3364 2764 3394 ι
2812 3345 3003 3415 (Ibid)
3041 3343 3109 3401 In
3153 3358 3268 3418 quo
3322 3344 3601 3403 nimirum
3638 3344 3813 3402 nobis

2096 3432 2255 3491 dedit
2282 3432 2614 3506 exemplum
2641 3479 2657 3502 ,
2692 3439 2757 3491 ut
2783 3448 2928 3506 quos
2954 3433 3027 3490 ad
3059 3433 3295 3491 honoris
3322 3433 3554 3492 culmen
3587 3434 3808 3492 attolli-

2097 3536 2250 3592 mus,
2284 3521 2392 3580 sub
2435 3520 2758 3594 disciplina
2808 3536 3031 3594 semper
3062 3522 3390 3595 magisterio
3425 3521 3810 3593 refrenemus,

2097 3616 2154 3667 et
2175 3625 2249 3666 ne
2278 3608 2387 3682 ipsi
2423 3624 2491 3667 se
2527 3608 2892 3667 lenocinante
2917 3609 3145 3683 fastigio
3175 3609 3237 3667 in
3285 3609 3568 3683 superbia
3607 3616 3809 3683 tyran-

2096 3697 2291 3756 nidem
2327 3696 2571 3772 erigant,
2613 3698 2874 3771 magistri
2920 3714 3019 3758 eos
3066 3699 3344 3759 custodia
3380 3715 3507 3760 sua
3551 3699 3812 3759 calcibus

2096 3792 2377 3860 premant.

2670 3857 3035 3918 EPISTULA
3085 3859 3241 3919 XIII.

2476 3959 2554 4006 AD
2581 3958 2642 4005 V.
2674 3959 2994 4007 EPISCOPUM
3036 3961 3424 4010 SABSINATEM.

2096 4042 2546 4121 AnGUMENTUM.
2575 4073 2641 4084 -
2664 4041 3243 4121 Sarsinatiepiscopo
3268 4046 3482 4121 gratias
3506 4046 3623 4118 agit
3650 4044 3809 4119 quod

2162 4114 2443 4184 juvenem
2468 4114 2780 4185 quemdam
2809 4114 3104 4188 praclara
3132 4114 3364 4187 indolis,
3389 4117 3488 4176 sed
3507 4114 3643 4175 casu
3665 4114 3816 4190 pau-

2168 4194 2508 4321 perrimum,
2566 4190 2705 4247 126
2752 4210 2926 4268 quem
2976 4196 3097 4269 ipse
3143 4196 3229 4254 illi
3286 4197 3811 4266 commendaverat,

2194 4264 2416 4321 ibenter
2440 4265 2747 4321 amplexus
2772 4275 2917 4321 esset
2951 4275 3006 4321 et
3035 4269 3195 4321 omni
3234 4268 3594 4321 liberalitatis
3618 4265 3811 4321 ofﬁcio

2194 4264 2416 4322 ibenter
2440 4265 2747 4337 amplexus
2772 4264 2917 4324 esset
2951 4264 3018 4323 ρι’
3035 4269 3196 4325 omni
3234 4268 3594 4327 liberalitatis
3618 4264 3813 4325 ofﬁcio

2170 4337 2365 4413 fovere
2415 4350 2533 4413 n_9n
2585 4343 2848 4413 cessaret.
2905 4338 3190 4413 Hortatur,
3229 4347 3293 4397 ut
3339 4347 3535 4413 pergat
3567 4338 3813 4413 _de__eo,

2172 4407 2290 4465 imo
2329 4407 2400 4465 de
2436 4407 2573 4477 Deo,
2608 4409 2834 4481 pietatis
2871 4410 3142 4482 operibus
3178 4407 3601 4469 bene'méreri.
3632 4407 3815 4468 Obte-

2173 4484 2615 4553 staturquoque
2656 4488 2716 4536 ut
2752 4481 2923 4553 suam
2966 4481 3221 4553 salutem,
3243 4497 3359 4539 non
3404 4482 3815 4553 negligathec

2170 4550 2329 4607 velut
2349 4549 2612 4624 lethargo
2644 4550 2862 4623 sopitus
2895 4551 3095 4624 jaceat,
3132 4552 3229 4609 sed
3260 4553 3448 4610 ﬂuxas
3478 4549 3815 4610 mortalium

2172 4636 2320 4700 spes,
2347 4621 2775 4700 brevisSimum,
2802 4631 2855 4679 et
2886 4621 3095 4696 anceps
3125 4624 3259 4681 vita
3284 4625 3737 4700 proximumque
3757 4628 3818 4678 et

2169 4692 2557 4749 certissimum
2579 4692 2778 4767 mortis
2803 4692 3177 4766 tempus’ante
3199 4692 3395 4753 oculos
3415 4702 3585 4767 ponat
3605 4692 3814 4767 {eale-

2171 4771 2399 4845 stesque
2427 4770 2483 4821 et
2519 4764 2894 4845 sempiternas
2919 4763 3038 4845 ‘pro
3080 4763 3662 4845 terreniset'caducis
3697 4763 3818 4845 piis

2171 4833 2231 4891 in
2262 4833 2406 4891 calo
2432 4833 2656 4907 paratas
2682 4850 2818 4908 opes
2846 4833 3077 4895 assidua
3108 4837 3451 4909 cogitatione
3478 4833 3814 4895 meditetur.

2170 4949 2671 5010 Reverendissimo
2748 4952 3019 5012 Ecclesia
3075 4953 3381 5013 Sarsinatis
3438 4951 3677 5011 antistiti
3741 4949 3814 5008 V.

2105 5040 2336 5098 PETRUS
2375 5049 2655 5114 peccator,
2688 5042 2942 5100 debitam
2972 5044 3310 5102 servitutem
3349 5044 3412 5100 in
3455 5040 3698 5099 Christo.

2170 5128 2387 5201 Dignas
2425 5130 2549 5200 tibi,
2580 5138 2739 5204 pater
2787 5133 3145 5203 charissima,
3175 5133 3386 5206 gratias
3426 5132 3628 5199 refero,
3672 5128 3826 5200 quia

2106 5218 2525 5292 pauperculum
2555 5220 2731 5290 hunc,
2766 5236 2940 5294 quem
2971 5222 3044 5280 ad
3079 5229 3134 5279 te
3171 5222 3463 5289 miseram,
3488 5234 3590 5293 pro
3615 5230 3829 5277 amore

2104 5309 2316 5368 Christi
2364 5316 2421 5368 et
2464 5325 2592 5393 mea
2640 5311 2912 5371 cbaritate
2956 5313 3220 5372 alacriter
3265 5310 3602 5385 suscepisti;
3641 5316 3715 5379 et,
3749 5316 3829 5370 ut

2103 5416 2305 5461 revera
2361 5400 2713 5475 gubernator
2760 5418 3079 5478 pauperum
3127 5412 3183 5461 et
3229 5402 3583 5478 pupillorum
3625 5406 3825 5474 pater,

2105 5507 2279 5551 omne
2330 5489 2443 5548 sibi
2507 5490 2882 5553 humanitatis
2931 5500 2991 5551 et
3029 5491 3255 5566 pietatis
3296 5490 3553 5551 ofﬁcium
3602 5503 3830 5564 prato-

2096 5580 2270 5655 gasti.
2304 5578 2476 5640 Nunc
2517 5579 2731 5655 itaque,
2779 5580 3167 5653 dilectissime,
3220 5580 3604 5640 reverentiam
3648 5584 3827 5639 tuam
