4078 6202
190 292 294 352 325

1406 289 1632 351 LIBER
1672 289 2044 364 QUARTUS,
2092 291 2322 353 EPIST.
2367 293 2490 352 XV.

3599 296 3702 360 326

188 416 529 493 suppliciter
576 414 832 484 obsecro,
868 414 1074 487 perﬁce
1125 430 1258 489 qua)
1310 415 1550 489 cepisti,
1584 416 1777 489 planta
1836 416 1898 474 in
1915 416 1977 480 Α,
1993 417 2099 476 bus
2139 418 2415 491 cingitur,
2460 417 2810 479 habitamus.
2855 420 2959 480 His
3007 437 3141 495 ergo
3185 424 3364 495 portis
3401 435 3556 483 seras
3598 438 3703 498 ap-
3772 430 3777 435 ‘

189 507 354 563 horto
408 502 703 562 Ecclesiae
784 506 903 560 tua)
976 502 1324 576 surculum,
1378 519 1550 577 quem
1610 505 1685 563 ab
1748 505 1907 565 omni

190 594 439 654 humani
466 591 742 666 adjutorii
774 591 966 649 radice
994 593 1468 665 praecisum,sub
1499 594 1704 653 umbra
1734 595 1909 653 mise-

190 683 456 742 ricordiae
507 688 621 741 tuas
664 681 1089 753 absconditum,
1126 681 1272 739 mori
1332 698 1518 756 usque
1570 685 1739 742 modo
1794 700 1909 742 non

195 771 531 847 permisisti,
586 786 659 828 ne
700 786 875 845 quem
929 776 1047 829 tua:
1099 769 1325 842 pietatis
1374 771 1588 830 humor
1639 772 1711 830 ad
1765 779 1909 830 tem-

194 879 301 938 pus
331 868 543 933 servat,
565 869 742 921 aestus
772 863 1141 934 postmodum
1176 862 1414 920 veniens
1439 862 1637 933 nimim
1664 878 1908 937 pauper-

198 951 327 1009 tatis
365 957 516 1009 urat.
562 948 669 1009 Sed
713 966 815 1009 cur
845 965 949 1024 ego
992 949 1331 1025 magistrum
1370 951 1588 1010 doceo?
1635 952 1716 1010 sic
1762 952 1911 1011 circa

196 1042 365 1101 illum
393 1050 606 1115 satage,
635 1042 1032 1113 dilectissime,
1070 1056 1188 1099 non
1221 1047 1282 1100 ut
1311 1057 1438 1099 mea
1472 1040 1719 1101 balbutit
1746 1043 1911 1115 igna-

195 1134 287 1193 via
318 1140 533 1209 petere,
566 1133 664 1192 sed
693 1132 848 1190 sicut
877 1131 1214 1191 acutissima
1245 1138 1339 1192 tua
1366 1132 1670 1206 prudentia
1696 1134 1911 1191 animas

197 1238 320 1280 suae
338 1221 607 1297 providet
635 1222 929 1296 expedire.

262 1312 348 1370 De
406 1320 634 1382 caetero,
668 1311 1058 1382 dilectissime,
1091 1312 1224 1370 vide
1252 1311 1395 1383 quid
1426 1327 1582 1385 agas,
1615 1313 1913 1372 considam

194 1400 265 1458 ad
294 1415 479 1475 quem
515 1401 695 1458 ﬁnem
728 1401 853 1458 haec
884 1407 980 1459 tua
1010 1399 1399 1473 tranquillitas
1420 1401 1630 1460 tendat.
1660 1402 1705 1460 Ο
1736 1418 1913 1477 quam

196 1487 485 1546 miserum
532 1494 619 1546 est
662 1487 726 1546 in
777 1488 957 1561 hujus
1010 1486 1210 1547 saeculi
1264 1488 1634 1563 prosperitate
1691 1489 1915 1549 modico

196 1585 457 1653 tempore
498 1579 714 1651 vivere,
753 1586 809 1637 et
850 1579 922 1637 ad
968 1580 1173 1638 aeterni
1202 1579 1360 1652 ignis
1392 1579 1729 1640 incendium
1766 1597 1913 1654 quo-

198 1667 337 1725 tidie
369 1667 584 1727 clausis
634 1668 820 1727 oculis
865 1667 1029 1728 velut
1077 1668 1140 1726 in
1190 1668 1387 1728 lectica
1422 1672 1673 1743 positum
1709 1686 1911 1745 prope—

1996 507 2282 580 ponimus,
2329 507 2417 566 his
2465 508 2769 583 repagula,
2814 516 2998 568 vectes
3049 525 3116 568 ac
3158 511 3417 585 pessulos
3466 511 3704 570 adhibe-

1996 613 2146 668 mus,
2173 612 2309 655 cum
2340 613 2617 657 sensuum
2656 606 2983 658 nostrorum
3010 599 3202 659 aditus
3227 617 3260 657 a
3290 600 3446 659 vitiis
3478 602 3707 659 irruen-

1996 688 2147 745 tibus
2172 703 2236 745 ac
2260 687 2469 746 mundi
2494 687 2848 747 vanitatibus
2873 688 3115 746 sollicite
3136 690 3513 748 custodimus.
3541 690 3707 749 Tunc

1995 777 2152 835 enim
2199 784 2391 836 nostra
2436 777 2761 849 Pentapolis
2815 778 3126 835 incolumis
3174 779 3394 851 integra
3439 795 3705 851 perseve-

1994 874 2099 936 rat,
2128 883 2259 925 cum
2296 867 2419 926 suis
2460 873 2724 925 contenta
2772 866 3076 939 limitibus,
3106 882 3211 925 nec
3244 867 3317 925 ad
3348 868 3539 926 hostes
3578 868 3702 941 ipsa

1993 956 2308 1016 insolenter
2354 957 2667 1030 egreditur,
2701 971 2805 1013 nec
2844 956 2929 1013 eis
2977 956 3300 1029 irrumpere
3331 956 3707 1014 molientibus

1994 1048 2268 1120 aperitur,
2306 1054 2373 1106 ut
2426 1046 2691 1105 videlicet
2738 1060 2904 1103 mens
2952 1052 3142 1105 nostra
3186 1046 3251 1104 in
3300 1045 3511 1104 montis
3563 1044 3705 1103 Sion

1993 1154 2122 1196 arce
2160 1138 2497 1207 consistens,
2527 1152 2663 1211 quas
2714 1152 2947 1196 sursum
2999 1143 3137 1194 sunt
3182 1136 3421 1210 qhaarat,
3468 1152 3585 1193 non
3631 1133 3704 1193 ad

1994 1228 2243 1286 carnalis
2280 1227 2566 1285 illecebrm
2605 1227 2766 1284 ﬂuxa
2802 1226 3125 1285 descendat.
3169 1227 3260 1284 Ad
3295 1225 3456 1284 illam
3496 1225 3705 1283 Hieru-

1994 1318 2193 1389 salem,
2226 1333 2357 1392 quaa
2400 1331 2632 1375 sursum
2681 1320 2767 1373 est
2818 1315 3014 1388 libera,
3053 1322 3108 1373 et
3154 1320 3239 1372 est
3288 1320 3471 1372 mater
3515 1318 3709 1370 nostra

1996 1406 2265 1479 suspiret,
2299 1406 2463 1463 illam
2502 1421 2638 1463 vero
2685 1419 2819 1477 qua)
2869 1404 3065 1473 servit,
3096 1418 3234 1461 cum
3270 1401 3410 1459 ﬁliis
3449 1401 3572 1460 suis
3607 1400 3708 1457 de-

1996 1493 2243 1569 spiciens
2291 1495 2487 1553 calcet.
2530 1493 2809 1566 Alioquin
2867 1493 2916 1551 si
2966 1494 3028 1551 in
3092 1492 3305 1551 vallem
3360 1491 3705 1563 silvestrem,

1995 1599 2129 1657 quas
2179 1599 2336 1643 nunc
2372 1588 2457 1641 est
2508 1598 2667 1641 mare
2695 1582 2871 1654 salis,
2911 1582 2983 1640 ad
3032 1579 3547 1640 Gomorrhaaorum
3572 1592 3708 1652 pro-

1995 1674 2290 1748 grediatur
2328 1673 2692 1748 exemplum,
2726 1675 2833 1732 hoc
2856 1683 2959 1745 est,
2994 1675 3042 1732 si
3081 1674 3458 1733 infructuosae
3490 1672 3623 1729 vitas
3649 1684 3711 1728 se

199 1770 322 1813 rare
354 1759 398 1847 ι,
429 1755 573 1825 Quis
626 1756 753 1829 scit,
808 1772 985 1847 quam
1022 1757 1366 1847 propinqua
1415 1764 1500 1817 est
1556 1774 1731 1829 mors,
1780 1762 2059 1831 quaeBin
2113 1762 2232 1820 ima
2284 1761 2531 1835 dejiciat,
2588 1761 2637 1820 si
2697 1768 2938 1821 terrente
3000 1762 3298 1847 sapientim
3353 1757 3710 1831 salsuginem

201 1859 356 1903 nunc
383 1844 700 1918 improvisa
733 1844 894 1903 velut
925 1845 987 1902 in
1016 1844 1245 1904 insidiis
1276 1846 1476 1916 latitat,
1505 1860 1681 1919 quam
1720 1846 1914 1906 brevis

197 1929 347 1999 vita,
409 1946 544 2004 qua:
592 1931 987 1993 fraudulenter
1029 1933 1337 1991 blandiens
1389 1949 1674 2009 prospera-
1713 1942 1918 1995 cuncta

201 2022 515 2080 ministrat.
546 2020 659 2080 Sed
696 2024 835 2097 quia
877 2024 1031 2098 apud
1069 2024 1477 2096 sapientiorem
1504 2024 1635 2098 plus
1677 2026 1917 2084 forsitan

197 2113 361 2169 valeo
416 2112 705 2185 precando
758 2128 935 2186 quam
978 2113 1368 2187 pradicando,
1424 2114 1657 2172 obsecro
1713 2119 1784 2182 te,
1824 2114 1914 2172 di-

193 2202 514 2262 lectissime
575 2208 735 2275 pater
779 2209 834 2262 et
888 2202 1123 2262 domine
1152 2246 1191 2275 ,,
1225 2220 1326 2278 per
1384 2205 1585 2264 Jesum
1638 2204 1916 2272 excitare,

197 2294 621 2368 expergiscere,
674 2293 905 2367 evigila,
952 2293 1114 2366 aperi
1166 2293 1385 2363 oculos,
1435 2294 1653 2367 respice
1680 2294 1915 2365 coelum,

193 2390 249 2442 et
284 2400 395 2457 per
444 2391 835 2445 momentanze
888 2384 1184 2443 illusionis
1234 2383 1528 2444 somnium
1567 2401 1683 2445 non
1714 2385 1918 2459 perdas

196 2472 625 2546 sempiternum
706 2488 860 2531 verae
929 2472 1310 2533 beatitudinis
1374 2476 1700 2547 praemium.
1756 2474 1916 2549 Rogo

197 2560 381 2620 etiam
406 2562 479 2621 de
506 2560 847 2621 charissima
884 2567 939 2620 et
975 2561 1314 2621 dulcissimo
1350 2563 1525 2622 fratre
1562 2562 1813 2621 Henrico
1850 2567 1918 2621 ut

200 2666 342 2710 eum
393 2652 551 2725 apud
602 2658 654 2710 te
716 2651 877 2710 velut
919 2651 1327 2711 charissimum
1385 2651 1576 2711 lilium
1617 2658 1829 2723 teneas,
1859 2657 1917 2709 et

200 2754 469 2798 amorem
502 2739 614 2799 sibi
651 2746 905 2814 paternae
943 2740 1237 2800 charitatis
1273 2741 1595 2814 impendas,
1629 2748 1916 2816 quatenus

200 2844 539 2903 numquam
556 2828 726 2888 illum
755 2831 1032 2905 praeconii
1049 2830 1357 2904 laudisque
1377 2830 1665 2903 paeniteat,
1689 2847 1823 2905 quae
1844 2831 1916 2889 de

196 2923 272 2983 te,
304 2933 665 2992 quocunque
696 2917 845 2988 ierit,
875 2919 1089 2978 referre
1128 2934 1246 2978 non
1284 2925 1482 2978 cessat.
1515 2918 1674 2978 Bene
1701 2919 1921 2991 valeas,

202 3015 261 3064 et
300 3008 369 3064 in
419 3007 600 3066 sacris
641 3006 999 3067 orationibus
1042 3008 1156 3068 tuis
1188 3007 1306 3066 mei
1344 3009 1655 3081 peccatoris
1691 3024 1914 3069 memo-

202 3102 352 3161 riam
384 3101 664 3176 deprecor
693 3108 756 3161 ut
780 3102 1012 3160 habeas.

667 3200 717 3258 E
735 3200 777 3258 P
794 3198 889 3300 λε
976 3198 1358 3300 Οπξλῐέἒηῇὲιιῐ
1382 3198 1451 3257 V.

783 3284 860 3330 AD
913 3282 972 3331 V.
1008 3281 1350 3329 EPISCOPUM.

493 3345 758 3416 (Habetur
809 3350 936 3401 tom.
965 3345 1066 3407 III,
1097 3347 1282 3413 estque
1319 3358 1502 3414 opusc.
1528 3341 1641 3416 26.)

714 3450 855 3507 127
885 3453 1253 3514 EPISTULA
1278 3452 1402 3511 XV.

776 3539 853 3584 AD
895 3538 957 3585 V.
993 3537 1333 3585 EPISCOPUM.

207 3616 663 3689 Accusamus.
698 3646 766 3656 —
796 3613 1065 3689 Quinque
1120 3612 1375 3689 corporis
1424 3628 1656 3689 sensus,
1705 3612 1918 3689 quibus

276 3685 561 3758 neglectis
588 3685 650 3743 in
682 3684 1011 3758 turpissima
1050 3684 1264 3758 scelera
1301 3684 1578 3758 homines
1600 3684 1915 3758 prolabun-

274 3755 405 3828 tur;
441 3766 509 3814 ut
534 3755 1078 3830 qmmiarctissimaa
1114 3756 1436 3830 disciplina
1472 3755 1728 3813 custodia
1758 3771 1916 3830 coer-

264 3827 533 3899 ceantur,
553 3827 569 3830 ’
583 3829 908 3902 prudenter_
949 3828 1239 3902 admonet,
1260 3827 1733 3902 ‘episc0pumque
1780 3827 1917 3902 hor-

272 3907 451 3979 tatur,
494 3898 728 3979 utjnon
780 3898 952 3957 modo
1012 3899 1136 3972 ipse
1170 3898 1282 3979 hoc
1314 3898 1577 3979 praestet,
1605 3898 1705 3957 sed
1737 3898 1918 3979 etiam

275 3969 446 4041 alios,
476 3969 579 4041 qui
622 3985 744 4027 suae
788 3986 949 4041 curae
995 3969 1288 4027 commissi
1314 3969 1486 4041 ’sunt,
1522 3969 1676 4027 idem
1731 3971 1919 4027 facere

272 4040 606 4115 compellat,
638 4047 691 4097 et
731 4040 1020 4115 principue
1058 4046 1122 4099 ut
1157 4041 1219 4097 in
1260 4041 1619 4115 presbyteros
1646 4046 1914 4115 et__sac_er-

273 4111 441 4185 dotes
468 4114 528 4170 in
548 4111 654 4169 hac
675 4111 1123 4185 repetis—simum
1150 4111 1465 4185 peccantes,
1492 4112 1653 4185 nulla
1677 4111 1917 4185 dignita-

272 4154 1337 4265 ἦέξΐυῗεέιέξῖιἐζηνᾶιξίῖᾷῖιῖᾶὃῄἔῖἷίὶῗο
1366 4154 1920 4265 ἱῖξέιὶἱξᾷἷιξῶξῇᾝ-

270 4258 431 4313 tione
456 4255 717 4312 maxime
740 4255 937 4327 anteit,
969 4255 1330 4314 severissime
1354 4255 1789 4313 animadvertat.

272 4341 506 4401 Domno
564 4341 637 4399 ν.
689 4342 1170 4401 reverendissimo
1237 4341 1542 4415 episcopo,
1597 4345 1652 4399 et
1706 4340 1917 4399 sanctis

2003 1858 2242 1926 quaerat,
2277 1866 2415 1909 mox
2447 1852 2609 1910 hoste
2640 1851 2937 1910 victoriam
2976 1845 3272 1909 obtinente
3308 1845 3707 1922 prosternitur,

2000 1938 2276 2013 quoniam
2305 1940 2582 2000 obseratis
2625 1940 2787 2000 urbis
2826 1940 3072 2016 propriae
3105 1938 3395 1999 moenibus
3430 1952 3545 1994 non
3576 1951 3710 1994 mu-

2000 2032 2179 2089 nitur.
2211 2034 2297 2088 An
2345 2038 2535 2104 portas
2584 2033 2758 2107 hujus
2805 2041 3017 2092 nostrae
3060 2031 3310 2092 civitatis
3340 2044 3455 2088 non
3485 2029 3714 2087 obserat

1997 2121 2295 2192 propheta,
2337 2135 2475 2178 cum
2520 2119 2661 2178 dicit
2692 2139 2705 2178 :
2752 2140 2779 2175 tt
2810 2121 2923 2191 Qui
2961 2121 3190 2179 obturat
3227 2134 3399 2178 aures
3445 2132 3602 2188 suas,
3633 2131 3709 2175 ne

1996 2208 2194 2266 audiat
2243 2209 2610 2281 sanguinem,
2640 2216 2698 2268 et
2733 2209 2949 2268 claudit
2994 2208 3208 2277 oculos,
3251 2223 3325 2266 ne
3364 2206 3554 2264 videat
3582 2218 3709 2263 ma-

1999 2297 2147 2369 lum,
2187 2298 2295 2356 iste
2336 2299 2395 2356 in
2445 2300 2691 2357 excelsis
2736 2299 3116 2357 habitabit?»
3154 2301 3308 2366 (Isai.
3341 2298 3566 2362 XXXV.)
3615 2295 3711 2350 An

1997 2401 2115 2444 non
2167 2392 2221 2444 et
2268 2386 2553 2446 Dominus
2595 2394 2799 2461 gustus
2851 2387 3033 2446 nostri
3071 2387 3264 2445 munit
3296 2384 3544 2456 aditum,
3574 2397 3711 2442 cum

1997 2474 2136 2532 dicit
2167 2498 2179 2531 :
2218 2499 2245 2524 «
2275 2476 2483 2535 Cavete
2513 2492 2586 2534 ne
2612 2483 2926 2549 graventur
2963 2475 3135 2534 corda
3163 2480 3351 2533 vestra
3380 2473 3616 2548 crapula
3653 2480 3710 2532 et

1996 2562 2319 2623 ebrietate?
2350 2568 2501 2634 (Luc.
2550 2570 2707 2634 XXI.)
2743 2590 2761 2616 -
2800 2564 2881 2623 De
2917 2565 3159 2624 odoratu
3205 2566 3344 2623 vero
3379 2563 3519 2622 dicit
3556 2564 3713 2635 Apo-

1998 2653 2178 2713 stolus
2207 2678 2220 2712 :
2266 2680 2293 2704 α
2326 2655 2463 2729 quia
2499 2655 2711 2714 Christi
2748 2655 2936 2715 bonus
2967 2656 3109 2714 odor
3140 2669 3344 2714 sumus
3366 2652 3482 2711 Deo
3520 2651 3584 2708 in
3617 2650 3711 2709 his

1996 2740 2099 2815 qui
2148 2741 2296 2800 salvi
2351 2744 2506 2801 ﬁunt
2557 2747 2635 2811 (II
2686 2745 2804 2800 Cor.
2860 2747 2947 2812 II).
2991 2764 3016 2795 ι
3077 2744 3153 2801 At
3198 2747 3395 2801 contra
3437 2737 3707 2799 odoratus

1997 2833 2090 2889 sui
2156 2832 2309 2890 male
2368 2831 2721 2905 spiramenta
2774 2831 3154 2901 laxaverant,
3216 2831 3319 2905 qui
3370 2826 3639 2886 dicebant
3694 2846 3706 2887 :

2001 2947 2025 2970 «
2062 2920 2383 2993 Unguentis
2426 2936 2533 2980 nos
2578 2922 2925 2995 impleamus
2971 2926 3027 2979 et
3070 2936 3189 2980 non
3232 2926 3531 2994 praetereat
3572 2914 3714 2976 128

1996 3025 2104 3068 nos
2154 3010 2262 3069 ﬂos
2300 3010 2609 3084 temporis;
2655 3026 3001 3071 coronamus
3042 3025 3149 3068 nos
3209 3009 3353 3067 rosis
3398 3015 3715 3081 antequam

1932 3104 2349 3186 Cmarcescant
2382 3102 2540 3171 (Sap.
2567 3108 2650 3170 II).
2695 3124 2721 3148 η
2774 3098 2983 3157 Tactus
3034 3112 3169 3186 vero
3219 3103 3412 3186 noster
3439 3096 3713 3186 gidipsum

1999 3186 2167 3245 debet
2214 3186 2539 3245 desiderare
2586 3187 2741 3261 quod
2789 3194 3011 3260 gustus.
3043 3185 3190 3245 Nam
3236 3184 3388 3259 quod
3435 3183 3718 3258 Propheta

1999 3272 2177 3332 dicit:
2215 3299 2243 3323 α
2281 3275 2517 3334 Gustata
2569 3282 2625 3334 et
2675 3274 2865 3334 videte
2912 3291 3090 3348 quam
3133 3272 3329 3333 suavis
3377 3279 3463 3330 est
3511 3272 3714 3331 Domi-

2003 3378 2114 3422 nus
2159 3367 2328 3435 (Psal.
2356 3368 2616 3434 XXXIII);
2664 3385 2687 3415 ι
2731 3362 2886 3421 idem
2934 3369 2992 3420 et
3029 3363 3280 3421 Joannes
3313 3361 3393 3417 ait
3430 3378 3442 3417 :
3493 3383 3515 3410 ι
3549 3358 3729 3429 Quod-

2001 3467 2209 3511 manus
2282 3445 2495 3511 nostrae
2575 3456 3077 3511 contrectaverunt
3148 3451 3219 3508 de
3308 3448 3498 3506 Verbo
3577 3449 3715 3509 vitae

2003 3544 2177 3611 (Joan.
2234 3544 2318 3609 Η).
2356 3564 2377 3592 ι
2440 3540 2563 3599 Hoc
2618 3555 2791 3613 porro
2842 3544 3162 3609 certamen,
3219 3537 3376 3611 quod
3431 3535 3715 3595 adversus

2001 3628 2265 3702 quinque
2309 3629 2561 3701 corporis
2604 3643 2809 3688 sensus
2857 3626 3096 3700 geritur,
3135 3641 3236 3700 per
3279 3626 3544 3699 quinque
3589 3623 3715 3682 Ma-

2001 3715 2352 3776 diauitarum
2398 3732 2560 3789 reges
2606 3715 2852 3790 mystice
2903 3715 3186 3787 ﬁguratur
3218 3732 3232 3770 :
3266 3732 3295 3767 ‹‹
3327 3714 3580 3784 Armate,
3617 3712 3713 3771 in-

2000 3805 2128 3879 quit
2162 3804 2409 3879 Moyses,
2440 3820 2515 3862 ex
2548 3803 2710 3863 vobis
2752 3801 2906 3862 viros
2942 3803 3015 3861 ad
3042 3817 3318 3877 pugnam,
3356 3802 3457 3874 qui
3493 3800 3717 3875 possint

2001 3897 2285 3956 ultionem
2349 3895 2581 3954 Domini
2653 3901 2923 3969 expetere
2992 3890 3065 3952 de
3122 3892 3451 3952 Madianitis
3521 3896 3712 3963 (Num.

1999 3995 2201 4060 XXXI).
2239 4010 2261 4041 ι
2303 3988 2566 4061 Cumque
2608 3990 2963 4062 pugnassent
3007 3990 3208 4044 contra
3256 3983 3619 4053 Madianitas,
3651 3987 3717 4041 ut

2000 4092 2161 4135 sacra
2197 4081 2390 4134 narrat
2429 4075 2689 4148 historia,
2729 4081 2901 4149 atque
2956 4073 3247 4144 vicissent,
3277 4086 3479 4131 omnes
3526 4084 3716 4128 mares

1999 4166 2335 4224 occiderunt
2371 4168 2430 4224 et
2470 4181 2633 4239 reges
2676 4181 2901 4238 eorum,
2934 4166 3063 4237 Evi,
3109 4172 3165 4223 et
3206 4164 3439 4234 Recem,
3481 4168 3538 4220 et
3577 4161 3711 4235 Sur,

1999 4260 2055 4312 et
2082 4252 2222 4324 Bur,
2256 4259 2312 4311 et
2348 4252 2526 4323 Rebe,
2558 4254 2822 4329 quinque
2852 4254 3139 4327 principes
3168 4252 3375 4326 gentis.
3410 4250 3519 4309 Evi
3546 4250 3718 4325 plane

2003 4345 2271 4400 bellamus
2298 4386 2316 4408 ,
2364 4343 2491 4401 sive
2540 4347 2754 4413 [minus
2806 4343 3233 4417 interpretatur.
3296 4340 3470 4398 Hune
3518 4340 3717 4414 itaque

200 4432 469 4490 ecclesiae
508 4447 633 4491 suae
670 4433 980 4504 canonicis,
1028 4430 1256 4490 PETnUs
1308 4436 1566 4504 peccator
1596 4429 2197 4532 monachusDregem
2246 4432 2308 4490 in
2368 4431 2537 4489 nobis
2599 4431 2886 4505 spirituali
2940 4446 3219 4491 mucrone
3275 4427 3714 4501 tcansﬁgimus,

191 4522 568 4580 servitutem.

268 4609 342 4669 In
412 4613 715 4685 procinctu
788 4611 1054 4671 militaris
1130 4610 1418 4670 exercitus
1472 4608 1686 4668 idcirco
1738 4607 1913 4680 tubze,

193 4700 351 4770 litui,
403 4702 671 4763 buccina
721 4710 778 4761 et
821 4703 1055 4761 classica
1109 4704 1556 4774 comportantur,
1597 4704 1662 4757 ut
1718 4713 1921 4757 eorum

189 4791 576 4863 clangoribus
627 4798 941 4850 castrenses
987 4791 1317 4849 excitentur
1373 4788 1636 4847 excubiae
1681 4802 1921 4861 seseque

200 4880 441 4939 valeant
498 4881 716 4939 milites
763 4897 796 4939 a
840 4889 1115 4939 nocturna
1156 4879 1383 4939 hostilis
1424 4880 1677 4951 impetus
1720 4876 1920 4935 incur~

200 4971 374 5028 sione
405 4971 661 5029 munire.
716 4969 831 5028 Nos
884 4970 1079 5041 etiam,
1123 4969 1227 5043 qui
1287 4969 1349 5026 in
1397 4967 1643 5027 ctelcstis
1693 4965 1921 5025 militiae

194 5074 410 5118 sumus
451 5066 807 5117 sacramenta
840 5059 1038 5132 jurati,
1080 5066 1136 5116 et
1163 5064 1362 5117 contra
1401 5055 1606 5116 mundi
1636 5054 1923 5129 principes

190 5162 259 5204 ac
322 5147 660 5219 spiritualcs
716 5146 1006 5221 nequitias
1058 5146 1119 5205 in
1167 5146 1319 5206 bella
1365 5144 1672 5219 congressi,
1699 5143 1927 5203 mutuis

190 5252 307 5297 nos
337 5238 625 5298 debemus
667 5240 920 5298 excitare
969 5238 1321 5299 clamoribus
1374 5245 1439 5298 ut
1487 5253 1604 5296 non
1650 5235 1923 5311 degeneri

190 5344 416 5403 sapore
462 5328 762 5404 depressos
819 5337 1135 5389 nocturnus
1170 5328 1472 5387 insidiator
1513 5326 1790 5398 inveniat,
1822 5323 1923 5383 sed

185 5426 431 5493 paratos
457 5433 688 5491 semper
721 5433 790 5477 ac
820 5424 1115 5492 promptos
1152 5418 1219 5477 in
1251 5418 1371 5477 acie
1411 5417 1700 5491 reperiens
1744 5413 1921 5490 perti-

202 5518 461 5571 mescat-
486 5510 637 5570 Nam
684 5510 846 5570 velut
910 5511 971 5569 in
1034 5509 1302 5586 quinque
1348 5516 1645 5585 portarum
1693 5505 1924 5567 civitate

198 5598 607 5672 consistimus,
644 5601 789 5660 dum
826 5599 893 5659 in
942 5613 1199 5674 corpore,
1239 5598 1393 5675 quod
1428 5597 1697 5674 quinque
1737 5594 1945 5655 δευρί-ι.

2008 4536 2144 4579 cum
2188 4520 2405 4579 ferinos
2450 4537 2484 4577 a
2520 4519 2687 4578 nobis
2733 4535 2924 4580 mores
2972 4517 3387 4589 abscindimus,
3434 4532 3569 4575 cum
3624 4517 3719 4574 be-

2008 4610 2192 4668 stialis
2244 4609 2563 4669 iracundias
2609 4610 2829 4668 rabiem
2854 4624 2889 4666 a
2923 4615 3117 4667 nostro
3147 4614 3371 4681 pectore
3399 4606 3714 4665 detrunca-

2010 4716 2161 4759 Inus.
2197 4699 2343 4758 Nam
2382 4716 2516 4758 cum
2546 4698 2831 4757 Dominus
2868 4698 3054 4756 dicat:
3091 4715 3119 4750 «
3150 4696 3302 4754 Beati
3340 4697 3531 4766 mites,
3562 4708 3715 4765 quo-

2006 4790 2163 4848 niam
2191 4789 2301 4864 ipsi
2329 4788 2703 4863 possidebunt
2729 4793 2939 4846 terram
2972 4789 3190 4857 (Matth.
3224 4790 3285 4855 V)
3320 4804 3333 4853 ;
3364 4804 3392 4837 »
3422 4781 3714 4858 quomodo

2007 4877 2217 4951 poteris
2273 4885 2706 4938 mansuetorum
2764 4876 3025 4935 obtinere
3078 4872 3535 4940 beatitudinem,
3598 4866 3713 4927 nisi

2006 4969 2256 5029 belluini
2309 4970 2545 5043 spiritus
2600 4970 2661 5028 in
2715 4976 2768 5027 te
2816 4967 3081 5026 cohibens
3140 4959 3463 5023 feritatem?
3501 4960 3713 5018 Recem

2008 5074 2161 5129 vero,
2196 5058 2320 5118 sive
2353 5059 2502 5119 sicut
2530 5058 2595 5116 in
2624 5058 2805 5117 veteri
2844 5054 3212 5114 translatione
3245 5052 3459 5109 dicitur
3494 5049 3712 5119 Bacon,

2008 5149 2421 5224 interpretatur
2466 5152 2734 5206 inanitas.
2770 5146 2839 5205 Et
2878 5145 3019 5219 quid
3076 5149 3161 5201 est
3215 5140 3375 5199 aliud
3425 5135 3712 5213 quidquid

2009 5238 2069 5297 in
2131 5239 2353 5297 mundo
2403 5254 2507 5313 pro
2558 5236 2768 5296 mundi
2825 5230 3291 5307 concupiscentia
3332 5229 3568 5303 geritur,
3599 5226 3717 5285 nisi

2011 5327 2169 5400 quod
2199 5326 2498 5401 Scriptura
2557 5324 2861 5398 loquitur:
2912 5345 2934 5374 α
2996 5319 3229 5379 Vanitas
3285 5318 3629 5385 vanitatum,
3661 5320 3720 5373 et

2011 5414 2207 5474 omnia
2251 5412 2522 5474 vanitas?
2558 5438 2586 5463 η
2618 5414 2817 5484 (Eccle.
2851 5412 2918 5484 I.)
2946 5409 3183 5469 Vanitas
3221 5406 3514 5482 siquidem
3543 5402 3716 5463 edicit

2019 5504 2362 5575 vanitantes,
2394 5510 2449 5562 et
2476 5503 2589 5578 ipsi
2618 5501 2945 5561 vanitantes
2967 5499 3190 5560 faciunt
3216 5495 3547 5564 vanitatem,
3573 5493 3717 5551 dum

2007 5599 2062 5653 et
2120 5592 2399 5665 mundus,
2436 5593 2541 5667 qui
2580 5589 2947 5650 transitorius
2982 5593 3089 5660 est,
3118 5585 3587 5658 homines,.quos
3615 5580 3720 5639 de-
