4078 6202
338 295 442 356 327

859 297 917 358 S.
963 297 1186 357 PETRI
1229 295 1554 356 DAMIANI
1594 294 1749 356 OPP.
1794 293 1984 355 PARS
2027 290 2172 354 SEU'
2209 292 2466 356 TOMUS
2506 299 2550 357 Ι.
2597 331 2662 341 -
2704 297 2942 359 EPIST.
2985 297 3130 362 LIB.
3171 297 3326 360 VIII.

3744 302 3853 364 328

332 421 494 494 cipit,
534 436 714 480 vanos
755 420 963 480 eﬂiciat
999 428 1055 480 et
1094 422 1361 480 homines
1399 423 1706 492 mundum,
1737 436 1910 495 quem
1949 420 2113 480 in-A
2140 421 2322 490 (Joan.
2351 424 2455 492 Ill).
2493 444 2514 473 ι
2563 424 2639 480 At
2685 431 2882 481 contra
2921 425 2992 482 de
3033 439 3121 496 eo,
3160 425 3261 501 qui
3297 425 3542 484 verbum
3595 427 3853 488 Salvato-

330 525 469 567 sanc
513 509 784 584 diligunt,
820 511 880 568 in
919 511 1229 569 vanitatem
1276 518 1520 569 vertant.
1562 511 1736 570 Hunc
1775 527 1910 584 ergo
1955 526 2046 568 re-

329 613 461 668 gem
510 597 612 655 Dei
665 598 832 655 miles
882 599 1134 672 perimit,
1167 615 1339 657 verus
1380 598 1636 658 Israelita
1696 600 1966 670 concidit,
1999 599 2046 656 si

331 685 482 742 nihil
510 687 822 759 superﬂue,
854 687 1001 745 nihil
1042 688 1315 758 inaniter,
1347 689 1441 747 vel
1471 689 1624 762 quod
1658 689 1728 746 ad
1774 704 1896 746 rem
1927 703 2044 746 non

330 772 593 844 pertinet,
627 781 802 846 gerat,
843 775 941 832 sed
993 776 1265 847 graviter,
1313 783 1369 832 et
1425 776 1840 835 rationabiliter
1893 775 2044 834 divi-

329 873 422 915 na
471 859 611 932 legis
641 862 882 934 implere
923 863 1189 920 mandata
1221 865 1544 922 contendat.
1580 865 1810 923 Tertius
1850 872 2044 922 autem

330 946 780 1006 Madianitarum
831 965 956 1018 rex,
1008 948 1122 1008 Sur
1166 950 1396 1021 dicitur,
1429 951 1581 1024 quod
1629 953 1880 1024 profecto
1922 970 2044 1008 mu-

330 1053 444 1099 rus,
479 1036 600 1094 sive
644 1041 916 1103 robustus,
953 1039 1044 1096 vel
1087 1039 1260 1096 etiam
1310 1045 1569 1109 angustia
1615 1041 2042 1115 interpretatur.

331 1122 479 1192 Quid
525 1142 661 1184 vero
711 1145 810 1201 per
849 1143 1103 1198 murum,
1159 1129 1278 1186 sive
1329 1129 1653 1200 robustum,
1715 1131 1827 1187 nisi
1883 1131 2046 1188 dura

330 1216 540 1274 mentis
591 1219 933 1289 obstinatio,
1001 1219 1092 1277 vel
1150 1219 1469 1292 pervicacia
1523 1220 1690 1278 debet
1743 1220 2046 1292 intelligi?

325 1307 479 1379 quod
536 1322 670 1364 vero
723 1315 777 1365 et
833 1307 1099 1380 angustia
1146 1308 1513 1381 interpretari
1568 1309 1801 1380 dicitur,
1859 1327 2046 1383 neque

326 1399 436 1456 hoc
491 1399 724 1473 longius
777 1417 810 1457 a
865 1402 1004 1458 vitio
1061 1401 1298 1459 duritia
1363 1407 1693 1474 separatur,
1763 1401 2044 1475 q;oniam

329 1488 598 1562 quisquis
653 1489 726 1546 ad
774 1489 1116 1547 dimittenda
1179 1490 1442 1562 proximo
1498 1489 1688 1547 debita
1749 1491 1934 1548 durus
1988 1499 2046 1549 et

329 1577 650 1635 obstinatus
699 1583 804 1646 est,
835 1578 1098 1650 angustia
1151 1578 1567 1650 constringitur
1617 1579 1844 1649 mentis,
1902 1579 2046 1637 dum

329 1665 491 1724 nulla
543 1665 810 1724 dilatetur
853 1667 1235 1740 amplitudine
1284 1667 1550 1723 Charitas.
1593 1667 1675 1724 De
1717 1683 1831 1741 qua
1867 1669 2044 1726 nimi-

2139 509 2219 567 ris
2243 509 2422 583 audit,
2464 509 2675 569 dicitur
2708 536 2720 568 :
2757 534 2777 562 «
2809 511 2956 582 Quia
2981 513 3042 570 in
3065 513 3354 587 judicium
3387 531 3503 573 non
3534 516 3720 588 venit,
3751 518 3853 576 sed

2137 601 2341 659 transit
2372 601 2442 659 de
2467 608 2650 660 morte
2687 603 2750 660 in
2792 604 2970 660 vitam
3003 605 3053 671 (Ι
3085 607 3242 662 Joan.
3282 611 3364 675 V).
3401 631 3426 654 ››
3462 604 3614 664 Illud
3658 609 3855 680 potius

2137 692 2452 766 unicuique
2493 693 2844 754 studendum
2885 701 2994 764 est,
3027 700 3089 751 ut
3117 709 3178 751 se
3224 694 3289 752 in
3326 695 3600 768 operibus
3633 696 3854 755 sanctis

2132 789 2416 854 exerceat,
2456 790 2520 841 ut
2564 798 2686 842 sese
2725 784 2786 841 in
2825 782 3100 840 omnibus
3134 783 3441 857 puriﬁcare
3485 801 3552 843 ac
3603 787 3854 845 sanctiﬁ-

2133 885 2262 929 care
2292 872 2615 931 contendat.
2653 872 2775 931 Hoc
2805 874 3207 931 tantummodo
3237 874 3611 948 semetipsum
3639 875 3851 950 insug-

2133 961 2354 1032 gillare,
2385 971 2441 1021 et
2489 962 2808 1038 dijudicare
2863 978 2979 1021 non
3024 963 3267 1022 desinat.
3305 964 3453 1023 Nam
3494 965 3596 1039 qui
3645 975 3852 1025 semet-

2134 1049 2328 1122 ipsum
2375 1052 2620 1124 perfecte
2672 1051 2970 1125 dijudicat,
3010 1052 3304 1126 judicium
3361 1069 3478 1112 non
3531 1063 3844 1129 exspectat.

2136 1137 2388 1198 Perfecte
2423 1149 2620 1198 autem
2660 1143 3036 1216 semetipsum
3077 1141 3398 1215 dijudicare
3427 1149 3531 1214 est,
3566 1149 3621 1202 et
3649 1160 3846 1218 repre-
3898 1193 3904 1198 .

2133 1227 2440 1286 hendenda
2487 1247 2604 1288 non
2634 1247 2821 1305 agere,
2848 1238 2904 1289 et
2936 1247 3068 1305 qua
3105 1232 3692 1304 irreprehensibiliter
3718 1242 3848 1293 acta

2132 1324 2269 1374 sunt
2317 1318 2515 1376 timide
2569 1326 2891 1378 retractare.
2935 1320 3109 1378 Porro
3157 1328 3349 1378 autem
3408 1322 3675 1395 quisquis
3736 1323 3848 1381 hoc

2131 1406 2267 1478 agit,
2296 1406 2396 1465 ille
2417 1424 2552 1466 vere
2573 1407 3020 1466 Madianitarum
3048 1425 3208 1482 reges
3234 1409 3466 1482 perimit
3493 1434 3506 1467 :
3539 1410 3638 1468 ille
3663 1409 3844 1469 Ama-

2132 1491 2434 1552 lecitarum
2485 1495 2773 1568 principes
2817 1497 3042 1566 sternit,
3075 1504 3128 1554 et
3175 1513 3378 1556 omnes
3411 1515 3444 1556 a
3478 1514 3538 1556 se
3565 1497 3845 1557 vitiorum

2133 1589 2317 1655 pestes
2346 1584 2621 1643 excludit.
2660 1584 2810 1643 Hinc
2840 1592 2926 1644 est
2962 1585 3115 1658 quod
3147 1585 3349 1644 eadem
3396 1600 3554 1644 sacra
3605 1594 3847 1644 testatur

2132 1669 2384 1729 Historia
2413 1696 2425 1730 :
2468 1695 2493 1725 «
2526 1671 2811 1742 Quoniam
2849 1674 3060 1748 egressi
3103 1674 3210 1733 ﬁlii
3246 1674 3423 1733 Israel
3459 1683 3747 1733 venerunt
3773 1675 3845 1733 ad

328 1756 790 1844 rumpebaritate
850 1771 949 1844 per
1012 1756 1351 1828 Prophetam
1407 1755 1620 1814 dicitur
1674 1776 1709 1844 :7
1748 1781 1766 1808 α
1832 1759 2106 1844 LatumB
2132 1759 2350 1818 fontem
2396 1762 2626 1835 judicii,
2665 1787 2685 1815 ι
2735 1764 2830 1820 hic
2875 1772 2958 1822 est
3003 1763 3202 1836 Gades,
3253 1789 3274 1815 α
3327 1771 3385 1822 et
3432 1765 3846 1822 interfecerunt

329 1843 668 1902 mandatum
723 1850 887 1901 tuum
922 1833 1110 1900 'nimis
1163 1845 1327 1915 (Psal.
1360 1847 1586 1916 CXVIII).
1617 1869 1641 1892 »
1688 1843 1824 1904 Sive
1869 1847 2042 1904 etiam
2062 1833 2104 1844 ”
2131 1864 2335 1908 omnes
2375 1833 2662 1926 principes
2702 1851 3000 1924 Amalech,
3031 1861 3088 1911 et
3121 1833 3512 1924 Amorrhaos,
3541 1853 3643 1928 qui
3671 1853 3842 1911 habi-

327 1932 435 1988 hoc
490 1931 634 1990 valet
685 1931 952 2005 intelligi,
999 1933 1136 2006 quia
1187 1933 1462 1990 duritiam
1520 1936 1729 1992 mentis
1783 1936 2046 2010 sequitur
2137 1942 2330 2000 labant
2381 1943 2442 2000 in
2491 1943 2848 2002 Tharansem
2896 1945 3384 2013 [Asasonthamar]
3427 1946 3580 2015 (Gen.
3623 1947 3776 2013 XIV).
3814 1968 3840 1991 ιι

326 2022 592 2094 angustia
620 2022 1027 2080 damnationis.
1061 2021 1224 2079 Unde
1252 2039 1352 2096 per
1385 2021 1754 2082 Salomonem
1784 2024 1995 2084 dicitur
2030 2045 2041 2082 :
2133 2030 2312 2089 Gades
2343 2038 2538 2090 autem
2567 2037 2928 2104 sanctiﬁcatio
2981 2033 3408 2106 interpretatur.
3441 2034 3508 2092 In
3535 2033 3715 2092 Gades
3751 2049 3843 2090 er-

333 2131 356 2162 σ
393 2111 600 2170 Beatus
648 2112 757 2190 vir,
800 2111 901 2186 qui
944 2128 1168 2184 semper
1218 2119 1302 2170 est
1339 2113 1585 2186 pavidus
1637 2134 1647 2170 :
1690 2115 1793 2188 qui
1848 2122 2044 2174 autem
2131 2135 2224 2192 go,
2255 2121 2356 2192 qui
2385 2122 2516 2180 fons
2564 2128 2649 2180 est
2690 2122 2921 2193 judicii,
2951 2122 3316 2194 Amalecitas,
3350 2122 3527 2180 simul
3555 2131 3609 2180 et
3634 2123 3844 2180 Amor-

329 2204 542 2261 mentis
571 2210 656 2262 est
692 2203 875 2273 dura,
907 2209 1132 2261 corruet
1171 2202 1229 2261 in
1280 2204 1500 2262 malum
1531 2209 1706 2274 (Prov.
1743 2207 1980 2276 XXVIII).
2019 2232 2038 2257 -
2132 2208 2323 2265 rhaos
2376 2208 2750 2282 spiritualiter
2795 2211 3202 2285 interﬁcimus,
3233 2227 3367 2270 cum
3417 2219 3470 2269 el
3517 2212 3695 2270 vitam
3747 2227 3845 2270 no-

325 2292 572 2362 Quartus
642 2301 916 2366 praterea
988 2293 1434 2352 Madianitarum
1491 2311 1594 2352 rex
1645 2294 1764 2353 Bur
1813 2295 2042 2366 dicitur,
2132 2305 2311 2354 stram
2337 2297 2450 2371 piis
2476 2300 2748 2373 operibus
2780 2302 3139 2359 sanctiﬁcare
3178 2301 3538 2375 satagimus;
3569 2308 3624 2360 et
3649 2308 3844 2361 tamen

325 2384 480 2455 quod
533 2386 776 2439 irritatio
822 2383 1249 2456 interpretatur.
1307 2382 1479 2441 Vides
1545 2399 1698 2457 ergo,
1745 2385 1882 2457 quia
1940 2401 2043 2443 no-
2133 2386 2245 2459 ipsi
2278 2403 2383 2446 nos
2415 2393 2690 2462 tanquam
2728 2396 3021 2461 nocentes,
3055 2407 3120 2448 ac
3160 2391 3648 2465 reprehensibiles
3677 2391 3846 2463 judi-

331 2471 489 2527 mina
518 2486 720 2543 regum
765 2470 988 2528 umbra
1025 2479 1159 2528 sunt
1197 2477 1251 2528 et
1285 2471 1566 2544 imagines
1597 2472 1894 2532 vitiorum.
1929 2473 2044 2543 Qui
2131 2488 2350 2533 camus.
2383 2476 2529 2534 Gum
2569 2477 2934 2536 elaboramus
2979 2493 3206 2552 semper
3262 2478 3849 2551 irrepreliensibiliter

329 2559 486 2616 enim
539 2574 715 2616 onera
759 2558 956 2631 gravia
1013 2574 1111 2629 per
1161 2565 1350 2631 portas
1402 2575 1535 2618 suas
1586 2559 1865 2634 inferunt,
1907 2578 2040 2636 pro—
2131 2561 2348 2635 vivere,
2385 2579 2485 2636 per
2533 2565 2984 2624 sollicitudinem
3024 2574 3216 2625 tamen
3261 2567 3504 2625 districti
3551 2567 3849 2625 examinis

326 2650 471 2707 fecto
519 2650 836 2708 forinsecus
887 2647 1270 2722 obstrepentia
1321 2664 1421 2722 per
1470 2664 1752 2708 sensuum
1801 2666 2044 2710 suorum
2130 2668 2303 2725 opera
2344 2659 2540 2711 nostra
2585 2668 2705 2711 non
2739 2653 3074 2714 desistimus
3100 2671 3387 2713 accusare.
3420 2655 3492 2712 Et
3520 2655 3846 2714 notandum

328 2738 517 2796 aditus
579 2738 642 2795 in
694 2745 991 2811 pectorum
1049 2753 1292 2796 suorum
1343 2753 1554 2796 arcana
1608 2740 2040 2812 tmnsfunduut,
2131 2741 2411 2816 quoniam
2457 2749 2516 2800 et
2565 2741 2695 2802 fons
2729 2742 2956 2815 judicii,
2990 2749 3047 2801 et
3089 2741 3288 2814 Gades,
3314 2743 3418 2817 qui
3467 2742 3845 2801 sanctiﬁcatio

330 2828 516 2888 Deum
569 2830 962 2888 indubitanter
1017 2829 1264 2899 irritant,
1308 2844 1481 2902 quem
1537 2828 1798 2886 videlicet
1835 2829 1928 2888 his
1970 2830 2042 2888 ad
2129 2823 2361 2902 dicitur,
2408 2846 2562 2889 unus
2602 2830 2872 2905 idemque
2911 2832 3068 2891 locus
3094 2839 3179 2890 est
3211 2851 3223 2890 :
3257 2832 3394 2908 quia
3433 2831 3718 2890 nimirum
3745 2831 3842 2904 ju-

329 2918 692 2976 inferendam
759 2917 997 2976 ultionis
1068 2916 1412 2975 sententiam
1487 2924 1818 2990 provocant.
1881 2917 2044 2978 Unde
2131 2926 2254 2978 stus
2290 2920 2536 2994 quisque
2565 2920 2960 2993 semetipsum,
2989 2921 3129 2980 dum
3161 2928 3354 2979 sancte
3392 2920 3555 2989 vivit,
3587 2926 3843 2990 accusat,

328 3009 607 3082 scriptum
657 3012 742 3066 est
788 3026 800 3065 :
863 3033 888 3055 ‹‹
949 3005 1349 3076 Simulatores,
1388 3014 1442 3064 et
1493 3006 1686 3065 callidi
1729 3015 2044 3081 provocant
2131 3017 2188 3068 et
2235 3025 2295 3068 se
2331 3009 2724 3084 dijudicando,
2757 3010 2847 3070 vel
2901 3011 3245 3082 accusando,
3303 3010 3487 3083 magis
3537 3009 3846 3082 magisque

324 3098 472 3155 iram
527 3097 630 3154 Dei
683 3099 820 3167 (Job.
856 3100 1094 3165 XXXVI).
1128 3119 1148 3148 ι
1200 3096 1270 3152 Et
1315 3095 1385 3154 de
1439 3097 1653 3169 quibus
1695 3112 1848 3170 sape
1886 3097 2106 3192 apudG
2131 3098 2464 3156 sanctiﬁcat.
2503 3098 2853 3192 Hocitaque
2904 3099 3101 3192 modo.
3131 3098 3259 3192 vita.
3300 3103 3630 3156 sanctorum
3667 3102 3725 3154 et
3782 3097 3847 3192 in

325 3188 682 3246 Ezechielem
754 3188 966 3246 dicitur
1016 3205 1029 3244 :
1108 3208 1129 3238 α
1191 3186 1338 3255 Quia
1415 3186 1625 3245 domus
1696 3184 2376 3260 exasperans'propriis
2423 3185 2868 3259 c0gitationibus
2922 3185 3379 3260 reprehenditur,
3419 3194 3475 3243 et
3529 3192 3724 3242 tamen
3785 3184 3846 3242 in

323 3283 411 3334 est
459 3279 670 3348 (Ezech.
702 3278 782 3348 II).
831 3300 850 3324 ι
919 3275 991 3332 Et
1047 3275 1352 3333 Psalmista
1397 3265 1487 3332 ;’‹‹
1542 3274 1616 3333 Ut
1661 3276 1822 3348 quid,
1867 3276 2041 3348 Deus,
2127 3275 2400 3348 operibus
2429 3273 3039 3349 irreprehensibilibus
3071 3273 3390 3333 invenitur.
3432 3273 3592 3331 Unde
3615 3283 3672 3331 et
3701 3287 3847 3346 pra-

325 3364 736 3437 improperavit
792 3363 1070 3421 inimicus
1094 3407 1107 3434 ,
1173 3363 1357 3420 irritat
1411 3363 1777 3422 adversarius
1833 3379 2044 3422 nomen
2128 3363 2298 3438 cipua
2329 3363 2467 3423 urbs
2505 3363 2607 3422 illa
2646 3364 2809 3438 regni
2850 3364 3001 3423 Seon
3035 3370 3275 3424 vocatur
3303 3365 3550 3434 Esebon,
3584 3380 3722 3439 qua
3756 3363 3847 3420 ni-

329 3461 500 3515 tuum
537 3456 598 3514 in
643 3457 818 3513 ﬁnem
843 3453 869 3512 ?
898 3480 924 3503 ››
961 3456 1126 3529 (Psal.
1169 3455 1406 3524 XXXIII).
1441 3452 1598 3511 Rebe
1629 3440 1782 3522 vero,
1819 3454 1921 3528 qui
1951 3472 2042 3510 or-
2127 3453 2345 3509 mirum
2392 3456 2747 3521 cogitationes
2815 3451 3242 3525 interpretatur.
3303 3452 3411 3511 Per
3465 3451 3618 3526 quod
3671 3451 3849 3510 datur

325 3547 550 3603 dinatus
611 3543 752 3601 129
793 3547 1034 3619 dicitur,
1080 3562 1197 3603 non
1247 3545 1412 3603 aliter
1475 3545 1568 3602 hic
1621 3543 1894 3618 procedit,
1929 3543 2043 3602 nisi
2125 3539 2395 3615 intelligi,
2440 3541 2578 3616 quia
2627 3541 2885 3599 maxima
2929 3556 3058 3615 pars
3103 3541 3404 3599 diabolica
3451 3541 3744 3614 potestatis
3783 3540 3846 3597 in

330 3643 392 3692 ut
419 3650 520 3708 per
557 3634 825 3707 ironiam,
861 3635 951 3693 vel
988 3634 1368 3707 antiphrasim
1399 3633 1621 3692 dictum
1644 3633 2036 3706 intelligatur;
2125 3629 2574 3704 cogitationibus
2638 3639 2856 3706 regnat.
2917 3629 3024 3689 Per
3080 3629 3232 3690 Seon
3297 3631 3510 3705 quippe
3568 3628 3849 3703 nequitia

321 3731 607 3797 quatenus
651 3725 751 3797 qui
802 3724 1100 3782 ordinatus
1153 3723 1388 3790 dicitur,
1428 3738 1459 3780 e
1495 3722 1782 3780 contrario
1815 3722 2038 3781 inordi-
2126 3721 2363 3794 spiritus
2415 3721 2700 3793 ﬁguratur
2735 3747 2747 3779 :
2777 3720 2875 3779 sed
2927 3721 3152 3780 Esebon
3203 3737 3278 3779 ex
3321 3721 3540 3778 ditione
3577 3717 3754 3789 Seon,
3782 3719 3847 3776 in

320 3816 488 3869 natus
528 3812 603 3868 sit
643 3818 698 3868 et
757 3814 1053 3870 confusus.
1103 3810 1358 3869 Vitiosus
1412 3809 1569 3867 enim
1622 3811 1900 3884 quisque,
1934 3811 2040 3868 etsi
2126 3809 2522 3869 Israelitarum
2553 3809 2694 3866 130
2742 3812 2874 3883 jura
2927 3811 3319 3880 transfertur,
3379 3825 3511 3868 cum
3573 3808 3850 3881 cogitatio

320 3899 620 3971 superﬁcie
653 3905 821 3958 tenus
854 3900 1022 3973 quasi
1062 3905 1209 3958 recte
1247 3898 1486 3956 vivendi
1524 3900 1840 3970 pratendat
1881 3899 2039 3957 ordi-
2127 3903 2343 3969 nostra,
2375 3914 2510 3971 qua
2556 3899 2845 3972 superbia
2890 3906 3047 3972 peste
3094 3905 3386 3959 tumuerat
3421 3898 3493 3956 ad
3526 3897 3848 3971 reprehen-

319 4004 475 4058 nem,
504 3989 759 4047 confusa
808 3995 996 4045 tamen
1028 3993 1084 4044 et
1120 3987 1469 4044 inordinata
1502 3987 1864 4060 cogitationis
1908 4003 2041 4046 ver-
2125 3985 2308 4044 sionis
2355 4001 2477 4046 sua
2519 3985 2828 4060 judicium,
2871 4005 2971 4061 per
2996 3987 3242 4062 gratiam
3272 4005 3331 4046 se
3362 4002 3513 4046 vera
3541 3985 3849 4044 humilita-

320 4082 406 4134 sat
441 4078 502 4133 in
533 4077 698 4134 corde
731 4075 1058 4149 caliginem.
1096 4074 1202 4132 Per
1240 4073 1500 4149 quinque
1543 4090 1680 4148 ergo
1717 4091 1876 4149 reges
1918 4074 2039 4133 Ma-
2126 4075 2198 4134 tis
2227 4076 2492 4149 inclinat,
2523 4083 2587 4134 ut
2616 4092 2751 4149 qua
2799 4092 2861 4134 se
2897 4078 3120 4137 dudum
3164 4085 3499 4151 arroganter
3527 4075 3851 4143 extulerat,

323 4165 698 4236 dianitarum,
754 4165 1014 4238 quinque
1075 4163 1386 4237 signantur
1454 4164 1708 4238 corporis
1771 4180 1978 4223 sensus
2021 4190 2032 4223 :
2121 4166 2243 4239 jam
2275 4180 2380 4223 sua
2419 4166 2566 4223 facta
2609 4166 2959 4239 dijudicans,
2985 4181 3050 4224 ac
3099 4165 3412 4239 diligenter
3466 4165 3850 4230 examinans,

325 4253 466 4327 quia
498 4268 672 4310 omne
719 4253 948 4324 vitium,
981 4252 1134 4325 quod
1191 4257 1389 4326 regnat
1425 4252 1486 4309 in
1525 4268 1779 4325 corpore,
1813 4253 1884 4311 ab
1913 4253 2038 4312 istis

325 4340 584 4415 quinque
629 4341 898 4399 sensibus
949 4341 1174 4414 pendet.
1227 4341 1272 4398 Ii
1307 4356 1440 4414 ergo
1488 4347 1627 4399 tunc
1662 4357 1696 4398 a
1730 4340 1896 4398 nobis
1933 4358 2034 4400 ex-

323 4433 655 4505 stinguendi
696 4438 853 4505 sunt,
882 4438 938 4492 et
988 4432 1195 4507 gladiis
1215 4431 1618 4502 obtruncandi,
1649 4447 1784 4489 cum
1831 4431 2030 4490 adver-

2125 4254 2430 4313 humiliter
2464 4255 2853 4328 reprehendit.

2195 4341 2263 4400 In
2294 4341 2472 4400 Gades
2515 4358 2670 4415 ergo,
2703 4343 2805 4417 qui
2840 4349 2923 4401 est
2960 4344 3091 4401 fons
3133 4343 3362 4416 judicii,
3394 4341 3745 4400 Amalecitas
3790 4347 3852 4398 et

2127 4430 2500 4489 Amorrhaos
2528 4429 2719 4505 gladio
2751 4437 2987 4490 vorante
3017 4431 3358 4506 dejicimus;
3389 4431 3526 4504 quia
3571 4437 3715 4490 tunc
3765 4430 3852 4488 vi-

323 4494 591 4583 sumunos
621 4525 685 4582 in
723 4494 876 4582 bello
913 4494 1291 4597 consurgunt,
1321 4538 1456 4581 cum
1503 4537 1606 4581 nos
1652 4494 2099 4580 scandalizareD
2130 4517 2343 4578 tiorum
2392 4519 2658 4578 omnium
2705 4520 3028 4578 barbariem
3068 4494 3401 4589 sternimus,
3431 4527 3568 4576 tunc
3600 4524 3851 4591 potesta-

326 4628 443 4670 non
492 4613 786 4672 desinunt.
821 4613 914 4670 An
953 4627 1064 4670 non
1113 4612 1251 4670 istos
1296 4627 1459 4685 reges
1486 4610 1802 4684 exstingui,
1837 4617 1891 4668 et
1919 4611 2040 4683 spi-

327 4705 476 4762 ritus
525 4719 800 4762 mucrone
833 4703 1014 4762 occidi
1051 4703 1325 4776 ‘pracipit
1353 4703 1655 4773 Dominus,
1687 4718 1822 4762 cum
1871 4717 2040 4759 scan-

328 4793 672 4850 dalizantem
697 4792 932 4850 oculum
964 4792 1111 4860 erui,
1133 4807 1264 4850 cum
1297 4808 1560 4862 manum,
1589 4792 1680 4851 vel
1714 4791 1917 4866 pedem
1941 4791 2036 4862 ju-

329 4881 425 4940 bet
473 4879 779 4940 abscindi?
815 4907 839 4930 «
877 4880 1083 4938 Melius
1129 4886 1234 4949 est,
1266 4880 1478 4954 inquit,
1512 4896 1646 4938 cum
1694 4897 1809 4940 uno
1845 4880 2038 4950 oculo,

335 4971 420 5028 vel
467 4971 715 5029 debilem
762 4971 831 5027 ad
882 4969 1058 5027 vitam
1111 4969 1358 5042 ingredi,
1399 4984 1574 5044 quam
1623 4969 1768 5027 duos
1818 4967 2038 5036 oculos,

327 5061 501 5133 pedes
533 5103 547 5131 ,
581 5066 645 5118 ac
698 5075 909 5119 manus
961 5059 1266 5116 habentem
1299 5101 1314 5130 ,
1373 5057 1432 5114 in
1489 5057 1717 5115 inferna
1781 5057 2038 5131 demergi

332 5152 554 5219 (Matth.
587 5153 668 5218 v).
706 5173 727 5200 ι
753 5149 799 5207 Ii
831 5149 1002 5224 plane
1033 5154 1169 5206 sunt
1205 5163 1365 5220 reges
1395 5145 1841 5204 Madianitarum
1871 5167 1883 5203 :
1917 5147 2038 5204 Ma-

330 5238 466 5296 dian
545 5242 740 5298 autem
799 5239 1209 5312 interpretatur
1260 5238 1326 5293 de
1369 5237 1582 5307 judicio
1635 5255 1646 5293 :
1703 5235 2038 5310 quicunque

333 5329 491 5387 enim
518 5343 677 5402 reges
706 5328 911 5402 spiritu
941 5344 1056 5388 non
1091 5333 1389 5402 reguntur,
1419 5325 1517 5384 sed
1549 5325 1816 5384 sensibus
1844 5324 2038 5382 carnis

326 5417 624 5491 obediunt,
671 5434 788 5478 non
841 5419 912 5476 ad
967 5418 1422 5477 misericordiam
1479 5414 1576 5474 sed
1630 5414 1700 5472 ad
1747 5411 2038 5487 judicium

328 5524 392 5566 se
443 5506 725 5581 pertinere
775 5516 1074 5569 testantur.
1109 5507 1272 5567 Sicut
1315 5507 1387 5565 de
1429 5505 1686 5580 quolibet
1739 5501 2034 5562 incredulo

333 5595 584 5658 dicitur:
621 5625 647 5649 α
676 5597 789 5669 Qui
836 5604 1029 5658 autem
1075 5613 1191 5657 non
1240 5594 1435 5666 credit,
1474 5595 1597 5666 jam
1625 5593 1916 5667 judicatus
1952 5595 2037 5649 est

2129 4614 2212 4667 tes
2249 4623 2446 4667 aereas
2481 4609 2866 4669 invictissime
2911 4608 3288 4679 debellamus,
3316 4609 3365 4665 si
3404 4615 3459 4667 et
3499 4609 3853 4667 innocenter

2131 4700 2406 4767 vivimus,
2458 4704 2513 4758 et
2555 4705 2744 4757 tamen
2777 4715 2903 4758 reos
2964 4715 3090 4772 nos,
3147 4715 3213 4756 ac
3257 4699 3502 4774 peccatis
3551 4697 3857 4756 obnoxios

2122 4787 2472 4861 judicamus,
2503 4788 2756 4848 dicentes
2806 4805 2939 4847 cum
2977 4788 3290 4862 Apostolo:
3337 4812 3356 4839 α
3393 4787 3454 4847 Si
3486 4786 3855 4856 dixerimus,

2127 4876 2267 4950 quia
2284 4883 2580 4951 peccatum
2603 4893 2718 4934 non
2743 4876 3044 4949 habemus,
3076 4876 3456 4948 nosmetipsos
3477 4874 3856 4946 seducimus,

2125 4973 2181 5023 et
2230 4967 2446 5024 veritas
2498 4966 2559 5023 in
2608 4966 2775 5025 nobis
2828 4981 2945 5024 non
2990 4971 3075 5025 est
3119 4970 3168 5036 (Ι
3201 4970 3361 5023 Joan.
3394 4971 3459 5034 ι).
3499 4985 3526 5016 ››
3574 4963 3643 5021 Et
3707 4970 3861 5023 tunc

2129 5056 2371 5126 Esebon,
2407 5070 2583 5129 quam
2643 5059 2995 5125 cogitationes
3047 5054 3405 5128 interpretari
3456 5052 3750 5124 diximus,
3788 5054 3857 5112 in

2125 5141 2522 5200 Israelitarum
2563 5141 2791 5216 cogitur
2834 5143 3080 5201 transire
3118 5141 3474 5211 dominium;
3512 5154 3645 5197 cum
3673 5154 3862 5198 mens

2124 5237 2321 5290 nostra
2347 5231 2417 5290 de
2452 5231 2748 5305 superbia,
2780 5232 2872 5291 vel
2917 5234 3072 5290 omni
3117 5240 3341 5290 terrena
3375 5229 3865 5302 concupiscentia

2124 5323 2466 5383 transfertur
2495 5322 2558 5381 in
2587 5337 2842 5383 amorem
2881 5323 3044 5397 regni
3076 5322 3375 5382 caelorum.
3411 5319 3862 5394 Gogitationum

2122 5415 2334 5488 quippe
2369 5419 2659 5473 certamen
2690 5428 3012 5488 numquam
3049 5409 3259 5470 Christi
3291 5417 3475 5485 potest
3500 5409 3701 5469 deesse
3733 5412 3863 5470 mi-

2123 5502 2361 5576 litibus,
2416 5503 2694 5577 quoniam
2755 5501 2943 5576 operis
2999 5500 3178 5559 nostri
3232 5515 3338 5559 nos
3387 5499 3667 5558 rectitudo
3723 5516 3858 5561 non

2126 5589 2352 5663 liberat,
2404 5591 2454 5651 si
2502 5591 2696 5666 pravis
2747 5590 2868 5650 suis
2912 5587 3354 5664 cogitationibus
3400 5603 3565 5649 mens
3614 5594 3862 5651 armata
