4078 6202
363 235 462 330 $9.9

1461 259 1662 317 LIBER
1701 255 2062 326 QUARTUS,
2107 253 2483 312 EPIST.'XV.

3462 237 3630 302 .350

361 379 647 439 Virtutibus
693 391 800 432 non
853 374 1102 432 resultat.
1154 371 1465 430 Sulliciebat
1519 372 1737 442 quidem
1799 370 1934 438 legis
1968 376 2014 433 Α
2041 368 2109 423 de
2136 382 2232 423 eos
2273 368 2325 422 in
2363 365 2619 437 patibulis
2647 374 2837 422 contra
2867 365 3057 431 solem,
3089 373 3150 420 ut
3175 372 3452 420 avertatur
3481 363 3634 421 furor

362 473 594 542 antiqua:
642 466 968 531 cultoribus,
1013 475 1072 520 ut
1122 473 1271 520 recta
1315 465 1580 520 duntaxat
1605 461 1946 517 extrinsecus

310 594 316 602 -
359 573 612 637 agerent;
633 560 789 616 nobis
809 567 990 613 autem
1005 556 1299 628 Evangelio
1321 554 1636 610 terribiliter
1666 552 1947 606 intonante

357 653 687 726 praccipitur,
719 659 778 706 ut
803 649 930 706 dum
954 647 1209 718 operibus
1251 647 1432 718 pravis
1456 645 1736 707 exuimur,
1757 638 1945 698 'etiam

359 743 782 817 cogitationibus
837 740 1124 811 pervigiles
1165 739 1550 794 obluctemur:
1589 757 1608 790 ο
1681 734 1945 801 Audistis,

359 836 550 906 inquit,
583 834 712 904 quia
744 833 948 888 dictum
977 841 1062 887 est
1097 832 1336 901 antiquis
1369 849 1383 884 :
1416 829 1532 884 Non
1561 828 1945 886 mtecbaberis.

361 928 469 999 Ego
514 935 697 982 autem
745 924 866 979 dico
909 923 1086 988 vobis,
1113 923 1238 994 quia
1275 923 1587 992 quicunque
1616 920 1810 976 viderit
1835 934 1945 973 mu-

359 1020 543 1075 lierem
571 1018 640 1074 ad
667 1016 1158 1088 concupiscendum
1179 1030 1332 1076 eam.
1373 1015 1487 1084 jam
1529 1013 1833 1069 tumebatus
1861 1021 1946 1066 est

357 1128 474 1168 eam
507 1113 559 1166 in
587 1112 754 1167 corde
779 1126 878 1166 suo
904 1108 1123 1182 (Matth.
1154 1106 1230 1178 v).
1279 1127 1297 1160 ι
1336 1107 1475 1162 Ilinc
1497 1116 1583 1162 est
1605 1105 1748 1176 quod
1775 1103 1946 1160 Joan-

361 1220 459 1259 nes
488 1203 752 1274 Baptista,
780 1218 880 1272 per
906 1216 1070 1272 quem
1096 1199 1180 1255 lex
1205 1208 1362 1254 vetus
1387 1197 1728 1267 exprimitur,
1751 1210 1946 1251 zonam

360 1293 638 1364 pelliceam
670 1293 722 1347 in
746 1291 946 1346 lumbis
975 1290 1235 1344 habuisse
1255 1287 1570 1360 perhibetur
1595 1285 1810 1355 (Matth.
1843 1285 1946 1356 ιιι).

360 1383 612 1438 Salvator
635 1390 843 1444 noster,
874 1380 966 1450 qui
998 1388 1190 1433 auctor
1215 1387 1300 1434 est
1345 1376 1641 1448 Evangelii.
1696 1375 1842 1430 inter
1865 1389 1950 1430 se-

358 1486 502 1546 ptem
545 1473 873 1531 candelabra
920 1487 1089 1527 aurea
1129 1472 1275 1526 visus
1299 1480 1384 1527 est
1417 1485 1448 1525 a
1478 1469 1688 1526 Joanne
1720 1467 1951 1524 vestitus

359 1565 584 1636 podere,
633 1572 690 1618 et
739 1562 1068 1633 praecinctus
1113 1561 1183 1616 ad
1232 1559 1530 1616 mamillam
1578 1573 1713 1613 zona
1761 1572 1946 1612 aurea.

356 1655 495 1721 Quid
525 1663 611 1710 est
649 1668 780 1724 ergo
802 1669 937 1708 zona
971 1651 1194 1723 pellicea
1228 1652 1376 1707 circa
1407 1651 1640 1713 lumbos,
1669 1649 1771 1704 nisi
1805 1648 1948 1718 quod

2051 472 2205 512 meus
2232 457 2300 511 ab
2322 455 2486 512 Israel
2516 455 2706 528 (Num.
2742 457 2891 522 xxv).
2915 476 2933 508 ›
2954 455 3091 524 Quid
3119 465 3204 511 est
3231 457 3374 527 quod
3405 455 3634 528 populus

2048 548 2100 601 in
2135 547 2364 602 luxuriae
2399 548 2713 615 voraginem
2741 535 2963 612 labitur,
2984 557 3040 604 et
3082 548 3134 602 in
3156 563 3344 604 eorum
3373 549 3634 621 υνδεροεὶ-

2048 648 2132 694 tos
2175 638 2518 696 vindicatur?
2555 637 2768 694 Subditi
2820 638 3160 709 delinquunt,
3201 641 3634 712 etprincipesiu

2046 728 2302 797 patibulis
2330 729 2771 798 suspenduntur?
2818 728 3039 786 Scilicet
3069 731 3206 786 alius
3240 740 3348 798 est,
3377 733 3468 802 qui
3507 747 3636 803 pec-

2047 828 2171 884 cat;
2203 819 2340 875 alius
2362 820 2473 886 ille,
2506 821 2598 891 qui
2631 823 2870 892 vapulat.
2902 823 3012 878 Cur
3039 824 3160 890 hoc,
3191 825 3292 879 nisi
3323 826 3450 894 quia
3481 825 3634 896 culpa

2048 910 2388 967 subditorum
2418 912 2472 966 in
2502 914 2912 982 praepositorum
2951 915 3589 986 redundatopprobrium
3616 936 3634 972 :

2046 1009 2102 1055 et
2147 1001 2292 1070 quod
2343 1002 2412 1057 ab
2453 1001 2647 1058 ovibus
2694 1013 2948 1070 erratur,
3009 1005 3352 1077 negligentia:
3400 1011 3636 1078 pastoris

2050 1092 2382 1148 ascribitur?
2410 1092 2474 1147 Et
2502 1093 2649 1158 vide,
2685 1109 2850 1163 quam
2899 1094 3250 1152 formidolosa
3278 1096 3352 1153 sit
3399 1099 3638 1156 conditio

2050 1183 2478 1252 prresidentium,
2531 1193 2587 1238 ut
2639 1201 2744 1240 non
2795 1185 2955 1241 modo
3003 1201 3100 1256 pro
3160 1189 3291 1254 suis,
3340 1189 3432 1244 sed
3456 1198 3512 1246 et
3539 1207 3639 1262 pro

2049 1274 2387 1329 subditorum
2438 1275 2735 1345 puniantur
2782 1275 3023 1333 offensis.
3063 1278 3260 1349 Arguit
3283 1294 3377 1335 eos
3406 1279 3636 1354 Moyses,

2049 1377 2174 1431 quia
2202 1363 2285 1417 lex
2338 1363 2432 1420 Dei
2479 1365 2821 1436 negligentiae
2865 1365 2985 1423 illos
3033 1383 3097 1423 ac
3125 1370 3358 1439 torporis
3394 1382 3635 1428 accusat.

2051 1453 2153 1521 Qui
2184 1456 2462 1525 suspendit
2492 1471 2589 1512 eos
2623 1457 2690 1512 ad
2718 1457 2912 1523 solem,
2943 1460 3198 1530 quoniam
3224 1461 3297 1516 ad
3320 1464 3641 1519 examinan-

2049 1543 2181 1597 dum
2231 1533 2626 1614 producuntur,
2683 1555 2740 1600 et
2793 1558 3097 1618 arguuntur
3147 1567 3176 1603 a
3208 1550 3347 1606 luce.
3380 1570 3398 1604 α
3443 1552 3639 1610 Omnis

2049 1633 2249 1700 enim,»
2277 1641 2337 1688 ut
2366 1633 2626 1690 Dominus
2655 1634 2754 1700 ait,
2785 1652 2807 1687 t
2830 1637 2921 1708 qui
2945 1637 3082 1692 mala
3111 1639 3250 1709 agit,
3279 1641 3399 1696 odit
3434 1640 3635 1708 lucem,

356 1744 599 1814 antiquis
645 1743 850 1798 dictum
879 1751 1002 1797 est:
1040 1759 1058 1793 ι
1101 1739 1217 1795 Νοη
1248 1739 1642 1796 rnoechaberis?
1673 1757 1692 1791 ι
1727 1737 1796 1792 Et
1819 1735 1948 1806 quid
1979 1743 2025 1802 Β
2051 1734 2233 1780 etnon
2261 1726 2412 1781 venit
2431 1726 2501 1780 ad
2521 1725 2720 1792 lucem.
2750 1735 2810 1782 ut
2830 1743 2938 1784 non
2955 1739 3260 1800 arguantur
3284 1747 3445 1801 opera
3472 1732 3590 1802 ejus
3618 1749 3636 1789 :

355 1847 438 1890 cst
469 1850 608 1890 zona
655 1848 826 1888 aurea
867 1833 936 1887 ad
983 1829 1300 1896 mamillam,
1327 1830 1429 1884 nisi
1459 1829 1602 1900 quod
1625 1827 1950 1883 Christiana:

356 1915 480 1981 lid'ei
512 1924 817 1980 cultoribus
849 1923 1050 1978 dicitur
1083 1936 1100 1976 :
1133 1939 1154 1973 ‹
1189 1919 1289 1988 Qui
1328 1919 1525 1975 viderit
1563 1917 1847 1974 mulierem
1879 1915 1948 1969 ad

354 2014 854 2085 concupiscendum
897 2027 1044 2077 eam,
1099 2009 1216 2080 jam
1265 2011 1570 2066 moechatus
1598 2019 1684 2064 est
1720 2023 1843 2064 eam
1895 2006 1948 2061 in

354 2109 522 2162 corde
544 2106 687 2162 suo?
720 2125 740 2158 ι
776 2104 914 2160 Hinc
935 2103 1100 2160 etiam
1127 2115 1223 2174 per
1247 2101 1567 2172 prophetam
1592 2098 1772 2154 divina
1818 2111 1950 2153 voce

360 2194 682 2264 praecipitur
709 2211 724 2247 :
761 2212 780 2246 ι
811 2192 978 2256 Lava,
1004 2189 1327 2254 Jerusalem,
1357 2204 1388 2244 a
1421 2187 1624 2243 malitia
1652 2201 1749 2243 cor
1771 2196 1948 2252 tuum;

357 2300 644 2356 usquequo
673 2288 1032 2340 morabuntur
1053 2282 1106 2337 in
1137 2291 1188 2337 te
1209 2279 1570 2351 cogitationes
1602 2277 1780 2334 noxia
1811 2276 1944 2349 (λεν.

359 2378 459 2446 tv).
493 2395 511 2428 ι
547 2376 615 2430 Et
656 2376 782 2432 alibi
837 2393 851 2405 ο
897 2394 918 2430 ι
971 2373 1214 2436 Attendi,
1261 2371 1460 2442 inquit,
1510 2380 1566 2426 et
1616 2368 1948 2435 auscultavi;

357 2482 541 2531 nemo,
574 2467 718 2537 quod
750 2466 946 2521 bonum
993 2472 1096 2530 est,
1134 2464 1319 2519 biatur
1356 2461 1492 2534 (Jer.
1517 2462 1658 2531 vin).
1697 2480 1716 2515 ι
1756 2461 1821 2515 Et
1847 2459 1950 2516 Sa-

361 2557 546 2611 lomon
601 2558 725 2611 ait:
760 2574 778 2608 ς
826 2555 1063 2626 Spiritus
1111 2564 1338 2610 sanctus
1392 2553 1691 2625 disciplinae
1729 2551 1953 2624 elfugiet

357 2648 569 2711 ﬁctum,
601 2656 656 2702 et
683 2647 894 2702 auferet
921 2661 980 2702 se
1008 2662 1037 2701 a
1069 2646 1513 2718 cogitationibus,
1536 2661 1658 2717 quae
1677 2655 1804 2701 sunt
1831 2645 1952 2701 sine

356 2738 635 2794 intellectu
662 2737 813 2810 (Sap.
845 2738 906 2809 l).
941 2756 962 2790 ι
992 2739 1335 2808 Arripiamus
1372 2751 1504 2809 ergo
1532 2735 1767 2808 gladium
1795 2734 1954 2808 spiri-

357 2840 465 2892 tus,
499 2840 554 2884 et
584 2839 772 2884 contra
803 2828 1192 2900 cogitationum
1221 2843 1320 2884 nos
1352 2826 1726 2884 infestantium
1749 2839 1953 2882 cuneos

357 2919 810 2974 ἱιιΐωιιετίιωιίιωο
853 2919 1194 2973 dimicemus.
1248 2917 1504 2990 Legimus
1556 2914 1747 2988 (Nam.
1797 2914 1951 2988 lxv),

356 3010 485 3076 quia
517 3007 754 3064 Phinees
785 3009 1064 3074 sacerdos,
1091 3023 1215 3064 cum
1250 3007 1477 3064 vidisset
1503 3006 1806 3064 Israelltom
1829 3022 1954 3064 cum

2052 1819 2145 1890 qui
2186 1827 2370 1874 autem
2428 1817 2560 1875 facit
2606 1820 2915 1888 veritatem,
2959 1822 3106 1878 venit
3147 1823 3214 1878 ad
3244 1822 3421 1879 lucem
3450 1823 3638 1897 (Joatt.

2051 1910 2157 1978 tu).
2191 1927 2212 1962 ι
2245 1910 2334 1966 Ad
2378 1909 2554 1966 lucem
2598 1911 2797 1983 quippe
2853 1912 3032 1980 venit,
3060 1913 3150 1983 qui
3176 1914 3389 1970 occulta
3412 1931 3509 1971 sua
3542 1931 3642 1988 per

2050 2017 2201 2074 pura:
2225 2002 2584 2060 confessionis
2606 2005 2811 2060 aditum
2839 2004 3047 2075 pandit.
3072 2005 3384 2062 Curandum
3406 2015 3492 2063 est
3513 2023 3642 2079 ergo

2052 2094 2356 2150 rectoribus
2384 2094 2778 2162 Ecclesiarum,
2805 2105 2864 2150 ut
2891 2096 3034 2153 filios
3059 2109 3320 2169 generent
3342 2099 3402 2155 in
3427 2099 3592 2156 Israel
3619 2117 3638 2156 :

2050 2192 2108 2239 et
2151 2199 2260 2240 non
2309 2186 2775 2258 qualemcunque,
2819 2189 2914 2244 sed
2959 2188 3132 2246 virilis
3181 2206 3346 2247 sexus
3395 2192 3640 2248 sobolem

2053 2277 2322 2344 nutriant,
2353 2293 2474 2349 quae
2505 2279 2754 2336 videlicet
2776 2281 2846 2336 ad
2871 2282 3226 2351 pmliaudum
3255 2285 3395 2340 bella
3428 2286 3639 2342 Domini

2053 2369 2270 2427 fortiter
2306 2372 2691 2453 convalescat.
2736 2373 2994 2445 Quisquis
3041 2377 3189 2432 enim
3237 2393 3335 2449 per
3387 2377 3642 2447 injuncta'.

2051 2462 2455 2530 pmdicationis
2496 2463 2731 2519 cilicium
2761 2463 2832 2518 ad
2876 2465 3224 2536 pugnandum
3265 2467 3402 2523 alios
3425 2467 3643 2534 incitat,

2053 2554 2150 2607 sed
2201 2551 2316 2622 ipse
2349 2567 2458 2608 non
2502 2562 2727 2625 pugnat,
2779 2552 2855 2608 illi
2905 2554 3098 2611 similis
3125 2564 3228 2620 est,
3265 2557 3357 2628 qui
3398 2556 3646 2613 buccina

2053 2641 2398 2712 clangoribus
2449 2644 2735 2715 obstrepit,
2784 2643 2880 2700 sed
2928 2647 3188 2717 congredi
3236 2649 3486 2705 cominus
3531 2663 3642 2706 non

2055 2733 2354 2803 praesumit.
2397 2733 2499 2789 Hic
2541 2736 2725 2804 itaque
2765 2751 2874 2792 non
2910 2736 3122 2792 virilem
3157 2750 3380 2810 generat
3415 2757 3641 2808 sexum,

2057 2823 2184 2878 dum
2213 2824 2288 2879 sit
2313 2834 2472 2896 pater
2495 2826 2742 2897 ignavus.
2772 2827 2943 2894 Quem
2962 2828 3212 2899 profecto
3249 2830 3520 2903 Salpbaad
3551 2835 3646 2891 ille

2056 2916 2312 2988 signavit,
2341 2919 2433 2988 qui
2462 2933 2567 2974 non
2597 2918 2793 2986 filium,
2833 2923 2926 2976 sed
2963 2923 3204 2994 quinque
3232 2925 3375 2980 tilias
3399 2928 3640 2984 mor-iens

2057 3009 2344 3080 dereliquit
2361 3009 2552 3082 (Num.
2569 3013 2764 3084 xxvu).
2782 3012 3052 3084 Salpltaad
3075 3017 3342 3088 siquidem
3369 3019 3644 3092 interpre-

358 3097 711 3152 llladianitide
738 3106 1022 3152 coeuntem
1043 3137 1058 3163 ,
1101 3097 1387 3168 pugionem
1419 3105 1638 3168 repente
1667 3096 1950 3169 corripuit,
1977 3099 2028 3164 C
2055 3110 2205 3156 tatur
2228 3103 2412 3156 umbra
2450 3105 2503 3157 in
2532 3120 2622 3158 ore
2642 3104 2777 3174 ejus.
2814 3103 3075 3175 Quisquis
3098 3108 3240 3162 enim
3266 3107 3422 3164 fortia
3445 3111 3645 3180 praedi-

356 3200 409 3243 et
447 3189 776 3259 sacrilegam
816 3189 1203 3244 fornicantium
1247 3189 1425 3260 bigam
1464 3189 1655 3260 copula
1685 3189 1828 3245 inter
1857 3205 1958 3259 pu-

361 3283 538 3334 denda
572 3281 878 3336 transfodit.
929 3281 1041 3337 Hoc
1075 3279 1277 3336 factum
1317 3281 1553 3351 priorem
1608 3279 1958 3336 aedificaverit

363 3375 646 3443 populum.
691 3375 770 3428 Tu
820 3385 1026 3440 autem,
1073 3375 1166 3444 qui
1197 3373 1423 3429 alterius
1471 3355 1600 3428 belli
1644 3371 1956 3442 magisterio

359 3467 667 3521 instructus
708 3482 792 3530 es,
837 3475 894 3520 et
934 3465 1232 3536 spiritualis
1266 3465 1372 3520 dux
1395 3465 1599 3536 gregis,
1629 3479 1737 3520 non
1763 3476 1956 3533 corpo-

360 3559 494 3613 ralis
545 3558 769 3622 allatus,
821 3558 866 3612 si
922 3574 1084 3627 quem
1128 3558 1480 3626 conspexeris
1519 3557 1587 3612 de
1631 3555 1830 3626 populo
1862 3566 1956 3610 tuo

358 3658 486 3715 post
524 3663 747 3703 sensum
794 3647 848 3702 in
897 3647 1312 3700 Madianitarum
1347 3660 1584 3700 amorem
1614 3653 1858 3709 euntem,
1901 3652 1957 3698 et

360 3740 700 3794 illecebrosis
735 3753 796 3794 se
837 3738 1259 3808 cogitationibus
1290 3737 1646 3801 volutantem,
1677 3735 1803 3791 nolo
1831 3749 1960 3805 par-

358 3844 477 3893 cas,
512 3829 638 3883 nolo
665 3828 991 3893 dissimules,
1015 3828 1112 3882 sed
1129 3828 1274 3882 illico
1302 3835 1546 3896 percute,
1564 3823 1685 3881 'sine
1700 3825 1956 3881 dilatione

362 3919 643 3989 transfige.
676 3919 851 3989 Ipsam
889 3932 1106 3987 quoque
1133 3917 1378 3982 vulvam,
1416 3917 1468 3970 id
1493 3924 1599 3982 est,
1630 3925 1837 3971 secreta
1862 3932 1957 3970 na-

361 4020 499 4065 tura:
521 4011 842 4072 discutiens,
870 4021 1031 4079 atque
1057 4008 1254 4062 intime
1267 4016 1580 4077 penetrans,
1609 4007 1758 4061 illum
1778 4007 1956 4076 ipsum

361 4102 626 4168 peccandi
652 4101 895 4155 fomitem
925 4099 1166 4170 perfode,
1191 4116 1260 4155 ne
1285 4099 1462 4155 valeat
1485 4100 1623 4154 ultra
1648 4099 1953 4168 concipere,

362 4193 448 4247 vel
477 4192 803 4247 virulentam
834 4192 987 4262 131
1026 4192 1289 4257 sobolem,
1314 4207 1435 4262 qute
1461 4189 1753 4245 Israelitica
1778 4197 1955 4244 castra

360 4281 736 4347 contaminet,
781 4297 1060 4353 generare.
1110 4281 1370 4348 Gladius,
1423 4275 1645 4352 inquam
1673 4321 1688 4345 ,
1735 4280 1957 4348 spiritus

363 4377 544 4442 ipsum
574 4374 831 4444 peccandi
857 4374 1303 4445 conceptaculum
1325 4371 1503 4440 feriat,
1537 4372 1628 4444 qui
1659 4372 1955 4443 petulantia

2057 3203 2168 3259 cat,
2202 3203 2258 3249 et
2283 3195 2564 3250 enerviter
2589 3197 2740 3261 vivit,
2769 3211 2836 3252 ne
2867 3198 3038 3268 turpis
3065 3209 3340 3270 appareat,
3361 3204 3521 3271 quasi
3544 3205 3645 3260 sub

2055 3282 2201 3339 foliis
2225 3299 2288 3340 se
2332 3285 2550 3342 honesti
2598 3289 2866 3344 sermonis
2912 3289 3191 3344 occultat:
3219 3291 3320 3347 sub
3361 3295 3554 3352 umbra
3585 3310 3646 3352 se

2054 3375 2260 3445 proprii
2294 3375 2409 3430 oris
2438 3376 2746 3442 abscondit,
2773 3381 2898 3432 dum
2931 3380 2983 3432 in
3025 3395 3275 3448 campum
3324 3385 3645 3440 certaminis

2054 3480 2155 3534 per
2205 3467 2286 3521 sui
2319 3468 2556 3536 torporis
2608 3467 2875 3537 ignaviam
2916 3485 3022 3524 non
3047 3470 3313 3540 procedit.
3343 3470 3442 3528 Hic
3465 3475 3647 3544 itaque

2055 3567 2317 3626 quantum
2347 3558 2412 3610 ad
2441 3571 2501 3613 se
2521 3572 2629 3613 non
2654 3557 2884 3622 virilem,
2910 3560 3004 3612 sed
3037 3559 3352 3616 muliebrem
3380 3563 3644 3631 sobolem,

2055 3657 2112 3704 et
2168 3648 2310 3703 hanc
2345 3649 2446 3702 sub
2469 3649 2720 3719 quinario
2765 3664 2992 3704 numero
3021 3661 3264 3720 generat,
3293 3653 3420 3708 dum
3451 3670 3647 3725 sequa-

2055 3751 2148 3792 ces
2197 3751 2327 3791 suos
2375 3752 2483 3792 non
2533 3737 2601 3790 ad
2655 3737 2821 3792 robur
2843 3739 3137 3807 spiritualis
3159 3742 3424 3807 audacia,
3459 3743 3552 3798 sed
3571 3745 3642 3799 ad

2055 3828 2225 3881 otium
2282 3827 2480 3882 educat
2527 3827 2776 3898 ignobilis
2806 3829 2949 3882 viae.
2988 3829 3134 3896 Quos
3168 3832 3351 3902 utique
3379 3834 3504 3888 dum
3537 3850 3643 3890 non

2055 3927 2212 3972 curat
2265 3918 2531 3972 industria
2589 3934 2786 3989 pugna:
2840 3920 3137 3988 spiritualis
3193 3921 3454 3990 imbuere,
3501 3927 3648 3998 cogit

2057 4012 2418 4068 exterioribus
2451 4013 2714 4083 negotiis,
2745 4013 2902 4083 quasi
2934 4014 3173 4084 quinque
3214 4017 3492 4086 corporeis
3522 4033 3646 4073 seu-

2057 4105 2210 4160 sibus
2239 4106 2538 4160 deservire.

2127 4197 2236 4252 IIns
2272 4199 2453 4268 itaque
2480 4199 2838 4268 corporalium
2877 4216 3130 4256 sensuum
3161 4215 3367 4273 portas.
3402 4202 3645 4261 dilectis-

2058 4290 2216 4352 simi,
2250 4301 2306 4344 et
2339 4291 2591 4345 vitiorum
2639 4292 2961 4347 irruentium
3006 4293 3301 4364 phalanges
3343 4297 3642 4363 obstruite,

2058 4387 2112 4432 et
2155 4379 2412 4432 virtutum
2465 4379 2823 4448 spiritualium
2870 4383 3175 4452 agminibus
3226 4386 3454 4454 aperite.
3496 4386 3646 4442 Mens

362 4469 706 4524 lascivientis
758 4466 1154 4523 oblectamenta
1199 4465 1381 4521 carnis
1430 4466 1758 4536 exstinguat.
1801 4464 1956 4531 Quod
1988 4455 2258 4539 unippe
2331 4469 2516 4523 militis
2573 4468 2820 4535 Christi,
2887 4473 3040 4541 quasi
3103 4474 3260 4544 132
3327 4476 3644 4530 retiaculum

363 4577 493 4616 cum
544 4561 823 4614 onltlibtlS'
849 4574 948 4630 pro
990 4573 1090 4614 suo
1139 4557 1334 4628 cuique
1383 4556 1600 4612 modulo
1628 4570 1852 4611 necesse
1889 4556 1962 4610 sit

362 4668 556 4724 agere,
623 4652 736 4707 illis
793 4660 980 4704 tamen.
1021 4651 1124 4704 hoc
1175 4649 1496 4720 propensius
1543 4646 1822 4712 imminet,
1865 4647 1957 4717 qui

364 4747 552 4801 locum
600 4743 890 4815 regiminis.
945 4749 1160 4804 tenent,
1209 4741 1300 4810 qui
1349 4738 1653 4796 commissis
1682 4735 1960 4792 fratribus

363 4837 687 4908 praesident.
733 4833 882 4901 Quos
929 4832 1184 4887 nimirum
1228 4844 1450 4884 necesse
1497 4839 1600 4896 est,
1660 4837 1726 4882 ut.
1769 4837 1956 4883 contra

363 4927 504 4980 vitia
554 4917 892 4980 subditorum
922 4919 1276 4977 sacerdotalis
1326 4919 1424 4974 zeli
1458 4918 1640 4975 fervor
1678 4918 1956 4980 accendat,

363 5030 422 5076 et
459 5035 591 5075 cum
638 5017 874 5073 Phinces
918 5014 1109 5071 mterni
1159 5011 1448 5069 sacerdotii
1467 5010 1590 5080 jura
1617 5010 1958 5081 possideant;

366 5111 526 5180 quod
556 5111 600 5165 si
633 5109 855 5164 desidiae
881 5107 1028 5162 circa
1055 5105 1448 5174 delinquentes,
1490 5110 1705 5170 torpore
1743 5102 1963 5171 langue-

364 5210 559 5262 scunt,
584 5200 767 5255 nudati
792 5198 1122 5262 sacerdotio,
1151 5212 1274 5252 cum
1308 5194 1424 5250 I‘Ieli
1449 5193 1638 5248 fractis
1675 5194 1725 5246 in
1759 5203 1958 5247 terram

366 5291 683 5348 cervicibus
729 5288 780 5361 (Ι
849 5289 975 5360 Reg.
1027 5288 1103 5357 Iv)
1150 5288 1443 5342 eliduntur.
1503 5284 1637 5338 Hinc
1667 5294 1766 5346 est,
1819 5283 1960 5353 quod

363 5401 500 5438 cum
536 5381 866 5436 Israeliticus
901 5380 989 5434 ille
1015 5379 1244 5449 populus
1277 5377 1518 5431 initiatus
1541 5383 1688 5429 esset
1705 5373 1964 5441 Dcelpbe-

363 5492 474 5544 gor
508 5475 564 5528 in
595 5475 834 5536 deserto,
861 5481 918 5526 et
957 5471 1010 5525 in
1041 5479 1219 5525 scorta
1269 5468 1423 5522 Moab
1452 5466 1682 5537 turpiter
1723 5464 1963 5519 corruis—

363 5573 480 5626 set,
514 5562 688 5619 iratus
727 5560 910 5616 furore
959 5560 1218 5616 Dominus
1240 5561 1500 5614 adversus
1524 5558 1704 5624 Israel,
1738 5559 1871 5613 dixit
1897 5561 1963 5613 ad

366 5657 602 5730 Hoysen
625 5675 637 5710 :
663 5676 679 5708 ι
711 5655 860 5710 Tolle
881 5663 1104 5708 cunctos
1131 5653 1401 5724 principes
1431 5653 1628 5721 populi,
1657 5662 1711 5706 ct
1735 5665 1963 5720 suspen-

673 5770 946 5830 I’A'rnoL.
989 5769 1259 5832 CXLIV.

2065 4559 2224 4614 debet
2287 4560 2565 4629 expandi,
2629 4575 2750 4630 qtttc
2812 4563 3018 4617 scilicet
3073 4573 3130 4617 et
3196 4566 3435 4620 inanium
3500 4567 3648 4637 cogi-

2069 4650 2333 4704 tationum
2393 4648 2592 4702 fluenta
2655 4659 3011 4719 transponat,
3063 4659 3119 4706 et
3174 4653 3350 4708 sancti
3407 4653 3647 4725 Spiritus

2065 4741 2417 4795 incitamenta
2479 4741 2835 4810 concipiens,
2909 4743 3064 4814 quasi
3135 4745 3313 4814 pisces
3383 4746 3643 4802 includat.

2066 4829 2338 4884 Robustos
2382 4846 2480 4886 vos
2523 4840 2687 4900 atque
2722 4833 3010 4903 pervigiles
3042 4842 3336 4889 nocturnus
3368 4835 3654 4890 insidiator

2066 4919 2330 4986 inveniat,
2383 4929 2445 4974 ut
2489 4931 2820 4984 castrorum,
2849 4937 2948 4992 pro
2985 4923 3182 4993 quibus
3208 4923 3382 4987 statis,
3416 4924 3518 4978 boc
3541 4935 3650 4990 est,

2065 5009 2310 5062 cordium
2350 5018 2653 5064 vestrorum
2684 5011 2882 5074 aditus,
2923 5027 3028 5067 non
3077 5012 3360 5082 irrumpat.
3395 5012 3648 5069 Erectum

2065 5102 2350 5156 adversum
2391 5117 2454 5156 se
2481 5118 2700 5173 semper
2735 5103 2964 5174 aspiciat
2999 5104 3180 5158 crucis
3208 5104 3532 5174 triumphale
3562 5121 3656 5161 vo-

2065 5193 2278 5258 xillum,
2303 5201 2361 5247 ut
2386 5209 2492 5248 non
2523 5210 2552 5246 a
2586 5195 2757 5256 vobis,
2787 5197 2932 5262 quol
2967 5194 3132 5258 absit,
3169 5194 3344 5248 victor
3365 5197 3652 5257 manubias

2066 5284 2290 5349 referat,
2339 5285 2434 5339 sed
2480 5292 2677 5354 praesto
2733 5282 3020 5352 dill'ug'ieus
3067 5294 3377 5339 evanescat.
3418 5285 3653 5342 Insistite

2067 5393 2302 5449 semper,
2334 5391 2456 5446 qua:
2501 5385 2556 5430 et
2591 5386 2739 5430 recta
2786 5385 2912 5448 sunt
2963 5377 3142 5447 agite:
3178 5385 3234 5431 et
3259 5385 3438 5430 tamen
3462 5376 3650 5434 eadem

2069 5471 2170 5526 sub
2201 5469 2446 5525 districta
2501 5467 2682 5523 cordis
2728 5467 3126 5523 examinatione
3167 5477 3427 5538 pcnsate;
3459 5477 3519 5522 ut
3556 5471 3648 5540 qui

2068 5559 2265 5615 vestris
2320 5557 2680 5612 tribunalibus
2734 5557 2832 5628 ipsi
2883 5573 3025 5612 nunc
3056 5566 3348 5613 trementes
3375 5558 3648 5623 assistitis,

2070 5653 2198 5707 illud
2237 5650 2442 5706 ultima:
2478 5651 2818 5706 necessitatis
2840 5666 3068 5706 examen
3107 5651 3339 5704 videatis
3374 5649 3648 5717 intrepidi,

3134 5761 3196 5820 11
