4078 6202
370 246 473 297 3M

906 244 963 301 S.
1000 244 1205 301 PETRI
1247 245 1529 301 DAMIANI
1568 246 1723 302 QPP.
1764 248 1944 302 PARS
1985 251 2116 307 SEU
2154 251 2390 308 T03le
2430 254 2467 308 Ι.
2509 284 2578 294 -——
2616 254 2834 311 EPIST.
2872 252 3002 310 LIII.
3044 256 3153 311 VIII

3545 261 3647 315 532

374 377 480 411 Ιιιιιι
553 358 729 411 denuo
795 356 1070 425 judicandi
1098 398 1113 421 ,
1178 359 1272 412 sed
1336 358 1559 427 gloriam
1624 361 1948 430 percepturi.
1980 380 2027 436 Α
2058 364 2294 418 tionibus
2341 367 2555 422 assidue
2586 380 2916 437 perseverat.
2965 372 3029 425 Et
3057 372 3182 441 quia
3215 388 3371 427 mane
3404 376 3536 428 lucis
3564 396 3631 429 tm

903 470 1237 525 EPISTULA
1286 469 1425 535 XVI.

914 581 950 616 ηΑ
960 578 991 615 D
1016 578 1065 615 ν.
1090 576 1403 616 EPISCOPUI.

374 656 770 711 Anconsnruu.
810 682 881 692 —
918 654 1174 707 Octavam
1223 653 1396 724 sancti
1430 651 1655 708 Joannis
1706 653 1962 724 Baptista:

448 726 745 780 nativitatis
772 725 958 775 eadem
1006 723 1378 785 veneratione,
1419 738 1523 791 qua
1557 724 1729 792 ipsam
1768 723 1961 779 nativi—

451 806 613 849 tatem
644 794 1019 847 celebrandam
1050 808 1170 845 esse
1201 793 1496 846 contendit.
1526 792 1727 847 Deinde
1749 796 1814 848 de
1838 805 1962 849 octo

452 866 659 919 Veteris
688 865 1022 934 Testatnenti
1065 862 1446 916 festivitatibus
1476 864 1732 933 disputat,
1761 881 1963 934 easque

448 938 516 991 ad
559 934 882 1005 evangelicae
920 932 1041 987 fidei
1098 948 1342 987 normam
1378 934 1664 1003 allegorica
1694 932 1956 1005 interpre—

449 1006 650 1059 talione
678 1002 935 1057 transfert
955 1012 1009 1055 et
1029 1006 1423 1057 accommodat.

451 1093 655 1147 Domno
686 1093 748 1147 γ.
784 1092 1107 1146 veneranda:
1136 1092 1443 1146 sanctitatis
1481 1093 1756 1163 episcopo,
1790 1110 1854 1150 ac
1880 1110 1964 1151 re—

377 1186 585 1255 ligiosis
625 1185 879 1238 Ecclesia:
934 1199 1043 1237 sua:
1087 1184 1399 1249 canonicis,
1453 1183 1670 1240 Psrnus
1712 1197 1966 1255 peccator

378 1279 677 1330 monachus
697 1276 1032 1329 servitutem.

454 1369 537 1423 Div
554 1367 623 1421 ini
661 1367 835 1421 cultus
858 1365 1176 1435 obsequium
1207 1375 1334 1421 tunc
1353 1376 1433 1421 est
1458 1368 1641 1438 procul
1664 1369 1825 1423 dubio
1849 1369 1965 1423 lan-

378 1458 447 1512 de
476 1458 717 1527 dignum,
750 1472 873 1511 cum
918 1457 1079 1510 fuerit
1130 1455 1473 1512 laudabiliter
1506 1470 1961 1512 consummatum.

379 1552 646 1607 Cancrum
671 1548 800 1618 qttid
830 1548 1072 1617 prodest,
1118 1548 1162 1603 si
1196 1559 1342 1603 recte
1372 1551 1497 1619 quis
1518 1551 1794 1618 quodlibet
1828 1568 1964 1621 opus

380 1640 623 1707 incipiat,
679 1638 781 1692 nisi
825 1646 971 1691 recto
1011 1638 1136 1691 illud
1175 1638 1280 1692 ﬁne
1320 1640 1611 1693 concludat
1651 1641 1961 1695 ?Novintus

2062 464 2190 509 stne
2228 456 2312 509 lex
2363 468 2447 512 est
2506 470 2561 513 et
2600 462 2894 530 prophetm,
2947 478 3230 533 vesperum
3286 476 3465 521 autem
3518 470 3656 525 lucis

2062 544 2238 613 hujus.
2271 558 2533 616 quantum
2564 551 2630 603 ad
2665 552 2912 606 ordinem
2946 564 3268 622 temporum,
3300 556 3649 627 Evangelium
3708 564 3725 583 ‘

2060 648 2162 700 est,
2196 638 2335 693 sicut
2364 640 2494 694 dicit
2518 642 2828 710 Apostolus,
2860 645 2927 697 ad
2971 660 3091 709 nos,
3142 646 3196 717 in
3225 663 3363 717 quos
3389 650 3521 706 ﬁnes
3551 669 3653 708 sa:-

2062 728 2306 782 culorum
2325 730 2659 786 devenerunt
2675 732 2725 803 (I
2742 733 2861 788 Car.
2883 734 2957 805 it).
2977 736 3038 789 Et
3064 737 3178 807 ipse
3204 737 3403 793 David:
3432 742 3645 799 «Eleva-

2062 822 2139 873 tio
2172 836 2427 877 manuum
2454 839 2697 877 mearum
2727 826 3053 881 sacriﬁcium
3077 832 3447 900 vespertinum
3474 835 3647 904 (Psal.

2061 915 2207 982 cu).
2248 932 2266 965 ι
2328 913 2649 969 Matutinutn
2707 932 2921 987 semper
2966 928 3021 973 et
3068 924 3440 991 vespertinum
3494 926 3653 981 offert

2064 1004 2650 1071 Dominosacriﬁcium,
2668 1009 2756 1077 qui
2784 1012 3132 1080 semetipsum
3148 1030 3178 1067 a
3196 1016 3543 1071 saacularibus
3560 1038 3650 1073 nc-

2062 1098 2224 1167 gotiis
2254 1108 2523 1163 mactans,
2549 1111 2799 1155 versatur
2822 1105 3039 1158 assidue
3070 1105 3123 1159 in
3176 1124 3439 1162 novarum
3468 1127 3532 1165 ac
3560 1128 3651 1165 vc-

2064 1198 2240 1242 terum
2302 1189 2742 1244 meditationibus
2789 1191 3195 1261 Scripturarum
3229 1213 3243 1249 :
3274 1198 3387 1253 sive
3435 1203 3643 1255 matuti-

2063 1294 2191 1331 num
2219 1292 2283 1331 ac
2307 1278 2674 1347 vespertinum
2712 1280 2938 1335 Domino
2964 1283 3293 1340 sacriﬁcium
3321 1286 3524 1359 jugiter
3550 1291 3654 1345 im-

2063 1366 2348 1430 tnulamus,
2383 1382 2505 1421 cum
2560 1378 2616 1421 et
2642 1369 2832 1437 dignas
2871 1372 2918 1425 ei
2948 1374 3246 1439 gratiarum
3294 1379 3537 1435 actiones
3584 1384 3653 1436 de

2063 1466 2250 1510 nostra
2278 1447 2647 1525 redemptione
2680 1460 2983 1526 referimus,
3001 1460 3224 1533 ejusque
3246 1468 3494 1545 terribile.
3507 1464 3653 1537 judi-

2064 1562 2206 1599 etum
2232 1545 2610 1605 formidantes.
2629 1547 2739 1615 jam
2773 1552 2928 1619 quasi
2959 1552 3319 1611 tribunalibus
3342 1561 3648 1627 praesidenti

2065 1644 2357 1690 tretuentes
2385 1643 2644 1691 astatnus.

378 1731 585 1797 itaque,
619 1727 978 1789 dilectissimi,
1018 1728 1147 1797 quia
1184 1728 1530 1784 festivitatem
1567 1731 1707 1785 beati
1736 1730 1961 1785 Joannis
1993 1729 2040 1789 Β
2134 1723 2260 1777 Ροδι
2289 1724 2418 1795 ,1⁸³8⁸
2471 1742 2600 1780 vero
2644 1728 2969 1785 εθετῖίῖείυῐη
3026 1731 3323 1791 Sabbal'lm
3375 1740 3594 1809 ponit"?
3630 1781 3649 1807 ν

378 1819 654 1888 Baptistze,
707 1828 867 1886 prout
921 1819 1141 1887 dignum
1177 1831 1281 1880 est,
1327 1820 1541 1887 quidem
1587 1821 1966 1874 venerabilzter

379 1910 578 1973 colitis,
620 1911 714 1964 sed
760 1910 967 1963 octavis
1016 1909 1132 1979 ejus
1173 1912 1333 1965 trium
1371 1911 1662 1967 lectionum
1703 1914 1966 1967 brevitate

377 2000 638 2063 contenti,
667 2016 770 2053 non
811 2015 950 2061 eam,
976 2016 1081 2068 qua
1106 2001 1280 2071 digna:
1303 2010 1451 2064 sunt,
1483 2006 1840 2057 reverentiam
1871 2020 1969 2058 es-

378 2092 597 2146 hibetis.
626 2091 759 2145 Nam
784 2094 828 2147 si
860 2093 1108 2147 lectionis
1128 2094 1453 2163 evangelicae
1498 2105 1655 2150 tenor
1683 2097 1967 2166 diligenter

381 2183 702 2244 attenditur,
734 2182 932 2237 nullius
961 2185 1137 2238 sancti
1181 2186 1449 2241 festivitas
1472 2187 1525 2240 in
1567 2188 1815 2242 Ecclesia
1835 2191 1965 2243 coli-

378 2287 486 2339 tur,
541 2274 695 2344 cujus
738 2276 945 2328 octavis
997 2285 1144 2329 tanta
1196 2278 1497 2331 reverentia
1552 2280 1827 2332 debeatur.
1876 2282 1965 2334 Ait

373 2368 516 2419 cnim
558 2366 784 2437 angelus
809 2366 1089 2419 Zacharia:
1123 2385 1134 2419 :
1172 2386 1188 2417 ι
1219 2367 1333 2421 Erit
1361 2368 1453 2421 tibi
1478 2369 1755 2438 gaudium,
1786 2381 1840 2422 et
1864 2386 1961 2422 ex-

375 2457 632 2523 sultatio,
688 2464 745 2509 et
804 2456 955 2510 tnulti
1013 2458 1066 2510 in
1118 2457 1401 2513 nativitate
1470 2460 1588 2528 ejus
1652 2445 1964 2528 gaudebunt

374 2548 525 2614 (Luc.
570 2546 631 2616 ι).
673 2565 691 2596 ι
736 2544 887 2611 Quod
927 2545 1111 2613 procul
1152 2546 1314 2601 dubio
1369 2563 1473 2601 non
1503 2549 1618 2617 ipso
1666 2549 1965 2602 nativitatis

374 2636 484 2698 die,
525 2634 617 2687 sed
655 2646 847 2687 octavo
874 2635 1053 2704 potius
1088 2650 1191 2689 non
1227 2636 1521 2706 ambigitur
1542 2636 1709 2691 fuisse
1734 2639 1963 2706 comple-

378 2737 513 2777 lltttt.
544 2726 748 2778 UClth)
791 2724 991 2793 quippe
1028 2725 1135 2787 die,
1174 2740 1282 2793 quo
1321 2726 1675 2780 circumcisus
1709 2738 1815 2792 est,
1854 2745 1960 2782 non

374 2825 459 2868 est
490 2814 609 2868 sine
657 2813 947 2867 multorum
986 2815 1183 2885 gaudio
1220 2815 1498 2869 Zachariae
1527 2817 1794 2887 angelitus
1827 2836 1965 2872 nuu-

380 2908 592 2970 tiatum,
630 2916 685 2959 et
713 2906 989 2960 Elisabeth
1021 2907 1279 2960 divinitus
1307 2908 1646 2977 inspiratnm,
1676 2924 1846 2978 puero
1867 2925 1963 2964 no-

377 3015 499 3051 men
524 2997 840 3067 imponitur,
881 3013 941 3050 os
981 2998 1149 3066 patris
1181 3000 1322 3066 quod
1362 2999 1449 3051 diu
1490 2998 1735 3052 clausum
1761 2997 1959 3062 fuerat,

2069 1815 2318 1870 videlicet
2339 1826 2397 1869 ut
2423 1818 2490 1871 ab
2515 1819 2663 1873 omni
2678 1822 2859 1888 operis
2881 1822 3095 1878 servilis
3114 1829 3461 1883 exsecutione
3490 1847 3650 1885 vat-e-

2068 1920 2175 1963 tur.
2197 1908 2510 1967 Christiano
2531 1929 2660 1968 vero
2688 1916 2966 1985 spirituale
2981 1918 3273 1976 Sabbatum
3301 1940 3481 1995 agere,
3510 1940 3586 1981 cst
3618 1948 3647 1983 ει

2067 1999 2331 2054 laboriosa
2366 2016 2547 2057 rerum
2592 2008 2971 2074 temporalium
3020 2012 3316 2079 cupiditate
3346 2016 3648 2084 quiescere.

2066 2090 2195 2144 solis
2222 2092 2529 2146 orationum
2558 2109 2625 2150 ac
2649 2094 2939 2153 lectionum
2961 2102 3154 2156 studiis
3181 2102 3452 2169 insudare,
3477 2123 3649 2161 s:ccu-

2068 2179 2258 2234 larium
2297 2182 2635 2250 negotiorum
2679 2188 2889 2253 pondus
2917 2188 2985 2243 de
3012 2193 3211 2247 mentis
3240 2195 3453 2249 cervice
3481 2197 3649 2265 proji-

2068 2284 2212 2333 cere,
2256 2270 2321 2323 ad
2355 2273 2765 2342 contemplanda
2808 2276 3048 2332 caelestia
3102 2289 3209 2334 tota
3240 2284 3417 2337 cordis
3479 2286 3653 2341 inten-

2067 2361 2214 2415 tione
2253 2377 2473 2426 vacare;
2520 2365 2703 2419 carnis
2748 2367 3143 2424 oblectamenta
3194 2384 3559 2442 contemnere,
3585 2377 3653 2431 de

2065 2452 2176 2505 sola
2223 2467 2317 2520 spe
2366 2453 2669 2509 cmlestium
2727 2458 2993 2525 spirituali
3018 2461 3357 2530 jucunditate
3399 2466 3649 2533 gaudere.

2066 2544 2139 2597 De
2170 2545 2270 2600 hoc
2296 2546 2441 2600 enim
2490 2548 2619 2601 dicit
2643 2549 2970 2618 Apostolus:
3002 2552 3359 2624 Relinquetur
3377 2573 3505 2627 ergo
3531 2561 3653 2612 sab-

2065 2635 2325 2689 batismus
2347 2636 2543 2703 populo
2573 2636 2665 2691 Dei
2698 2637 2887 2706 (Hebr.
2917 2643 3013 2709 tv).
3049 2643 3140 2697 Ille
3168 2659 3328 2710 porro
3359 2645 3651 2702 Sabbatunt

2065 2722 2291 2779 Itomino
2320 2727 2587 2781 veraciter
2606 2729 2865 2794 celebrat,
2889 2733 2979 2801 qui
3011 2733 3090 2787 sic
3114 2733 3183 2787 ab
3218 2736 3322 2797 his,
3352 2753 3472 2805 qua:
3504 2754 3655 2790 mun-

2064 2814 2115 2865 di
2144 2822 2273 2868 sunt
2303 2814 2580 2884 operibus,
2636 2830 2810 2882 vacat,
2856 2831 2912 2874 ut
2968 2839 2996 2875 a
3049 2825 3418 2893 spiritualibus
3473 2837 3651 2881 tamen

2063 2902 2278 2956 actibus
2307 2918 2413 2958 non
2442 2905 2705 2972 quiescat.
2738 2904 2893 2963 Unde
2925 2908 3133 2962 Veritas
3161 2911 3237 2963 ait
3272 2925 3289 2965 :
3326 2928 3345 2961 ι
3386 2914 3485 2964 Aut
3532 2929 3637 2965 non

2066 2993 2294 3063 legistis,
2318 2997 2442 3063 quia
2464 2999 2773 3053 sacerdotes
2794 3000 2844 3052 in
2866 3002 3067 3069 templo
3086 3001 3381 3056 Sabbatmn
3408 3005 3633 3069 violant,

372 3088 640 3155 aperitur.
681 3088 745 3141 Et
769 3088 857 3157 qui
884 3097 1109 3141 eatenus
1158 3090 1465 3142 communia
1497 3089 1687 3143 saltem
1715 3090 1961 3157 proferre
1987 3073 2036 3135 C
2065 3095 2120 3141 et
2142 3087 2258 3140 siue
2280 3090 2508 3143 crimine
2536 3092 2698 3144 sunt?
2728 3091 2995 3161 nlullan/1.
3021 3096 3138 3161 xu.)
3159 3096 3259 3161 Qui
3287 3112 3417 3165 ergo
3447 3099 3515 3153 ab
3543 3115 3641 3151 ar-

371 3180 538 3233 verba
587 3196 691 3233 non
724 3190 955 3249 poterat,
989 3180 1214 3251 mystica
1254 3178 1368 3249 jam
1400 3180 1728 3250 prophetalis
1752 3182 1960 3236 oraculi

374 3282 715 3327 sacramenta
770 3270 1047 3325 fundebat.
1100 3271 1296 3325 Totum
1341 3286 1471 3342 ergo
1511 3272 1788 3341 gaudium,
1816 3274 1962 3341 quod

374 3364 615 3435 angelica
640 3364 814 3419 fuerat
843 3365 1249 3419 denuntiatione
1270 3366 1619 3434 promissum,
1643 3376 1836 3420 octavo
1864 3383 1966 3421 na-

378 3457 606 3511 tivitatis
640 3457 728 3511 die
749 3458 1009 3526 probatur
1036 3457 1357 3511 exhibitum.
1390 3456 1656 3511 Nativitas
1691 3458 1872 3527 itaque
1896 3457 1959 3511 Β.

372 3547 601 3602 Joannis
622 3562 727 3601 nou
760 3559 868 3601 tam
898 3548 1070 3618 gratia
1109 3548 1340 3617 propriae
1369 3548 1647 3618 dignitatis
1671 3549 1958 3615 attollitur,

374 3658 534 3711 quam
585 3642 761 3695 octavi
818 3641 901 3696 sui
951 3640 1231 3711 privilegio
1279 3642 1588 3695 decoratur.
1620 3640 1963 3711 Quapropter

377 3732 650 3800 a-quitatis
674 3730 814 3785 ratio
840 3731 1029 3792 dictat,
1055 3740 1114 3783 ιιι
1136 3732 1276 3784 sicut
1308 3730 1422 3799 ipsa
1454 3731 1727 3793 nativitas,
1767 3742 1822 3786 et
1844 3730 1963 3800 ejus

374 3832 564 3875 octava
589 3820 939 3873 nihilominus
982 3820 1298 3881 honoretur,
1332 3834 1397 3872 ex
1438 3834 1543 3889 qua
1570 3820 1822 3875 videlicet
1846 3822 1960 3891 ipsa

377 3911 636 3963 uativitas
672 3911 993 3972 illustratur,
1021 3918 1076 3963 et
1102 3910 1170 3962 ab
1191 3926 1252 3962 ea
1277 3908 1526 3978 percipit,
1564 3910 1704 3963 unde
1732 3910 1963 3965 celebris

374 4011 428 4054 et
475 4000 703 4069 insignis
748 3999 997 4053 habetur.
1042 3996 1201 4068 133
1228 3998 1309 4051 Ab
1340 4010 1527 4051 octava
1568 3999 1838 4066 siquidem
1862 4015 1959 4054 sua

376 4091 702 4145 venerabilis
758 4090 879 4155 hate
925 4090 1179 4143 nativitas
1209 4089 1429 4158 accipit,
1465 4090 1604 4144 unde
1648 4100 1959 4145 sanctorum

374 4182 618 4235 oumium
647 4180 1019 4234 nativitatibus
1047 4179 1337 4233 antecellit.
1358 4178 1536 4248 Atque
1558 4181 1679 4235 ideo
1702 4196 1805 4235 non
1830 4197 1958 4251 sup-

375 4289 562 4341 parem
590 4273 659 4326 ab
681 4288 742 4325 ea
774 4282 1015 4325 meretur
1037 4271 1317 4330 honorem,
1348 4286 1433 4323 cut
1460 4273 1663 4339 praebet
1689 4285 1757 4324 ex
1783 4286 1841 4326 se
1862 4272 1959 4326 11⁸0-

378 4364 529 4418 noris
556 4379 620 4418 ac
644 4362 875 4418 celebris
901 4363 1219 4417 reverentia:
1243 4361 1583 4431 dignitatem.
1618 4362 1728 4417 Nec
1760 4364 1957 4418 mirum

2068 3180 2273 3239 tionnm
2307 3183 2587 3235 szcculariu
2616 3208 2641 3233 ιι
2681 3184 2959 3239 laboribus
2985 3196 3184 3249 cessat,
3217 3200 3269 3241 et
3297 3190 3489 3242 divina:
3521 3206 3643 3243 ser-

2068 3270 2251 3323 vitutis
2277 3273 2528 3339 operibus
2545 3284 2720 3335 vacat,
2755 3276 2841 3327 ille
2872 3274 3190 3331 Christianze
3209 3278 3491 3348 religionis
3506 3278 3645 3332 Sabo

2071 3365 2253 3415 batutu
2284 3360 2540 3421 celebrat.
2571 3365 2674 3418 Iste
2719 3382 2824 3418 non
2864 3368 3060 3421 servile
3079 3384 3217 3435 Opus
3242 3368 3391 3434 facit,
3422 3369 3547 3437 quia
3588 3380 3645 3422 et

2071 3470 2100 3505 a
2136 3455 2341 3523 peccati
2365 3460 2761 3524 perpeti-alioue
2784 3460 3034 3515 custodit.
3068 3461 3168 3525 Qui
3193 3463 3336 3514 enim
3361 3461 3490 3515 facit
3516 3476 3642 3529 pec-

2070 3556 2252 3598 catum
2272 3561 2462 3600 servus
2477 3556 2557 3600 est
2581 3552 2786 3619 peccati
2815 3549 3140 3620 (Joan.vnt).
3156 3550 3264 3606 Iste
3287 3568 3392 3606 nun
3413 3554 3463 3605 in
3484 3555 3647 3605 domo

2063 3646 2159 3684 sua
2191 3631 2370 3702 ignem
2420 3634 2691 3699 accendit,
2722 3636 2847 3703 quia
2895 3651 3086 3692 omnes
3114 3639 3368 3693 vitiorum
3415 3640 3652 3707 fomites,

2062 3734 2119 3775 et
2142 3723 2256 3789 irae,
2282 3732 2337 3778 et
2361 3723 2653 3779 simultatis
2683 3726 2946 3796 igniculos
2970 3744 3038 3782 ex
3063 3730 3337 3785 domicilio
3372 3746 3481 3785 sua:
3503 3748 3656 3786 men-

2063 3814 2132 3865 tis
2154 3813 2472 3883 exstinguit,
2502 3816 2570 3868 ab
2597 3815 2689 3869 illo
2714 3832 2913 3871 cavens
2960 3817 3106 3889 igne,
3139 3820 3206 3874 de
3258 3835 3366 3889 quo
3393 3822 3654 3889 scriptum

2063 3912 2149 3957 t-st
2176 3920 2189 3956 :
2221 3924 2237 3954 ι
2264 3904 2341 3958 Ite
2371 3905 2424 3957 itt
2459 3904 2659 3960 lumine
2686 3906 2825 3975 ignis
2848 3909 3030 3972 vestri,
3061 3918 3117 3963 et
3144 3909 3196 3964 in
3228 3908 3462 3974 ﬂamma,
3489 3926 3656 3980 quam

2062 3994 2389 4049 accendistis
2437 3994 2574 4065 (Isa.
2607 4012 2639 4050 ι.
2666 3996 2708 4065 ).
2740 4015 2758 4047 ι
2821 3996 2918 4052 Hic
2954 4000 3202 4067 denique
3244 3999 3450 4068 pondus
3483 4000 3537 4052 in
3566 4000 3654 4053 via

2062 4100 2170 4138 non
2214 4094 2415 4154 portat,
2458 4090 2713 4155 quoniam
2775 4088 3174 4143 incurvantiutn
3203 4105 3262 4145 se
3310 4090 3654 4160 iniquitattnn

2064 4176 2366 4240 ruderibus,
2402 4192 2498 4231 cor
2526 4193 2623 4247 per
2674 4180 3048 4247 paenitentiam
3105 4180 3322 4251 levigat.
3354 4181 3429 4235 De
3456 4181 3657 4251 quibus

2061 4280 2159 4334 per
2181 4265 2505 4336 PrOphetam
2526 4269 2753 4324 dicitur:
2775 4291 2792 4320 ι
2813 4271 3075 4337 Quoniam
3095 4272 3406 4342 iniquitates
3421 4287 3551 4325 meae
3569 4287 3658 4325 su-

2062 4373 2359 4429 pergressa:
2373 4368 2499 4413 sunt
2518 4369 2680 4429 caput
2708 4361 2867 4433 135
2889 4379 3087 4427 meum,
3103 4373 3154 4417 et
3178 4364 3319 4417 sicut
3334 4377 3470 4417 onus
3490 4377 3657 4434 grave

376 4458 421 4511 si
449 4456 648 4511 clarior
666 4465 722 4509 et
744 4455 968 4525 insignis
987 4468 1214 4524 qureque
1239 4454 1506 4508 festivitas
1533 4460 1727 4508 octavo
1750 4454 1960 4510 dierum
1992 4434 2040 4494 θ
2065 4458 2302 4519 gravatae.
2347 4460 2474 4505 sunt
2520 4466 2682 4520 super
2727 4469 2812 4506 tne
2854 4451 3282 4523 (Psalaxxvn).
3322 4473 3340 4505 ι
3391 4455 3457 4507 Et
3495 4455 3654 4522 paulo

377 4548 581 4603 circulo
603 4562 746 4601 nunc
774 4546 827 4600 in
860 4545 1100 4600 Ecclesia
1135 4545 1447 4615 proteletur,
1474 4561 1595 4599 cum
1619 4557 1743 4600 octo
1766 4547 1957 4616 praeei-

378 4656 509 4709 puas
539 4638 909 4692 solemnitates
939 4651 1034 4706 per
1069 4651 1510 4705 unumquemque
1537 4638 1661 4690 anni
1693 4637 1957 4691 circulum

380 4735 432 4785 in
462 4731 577 4801 lege
606 4728 772 4789 veteri
801 4727 1058 4782 Dominus
1090 4726 1388 4780 instituisse
1412 4726 1641 4795 legatur.
1670 4726 1800 4792 Quae
1829 4744 1957 4797 pro-

380 4825 521 4878 fecto
553 4822 871 4877 festivitates
904 4829 959 4873 et
992 4820 1147 4874 nobis
1192 4829 1339 4881 sunt,
1379 4830 1433 4873 et
1470 4820 1574 4873 illis
1624 4836 1721 4889 pro
1754 4831 1963 4889 tempo-

382 4932 499 4968 rum
549 4914 864 4968 diversitate
928 4924 1268 4964 communes.
1323 4908 1538 4962 Illorum
1592 4910 1791 4979 quippe
1838 4920 1965 4963 sunt

382 5024 476 5074 per
504 5005 741 5061 carnalis
768 5002 1130 5057 observantia:
1151 5002 1337 5064 ritum,
1369 5010 1568 5054 nostra:
1590 5016 1806 5069 quoque
1829 5001 1965 5052 nihi-

382 5100 615 5153 lumiuus
665 5107 796 5154 sunt
846 5110 1009 5167 super
1034 5095 1330 5165 spiritualis
1373 5095 1747 5165 intelligentia:
1776 5110 1960 5149 sacra-

382 5200 643 5243 mentum.
934 5198 951 5221 ε’

451 5279 629 5333 Prima
668 5280 933 5349 siquidem
958 5292 1145 5334 eorum
1194 5275 1462 5331 festivitas
1488 5286 1564 5330 cst
1592 5274 1723 5347 juge
1752 5272 1962 5329 sacriﬁ-

378 5371 546 5432 cium,
581 5374 722 5436 quod
760 5370 943 5435 utique
983 5385 1078 5434 per
1109 5367 1398 5420 continuos
1436 5365 1553 5420 dies
1583 5368 1859 5422 matutinis
1887 5384 1950 5421 ac

384 5464 704 5530 vespertinis
731 5462 880 5515 horis
905 5465 1117 5522 iubetur
1140 5462 1324 5515 nlferri
1362 5462 1556 5528 (Exod.
1587 5478 1708 5512 uls
1737 5477 1752 5523 ;
1784 5459 1948 5515 Num.

387 5549 598 5615 uvttt).
657 5549 748 5601 Ille
810 5551 1060 5602 nimirum
1120 5550 1253 5617 iugis
1319 5551 1567 5602 sacrificii
1637 5551 1951 5604 solemnita-

377 5657 483 5698 ten
517 5642 740 5697 Domino
771 5638 1027 5698 celebrat,
1050 5654 1138 5705 qut
1174 5653 1222 5688 ιιι
1248 5640 1482 5688 ραις-διδ
1508 5640 1703 5706 eloquii
1739 5640 1961 5693 medita—

2064 4550 2184 4609 post
2218 4558 2231 4592 :
2267 4561 2283 4591 ι
2325 4540 2642 4597 Incurvatus
2668 4559 2809 4609 sum,
2860 4553 2914 4597 et
2944 4544 3257 4598 humiliatus
3281 4559 3401 4600 sum
3452 4557 3653 4613 usque-

2061 4647 2276 4703 quaque
2300 4632 2512 4703 (Ibid.).
2544 4654 2562 4685 ι
2596 4634 2701 4689 Iste
2728 4645 2990 4705 praeterea
3020 4637 3073 4691 in
3106 4637 3224 4692 loco
3261 4652 3360 4691 suo
3389 4638 3650 4697 residens.

2062 4727 2276 4796 longius
2298 4742 2402 4779 non
2445 4728 2704 4795 procedit,
2732 4728 2859 4796 quia
2889 4728 3166 4783 Christum
3194 4729 3296 4784 sibi
3328 4727 3653 4784 fundamen-

2065 4829 2177 4873 tum
2204 4819 2375 4889 ponit,
2415 4819 2469 4873 in
2506 4835 2614 4887 quo
2648 4821 2858 4875 scilicet
2907 4820 3280 4876 ﬁrmissimum
3309 4836 3420 4877 suae
3454 4824 3657 4891 quietis

2060 4910 2432 4971 habitaculum
2462 4910 2755 4963 construit.
2794 4910 2912 4980 Ipse
2940 4912 3139 4981 quippe
3167 4912 3314 4967 locus
3341 4920 3427 4966 est
3458 4913 3525 4965 de
3544 4928 3656 4980 quo

2066 5002 2326 5069 s=-riptnm
2359 5010 2482 5055 est:
2521 5019 2538 5051 ι
2596 5000 2716 5055 Filii
2756 5017 3035 5057 servorum
3069 5012 3281 5058 tuorum
3330 5004 3654 5058 habitabunt

2067 5091 2137 5144 ibi
2165 5088 2336 5157 (Psal.
2365 5094 2493 5156 Cl).)
2530 5089 2647 5159 Ipse
2698 5092 3109 5148 fundamentum
3142 5095 3208 5148 de
3246 5109 3355 5163 quo
3408 5095 3648 5149 dicitur:

2069 5201 2087 5232 ι
2119 5181 2252 5249 Quia
2278 5181 2689 5236 fundamentum
2712 5184 2854 5236 aliud
2881 5199 3039 5239 nemo
3064 5194 3242 5253 potest
3266 5200 3484 5252 ponere,
3513 5199 3654 5253 pne-

2066 5282 2147 5325 ter
2172 5272 2221 5324 id
2243 5272 2383 5341 quod
2409 5274 2637 5339 positum
2654 5272 3047 5337 cst,Christutn
3061 5273 3244 5327 Jesum
3265 5272 3317 5343 (I
3339 5272 3460 5326 Cor.
3488 5274 3591 5340 nt).
3625 5292 3646 5322 ι

2138 5360 2315 5415 Tertia
2342 5378 2471 5416 vero
2509 5360 2774 5418 festivitas
2810 5373 2892 5419 est
2922 5362 3249 5427 Neomenire,
3283 5364 3334 5417 id
3361 5374 3465 5427 est,
3496 5378 3652 5418 no-te

2067 5451 2226 5505 lente.
2271 5452 2421 5507 Tunc
2447 5464 2628 5508 autem
2662 5455 2904 5509 innovari
2954 5455 3076 5507 luna
3127 5455 3343 5515 dicitur,
3383 5470 3505 5508 cum
3546 5458 3649 5508 soli

2068 5540 2429 5610 conjuugitur,
2460 5552 2517 5596 et
2554 5544 2622 5597 ab
2673 5558 2739 5596 co
2767 5544 2833 5596 ad
2863 5544 3276 5611 concipiendum
3306 5543 3649 5611 splendorem

2071 5633 2215 5686 velut
2244 5634 2426 5687 amissi
2459 5635 2674 5688 luminis
2705 5644 3004 5703 reparatur.
3033 5636 3123 5688 Sol
3145 5635 3371 5703 justitia‘.
3398 5634 3652 5690 Christus
