4078 6202
391 241 502 298 333

1596 239 1793 295 LIBER
1833 236 2186 307 QUARTUS,
2231 238 2449 292 EPIST.
2493 236 2625 292 XVI.

3575 243 3682 298 351»

393 359 651 430 (Jfalaclt.
694 358 792 428 tv),
831 357 956 412 luna
1009 367 1188 414 autem
1227 359 1402 428 primo
1436 366 1620 414 sancta
1659 353 1981 412 universalis
2010 361 2050 414 Α
2084 361 2268 423 postea
2310 351 2546 406 :edilices
2573 351 2791 406 domum
2821 357 2968 406 tuam
3004 350 3195 424 (lbid.)
3235 371 3255 408 ι
3292 353 3399 411 Sed
3433 357 3681 430 quisquis

389 451 657 517 Ecclesia,
688 451 885 506 deinde
911 463 1140 520 quaeque
1168 449 1340 505 lidelis
1388 459 1472 506 est
1497 451 1678 505 anima
1710 448 1850 516 ejus,
1882 447 1975 518 qui

389 542 650 614 splendor
695 552 778 598 est
803 541 1010 613 gloriae,
1039 550 1096 597 et
1149 543 1317 613 tignra
1350 541 1666 597 substantire
1695 539 1884 611 (Hebr.
1914 537 1976 607 t),

389 632 459 687 de
488 631 654 688 radiis
679 630 1130 686 illnstrata..Cnm
1159 647 1288 701 ergo
1307 643 1490 688 sancta
1517 631 1770 703 quaelibet
1799 629 1976 684 anima

389 721 738 792 Redemptori
765 736 865 776 suo
895 721 1234 777 veraciterin
1252 737 1436 775 amore
1457 723 1826 793 coniungitur,
1856 737 1978 776 cum

387 814 436 867 ei
467 813 700 882 denique
731 812 878 867 velut
899 811 953 866 in
981 812 1218 882 sponsali
1251 813 1488 867 thalamo
1515 829 1612 883 per
1647 813 1975 869 oblectatio-

388 905 475 960 nis
517 904 723 960 intima:
761 903 1029 975 glutinum
1083 903 1401 975 copulatur;
1449 914 1575 959 tunc.
1598 904 1784 976 procul
1814 903 1979 958 dubio

386 994 790 1049 solemnitatem
823 993 1133 1049 Neomenite
1167 994 1431 1059 celebrat,
1470 995 1596 1069 dum
1627 995 1976 1052 reformatatn

386 1101 445 1141 se
473 1102 503 1141 a
533 1101 771 1156 superno
800 1085 1004 1141 lumine
1032 1085 1259 1141 fratrum
1286 1102 1506 1142 suorum
1557 1088 1862 1157 aspectibus
1892 1103 1978 1142 re-

386 1187 698 1248 przesentat,
726 1177 870 1232 sicut
890 1177 1022 1232 dicit
1058 1176 1347 1246 Apostolus
1375 1195 1389 1230 :
1430 1195 1449 1228 ι
1479 1175 1579 1243 Qui
1608 1177 1847 1232 adhaeret
1870 1177 1975 1232 Do-

387 1271 554 1333 mino,
583 1284 720 1324 unus
758 1267 983 1338 spiritus
1016 1276 1102 1322 est
1129 1266 1180 1339 (1
1206 1267 1330 1322 Cor.
1362 1266 1459 1338 vt).
1496 1287 1514 1318 ι
1558 1265 1692 1320 Nam
1721 1267 1765 1321 si
1810 1267 1863 1322 in
1893 1267 1977 1322 bis

385 1360 638 1414 omnibus
664 1361 838 1414 solum
878 1359 1119 1416 exterior
1145 1357 1234 1412 ille
1282 1357 1684 1412 solemnitatum
1719 1357 1854 1410 ritus
1886 1370 1976 1410 ac—

385 1453 602 1521 cipitur,
631 1467 735 1516 non
757 1449 870 1518 jam
898 1465 962 1504 ex
997 1449 1082 1504 his
1110 1448 1361 1503 utilitatis
1413 1446 1614 1517 aliquid
1646 1446 1802 1502 nobis
1821 1446 1970 1500 vide-

387 1555 476 1597 tur
519 1558 679 1613 posse
725 1542 985 1606 conferri,
1019 1541 1114 1595 sed
1165 1540 1549 1611 superstitiosa
1573 1538 1756 1608 potius
1804 1538 1968 1608 exigi,

384 1652 449 1691 ac
483 1635 676 1688 frivola
726 1633 983 1701 judicari.
1018 1633 1153 1688 Hinc
1181 1645 1266 1688 est
1316 1632 1462 1702 quod
1513 1631 1804 1702 Apostolus
1851 1631 1967 1686 ait:

2083 442 2398 497 interiorem
2422 440 2695 496 hominem
2721 456 2880 520 suum
2904 441 2970 496 de
2998 443 3085 498 die
3119 443 3172 500 in
3201 443 3344 501 diem
3380 449 3678 504 secundum

2079 532 2321 603 Apostoli
2343 531 2670 588 sententiam
2700 529 2785 601 (11
2803 530 2926 586 Cor.
2954 533 3030 602 tv)
3047 543 3294 600 renovat,
3319 536 3566 608 quisquis
3584 553 3684 594 cor

2082 638 2236 679 suum
2269 623 2440 680 divini
2465 623 2690 679 terroris
2715 623 2984 695 ligonibus
3007 624 3217 692 sulcat;
3250 627 3352 683 iste
3377 643 3483 683 non
3515 645 3682 702 super

2080 716 2282 786 spinas,
2307 717 2402 771 sed
2434 730 2596 786 super
2619 717 2829 771 novalia
2862 716 3116 786 seminat,
3141 725 3202 771 ttt
3241 721 3522 776 centesimi
3547 736 3675 791 pro-

2080 814 2273 859 ventus
2301 816 2542 876 segetem
2575 815 2764 861 metat.
2793 805 2949 861 Unde
2971 807 3103 862 dicit
3126 808 3416 878 Apostolus
3445 827 3460 864 :
3494 829 3510 862 ι
3541 812 3677 880 Quia

2078 897 2172 966 qui
2199 897 2433 952 seminat
2461 898 2515 951 in
2543 898 2761 968 spiritu,
2793 899 2860 954 de
2887 899 3080 968 spiritu
3112 907 3279 955 metet
3317 901 3488 956 vitam
3516 911 3678 959 aeter-

2081 1004 2204 1042 nam
2235 988 2378 1060 (Gal.
2414 988 2512 1060 Vt).
2555 1008 2573 1041 ι
2605 989 2706 1058 Qui
2733 1006 2864 1046 vero
2893 991 3100 1047 fructus
3128 1003 3182 1048 et
3233 994 3285 1048 in
3331 995 3432 1049 bac
3463 996 3570 1050 vita
3609 997 3677 1051 de

2079 1078 2272 1148 spiritu
2299 1079 2650 1150 colligantur,
2680 1079 2831 1134 idem.
2852 1082 2980 1136 alibi
3037 1082 3324 1153 diligenter
3363 1099 3672 1151 enumerat,

2080 1168 2270 1224 dicens
2297 1186 2311 1222 :
2351 1188 2368 1221 ι
2405 1169 2639 1225 Ριιιοιιιε
2661 1180 2839 1226 autem
2864 1173 3089 1242 spiritus
3119 1182 3223 1239 est,
3253 1175 3519 1242 charitas,
3543 1193 3673 1248 gau-

2077 1258 2250 1326 dium,
2305 1276 2432 1330 pax,
2472 1261 2755 1330 patientia,
2792 1261 3198 1333 longanimitas,
3231 1266 3467 1334 bonitas,
3513 1268 3670 1324 beni-

2075 1355 2274 1423 gnitas,
2330 1359 2709 1424 mansuetudo,
2764 1359 2915 1426 fides,
2975 1359 3270 1425 modestia,
3317 1362 3669 1431 continentia,

2075 1445 2302 1500 castitas
2341 1445 2488 1516 (Gal.
2519 1447 2595 1516 v).
2629 1467 2648 1500 ι
2679 1448 2937 1518 Quisquis
2962 1449 3124 1520 igitur
3147 1451 3244 1505 hos
3274 1449 3484 1530 fructus
3526 1455 3668 1510 intra

2075 1548 2187 1588 suae
2216 1537 2412 1590 mentis
2440 1536 2694 1592 horreum
2723 1536 2944 1608 colligit,
2973 1538 3062 1592 hic
3081 1539 3452 1609 proculdubio
3472 1543 3672 1598 solem-

2076 1627 2305 1680 nitatem
2341 1625 2611 1682 Novorum
2639 1627 2931 1683 salubriter
2955 1628 3106 1686 colit.

390 1725 610 1780 «Nemo
633 1723 893 1794 dijudicet
915 1739 1012 1779 vos
1039 1725 1092 1778 in
1123 1724 1266 1788 cibo,
1297 1731 1392 1778 aut
1433 1731 1581 1793 potu,
1621 1731 1713 1776 aut
1742 1723 1793 1776 in
1819 1735 1974 1793 parte
2005 1719 2050 1776 Β
2149 1715 2353 1771 Deinde
2404 1718 2653 1788 sequitur
2695 1717 2964 1774 festivitas
3005 1719 3208 1776 mensis
3249 1721 3490 1791 septimi,
3549 1739 3670 1794 qua:

323 1816 325 1819 ’
386 1820 488 1873 diei
516 1817 660 1878 festi.
698 1826 790 1872 aut
810 1817 1119 1880 neomenia,
1150 1825 1240 1869 aut
1274 1814 1535 1880 Sabbato,
1558 1830 1677 1884 quae
1708 1824 1833 1869 sunt
1861 1833 1974 1868 um-

384 1911 482 1964 bra
513 1909 820 1962 fnturorttm
847 1907 1076 1976 (Coloss.
1110 1906 1196 1977 tt).
1229 1924 1247 1958 ι
1285 1904 1436 1973 Quod
1495 1919 1626 1976 ergo
1675 1912 1803 1960 tunc
1854 1913 1974 1960 erat

386 2000 577 2053 umbra
629 1998 932 2053 futurorum
978 1997 1185 2060 Judzeo,
1225 2010 1370 2050 nunc
1415 2003 1500 2050 est
1526 1995 1788 2050 exhibitio
1829 2012 1971 2066 prae-

386 2089 620 2142 sentium
657 2088 1013 2143 Christiano:
1054 2095 1110 2140 et
1137 2086 1279 2156 quod
1346 2085 1450 2140 illis
1502 2087 1686 2139 datum
1740 2094 1826 2139 est
1872 2085 1972 2140 sub

385 2177 748 2233 exterioribus
798 2175 1161 2239 caeremoniis,
1217 2174 1374 2228 nobis
1414 2173 1613 2228 factum
1643 2181 1726 2228 est
1776 2173 1973 2228 instru-

385 2278 628 2323 mentum
677 2268 1044 2338 intelligentizc
1094 2267 1408 2337 Spiritualis.
1471 2267 1621 2322 Tunc
1661 2267 1804 2322 enim
1846 2282 1972 2321 neo-

387 2361 646 2423 meniam,
676 2361 779 2414 hoc
836 2369 940 2424 est,
973 2373 1127 2412 novat
1162 2358 1299 2412 lunae
1343 2357 1572 2413 colimus
1615 2367 1818 2422 ortutn,
1847 2373 1970 2414 cum

384 2459 623 2504 veterem
657 2450 974 2517 deponimus
1005 2448 1300 2513 hominem,
1345 2457 1400 2502 ct
1436 2457 1639 2503 sanctze
1681 2462 1974 2506 conversa-

384 2542 548 2597 tionis
579 2542 852 2596 indnimus
875 2541 1195 2596 novitatem.

451 2633 659 2700 Quarto
683 2633 801 2688 loco
831 2632 1108 2688 Paschalis
1130 2633 1268 2703 apud
1292 2633 1411 2689 illos
1441 2633 1706 2689 festivitas
1727 2634 1965 2704 ponitur,

383 2725 436 2778 in
467 2740 572 2793 qua
606 2740 747 2779 nunc
778 2724 918 2793 apud
950 2739 1049 2778 nos
1077 2723 1265 2795 Agnus
1299 2725 1406 2789 ille,
1441 2725 1531 2795 qui
1575 2725 1713 2779 tollit
1742 2735 1966 2795 peccata

383 2817 592 2877 mundi,
633 2830 732 2884 pro
761 2815 924 2868 totius
951 2815 1133 2869 seaculi
1186 2815 1361 2870 salute
1390 2824 1658 2870 mactatur
1686 2816 1866 2884 (Joan.
1906 2815 1968 2884 t).

382 2906 518 2960 Nam
547 2907 745 2975 pascha
777 2915 1018 2959 nostrum
1056 2905 1362 2959 immolatus
1391 2915 1473 2959 est
1499 2904 1748 2960 Christus
1770 2903 1822 2970 (I
1842 2902 1967 2959 Cor.

378 2996 458 3066 v).
489 2995 623 3050 lluic
648 2996 996 3051 continuatur
1034 2994 1320 3059 festivitas,
1356 3010 1477 3064 qua:
1512 2995 1709 3050 dicitur
1735 2995 1971 3066 Azymo--

2067 1808 2278 1877 dicitur
2303 1808 2606 1879 Clangoris,
2631 1811 2745 1866 sive
2767 1807 3064 1865 Tubarum.
3091 1810 3184 1867 Sic
3206 1813 3351 1867 enim
3382 1813 3525 1869 inter
3555 1815 3671 1869 dies

2069 1887 2338 1972 septimus
2360 1903 2595 1974 quisque
2628 1903 2829 1958 dicitur
2858 1903 3178 1972 Sabbatum,
3216 1905 3290 1960 ita
3319 1905 3667 1961 nihilominus

2071 2001 2127 2046 et
2155 1993 2296 2048 inter
2331 2007 2564 2058 menses,
2597 1995 2688 2064 qui
2717 1995 2978 2064 septimus
3009 2003 3115 2059 est,
3143 1995 3348 2050 dicitur
3368 1994 3666 2051 Sabbatutn

2073 2083 2365 2147 mensium,
2407 2092 2465 2137 ιιι
2497 2084 2664 2138 etiam
2691 2083 2989 2140 Sabbatum
3017 2085 3392 2141 sabbatorum.
3427 2083 3561 2153 Quis
3581 2097 3670 2142 est

2073 2188 2137 2226 an
2147 2182 2252 2227 tem
2268 2174 2490 2246 clangor
2505 2175 2596 2231 ille
2610 2176 2884 2241 tubarum,
2902 2175 2990 2232 cui
3009 2176 3306 2234 debeamus
3331 2191 3512 2233 annua
3531 2177 3666 2234 festa

2071 2262 2398 2331 persolvere,
2418 2265 2520 2318 nisi
2535 2264 2849 2335 evangelica
2865 2273 2922 2320 et
2942 2265 3239 2336 apostolica
3257 2268 3528 2336 doctrina,
3546 2286 3668 2340 qua:

2075 2364 2333 2424 tanquam
2354 2354 2576 2412 caeleste
2603 2356 2923 2422 tonitruum,
2949 2371 3014 2412 ac
3037 2357 3296 2414 terribilis
3317 2357 3546 2416 buccina
3570 2377 3670 2417 nos

2073 2448 2140 2502 ad
2161 2447 2497 2518 ptocinctum
2529 2445 2832 2518 spiritualis
2845 2448 3050 2504 militiae
3075 2460 3332 2520 provocat
3358 2469 3372 2505 :
3419 2461 3583 2522 atque
3609 2464 3668 2506 ut

2071 2553 2171 2608 pro
2183 2538 2380 2593 castris
2397 2537 2743 2608 imperatoris
2758 2537 2950 2594 aeterni
2965 2547 3157 2594 contra
3173 2541 3429 2610 nequitia:
3443 2543 3670 2613 spiritus

2074 2629 2518 2686 infmderabiliter
2550 2630 2895 2713 dimicemus,
2927 2631 3182 2703 instigat?
3207 2632 3341 2698 Quis
3390 2643 3474 2688 est
3514 2649 3664 2705 ergo,

2072 2721 2162 2791 qui
2205 2721 2454 2778 tubarum
2479 2722 2594 2776 sive
2615 2721 2886 2793 clangoris
2911 2720 3108 2778 festum
3139 2723 3376 2794 legitime
3403 2725 3666 2790 celebret,

2072 2812 2178 2867 nisi
2200 2812 2292 2882 qui
2317 2811 2627 2883 Seripturas
2646 2813 2861 2869 Veteris
2883 2829 2947 2868 ac
2972 2814 3106 2869 Novi
3130 2815 3459 2870 Testamenti
3489 2819 3672 2873 studet

2073 2907 2128 2961 in
2160 2906 2398 2960 armario
2423 2921 2534 2961 sua:
2581 2907 2780 2960 mentis
2813 2906 3108 2972 includere,
3161 2922 3226 2962 ac
3257 2919 3527 2978 praecepta
3555 2924 3670 2964 cm-

2074 2997 2230 3052 lestia
2280 2997 2456 3052 tenaci
2512 3011 2726 3066 semper
2769 2998 3042 3052 memOriae
3091 2998 3515 3054 commendare?
3546 2999 3670 3054 llaec

379 3102 523 3147 rum.
553 3087 605 3140 in
632 3101 738 3158 qua
766 3084 1100 3156 praecipitur,
1152 3093 1209 3139 ut
1239 3100 1270 3139 e
1303 3085 1516 3140 cunctis
1564 3086 1814 3140 domibus
1839 3086 1970 3156 abji-
1997 3071 2046 3135 C
2076 3090 2258 3159 itaque
2271 3087 2407 3144 festa
2430 3088 2830 3145 celebrantibus
2856 3090 2960 3144 rite
2974 3103 3072 3158 per
3090 3089 3413 3159 Pr0pbetam
3438 3091 3666 3146 dicitur:

384 3181 563 3234 ciatur
588 3193 750 3233 omne
778 3177 1130 3232 fermentum.
1157 3176 1329 3243 Quam
1385 3177 1570 3247 utique
1600 3175 1969 3244 festivitatem,

379 3287 502 3341 quae
530 3270 782 3327 videlicet
811 3285 917 3326 una
947 3285 1070 3325 cum
1099 3269 1304 3325 Pascha
1331 3269 1564 3324 dicenda
1595 3278 1698 3334 est,
1732 3285 1832 3324 nos
1880 3285 1970 3324 ve-

381 3361 590 3416 raciter
617 3360 976 3426 celebramus,
1017 3359 1061 3414 si
1087 3357 1412 3414 fermentum
1445 3357 1666 3414 malitiae
1700 3366 1754 3413 et
1781 3358 1972 3428 nequi-

380 3453 470 3507 tia
513 3453 580 3507 de
607 3451 955 3506 tabernaculo
994 3451 1166 3506 nostri
1213 3451 1394 3505 cordis
1441 3450 1744 3521 abjicimus,
1775 3461 1830 3506 et
1859 3452 1972 3505 sin-

379 3540 626 3596 ceritatis
661 3555 726 3595 ac
756 3539 999 3594 veritatis
1028 3555 1216 3610 azyma
1253 3538 1606 3595 custodimus.
1659 3538 1970 3596 Cavendum

381 3641 638 3702 estergo,
663 3646 732 3685 ne
758 3630 830 3684 sit
859 3631 913 3684 in
943 3631 1214 3686 mentibus
1239 3632 1438 3686 nostris
1467 3630 1813 3686 adumbratio
1838 3630 1967 3699 fuci,

381 3721 688 3792 corruptela
716 3721 992 3788 fermenti,
1019 3737 1248 3777 caverna
1273 3722 1565 3788 mendacii;
1598 3723 1691 3779 sed
1713 3725 1892 3794 potius
1916 3725 1968 3780 in

383 3811 542 3866 domo
565 3811 738 3866 nostri
766 3811 1001 3881 pectoris
1019 3811 1197 3883 vigeat
1224 3820 1279 3867 et
1299 3812 1554 3883 puritatis
1584 3813 1884 3886 integritas,
1916 3824 1971 3870 et

382 3901 628 3956 soliditas
654 3901 921 3957 veritatis.

446 3992 583 4049 Post
609 3995 769 4060 hanc,
794 3993 884 4048 illa
915 3992 1182 4050 festivitas
1209 3995 1472 4066 sequitur,
1503 4011 1624 4066 quae
1649 3996 1848 4051 dicitur
1869 3995 1971 4050 No-

383 4099 593 4148 vorum,
634 4101 758 4140 cum
790 4084 1044 4156 primitize
1077 4084 1288 4140 scilicet
1334 4085 1400 4140 de
1425 4086 1581 4140 novis
1619 4083 1865 4157 frugibus
1888 4085 1970 4141 of-

386 4175 650 4232 feruntur.
679 4175 815 4230 Cum
843 4176 989 4230 enim
1014 4175 1081 4230 ad
1110 4177 1478 4232 maturitatem
1505 4187 1747 4249 segetum
1777 4193 1970 4249 perve-

387 4267 552 4327 nitur.
579 4275 707 4321 tunc
731 4266 785 4320 in
809 4265 1138 4336 perfectione
1170 4267 1432 4322 bonorum
1457 4266 1727 4324 fructuum
1759 4269 1967 4324 auctori

385 4358 649 4416 bonorum
680 4361 790 4416 Deo
811 4359 1077 4416 festivitas
1101 4361 1296 4431 agitur.
1324 4358 1433 4414 Nos
1458 4374 1672 4429 quoque
1697 4357 1966 4414 Novornm

2081 3195 2100 3230 ι
2129 3177 2320 3232 Canite
2351 3177 2507 3231 initio
2536 3177 2736 3233 mensis
2761 3178 2888 3232 tuba
2917 3177 2970 3232 in
2997 3177 3085 3232 die
3111 3177 3307 3248 insigni
3347 3177 3666 3234 solemnita-

2063 3236 2144 3326 ’tis
2165 3279 2361 3324 vestra:
2392 3267 2564 3340 (Psal.
2597 3270 2783 3339 Lxxx).
2822 3289 2841 3321 ι

2142 3361 2275 3416 Post
2320 3360 2461 3414 hanc
2491 3368 2575 3415 est
2605 3367 2660 3413 et
2707 3359 2794 3412 illa
2838 3357 3127 3424 festivitas,
3187 3374 3308 3429 quae
3361 3360 3670 3416 celebratur

2073 3453 2281 3508 decima
2323 3453 2410 3506 die
2438 3452 2640 3506 mensis
2665 3451 2902 3521 septimi,
2938 3452 2992 3505 in
3037 3467 3142 3521 qua
3173 3453 3426 3510 videlicet
3455 3456 3668 3510 animas

2074 3560 2200 3600 suas
2248 3543 2420 3599 Judaei
2469 3544 2858 3614 prazcipiuntur
2882 3542 3142 3615 allligerc.
3190 3545 3298 3601 Nos
3325 3547 3492 3602 etiam
3520 3548 3662 3604 hanc

2075 3638 2179 3693 rite
2229 3636 2625 3691 solemnitatem
2685 3635 2934 3699 colimus,
2965 3651 3092 3691 cum
3144 3652 3366 3693 carnem
3422 3651 3666 3695 nostram

2074 3727 2437 3782 maceratione
2487 3727 2820 3796 castigamus
2858 3725 3075 3792 inedias,
3129 3741 3253 3781 cum
3307 3729 3669 3799 nosmetipsos

2073 3818 2419 3888 reprimimus
2452 3816 2554 3872 sub
2594 3826 2760 3872 arcta:
2790 3816 3032 3872 custodia
3064 3816 3399 3888 disciplinae;
3428 3835 3552 3874 cum
3580 3821 3670 3876 de-

2073 3911 2236 3981 nique
2287 3908 2596 3981 petulantes
2663 3909 2962 3964 carnalium
3014 3909 3328 3979 passionum
3385 3909 3668 3968 illecebras

2070 4001 2456 4072 crncifigimus,
2495 4015 2616 4056 cum
2648 4014 2846 4069 corpus
2893 4008 3140 4054 nostrum
3179 4014 3278 4070 pro
3333 3997 3562 4056 Domino
3592 4001 3673 4055 la-

2071 4092 2294 4147 boribus
2319 4100 2374 4146 et
2402 4089 2664 4146 aerumnis
2695 4089 3005 4153 atterimus,
3035 4104 3160 4143 cunt
3201 4088 3514 4147 interiorem
3573 4091 3670 4146 ho-

2072 4181 2275 4237 minem
2303 4195 2400 4251 per
2428 4178 2864 4250 compunctionis
2892 4192 2958 4233 ac
2985 4176 3208 4233 fletuum
3260 4178 3496 4236 lamenta
3545 4197 3664 4236 ma-

2072 4283 2302 4329 ctatnns.
2332 4272 2484 4328 llanc
2510 4271 2674 4343 igitur
2698 4270 2856 4326 nobis
2879 4269 2984 4325 hoc
3014 4270 3175 4328 modo
3203 4269 3555 4329 festivitatem
3581 4287 3674 4329 ce-

2076 4363 2411 4420 lebrantibus
2445 4361 2831 4433 repropitiatur
2878 4360 2989 4428 ille,
3017 4373 3180 4432 quem
3223 4362 3502 4432 proposuit
3527 4361 3670 4420 Deus

386 4454 646 4509 solemnia
682 4455 943 4527 gerimus,
971 4454 1015 4510 si
1052 4424 1205 4526 prius
1233 4469 1423 4525 agrum
1477 4424 1650 4507 nostri
1679 4453 1860 4508 cordis
1891 4453 1970 4506 di-
2000 4424 2051 4484 D
2077 4451 2486 4522 propitiatorem
2507 4424 2620 4520 'per'
2640 4449 2800 4504 fidem
2830 4451 2884 4505 in
2915 4424 3178 4521 sanguine
3205 4424 3324 4506 suo.

387 4544 625 4615 sciplinze
665 4559 884 4598 vomere
933 4543 1362 4612 proscindentes,
1414 4541 1673 4596 virtutum
1726 4541 1967 4611 germina

383 4637 710 4706 spargimus,
743 4647 800 4689 ιιι
837 4635 958 4688 boni
988 4633 1326 4704 postmodum
1352 4633 1533 4704 operis
1557 4631 1827 4687 frumenta
1860 4645 1972 4685 me-

389 4736 583 4779 tamus.
617 4723 766 4780 Unde
791 4739 888 4794 per
913 4725 1228 4795 prophetam
1252 4723 1450 4777 dicitur
1479 4741 1492 4776 :
1522 4741 1542 4776 ι
1579 4721 1780 4777 Novate
1815 4720 1970 4791 135

392 4814 539 4870 vobis
560 4814 769 4877 novalc,
797 4823 849 4868 et
872 4813 1035 4867 nolite
1064 4826 1246 4868 serere
1267 4826 1431 4882 super
1456 4812 1642 4881 spinas
1669 4811 1802 4882 (Jer.
1834 4813 1964 4878 ιν).›

391 4905 461 4962 De
487 4907 632 4959 bono
656 4905 864 4960 scilicet
889 4905 1123 4975 agricola
1151 4903 1405 4958 Salomon
1442 4906 1519 4958 ait
1547 4921 1560 4957 :
1595 4923 1613 4954 ι
1650 4903 1752 4970 Qui
1781 4918 1972 4972 opera-

389 5005 700 5052 turterram
740 5010 914 5058 suam,
968 4994 1217 5048 inaltabit
1265 5008 1518 5048 acervum
1578 4992 1790 5065 frugum
1831 4994 1970 5063 :qui

389 5098 647 5156 aperitur
695 5088 981 5159 justitiam,
1023 5087 1139 5158 ipse
1188 5087 1514 5142 exaltabitur
1569 5087 1760 5156 (Eccli.
1790 5087 1907 5158 xx).
1947 5105 1966 5138 ι

388 5175 462 5231 De
514 5177 805 5248 negligenti
857 5193 1072 5248 quoque
1109 5176 1359 5247 operario
1407 5176 1548 5232 idem
1609 5176 1783 5232 dicit:
1815 5196 1833 5228 ι
1871 5176 1974 5230 Per

389 5283 576 5336 agrum
632 5268 868 5324 hominis
919 5270 1056 5340 pigri
1104 5269 1354 5334 transivi,
1395 5277 1452 5322 et
1479 5283 1574 5337 per
1603 5268 1812 5321 vineam
1868 5267 1970 5319 viri

388 5359 569 5421 stulti;
603 5368 659 5412 et
681 5371 807 5413 ecce
831 5367 998 5413 totum
1029 5360 1372 5430 repleverunt
1399 5360 1606 5422 urticae,
1644 5370 1974 5427 operuerunt

391 5451 729 5519 superficiem
761 5449 877 5519 ejus
903 5451 1089 5520 spinae,
1107 5462 1161 5506 et
1185 5452 1420 5506 maceria
1446 5451 1677 5520 lapidum
1705 5452 1977 5506 destructa

391 5538 700 5610 erat(Prov.
726 5543 896 5610 xxiv).
929 5559 946 5591 ι
981 5541 1280 5596 Etiternm:
1315 5541 1982 5610 tPrmpara,inqnit,foris

394 5651 523 5704 opus
572 5646 743 5702 tuum,
771 5646 824 5691 et
874 5637 1160 5705 diligenter
1221 5652 1416 5691 exerce
1458 5652 1645 5706 agrum
1701 5646 1869 5702 tuum,
1923 5649 1978 5689 ut

2148 4541 2351 4598 Octava
2381 4555 2531 4605 vero,
2561 4555 2682 4609 quae
2708 4548 2764 4595 et
2786 4540 2972 4595 ultima
3003 4540 3324 4596 solemnitas
3342 4549 3446 4607 est,
3469 4541 3670 4598 dicitur

2079 4632 2434 4703 Scenopegia,
2465 4633 2571 4686 hoc
2596 4639 2700 4694 est,
2732 4631 3224 4700 tabernaculorum,
3251 4647 3373 4702 quae
3416 4633 3669 4690 videlicet

2077 4723 2481 4794 quintodecimo
2510 4722 2597 4776 die
2621 4721 2862 4791 ejusdem
2894 4721 3108 4792 septimi
3133 4723 3336 4779 mensis
3359 4724 3548 4794 incipit
3575 4741 3666 4780 ce-

2078 4816 2298 4872 lebrari.
2313 4813 2551 4869 Laatatur
2563 4812 2707 4868 enim
2723 4813 2864 4867 Deus
2886 4812 2938 4866 in
2957 4821 3030 4876 te,
3047 4827 3170 4867 cum
3189 4822 3241 4868 te
3255 4815 3408 4884 quasi
3425 4818 3633 4886 peregri
3655 4846 3666 4856 -

2078 4920 2207 4960 num
2223 4904 2418 4970 cernit,
2435 4911 2490 4959 et
2501 4902 2741 4958 exsulem
2764 4921 2777 4956 :
2798 4911 2851 4958 et
2870 4917 2974 4957 non
3008 4903 3060 4958 in
3077 4904 3267 4972 patria:
3282 4905 3556 4970 domibus,
3573 4907 3666 4961 seel

2080 4997 2132 5050 in
2165 4995 2337 5050 exsilii
2387 4995 2750 5050 tabernaculis
2799 4994 3063 5065 conspicit
3112 4994 3469 5050 habitantem.
3509 4995 3666 5050 tNOu

2085 5087 2246 5160 136
2277 5089 2418 5142 enim
2448 5088 2537 5143 hic
2579 5087 2843 5143 habemus
2893 5097 3200 5142 manentem
3231 5087 3530 5153 civitatem,
3575 5091 3668 5146 sed

2081 5177 2318 5233 futuram
2358 5177 2682 5247 inquirimus
2741 5175 2929 5246 (Hebr.
2966 5177 3108 5246 xttt).
3157 5197 3176 5230 ι
3211 5179 3346 5234 Cum
3395 5179 3540 5233 enim
3581 5179 3669 5233 ltic

2079 5269 2352 5324 cernimus
2377 5282 2479 5337 per
2523 5267 2715 5322 molem
2754 5266 3022 5334 corporis,
3052 5267 3362 5323 habitamus
3390 5278 3570 5325 autem
3612 5271 3664 5324 in

2079 5360 2326 5428 ccelopcr
2351 5359 2584 5414 studium
2616 5358 2954 5422 intentionis,
2993 5373 3113 5412 cum
3149 5367 3403 5428 tanqnant
3434 5359 3670 5414 viatores

2083 5451 2300 5522 quidam
2321 5491 2336 5514 ,
2367 5461 2418 5505 et
2439 5451 2686 5514 advenae,
2713 5465 2810 5520 per
2839 5449 3155 5519 despectum
3201 5451 3396 5503 mentis
3435 5465 3667 5520 prtesen-

2085 5546 2155 5597 tia
2179 5551 2373 5598 cuncta
2407 5543 2852 5604 transcurrimus,
2877 5543 2944 5596 ad
2972 5557 3263 5611 supernam
3287 5558 3416 5596 vero
3437 5543 3664 5611 patriam

2085 5637 2258 5690 anxiis
2291 5635 2678 5688 desideriorum
2711 5635 2963 5704 gradibus
2994 5633 3329 5699 festinamus,
3365 5643 3490 5684 tunc
3512 5645 3543 5684 a
3573 5647 3668 5682 no-
