4024 6198
461 361 565 419 539

993 365 1049 421 s.
1096 364 1295 419 PETRI
1342 367 1619 421 usuum
1661 368 1809 423 ore.
1848 368 2027 424 mas
2069 369 2199 427 seu
2237 370 2473 426 TOMUS
2512 337 2552 424 ἰ.
2598 403 2663 411 -
2704 372 2921 425 EPIST.
2967 374 3093 426 ua.
3144 372 3273 427 vzu.

3640 380 3747 431 διε)

461 479 613 543 dant,
652 478 931 534 dicentes:
969 478 1248 545 Quomodo
1293 480 1472 535 divina
1496 497 1594 536 vox
1642 484 1920 538 mendacio
1966 500 2052 538 ca-
2084 492 2127 546 Α
2158 483 2217 537 Β.
2243 484 2556 556 Gregorius,
2582 488 2906 556 conspicuus
2934 487 3231 559 etinsignis
3254 491 3441 545 doctor
3469 491 3748 558 Ecclesim,

460 570 591 633 ruit,
615 571 755 639 quod
775 571 884 639 regi
913 571 1256 640 promiserat,
1281 571 1570 646 eﬂicaciter
1594 574 1871 644 implevit?
1899 574 2054 648 142

462 661 743 728 Quomodo
783 661 1039 715 nimirum
1079 660 1257 717 Josias
1306 664 1357 717 in
1409 665 1661 734 sepulcro
1693 681 1790 722 suo
1836 667 1888 721 in
1924 682 2055 737 pace

459 752 687 821 quievit,
725 752 815 819 qui
847 750 1154 823 (Egyptiaci
1204 754 1347 822 regis
1396 754 1574 824 gladio
1604 755 1859 812 bellicosa
1907 766 2057 813 sorte

456 843 773 910 subjacuit?
833 842 1032 912 Sicque
1096 844 1200 898 illis
1266 846 1641 916 propheticum
1705 846 1832 902 illud
1885 848 2057 917 possit

457 933 632 1001 aptari
669 951 681 985 :
721 950 739 983 ι
776 931 1083 987 Posuerunt
1114 934 1166 987 in
1213 936 1411 988 malum
1445 950 1507 989 os
1560 952 1738 1001 suum,
1779 944 1835 992 et
1872 936 2051 1006 lingua

457 1040 641 1080 eorum
670 1024 918 1080 transivit
940 1040 1104 1095 super
1129 1034 1327 1080 terram
1359 1025 1529 1098 (Psal.
1559 1029 1748 1099 uxu).
1783 1047 1801 1080 ι

532 1113 635 1170 Vos
659 1124 861 1180 autem,
909 1117 1274 1183 dilectissimi,
1305 1128 1358 1172 et
1386 1119 1671 1173 unanimes
1700 1119 1894 1175 fratres
1923 1121 2047 1184 mei,

452 1205 649 1275 quibus
671 1206 1053 1260 occultandam
1080 1207 1209 1261 nihil
1243 1217 1350 1269 est,
1384 1208 1754 1263 indubitanter
1776 1211 2049 1281 agnoscite

452 1298 779 1353 sententiam
831 1298 977 1353 illam
1027 1299 1417 1369 Gregorianam
1466 1316 1609 1365 esse,
1646 1318 1751 1357 non
1783 1315 2045 1358 nostram.

453 1388 717 1455 Quartum
733 1404 862 1461 ergo
884 1389 1227 1461 Dialogorum
1252 1391 1444 1447 librum
1468 1394 1707 1449 studiose
1729 1396 2046 1463 perquirite,

453 1489 506 1534 et
530 1478 639 1535 illic
663 1478 804 1534 inter
841 1489 1037 1535 caetera
1062 1482 1140 1536 sic
1168 1482 1492 1537 invenietis:
1525 1484 1579 1538 In
1613 1484 1904 1555 Evangelio
1944 1486 2049 1540 Do-

454 1570 632 1625 minus
660 1570 826 1625 dicit:
863 1571 1210 1638 «Ambulate,
1244 1574 1371 1627 dum
1414 1573 1586 1630 lucem
1615 1575 1827 1630 habetis
1860 1575 2039 1647 (Joan.

454 1659 574 1728 xu).
610 1677 631 1711 ι
666 1658 771 1714 Per
794 1660 1108 1730 prophetam
1139 1676 1357 1732 quoque
1388 1662 1463 1717 ait
1492 1682 1502 1715 :
1547 1683 1564 1713 ι
1600 1663 1867 1734 Tempore
1890 1679 2038 1719 acce-

453 1756 545 1818 pto
589 1748 837 1803 exaudivi
886 1758 936 1803 te
963 1789 978 1813 ,
1022 1759 1075 1803 et
1106 1749 1161 1804 in
1193 1752 1280 1806 die
1333 1752 1523 1807 salutis
1568 1752 1744 1821 adjuvi
1799 1762 1850 1809 te
1904 1753 2039 1825 (Isa.

2158 576 2240 628 vel
2273 592 2371 629 nos
2411 576 2643 631 humiles
2690 586 2744 631 et
2773 578 2985 648 exigui,
3029 580 3119 648 qui
3175 580 3229 633 in
3277 592 3541 650 quantum
3601 574 3747 649 licet,

2157 680 2253 733 per
2284 664 2425 719 illius
2454 666 2700 734 cupimus
2733 667 2959 736 vestigia
2997 683 3309 739 properare,
3366 671 3751 740 prohibeamus

2155 754 2443 818 sacrificia,
2494 755 2575 809 vel
2604 756 2886 809 orationes
2930 772 3027 825 pro
3075 758 3404 827 quibuslibet
3453 762 3747 827 defunctis,

2155 844 2254 897 etsi
2287 844 2524 914 graviter
2549 856 2865 914 peccatores
2894 847 3223 913 exstiterint,
3255 850 3609 921 omnipotenti
3641 854 3751 908 Deo

2155 933 2521 988 indesinenter
2547 933 2751 999 offerri,
2799 944 2853 989 et
2885 936 2964 991 sic
3009 952 3103 991 eos
3134 954 3163 991 a
3195 939 3479 995 devotione
3512 942 3749 998 fidelium

2152 1025 2442 1079 viventium
2490 1024 2647 1097 143
2695 1024 2958 1094 adjuvari.
3014 1028 3305 1084 Enimvero
3358 1031 3448 1100 qui
3485 1032 3562 1085 sic
3603 1032 3746 1086 illam

2152 1117 2476 1171 sententiam
2531 1116 2879 1187 intelligunt,
2918 1128 3174 1187 tanquam
3218 1121 3467 1174 nocturni
3514 1121 3749 1177 viatores

2150 1210 2422 1274 oberrant,
2452 1218 2507 1263 et
2538 1224 2686 1264 more
2720 1210 3119 1265 cmentientium
3150 1227 3309 1265 manu
3334 1213 3595 1282 parietem
3627 1215 3745 1283 pal-

2150 1314 2299 1374 pant.
2356 1302 2563 1371 Quibus
2603 1304 2657 1357 in
2686 1304 2788 1358 hac
2818 1302 3075 1357 solvenda
3120 1303 3418 1374 quaestione
3446 1318 3544 1358 nos
3592 1304 3745 1359 nolu-

2150 1411 2269 1449 mus
2298 1411 2419 1450 esse
2461 1394 2725 1463 magistri,
2770 1395 2895 1462 quia
2930 1394 3003 1448 illi
3035 1406 3132 1465 per
3165 1394 3532 1465 arrogantiam
3561 1394 3745 1451 cordis

2149 1487 2513 1555 dedignantur
2538 1500 2661 1540 esse
2696 1484 2965 1555 discipuli.

2221 1578 2327 1632 Vos
2352 1585 2557 1642 autem,
2604 1576 2966 1644 dilectissimi,
3012 1593 3111 1649 pro
3136 1592 3222 1633 me
3254 1592 3415 1634 servo
3445 1587 3625 1634 vestro
3648 1579 3743 1634 Dei

2147 1668 2534 1740 omnipotentis
2560 1668 2989 1724 misericordiam
3033 1668 3338 1739 implorate.
3388 1667 3617 1722 Domino
3646 1685 3746 1723 au-

2149 1768 2253 1811 tum
2285 1757 2515 1823 Drudro,
2545 1767 2600 1811 et
2626 1757 2779 1812 fratri
2812 1756 2948 1826 ejus,
2980 1773 3043 1813 ac
3067 1758 3393 1822 vicecomiti,
3424 1758 3748 1829 ca'terisque

450 1842 623 1911 xux).
654 1860 671 1892 ι
708 1839 861 1907 Quod
889 1839 1085 1898 Paulus
1114 1858 1391 1914 exponens
1440 1844 1611 1898 dicit:
1657 1864 1673 1896 ‹
1710 1844 1850 1900 Ecce
1898 1861 2042 1901 nunc
2075 1844 2113 1902 ll
2147 1850 2418 1904 nobilibus
2467 1849 2599 1904 viris
2653 1857 2897 1921 nostrum
2964 1849 3354 1904 monasterium
3394 1858 3449 1903 et
3496 1863 3743 1904 eremum

452 1942 662 2002 tempus
688 1931 1047 2003 acceptabile,
1087 1949 1214 1989 ecce
1260 1950 1404 1990 nunc
1434 1935 1551 1990 dies
1588 1934 1779 1989 salutis
1805 1934 1889 2005 (II
1916 1934 2040 1989 Cor.

448 2025 538 2093 vi).
558 2043 575 2076 ι
604 2022 861 2079 Salomon
886 2040 1099 2095 quoque
1128 2024 1204 2079 ait
1228 2044 1240 2078 :
1274 2044 1291 2077 α
1330 2026 1701 2096 Quodcunque
1732 2034 1908 2096 potest
1929 2041 2043 2079 ma-

451 2127 553 2168 nus
604 2120 694 2167 tua
723 2111 925 2178 facere,
983 2114 1248 2169 instanter
1273 2130 1536 2186 operare;
1593 2116 1718 2185 quia
1756 2131 1855 2171 nec
1883 2131 2041 2184 opus,

449 2221 550 2260 nec
568 2205 728 2271 ratio,
752 2221 851 2261 nec
878 2206 1101 2261 scicntia
1129 2217 1288 2262 erunt
1307 2208 1447 2278 apud
1474 2207 1819 2276 infcros,quo
1842 2216 1895 2261 tu
1917 2223 2043 2277 pro-

446 2310 605 2369 peras
657 2296 854 2368 (Eccle.
894 2302 992 2369 Ix).
1028 2317 1046 2348 ι
1101 2298 1267 2352 David
1302 2314 1519 2369 quoque
1551 2299 1629 2353 ait
1666 2316 1678 2352 :
1718 2318 1736 2350 ε
1773 2298 2039 2365 Quoniam

448 2393 502 2445 in
533 2390 791 2445 smculum
832 2390 1203 2445 misericordia
1228 2389 1345 2458 ejus
1375 2390 1548 2462 (Paul.
1586 2406 1777 2458 cxxxv,
1806 2390 1985 2461 1-20).
2016 2407 2036 2442 ι

447 2479 525 2535 Ex
558 2480 755 2548 quibus
783 2480 1039 2533 nimirum
1087 2481 1373 2535 sententiis
1422 2489 1658 2547 constat,
1711 2482 1835 2550 quia
1865 2483 2042 2551 qualis

449 2572 575 2627 hinc
601 2572 829 2641 quisque
856 2573 1153 2641 egreditur,
1181 2571 1305 2626 talis
1335 2572 1385 2625 in
1413 2571 1621 2641 judicio
1662 2581 2038 2642 praesentatur.

448 2660 548 2717 Ubi
585 2663 749 2716 etiam
784 2662 944 2731 paulo
982 2671 1102 2731 post
1132 2662 1407 2717 subdidit:
1451 2682 1469 2716 ι
1506 2663 1619 2719 Hoc
1653 2673 1831 2717 tamen
1861 2664 2040 2719 scien-

447 2753 573 2805 dum
603 2761 706 2814 est,
744 2752 871 2820 quia
907 2750 1014 2805 illic
1036 2751 1262 2805 salutem
1297 2753 1362 2807 de
1386 2753 1626 2808 minimis
1651 2754 1781 2807 nihil
1813 2755 2041 2824 quisque

448 2844 783 2915 purgationis
822 2843 1107 2908 obtinebit,
1142 2844 1243 2898 nisi
1274 2844 1430 2899 bonis
1470 2845 1573 2901 hoc
1597 2848 1811 2901 actibus
1851 2847 1903 2900 iu
1939 2850 2040 2902 hac

445 2933 625 2988 :dhuc
646 2932 753 2986 vita
791 2934 1019 3003 positus,
1050 2943 1108 2989 ut
1141 2934 1252 2989 illic
1287 2935 1547 3001 obtineat,
1578 2936 1991 3006 promerebitur.
2016 2956 2033 2989 ι

447 3021 515 3076 Et
573 3031 629 3076 ut
680 3021 765 3076 isti
817 3022 1107 3078 rabidioris
1168 3024 1461 3080 iracundia:
1507 3025 1690 3081 furore
1736 3028 2036 3094 vesaniam,

447 3112 691 3179 audiant,
736 3112 880 3182 quod
926 3113 1065 3167 idem
1092 3113 1386 3183 Gregorius
1441 3116 1494 3170 in
1528 3116 1818 3172 Moralibns
1859 3118 2033 3174 dicit:

451 3221 476 3257 ι
501 3204 635 3271 Quia
668 3219 865 3272 pravus
891 3205 1121 3274 quisque
1150 3221 1272 3260 mox
1321 3215 1378 3260 ut
1412 3217 1658 3262 mortuus
1695 3207 1875 3273 fuerit,
1915 3224 2040 3277 pro-

446 3296 592 3348 tinus
647 3294 874 3361 invenit,
930 3298 1072 3365 quod
1122 3296 1350 3354 ulterius
1399 3310 1611 3354 mutare
1658 3316 1762 3355 non
1794 3302 1984 3370 possit.
2016 3320 2035 3354 ι

448 3385 769 3441 Exclament
792 3401 944 3457 ergo,
985 3388 1369 3461 vociferentur,
1408 3398 1463 3445 et
1494 3391 1678 3445 dicant
1709 3409 1722 3444 :
1756 3391 1812 3446 Si
1844 3395 2042 3449 mutari

447 3492 552 3532 non
582 3491 825 3547 pissum,
857 3477 986 3547 quid
1018 3479 1148 3532 mihi
1193 3479 1497 3555 oblationes
1518 3521 1532 3545 ,
1565 3482 1695 3552 quid
1742 3484 2039 3550 orationes,

448 3567 577 3638 quid
613 3568 927 3623 sacrificia?
972 3568 1201 3624 Claudat
1246 3585 1376 3642 ergo
1421 3571 1531 3641 jam
1565 3572 1802 3627 Ecclesia
1848 3575 2044 3644 januas

445 3673 593 3724 suas,
635 3668 688 3714 et
717 3673 818 3729 ego
866 3658 1122 3731 deinceps
1152 3672 1446 3717 contentus
1492 3680 1587 3720 ero
1617 3666 1914 3736 parietibus
1949 3669 2045 3722 ('0-

446 3767 567 3805 mus
598 3767 751 3806 mem.
792 3750 932 3818 Quid
972 3754 1117 3806 enim
1166 3753 1298 3808 mihi
1323 3753 1410 3810 hic
1444 3755 1705 3810 ecclesias
1729 3758 1957 3828 ingredi,
1996 3759 2041 3813 si

446 3845 554 3899 illic
584 3844 728 3899 nulla
770 3860 991 3914 possunt
1038 3846 1249 3900 ratione
1298 3847 1535 3900 mutari?
1581 3846 1701 3901 1am
1735 3864 1865 3917 ergo
1894 3850 2041 3902 desi-

446 3944 575 3991 nant
597 3935 878 4007 parvulum
908 3935 1182 3990 hominem
1222 3937 1550 3992 mordaciter
1578 3940 1851 4008 persequi,
1887 3950 1942 3994 ct
1985 3941 2040 3994 in

448 4044 534 4084 me
566 4044 672 4082 non
700 4030 717 4049 ‘
755 4037 1013 4097 tanquam
1044 4028 1215 4093 verbi,
1262 4029 1431 4085 velint
1458 4030 1717 4085 invidiam
1742 4033 2038 4101 concitari;

443 4118 766 4191 Gregorium
815 4118 1097 4186 lacerent,
1150 4118 1471 4191 Gregorium
1523 4124 1836 4189 mordeant,
1882 4134 1937 4179 et
1986 4126 2039 4179 in

444 4224 568 4264 eum
595 4209 788 4265 dentes
814 4210 1137 4264 amarissimi
1166 4208 1351 4266 livoris
1386 4212 1649 4283 inﬂigant.
1687 4214 1837 4269 lllum
1862 4215 2041 4287 legant

443 4310 498 4355 et
526 4301 629 4356 hoc
655 4301 797 4372 apud
832 4301 981 4356 illum
1006 4302 1307 4368 inveniant,
1351 4316 1513 4375 atque
1554 4322 1718 4377 super
1743 4308 1892 4363 illum
1915 4326 2042 4365 cen-

446 4393 648 4450 soriam
672 4392 863 4464 judieii
892 4394 1098 4465 virgam
1126 4403 1392 4461 tenentes,
1438 4398 1824 4468 damnationis,
1877 4418 2037 4471 quam

444 4493 705 4550 meretur,
760 4485 811 4539 in
841 4500 967 4541 eum
1021 4486 1212 4541 dentes
1260 4497 1560 4553 exacuant,
1609 4504 1841 4562 eumque
1891 4493 2036 4549 velut

443 4577 679 4633 scabiosi
737 4592 900 4633 canes
958 4586 1216 4647 tanquam
1276 4580 1554 4635 mordicus
1602 4584 2030 4651 apprehendant.

444 4668 684 4727 Audiant
729 4668 874 4739 quod
922 4669 1056 4725 alias
1087 4670 1228 4724 idem
1278 4669 1573 4742 Gregorius
1605 4673 1679 4726 ait
1710 4687 1726 4726 :
1760 4691 1779 4724 c
1811 4674 2033 4742 Quoties

442 4776 539 4834 per
569 4761 984 4816 immoderatum
1033 4777 1183 4815 esum
1218 4776 1411 4816 manus
1447 4763 1514 4816 ad
1544 4763 1724 4817 cibum
1766 4766 2028 4832 tenditur,

444 4850 607 4907 toties
632 4849 792 4922 primi
827 4850 1068 4920 parentis
1092 4849 1279 4919 lapsus
1303 4851 1551 4906 iteratur.
1585 4871 1605 4904 ι
1651 4854 1803 4920 Quod
1844 4856 2031 4926 utique

441 4956 604 5011 quam
648 4940 841 4994 durum
890 4939 989 5001 sit,
1042 4955 1147 4993 non
1175 4954 1489 5011 exaggera;
1547 4941 1671 5011 quia
1726 4944 2031 5015 quibusque

442 5030 742 5103 legentibus
785 5029 1131 5101 perspicuum
1186 5045 1309 5085 esse
1353 5048 1457 5087 non
1510 5032 1739 5088 dubito:
1787 5043 1841 5089 et
1866 5053 2029 5106 quam

445 5124 611 5178 multa
656 5123 847 5177 scribit
871 5121 1211 5192 huj’usmodi,
1236 5138 1356 5191 qua:
1403 5138 1503 5180 nos
1528 5125 1711 5179 studio
1745 5127 2031 5183 brevitatis

445 5212 793 5278 omittimus;
844 5228 910 5267 ne
934 5222 1129 5267 metam
1177 5212 1483 5283 epistolaris
1525 5216 1853 5284 compendii,
1886 5219 2027 5287 quod

444 5303 783 5361 fastidiosum
807 5314 915 5371 eSt,
942 5306 1287 5361 excedamus.
1345 5303 1453 5361 Sed
1483 5306 1582 5375 ipsi
1616 5307 1669 5361 in
1697 5316 1906 5364 tantum
1940 5327 2027 5366 me

445 5396 694 5466 diligunt,
721 5406 782 5451 ut
812 5411 895 5451 me
940 5397 1113 5451 solum
1152 5396 1351 5465 legant,
1394 5413 1586 5465 meque
1610 5398 1724 5452 solo
1764 5401 2024 5465 contenti,

445 5498 723 5538 sacrarum
754 5486 1153 5554 Scripturarum
1203 5486 1471 5540 volumina
1503 5488 1750 5542 universa
1780 5498 2022 5543 contem-

447 5586 625 5631 nant:
680 5585 737 5631 et
788 5578 879 5647 qui
935 5578 1024 5630 vix
1079 5586 1345 5630 noverunt
1408 5576 1713 5646 syllabatim
1758 5580 2025 5634 elementa

447 5682 785 5739 pt‘l‘Clll’l'Cle,
820 5683 982 5736 super
1021 5681 1105 5719 me
1133 5664 1344 5731 judices
1382 5665 1507 5725 [acti
1541 5682 1646 5720 non
1679 5676 1931 5721 verentur
1970 5669 2022 5722 in

447 5774 534 5816 me
584 5761 882 5817 sententias
932 5756 1296 5828 promulgare.
1350 5757 1506 5812 Absit
1575 5767 1757 5814 autem
1814 5769 1874 5813 ut
1933 5761 2020 5815 vel

2145 1939 2541 1995 conuuendate.
2579 1939 2723 1995 Deus
2765 1939 3107 2008 omnipotens
3151 1954 3248 1993 sua
3285 1954 3379 1993 vos
3405 1939 3747 2009 protectione

2146 2031 2449 2098 custodiat,
2498 2039 2553 2086 et
2587 2042 2710 2085 eum
2742 2030 2931 2086 electis
2956 2030 3332 2086 sacerdotibus
3379 2032 3492 2086 suis
3531 2040 3747 2101 partem

2146 2139 2242 2178 vos
2276 2123 2476 2178 habere
2507 2124 2791 2178 concedat.

2726 2232 3057 2289 EPISTOLA
3098 2232 3141 2286 ll

2144 2342 2212 2381 AD
2266 2341 2541 2381 DAMIANUI
2600 2341 2881 2387 FRATREM,
2940 2337 3483 2379 ARCHII’RESBYTEBUI
3540 2337 3742 2378 ειη-εα-

2848 2411 3047 2449 ΝΑΤΕΜ.

2143 2489 2544 2543 Ancuusurou.
2566 2518 2634 2527 -—
2657 2486 2882 2542 Peccata
2912 2502 3005 2539 sua
3029 2496 3084 2556 et
3105 2484 3459 2556 negligentias
3485 2500 3590 2539 non
3619 2486 3745 2537 sine.

2216 2574 2411 2628 magno
2446 2558 2610 2628 animi
2662 2573 2897 2612 num-ore
2948 2555 3277 2628 confitetur,
3330 2564 3385 2628 et
3434 2555 3739 2624 pnesertim

2214 2626 2435 2683 nimiam
2466 2627 2853 2689 urbanitatem,
2882 2643 2974 2682 seu
3008 2628 3187 2695 potius
3215 2626 3282 2679 ad
3312 2626 3477 2679 risum
3510 2640 3743 2693 propon-

2214 2698 2428 2753 sitatem
2460 2698 2697 2769 graviter
2718 2707 2939 2751 accusat
2965 2706 3019 2751 et
3045 2705 3334 2769 exaggerat
3361 2713 3373 2748 :
3405 2695 3743 2769 fratremque

2215 2785 2370 2821 suum
2404 2765 2743 2828 Damianum,
2788 2778 2844 2819 ut
2870 2783 2968 2836 pro
2995 2782 3053 2820 se
3083 2767 3149 2819 ad
3184 2765 3349 2820 Deum
3381 2780 3576 2836 preces
3611 2765 3735 2836 fun-

2215 2840 2326 2900 dat,
2367 2848 2578 2892 exorat.
2610 2835 2934 2891 Praeclarum
2989 2838 3039 2890 in
3076 2837 3160 2890 his
3190 2837 3432 2905 prmbens
3458 2835 3743 2889 modestiae

2212 2918 2267 2963 et
2295 2909 2617 2963 humilitatis
2649 2908 2978 2977 exemplum.

2216 3019 2421 3075 Domno
2449 3020 2693 3073 Damno
2724 3017 2877 3071 fratri
2906 3017 3245 3080 charissima,
3293 3015 3505 3072 Parens
3533 3031 3731 3086 pecca-

2144 3120 2229 3165 tor
2253 3110 2550 3165 monachus
2573 3109 2830 3179 qnidquid
2857 3123 3069 3173 servus,
3098 3119 3151 3163 et
3182 3108 3341 3163 filius.

2216 3203 2349 3259 Nolo
2383 3213 2433 3257 te
2464 3202 2649 3267 lateat,
2673 3203 2984 3258 dulcissime
3008 3203 3136 3257 mihi
3164 3203 3214 3256 in
3238 3203 3455 3258 Christo
3478 3202 3657 3266 Pater,
3678 3211 3742 3257 et

2145 3293 2382 3357 domine,
2419 3293 2543 3362 quia
2586 3292 2843 3347 continuo
2881 3307 3034 3347 mens
3061 3306 3178 3346 mea
3210 3306 3445 3347 mterore
3479 3292 3738 3361 deprimi-

2145 3392 2254 3447 tur,
2288 3385 2414 3437 dum
2443 3384 2585 3438 diem
2616 3383 2820 3454 proprii
2874 3384 3055 3440 exitus
3082 3384 3307 3455 jamjam
3354 3383 3577 3453 propius
3634 3384 3740 3438 im-

2146 3475 2463 3539 minentem,
2512 3484 2567 3529 et
2597 3482 2853 3545 tanquam
2904 3490 3015 3546 pra:
3042 3475 3213 3531 oculis
3254 3476 3486 3545 positum
3517 3476 3741 3529 assidue

2143 3565 2562 3635 Contemplator.
2594 3564 2727 3619 Nam
2766 3566 2899 3619 dum
2937 3574 3045 3620 tam
3079 3564 3350 3635 longaevos
3381 3579 3556 3620 annos
3597 3578 3739 3618 enu-

2146 3672 2320 3722 mero,
2346 3657 2472 3711 dum
2506 3658 2685 3729 spargi
2726 3672 2812 3711 me
2848 3658 3003 3713 canis
3031 3656 3283 3722 attendo;
3323 3666 3486 3726 atque
3512 3657 3564 3710 in
3596 3671 3736 3724 quo.

2144 3764 2359 3819 cunque
2380 3759 2649 3805 conventu
2690 3749 2971 3805 hominum
3004 3749 3233 3818 positus,
3262 3764 3453 3804 omnes
3483 3761 3621 3817 pene
3651 3748 3739 3800 iu-

2145 3845 2224 3898 fra
2258 3837 2433 3898 meam
2463 3852 2677 3899 atatem
2724 3859 2844 3899 esse
2872 3844 3178 3910 considero,
3225 3844 3541 3913 postpositis
3562 3843 3738 3897 omni-

2144 3937 2244 3990 bus
2267 3935 2433 4001 curis,
2465 3936 2533 3990 de
2556 3934 2669 3989 sola
2701 3944 2874 3989 morte
2902 3936 3100 4006 cogito,
3138 3934 3446 4005 sepulcrum
3473 3933 3737 3998 meditor,

2144 4042 2172 4079 a
2200 4026 2444 4095 sepulcro
2477 4027 2673 4082 mentis
2694 4025 2879 4082 oculos
2901 4041 3006 4095 non
3030 4026 3223 4082 avello.
3267 4025 3452 4096 Neque
3492 4026 3592 4080 hoc
3616 4024 3738 4079 solo

2146 4116 2328 4171 infelix
2373 4130 2525 4171 mens
2560 4132 2679 4171 mea
2708 4131 2909 4186 pavore
2937 4125 3214 4182 contenta,
3258 4116 3310 4170 in
3341 4124 3513 4171 morte
3542 4129 3740 4182 corpo-

2143 4208 2220 4261 ris
2270 4208 2726 4263 considerationis
2777 4223 2889 4263 sua:
2933 4208 3158 4263 limitem
3187 4207 3343 4278 figit:
3387 4208 3480 4262 sed
3513 4222 3637 4262 mox
3659 4208 3735 4262 ad

2136 4298 2399 4368 judicium
2442 4301 2673 4371 rapitur,
2712 4303 2840 4373 quid
2879 4304 2981 4359 sibi
3005 4304 3165 4374 ohjiei
3200 4303 3396 4365 valeat,
3434 4302 3565 4372 quid
3611 4303 3735 4371 ipsa

2144 4391 2472 4449 defensionis
2526 4394 2805 4460 obtendat,
2870 4410 2976 4451 non
3026 4396 3143 4451 sine
3196 4412 3386 4466 magna
3443 4394 3737 4451 formidine

2144 4483 2452 4539 meditatur.
2492 4482 2598 4539 Sed
2628 4485 2730 4539 heu
2763 4500 2850 4540 me
2878 4486 3160 4551 miserum,
3209 4494 3371 4555 atque
3400 4484 3738 4540 inexhausta

2141 4573 2498 4644 laerymarum
2530 4574 2679 4630 fonte
2713 4575 3000 4647 lugendum
3027 4578 3039 4630 !
3072 4577 3163 4646 qui
3190 4576 3372 4631 omnia
3403 4575 3545 4629 mala
3576 4590 3738 4631 com-

2140 4664 2283 4730 misi,
2340 4675 2394 4721 et
2433 4682 2530 4736 per
2557 4675 2666 4721 tam
2706 4681 2927 4723 annosae
2974 4669 3101 4723 vita:
3129 4668 3302 4739 spatia
3339 4666 3545 4723 nullum
3588 4681 3735 4737 pene.

2140 4754 2452 4810 mandatum
2481 4758 2676 4811 divina:
2702 4757 2837 4828 legis
2875 4758 3131 4829 implevi!
3178 4758 3310 4827 Quae
3347 4758 3513 4821 enim,
3558 4758 3736 4813 miser

2138 4848 2325 4913 homo,
2360 4848 2504 4903 mala
2534 4864 2641 4905 non
2675 4849 2775 4906 feci
2796 4851 2829 4905 τ
2845 4851 3053 4919 Quibus
3079 4868 3169 4907 me
3192 4852 3361 4917 vitiis,
3409 4851 3607 4921 quibus
3637 4866 3734 4909 me

2135 4941 2454 4997 criminibus
2482 4958 2589 4998 non
2630 4942 2867 4998 involvi?
2894 4942 3171 5002 Confiteor
3199 4963 3213 4999 :
3250 4963 3275 4999 ς
3297 4944 3511 5001 Cecidit
3556 4944 3610 4999 in
3640 4942 3730 4997 la-

2137 5048 2260 5089 cum
2289 5032 2522 5090 miseriae
2564 5036 2675 5090 vita
2700 5051 2818 5092 mea
2847 5054 2861 5090 :
2911 5047 3190 5108 perempta
3217 5046 3301 5092 est
3328 5037 3381 5091 in
3423 5036 3733 5106 iniquitati-

2139 5123 2241 5177 bus
2268 5122 2402 5179 meis
2439 5123 2619 5178 anima
2657 5140 2774 5181 mea
2803 5115 3129 5198 (Threnari).
3158 5142 3178 5178 ι
3217 5124 3499 5195 Superbia,
3533 5125 3728 5191 libido,

2140 5212 2244 5277 ira,
2293 5213 2650 5282 impatientia,
2705 5214 2909 5269 malitia
2938 5254 2952 5278 ,
3006 5212 3227 5277 invidia,
3286 5212 3432 5284 gula,
3461 5212 3728 5280 ebrietas,

2137 5304 2576 5373 concupiscentia
2603 5344 2617 5369 ,
2672 5306 2866 5373 rapina
2889 5345 2905 5370 ,
2955 5305 3340 5369 mendacium,
3395 5303 3724 5374 periurium,

2134 5396 2528 5466 stultiloquium
2554 5438 2569 5461 ,
2617 5396 2948 5458 scurrilitas,
2987 5395 3328 5463 ignorantia,
3373 5394 3728 5465 negligentia,

2133 5501 2225 5542 seu
2256 5495 2464 5541 czeterte
2492 5495 2672 5555 pestes
2696 5486 3180 5557 supplantaverunt
3207 5500 3323 5551 me,
3353 5495 3513 5553 atque
3538 5487 3729 5540 omnia

2130 5578 2283 5643 vitia,
2316 5577 2469 5631 velut
2499 5576 2788 5633 frementes
2814 5577 3023 5640 bestiae,
3054 5577 3451 5631 devoraverunt
3480 5575 3727 5630 animam

2132 5684 2327 5724 meam.
2358 5669 2625 5725 Pollutum
2663 5678 2745 5723 est
2773 5684 2866 5723 eor
2889 5683 3066 5721 memn
3108 5676 3162 5719 et
3210 5667 3349 5721 labia
3388 5681 3523 5720 mea.
3588 5668 3729 5722 Cun-

2135 5765 2428 5819 taminatus
2458 5778 2575 5818 sum
2621 5764 2675 5816 in
2717 5764 2832 5817 visu
2852 5802 2866 5828 ,
2915 5762 3101 5818 auditu
3122 5800 3138 5829 ,
3171 5768 3329 5831 gusta
3356 5797 3373 5826 ,
3402 5759 3639 5813 odoratu
3671 5767 3734 5814 et
