4024 6198
382 229 471 285 διι

379 436 489 489 sive
523 436 740 491 actione
769 439 1015 509 perditus
1057 458 1198 498 smn.
1255 445 1322 499 Et
1371 447 1742 519 haecquidem
1786 456 1970 510 omnia

380 525 515 580 mala
554 528 826 584 commisi.
878 529 985 586 Sed
1014 533 1116 586 heu
1149 535 1162 588 !
1220 538 1355 604 proh
1385 539 1574 594 dolor!
1615 543 1812 612 dignos
1857 559 1976 614 ρω-

377 622 619 676 nitentite
644 620 856 678 fructus
898 641 1174 695 nunquam
1230 630 1408 684 attuli.
1459 631 1638 687 Unum
1673 635 1820 691 inter
1858 637 1974 692 haec

376 713 618 766 amarius
647 711 841 779 deﬂeo,
883 729 990 784 quo
1020 733 1105 771 me
1158 713 1514 788 perniciosius
1544 725 1868 796 obligatum,
1898 737 1975 782 te-

375 809 457 852 ste
505 801 879 868 conscientia,
940 820 1314 875 recognosco:
1367 812 1673 869 scurrilitas
1719 814 1974 869 nimirum

377 892 507 945 mihi
540 908 765 963 semper
788 893 1072 950 familiaris
1103 897 1224 962 fuit,
1266 916 1386 970 qum
1416 912 1470 956 et
1492 913 1718 974 prepter
1751 919 1977 960 conver-

374 982 582 1037 sionem
617 1000 893 1053 nunquam
929 1001 1015 1040 me
1043 987 1283 1057 perfecte
1329 992 1591 1048 deseruit.
1646 995 1799 1050 Licet
1822 995 1970 1051 enim

373 1081 568 1125 contra
599 1074 702 1128 hoc
737 1073 906 1129 ferale
939 1089 1240 1132 monstrum
1268 1095 1410 1151 saepe
1437 1087 1816 1154 pugnaverim,
1846 1085 1975 1142 licet

377 1164 536 1233 hujus
567 1167 758 1222 bestiae
789 1169 1151 1238 nequissimos
1181 1172 1372 1227 dentes
1418 1175 1624 1230 malleo
1667 1178 1985 1234 severitatis

374 1255 702 1322 attriverint,
767 1259 834 1313 ad
871 1268 1084 1329 tempus
1121 1261 1340 1329 quidem
1373 1265 1688 1335 reprimere,
1731 1269 1825 1322 sed
1847 1284 1982 1324 nun-

372 1360 538 1413 quam
576 1360 645 1400 ex
670 1359 734 1400 ea
765 1347 912 1417 potui
953 1347 1165 1417 plenam
1204 1352 1488 1407 victoriam
1522 1365 1828 1425 reportare.
1863 1357 1980 1414 lno-

376 1434 468 1487 lita
499 1449 735 1504 namque
765 1435 1058 1507 cujuslibet
1106 1439 1222 1494 vitii
1252 1445 1623 1511 consuetudo,
1679 1444 1808 1502 licet
1832 1447 1979 1502 omni

373 1525 556 1579 studio
599 1526 668 1582 ab
711 1527 877 1582 animi
907 1529 1274 1598 penetralibus
1299 1533 1373 1588 sit
1397 1534 1637 1604 repulsa,
1669 1537 1876 1592 assistit
1904 1547 1983 1593 ta-

376 1632 500 1671 men
523 1633 668 1688 saepe
701 1619 851 1687 quasi
883 1636 994 1690 prae
1019 1619 1228 1678 foribus
1266 1624 1576 1696 importuna
1602 1643 1614 1680 :
1648 1637 1704 1682 et
1735 1629 1819 1684 vel
1849 1629 1984 1684 lam-

374 1715 510 1767 bere
527 1723 901 1770 summotenus
932 1715 1143 1783 nititur,

374 1805 714 1874 prohibetur.
767 1806 881 1860 Snb
922 1807 1102 1876 specie
1151 1824 1388 1880 namque
1437 1813 1739 1882 spiritualis
1782 1813 1984 1870 laetitiae

373 1896 504 1950 dum
534 1911 622 1950 me
661 1895 920 1951 fratribus
945 1898 1170 1954 hilarem
1197 1901 1492 1957 ostendere
1525 1903 1712 1972 cupio,
1757 1903 1811 1958 in
1836 1905 1986 1959 vani-

376 1987 509 2041 tatis
561 1989 728 2042 verba
776 1989 991 2044 decline
1032 2007 1048 2043 :
1102 2000 1158 2046 et
1199 1991 1328 2047 dum
1375 2009 1405 2048 a
1449 1993 1613 2060 solito
1663 1996 1845 2066 rigore
1891 1997 1985 2052 de-

374 2081 640 2135 scendere
689 2078 947 2135 fraterna:
993 2083 1280 2139 charitatis
1329 2101 1496 2140 causa.
1553 2088 1710 2158 quasi
1739 2088 1978 2145 discrete

375 2168 642 2233 delibero,
676 2170 746 2224 ad
781 2170 990 2226 inutilia
1019 2172 1341 2243 proferenda
1372 2172 1711 2230 diffrenatam
1747 2175 1983 2248 linguam

377 2258 678 2313 indiscrete
706 2259 938 2314 resolvo.
975 2259 1079 2317 Sed
1107 2261 1234 2316 dum
1265 2261 1526 2316 Dominus
1555 2262 1702 2319 dicat
1727 2282 1741 2318 :
1781 2283 1798 2316 ι
1829 2265 1982 2320 Beati

377 2345 471 2412 qui
499 2346 706 2416 lugent,
728 2349 984 2416 quoniam
1012 2349 1115 2418 ipsi
1138 2343 1566 2406 consolabuntur
1590 2352 1806 2423 (Matth.
1841 2354 1894 2425 v)
1917 2372 1933 2422 ;
1958 2375 1979 2408 ι

379 2434 940 2505 qualeillisjudicium
965 2439 1453 2511 imminet,quinon
1479 2444 1637 2498 modo
1650 2443 1864 2501 ﬂetibus
1877 2462 1981 2502 non

379 2527 680 2592 insistunt;
710 2529 803 2582 sed
831 2528 973 2583 ultro
1000 2529 1162 2584 etiam
1195 2532 1498 2598 cachinnis,
1532 2545 1582 2590 et
1606 2536 1755 2589 vanis
1785 2537 1984 2592 risibus

379 2618 710 2673 histrionum
765 2634 916 2674 more
971 2620 1323 2677 deserviunt?
1396 2623 1638 2696 Cumque
1689 2629 1984 2686 consolatio

380 2722 488 2762 non
522 2707 904 2777 gaudentibus,
944 2709 1040 2766 sed
1073 2712 1433 2768 mmrentibus
1471 2714 1658 2784 utique
1699 2717 1988 2786 debeatur,

378 2813 548 2866 quam
598 2797 1024 2856 consolationem
1078 2812 1399 2873 exspectare
1437 2820 1468 2859 a
1521 2816 1752 2862 venturo
1798 2806 1985 2878 judice

379 2899 680 2956 poterunt,
726 2890 816 2960 qui
871 2907 932 2946 se
964 2907 1106 2946 nunc
1154 2893 1350 2964 inepta:
1384 2894 1586 2951 lzetitire
1641 2897 1980 2955 maleblanda

379 2978 719 3044 iucunditate
751 2980 1068 3035 resolvunt?
1114 2981 1350 3039 Rursum
1377 2999 1498 3038 cum
1540 2986 1730 3042 eadem
1765 2988 1982 3045 Veritas

377 3071 527 3127 dicat
556 3089 570 3125 :
611 3091 629 3122 ι
661 3071 752 3126 Vae
779 3072 930 3130 vobis
951 3074 1039 3144 qui
1069 3074 1276 3140 ridetis,
1313 3077 1570 3146 quoniam
1601 3077 1796 3134 ﬂebitis
1824 3079 1978 3152 (Luc.
2011 3087 2054 3148 ι]

383 3164 496 3230 \t)‘;
531 3181 550 3215 ι
593 3163 723 3232 quid
779 3164 831 3218 in
882 3166 1164 3220 tremendo
1194 3165 1404 3233 judicio
1457 3168 1653 3224 dicturi
1686 3178 1835 3236 sunt,
1889 3173 1982 3241 qui

381 3271 490 3309 non
519 3255 695 3311 solum
727 3256 828 3328 ipsi
855 3256 1056 3323 rident,
1085 3259 1178 3313 sed
1209 3259 1432 3330 insuper
1461 3261 1707 3330 quaedam
1732 3263 1984 3318 scurrilia

381 3348 724 3418 proferentes
741 3392 758 3418 ,
784 3351 952 3406 risum
978 3350 1322 3408 audientibus
1336 3353 1601 3410 violenter
1626 3363 1994 3426 extorquent?

453 3450 564 3507 Ubi
595 3451 918 3518 notandum,
962 3452 1088 3522 quia
1121 3468 1243 3509 cum
1275 3455 1554 3510 inimicum
1586 3457 1782 3510 animae
1810 3456 1881 3511 sit
1910 3456 1987 3511 ri-

317 3543 324 3551 '
381 3544 538 3607 dere,
565 3541 924 3612 perniciosius
954 3552 1135 3598 tamen
1168 3553 1254 3600 est
1288 3545 1638 3601 scurrilitatis
1657 3544 1821 3600 verba
1851 3561 1981 3616 pro-

383 3632 555 3686 ferre.
581 3632 911 3697 Seurrilitati
939 3633 1136 3702 quippe
1163 3633 1498 3698 deserviens,
1538 3643 1594 3689 et
1638 3633 1772 3689 alios
1798 3649 1984 3690 secum

382 3738 479 3790 per
515 3736 709 3775 vanam
735 3721 980 3777 lmtitiam
1017 3724 1268 3788 destruit,
1316 3732 1368 3778 et
1397 3725 1452 3779 in
1486 3725 1590 3780 hoc
1617 3724 1839 3796 insuper
1859 3739 1984 3781 reus

381 3820 489 3874 est,
522 3812 666 3880 quod
715 3813 888 3868 otiosa
920 3814 1087 3869 verba
1119 3814 1385 3869 inutiliter
1431 3813 1630 3892 fundit,
1682 3829 1804 3890 cunt
1843 3816 1982 3872 scri-

383 3911 537 3970 ptum
587 3902 703 3956 sit:
751 3921 770 3953 ‹
816 3902 989 3959 Omne
1039 3905 1264 3960 verbum
1313 3905 1571 3974 otiosum,
1620 3907 1775 3976 .quod
1819 3907 1985 3962 locuti

384 3991 592 4046 fuerint
614 3992 882 4058 homines,
911 3994 1140 4049 reddent
1163 3995 1228 4048 de
1253 4009 1318 4048 eo
1343 3995 1608 4050 rationem
1655 3995 1709 4050 in
1738 3994 1984 4064 diejudi-

381 4084 450 4138 cii
478 4083 699 4153 (Matth.
729 4085 849 4157 xu).
881 4103 900 4136 ι
927 4085 1214 4141 Enimvero
1235 4086 1361 4140 dum
1383 4086 1794 4158 hatc'Evangelii
1820 4088 1982 4145 verba

382 4177 708 4239 considero,
760 4179 886 4248 quid
909 4178 1074 4244 aliud,
1117 4195 1276 4248 quam
1305 4180 1578 4254 quoddam
1619 4181 1777 4236 nobis
1826 4196 1976 4237 cont-

385 4269 651 4322 mercium
683 4269 1015 4340 propositnm
1061 4285 1180 4324 esse
1209 4273 1532 4340 perpendo?
1562 4273 1687 4341 quia
1725 4272 1980 4327 nimirum

381 4369 437 4413 et
460 4372 843 4417 momentaneo
871 4361 980 4416 risu
1002 4371 1294 4432 perpetuus
1323 4361 1480 4418 ﬂetus
1506 4365 1724 4429 emitur,
1757 4373 1814 4419 et
1843 4374 1977 4420 tem-

385 4451 562 4521 porali
610 4449 735 4506 ﬂetu
766 4461 1025 4522 perpetua
1076 4451 1258 4506 laetitia
1309 4464 1670 4522 comparatur.
1716 4453 1853 4509 Hinc
1901 4465 1984 4509 est
2013 4434 2060 4494 Ῑ)

383 4542 533 4611 quod
567 4543 743 4597 sancti
770 4543 866 4596 viri
898 4559 1042 4598 nunc
1067 4544 1216 4598 omni
1247 4545 1426 4598 studio
1450 4544 1608 4600 ﬂetus
1633 4556 1689 4600 et
1718 4545 1990 4616 lacrymas

385 4635 683 4699 semiuant,
709 4644 765 4687 ut
790 4635 976 4689 aeterni
1009 4635 1191 4706 gaudii
1226 4633 1406 4704 fruges
1435 4645 1676 4699 metant,
1712 4636 1982 4708 Propheta

385 4731 704 4786 attestante,
734 4722 825 4792 qui
852 4722 927 4777 ait
957 4738 971 4776 :
1016 4743 1033 4774 ι
1065 4725 1270 4780 Euntcs
1296 4726 1471 4790 ibant,
1498 4733 1555 4781 et
1601 4724 1824 4793 ﬂebant,
1853 4727 1965 4782 mit.

387 4820 566 4867 tentes
615 4811 818 4866 semina
851 4827 982 4878 sua;
1036 4801 1317 4870 venientes
1365 4825 1544 4870 autem
1592 4816 1813 4871 venient
1856 4831 1978 4870 cum

387 4901 774 4967 exsultatione,
797 4911 1078 4972 portantes
1093 4905 1394 4974 manipulos
1414 4921 1540 4961 suos
1561 4904 1734 4977 (Psal.
1749 4912 1932 4977 cxxv).
1955 4925 1975 4959 ι

392 4992 659 5048 Debemus
687 4995 829 5048 enim
858 4994 910 5048 in
941 5010 1071 5065 agro
1121 4997 1298 5050 cordis
1349 5000 1520 5053 nostri
1550 4999 1778 5053 virentia
1812 4999 1981 5052 virtu-

389 5092 504 5136 tum
539 5084 787 5152 germina
817 5086 970 5152 quasi
996 5085 1398 5156 propaginando
1424 5102 1768 5158 componere,
1785 5097 1840 5144 et
1865 5088 1981 5145 haec

390 5170 658 5241 frequenti
683 5173 1102 5243 couipetentium
1127 5175 1379 5234 imbrium
1406 5177 1754 5234 inundatione
1779 5180 1977 5250 rigare.

392 5260 624 5318 Necesse
665 5273 749 5318 est
786 5263 1044 5334 operibus
1085 5265 1278 5321 lucidis
1315 5269 1569 5324 ardenter
1607 5271 1878 5336 insistere,
1925 5283 1978 5328 et

391 5363 572 5409 tamen
601 5355 875 5410 salubrem
925 5355 1082 5412 ﬂetus
1111 5373 1338 5426 aquam,
1372 5360 1462 5414 ubi
1493 5361 1759 5431 superﬂua
1787 5363 1977 5433 qu:eli-

389 5443 488 5496 bet
527 5447 990 5514 exstinguuntur,
1039 5463 1255 5516 semper
1308 5448 1528 5505 habere.
1585 5449 1740 5506 Unde
1787 5455 1982 5523 legitur

391 5535 591 5604 (Exod.
627 5554 753 5604 xxv,
801 5542 1036 5610 xxxvu),
1079 5541 1203 5610 quia
1245 5541 1459 5613 Moyses
1490 5541 1614 5596 fecit
1646 5544 1697 5596 in
1731 5544 1980 5598 tabi-rna-

389 5626 515 5680 culo
539 5637 746 5699 septem
770 5629 1023 5688 lucernas
1058 5647 1179 5687 cum
1209 5632 1560 5688 emnnctoriis
1593 5634 1726 5700 suis,
1777 5643 1826 5689 et
1854 5651 1976 5689 vasa

1619 241 1820 298 LIBER
1862 245 2191 313 QUINTUS,
2236 250 2451 304 EPIST.
2501 254 2598 306 ill.‘

384 350 547 393 tactu.
601 340 666 394 Et
710 343 1058 409 omnimodis,
1100 348 1452 418 cogitatione,
1504 354 1664 427 144
1689 357 1978 422 locutione,
2011 365 2054 420 Α
2087 384 2173 438 ubi
2202 353 2320 454 dum
2369 337 2619 443 ρηώηριί,

3571 265 3676 318 ΜΞ

2679 399 2805 442 sunt
2828 391 3244 460 exstinguuntur
3263 432 3276 456 ,
3313 392 3379 446 de
3407 410 3540 449 auro
3580 411 3675 463 pu-

2078 479 2316 530 rissitttn.
2351 479 2488 546 Quid
2511 481 2654 534 enim
2685 496 2780 549 per
2806 490 3011 550 septem
3043 482 3313 548 lucernas,
3339 484 3441 539 nisi
3468 497 3673 557 septeni

2077 567 2249 619 sancti
2289 566 2529 638 Spiritus
2553 569 2904 640 intelligimus
2924 571 3103 625 dona?
3131 569 3283 626 Tunc
3309 574 3452 628 enim
3469 584 3674 643 septem

2078 655 2330 710 lucernas
2365 659 2415 712 in
2451 659 2798 716 tabernaculo
2828 659 3082 725 facimus,
3120 663 3164 716 si
3200 663 3250 716 in
3282 675 3461 719 mente
3483 679 3667 719 nostra

2078 746 2248 801 sancti
2278 746 2524 818 Spiritus
2569 752 2899 807 charismata
2937 767 3003 806 ex
3056 753 3242 808 divino
3270 771 3497 811 munere
3524 774 3675 812 com-

2078 852 2359 906 ponamus.
2383 840 2649 912 1458ed
2665 844 2788 912 quia
2819 844 2871 897 in
2895 843 3025 914 ipsis
3043 846 3246 900 sanctis
3259 848 3536 917 operibus,
3555 851 3677 919 qui-

2079 931 2179 986 bus
2191 947 2287 1001 pcr
2308 931 2633 987 aﬂlationem
2648 936 2819 989 sancti
2839 933 3072 1006 Spiritus
3087 936 3339 992 ardentes
3353 938 3674 1004 insistimus,

2080 1024 2327 1092 qum-dam
2351 1024 2617 1095 superﬂua
2651 1034 2886 1082 terrena:
2917 1029 3285 1100 corruptionis
3316 1030 3669 1096 intersernnt,

2083 1130 2206 1170 cum
2262 1114 2504 1171 lucernis
2556 1117 2720 1172 etiam
2775 1121 3111 1174 emunctoria
3160 1123 3467 1176 necessario
3517 1125 3670 1177 fiunt.

2082 1207 2219 1275 Quid
2251 1207 2396 1262 enim
2437 1223 2534 1278 per
2564 1209 2933 1274 emunctoria,
2967 1210 3070 1264 nisi
3095 1208 3377 1266 districtio
3407 1214 3674 1283 poeniten-

2085 1299 2172 1355 tite
2227 1300 2578 1372 designatur?
2616 1300 2969 1356 Emunctorio
3021 1316 3255 1373 namque
3290 1305 3433 1373 quod
3485 1322 3676 1375 supcr-

2084 1406 2315 1447 vacuum
2345 1399 2428 1446 est
2471 1391 2526 1446 in
2557 1391 2799 1458 lucerna,
2842 1393 3185 1462 decerpitur;
3235 1403 3290 1449 et
3337 1395 3678 1452 districtione

2085 1481 2421 1552 paenitentia:
2447 1483 2699 1540 humana:
2746 1483 3030 1553 pravitatis
3061 1484 3217 1554 culpa
3251 1484 3480 1540 deletur.
3523 1484 3677 1540 Unde

2085 1580 2141 1625 et
2169 1569 2363 1626 Petrus
2405 1571 2730 1640 quibusdam
2765 1570 3033 1642 superﬂua
3081 1576 3519 1644 perpetrantilms
3566 1577 3673 1630 ait:

2093 1677 2112 1710 ι
2146 1659 2492 1715 Ptenitemini
2533 1662 2715 1732 igitur,
2748 1671 2802 1716 et
2840 1663 3239 1730 convertimini,
3288 1669 3356 1717 ut'
3397 1665 3677 1720 deleantur

1176 1718 1220 1827 5_i
1241 1720 1978 1827 ῌ¹¹¹⁰Ϊ¹ί¹ί⁰¹ξδξρνξξθὴῗηξίξξθ
2006 1732 2054 1792 Β
2081 1763 2258 1808 vestra
2283 1762 2503 1824 peccata
2533 1718 2672 1824 (ﬂet.
2698 1754 2804 1827 ut).
2838 1774 2856 1806 ι
2877 1755 2954 1811 Ac
2969 1755 3013 1810 si
3034 1765 3221 1825 aperte
3243 1755 3406 1811 dicat:
3442 1756 3676 1814 Emunc-

2084 1843 2281 1898 torium
2308 1845 2574 1915 stringite,
2608 1853 2663 1900 et
2691 1861 2946 1902 excessus
2978 1847 3131 1916 pravi
3171 1847 3353 1917 operis
3374 1860 3673 1918 amputate.

2084 1933 2251 1990 Recte
2281 1951 2414 2006 ergo
2445 1951 2567 1992 cum
2606 1937 2845 1992 lucernis
2869 1946 2925 1992 et
2963 1939 3300 1994 emunctoria
3334 1940 3497 2006 fiunt;
3549 1942 3675 2009 quia

2083 2026 2174 2095 qui
2201 2017 2376 2083 sancti
2407 2027 2645 2098 Spiritus
2664 2029 2896 2100 gratiam
2926 2029 3191 2085 bonorum
3217 2046 3446 2100 operum
3468 2031 3674 2085 lumine

2084 2118 2431 2188 resplendere
2465 2120 2868 2186 contendimus,
2893 2121 3020 2176 dum
3050 2129 3233 2177 tamen
3263 2123 3499 2178 humana
3547 2140 3675 2177 cur-

2083 2208 2264 2276 ruptio
2303 2207 2573 2278 superﬂua
2604 2219 2850 2281 generat,
2881 2211 3215 2280 paenitentia:
3246 2213 3503 2268 remediis
3534 2215 3678 2268 indi«

2083 2313 2292 2370 gemus.
2321 2299 2429 2356 Sed
2455 2301 2716 2371 quoniam
2749 2302 2864 2357 haec
2891 2302 3004 2372 ipsa
3034 2301 3328 2372 superﬂua,
3370 2320 3490 2374 qua:
3514 2305 3677 2359 disci-

2083 2391 2285 2462 plinam
2317 2393 2653 2462 poenitentiae
2683 2401 2912 2457 resecat,
2946 2394 3314 2448 necessarium
3337 2402 3420 2448 est
3459 2403 3516 2448 nt
3545 2409 3674 2449 cou-

2085 2485 2197 2538 triti
2231 2485 2412 2540 eordis
2448 2484 2604 2539 ﬂetus
2642 2486 2976 2556 exstinguat,
3018 2500 3124 2540 non
3161 2487 3434 2542 immerito
3464 2487 3678 2556 Moyses

2084 2585 2208 2646 post
2239 2576 2518 2642 lucernas,
2563 2586 2619 2632 et
2677 2577 3040 2644 emunctoria,
3095 2577 3258 2633 etiam
3313 2594 3438 2634 vasa
3479 2578 3676 2634 fecisse

2085 2678 2440 2735 memoratur,
2471 2669 2586 2735 ubi,
2620 2684 2740 2740 quae
2764 2679 3017 2724 emuncta
3065 2679 3210 2736 sunt,
3242 2673 3676 2742 exstingnamur.

2086 2759 2226 2814 Vasa
2281 2770 2461 2814 autem
2515 2767 2700 2814 nostra
2757 2769 2883 2814 sunt
2925 2760 3111 2825 corda,
3150 2776 3270 2830 qua:
3309 2761 3673 2832 lacrymarum

2085 2874 2301 2929 semper
2326 2867 2382 2914 et
2410 2859 2570 2913 ﬂetus
2601 2858 2799 2914 debent
2825 2873 2947 2914 esse
2975 2859 3326 2916 inundatione
3367 2861 3587 2931 repleta.
3620 2862 3674 2917 lu

2085 2950 2281 3018 quibus
2312 2948 2564 3002 nimirum
2596 2947 2743 3004 vasis
2765 2956 2820 3004 et
2843 2949 3020 3003 oleum
3068 2948 3196 3004 illud
3227 2951 3561 3014 reconditur,
3609 2952 3674 3005 de

2087 3059 2196 3114 quo
2252 3044 2306 3098 in
2366 3042 2660 3114 Evangelio
2705 3043 3022 3114 perhibetur
3060 3043 3240 3109 :Quia
3300 3061 3318 3094 t
3377 3045 3676 3113 prudentes

2087 3134 2325 3203 virgines
2351 3140 2676 3202 acceperunt
2698 3132 2876 3189 oleum
2903 3131 2958 3186 in
2992 3132 3135 3186 vasis
3166 3133 3281 3187 suis
3317 3149 3439 3186 cum
3467 3133 3672 3203 lampa-

2086 3225 2244 3281 dibus
2280 3223 2497 3297 (Mattlt.
2528 3224 2678 3296 xxv).
2714 3241 2733 3276 ›
2770 3223 2828 3279 Si
2877 3239 3006 3294 ergo
3034 3232 3091 3279 et
3126 3223 3184 3289 ii,
3226 3224 3390 3278 claris
3421 3226 3678 3295 operibus

2084 3318 2390 3388 splendent,
2423 3319 2601 3373 adhuc
2639 3327 2818 3373 tamen
2849 3317 3064 3373 ﬂetibus
3101 3318 3376 3386 indigent;
3431 3319 3559 3387 quid
3611 3319 3678 3370 de

2085 3408 2305 3472 misero,
2331 3408 2573 3476 meisque
2597 3406 2864 3463 similibus
2885 3407 3249 3468 sentiendum,
3275 3407 3365 3476 qui
3391 3407 3674 3460 ιριιυιιινυτεςι

2085 3499 2254 3554 multa
2303 3499 2676 3564 commisimus
2735 3507 2842 3552 :et
2888 3498 3050 3562 bona,
3098 3513 3219 3566 qua:
3271 3497 3511 3560 luceant,
3567 3513 3670 3548 non

2086 3590 2384 3644 habemus?
2409 3589 2580 3656 Quam
2619 3588 2881 3643 uberibus
2910 3589 3275 3660 laerymarnm
3330 3589 3460 3642 rivis
3511 3588 3674 3642 debe-

2085 3697 2206 3737 mus
2234 3696 2448 3751 semper
2474 3679 2716 3745 aﬂluere,
2740 3696 2902 3750 quant
2933 3680 3190 3734 continuo
3221 3678 3431 3733 maerori
3455 3693 3678 3732 necesse

2086 3771 2481 3844 fueratjugiter
2510 3772 2801 3838 insudare;
2830 3769 3021 3826 etnon
3050 3770 3188 3824 alios
3219 3770 3270 3824 in
3297 3770 3465 3824 risum
3496 3767 3676 3822 faceta

2085 3866 2318 3936 quadam
2348 3865 2551 3919 dicacis
2580 3879 2784 3920 scurra:
2819 3863 3128 3918 urbanitate
3176 3860 3526 3931 compellere,
3579 3861 3671 3914 sed

2087 3958 2187 4028 ipsi
2215 3957 2394 4028 potius
2417 3957 2652 4011 demisso
2678 3970 2892 4026 semper
2916 3953 3064 4009 vultu
3089 3953 3345 4024 lugubres
3374 3967 3670 4021 apparere:

2085 4059 2354 4120 quatenus
2387 4048 2639 4118 perfectae
2671 4041 3005 4119 paenitentia:
3055 4046 3284 4100 formam
3314 4045 3430 4114 ipse
3460 4058 3677 4112 quoque

2083 4141 2322 4195 exterior
2349 4139 2526 4195 cultus
2581 4141 2934 4210 exprimeret,
2989 4155 3110 4208 qua:
3155 4139 3208 4192 in
3246 4138 3459 4193 occulta
3497 4136 3678 4191 cordis

2085 4230 2447 4285 amaritudine
2474 4222 2848 4301 principaliter
2883 4238 3174 4296 aestuaret;
3231 4238 3286 4283 et
3341 4244 3448 4284 non
3500 4227 3674 4283 solum

2085 4319 2241 4375 nobis
2268 4319 2520 4375 conferre
2553 4319 2854 4374 curationis
2905 4329 3105 4390 Optata:
3135 4317 3460 4382 remedimn,
3489 4317 3582 4370 sed
3623 4324 3679 4369 et

2085 4409 2206 4464 aliis
2231 4408 2507 4464 frnctuose
2531 4409 2827 4478 paenitendi
2859 4409 3104 4478 praebere
3127 4416 3317 4478 posset
3346 4406 3671 4475 exemplum.

2087 4501 2241 4557 Unde
2269 4516 2398 4572 rogo
2426 4501 2771 4556 sanctitatem
2795 4495 3056 4564 vestram,
3092 4499 3442 4554 dilectissime
3491 4496 3672 4557 Pater,

2085 4601 2140 4645 et
2163 4591 2389 4659 pedibus
2417 4591 2523 4644 tuis
2555 4606 2641 4644 me
2670 4598 2974 4659 prostratus
3003 4587 3252 4654 advolvo,
3311 4596 3372 4641 ut
3413 4587 3675 4641 adversus

2085 4683 2188 4738 hoc
2217 4680 2388 4737 ferale
2416 4689 2739 4744 monstrum,
2772 4689 2986 4734 scutum
3017 4678 3147 4734 mihi
3177 4688 3378 4733 sancta:
3402 4686 3511 4731 tua:
3539 4691 3668 4730 ora-

2084 4773 2246 4828 tionis
2271 4770 2519 4841 obiicias,
2541 4779 2592 4826 et
2614 4771 2986 4841 serpentinum
3016 4769 3166 4823 virus
3189 4783 3259 4822 ex
3285 4782 3372 4821 me
3400 4767 3673 4837 sapienter

2083 4863 2415 4920 incantando
2441 4861 2705 4932 depellas:
2737 4872 2792 4918 et
2818 4877 2926 4917 non
2967 4860 3138 4917 solum
3170 4875 3268 4931 pro
3298 4859 3420 4922 hoc,
3472 4858 3566 4913 sed
3619 4867 3674 4912 et

2083 4971 2182 5025 pro
2203 4955 2438 5018 cunctis,
2465 4969 2586 5024 qua:
2601 4953 2697 5008 tibi
2722 4969 2880 5024 supra
2905 4952 3185 5009 confessus
3206 4967 3346 5016 sum,
3388 4949 3673 5004 continuas

2084 5047 2196 5102 Deo
2220 5061 2409 5117 preces
2435 5045 2682 5111 fundere,
2710 5055 2873 5114 atque
2905 5043 3045 5114 apud
3077 5042 3290 5097 divinas
3319 5055 3483 5097 aures
3509 5040 3671 5096 mise-

2085 5138 2336 5195 ricordiae
2372 5137 2503 5192 mibi
2541 5136 2720 5192 locum
2754 5134 2972 5190 studeas
3002 5133 3314 5203 impetrare.

2646 5286 2978 5343 EPISTULA
3015 5285 3101 5342 ιιι.

2512 5398 2578 5436 AD
2605 5398 2656 5436 P.
2681 5393 3243 5435 ABCIIIPBBSBYTBRUI.

2082 5497 2482 5552 Aneonsuruu.
2511 5524 2579 5534 —
2608 5493 2664 5547 ln
2691 5492 2852 5563 huius
2880 5492 3120 5561 epistola:
3166 5491 3502 5561 fragmentis,
3533 5493 3670 5546 duo-

2155 5569 2252 5622 bus
2279 5565 2528 5620 Ieremia:
2549 5564 2824 5633 prophetae
2845 5563 2978 5617 locis
3004 5563 3198 5625 allatis,
3225 5563 3480 5619 ostendit.
3507 5579 3666 5630 quam

2131 5640 2225 5693 'sit
2263 5637 2438 5692 futura
2474 5635 2719 5690 luctuosa
2747 5636 3124 5704 peccatoribus
3156 5634 3349 5688 anima:
3381 5649 3408 5684 a
3441 5646 3667 5702 corpore
