4024 6198
413 231 520 288 543

479 343 739 468 egredssio,
758 344 1085 468 quantisque
1109 350 1230 414 post
1258 349 1486 397 mortem
1507 339 1841 396 cruciatibus
1864 337 1999 395 alni-

484 432 585 468 aen
629 432 642 468 I
684 430 766 468 SIII
798 453 814 467 .

484 416 642 487 gendi
684 416 766 469 sin

484 528 646 602 146
665 527 725 582 Ρ.
750 526 1342 597 archipresbytero....,
1357 523 1573 579 Psrnus
1593 530 1846 594 peccator
1880 535 1995 577 mo-

410 622 640 678 nachus.

483 729 503 765 ι
534 711 672 766 Ecce
694 722 793 779 ego
827 706 1138 762 convocabo
1167 721 1357 761 omnes
1413 706 1769 777 cognationes
1795 720 1990 777 regno-

406 818 527 860 rum
550 799 842 872 aquilonis,
871 799 947 856 ait
983 798 1274 864 Dominus;
1304 807 1360 854 et
1386 799 1632 863 venient,
1684 807 1741 853 et
1790 806 1994 868 ponent

404 896 773 967 unusquisque
791 892 985 950 solium
1012 908 1166 948 suum
1199 894 1251 947 in
1283 894 1501 947 introitu
1533 902 1807 963 portarum
1837 890 1992 947 Jeru-

404 988 597 1054 salem,
626 996 683 1044 et
709 1001 874 1058 super
900 1001 1093 1041 omnes
1138 1000 1322 1041 muros
1365 985 1482 1056 ejus
1531 986 1583 1040 in
1638 984 1891 1047 circuitu,
1935 991 1991 1038 et

401 1096 567 1152 super
597 1081 884 1136 universas
912 1080 1074 1134 urbes
1098 1076 1259 1132 Iuda.
1300 1078 1368 1131 Et
1399 1077 1591 1147 loquar
1614 1076 1816 1147 judicia
1866 1089 1986 1130 mea

399 1189 526 1230 eum
552 1173 636 1229 eis
659 1177 823 1231 super
848 1171 995 1227 omni
1029 1170 1234 1225 malitia
1280 1184 1491 1235 eorum,
1540 1168 1630 1239 qui
1679 1166 1987 1237 derelique-

399 1272 529 1318 runt
560 1277 647 1317 me
676 1262 813 1333 (ler.
846 1261 911 1331 ι).
959 1279 977 1313 i
1031 1259 1162 1327 Quae
1198 1258 1444 1339 profecto
1486 1259 1649 1313 verba
1697 1258 1743 1313 si
1790 1266 1989 1328 preter

401 1355 525 1411 illos
547 1364 779 1410 terrena:
816 1352 1116 1409 Jerusalem
1148 1353 1297 1408 cives
1342 1352 1410 1406 ad
1439 1351 1575 1406 alios
1612 1367 1717 1405 non
1752 1351 1988 1421 respice-

399 1457 544 1509 rent,
581 1460 923 1516 nequaquam
966 1443 1123 1499 hodie
1158 1444 1210 1497 in
1244 1451 1431 1498 sancta
1484 1442 1723 1498 Ecclesia
1760 1457 1985 1496 resona-

395 1544 538 1591 rent.
576 1536 707 1602 Quae
737 1544 864 1589 sunt
918 1534 1083 1605 igitur
1133 1533 1238 1588 illa
1296 1533 1645 1605 cognationes
1693 1547 1983 1602 regnorum

396 1624 692 1696 aquilonis,
728 1623 833 1679 nisi
882 1623 1242 1693 malignorum
1281 1623 1567 1701 spirituum
1613 1621 1985 1677 multitudines

950 226 1011 286 S.
1050 225 1260 284 PETRI
1300 224 1583 283 DAMIANI
1623 222 1774 281 OPP.
1819 221 1998 278 PARS
2037 224 2168 281 SEU
2208 224 2447 281 TOMUS
2483 225 2524 280 I.
2563 257 2631 270 -
2669 224 2886 281 EPIST.
2925 223 3051 278 LIB.
3095 222 3227 278 VIII.

2027 346 2073 406 Α
2100 338 2408 405 conclusos,
2457 342 2584 409 quia
2615 339 2914 397 destinatos
2942 339 3008 393 ad
3055 354 3114 395 se
3162 337 3390 394 fatnulos
3443 349 3686 395 contem-

3579 222 3683 279 δη

2097 438 2353 499 pserunt;
2384 439 2439 486 et
2474 433 2743 501 quomodo
2788 430 3129 486 Christianos
3158 431 3361 495 audiet,
3393 432 3486 500 qui
3518 431 3683 487 missa

2082 534 2195 589 per
2228 520 2421 576 Filium
2475 521 2785 593 evangelica
2832 532 3102 591 praecepta
3154 522 3516 591 spreverunt?
3547 521 3682 577 Nam

2096 611 2187 682 qui
2212 628 2318 667 non
2350 612 2498 667 audit
2531 611 2720 676 Deum,
2752 627 2859 667 non
2884 612 3107 667 auditur
3127 627 3157 667 a
3204 614 3335 667 Deo.
3370 612 3550 668 Unum
3578 622 3683 681 est,

2094 705 2237 775 quod
2262 719 2412 761 mens
2425 706 2684 776 cujusque
2697 704 2869 761 ﬁdelis
2897 704 3053 777 14⁵1
3068 706 3226 760 debet
3266 705 3504 771 assidue,
3518 704 3688 761 soler-
3742 770 3745 773 ,

2096 802 2177 850 ter
2203 798 2505 860 attendere,
2559 804 2618 851 et
2650 796 2792 851 intra
2820 797 3161 866 semetipsam
3195 797 3422 853 sollicita
3471 813 3689 869 semper

2093 882 2446 953 inquisitione
2474 898 2723 951 versare;
2782 885 3032 940 scilicet:
3081 894 3261 941 utrum
3310 886 3521 957 placeat
3574 887 3686 942 Deo

2090 974 2233 1044 quod
2253 976 2384 1047 egit,
2421 991 2489 1031 an
2513 984 2567 1031 et
2595 977 2650 1032 in
2674 977 2791 1048 ejus
2822 978 2930 1031 vita
2963 977 3105 1033 Deus
3128 978 3209 1033 vel
3255 982 3512 1049 operibus
3547 981 3687 1037 dele-

2089 1073 2287 1119 ctetur.
2315 1065 2455 1132 Quid
2479 1066 2622 1121 enim
2663 1068 2900 1138 prodest,
2931 1069 3193 1139 quidquid
3237 1069 3403 1126 faciat
3422 1072 3605 1136 homo,
3639 1072 3683 1127 si

2090 1151 2316 1209 bocnon
2347 1154 2554 1224 placeat
2582 1156 2729 1212 Deo?
2760 1156 2853 1212 Sic
2878 1160 2945 1213 de
2964 1159 3131 1213 David
3158 1158 3393 1215 dicitur:
3425 1180 3443 1213 ι
3473 1162 3681 1229 Quaesi-

2089 1242 2168 1297 vit
2196 1243 2301 1315 sibi
2331 1245 2474 1299 Deus
2499 1246 2673 1301 virum
2701 1245 2856 1317 juxta
2888 1262 2984 1303 cor
3008 1263 3167 1303 suum
3187 1249 3239 1321 (1
3271 1249 3398 1321 Reg.
3424 1268 3539 1317 sui;
3564 1255 3682 1309 Act.

2093 1334 2237 1404 sin).
2273 1354 2293 1387 ι
2324 1332 2459 1390 Nam
2499 1337 2544 1393 si
2574 1350 2721 1393 nunc
2746 1338 3010 1395 Conditor
3033 1356 3143 1397 non
3169 1342 3471 1398 delectatur
3499 1344 3553 1399 in
3586 1346 3685 1401 bo-

2090 1425 2269 1489 mine,
2302 1426 2467 1485 homo
2505 1428 2849 1498 postmodum
2892 1430 3151 1486 delectari
3202 1448 3310 1487 non
3369 1436 3577 1503 poterit
3626 1435 3679 1489 in

2088 1515 2400 1573 Conditore.
2422 1504 2811 1589 'Undevlegitur
2838 1520 2892 1575 in
2939 1522 3061 1577 Vita
3109 1522 3355 1588 Patrum,
3383 1525 3506 1593 quia
3554 1540 3679 1580 cum

2088 1607 2259 1663 falsus
2280 1608 2502 1679 quidam
2529 1609 2773 1667 famosus
2795 1622 2851 1666 et
2876 1615 3058 1684 magni
3116 1615 3351 1670 nominis
3401 1617 3680 1672 solitarius

396 1717 455 1773 in
507 1716 720 1790 frigidis
768 1716 905 1771 adeo
942 1716 1215 1773 mentibus
1258 1698 1490 1785 superbe
1546 1714 1872 1786 regnantes?
1919 1713 1982 1767 ui
2018 1698 2059 1757 Β
2088 1699 2559 1769 propinquarent!
2586 1703 2815 1769 exitum.
2848 1712 3116 1760 tartareus
3166 1707 3234 1761 id
3282 1721 3406 1763 eum
3457 1709 3679 1778 spiﬁms

394 1806 585 1862 solium
615 1821 772 1862 suum
812 1804 1180 1876 unusquisque
1209 1805 1262 1859 in
1286 1804 1507 1859 introitu
1530 1812 1806 1874 portarum
1830 1801 1985 1858 Jern‘

394 1894 562 1950 salem
593 1902 837 1965 ponunt,
857 1909 980 1948 cum
1020 1894 1388 1965 egredientem
1433 1894 1499 1948 de
1547 1908 1773 1963 corpore
1808 1892 1986 1947 infeli-

393 2001 514 2041 cem
554 1986 789 2041 animam
821 1985 1231 2056 circumposita,
1270 2000 1339 2040 ne
1362 1984 1528 2039 libera
1558 1984 1803 2053 prodeat;
1835 1983 1983 2038 obsi-

393 2077 554 2131 dione
570 2076 995 2142 custodiunt;iut
1017 2090 1135 2132 eam
1161 2090 1341 2131 secum
1366 2091 1509 2130 nunc
1529 2075 1595 2129 ad
1620 2073 1759 2147 ignis
1786 2073 1984 2145 suppli-

394 2164 540 2220 cium
574 2165 921 2235 pertrahant,
949 2165 1002 2219 in
1035 2163 1189 2233 cujus
1221 2173 1381 2219 antea
1411 2163 1609 2234 lrigida
1670 2173 1853 2219 mente
1898 2180 1983 2219 re-

392 2256 649 2326 gnabant.
677 2255 941 2327 Olquam
967 2255 1235 2321 luctuosa,
1271 2271 1433 2327 quam
1481 2256 1725 2328 lugubris
1757 2265 1838 2312 est
1860 2270 1981 2311 sera

391 2358 448 2403 et
471 2346 810 2403 infructuosa
838 2347 926 2402 illa
956 2348 1311 2417 pmniteutia,
1336 2364 1465 2404 cum
1485 2349 1766 2419 peccatrix
1796 2349 1979 2404 anima

385 2435 501 2504 iam
527 2438 787 2506 incipiens
808 2438 989 2492 carnis
1016 2452 1264 2504 carcere,
1284 2454 1393 2508 quo
1418 2439 1624 2494 inclusa
1656 2441 1945 2495 tenebatur
1963 2480 1980 2505 ,

391 2526 861 2596 absolvi,respicit
876 2535 1000 2596 post
1025 2541 1103 2591 se,
1135 2528 1322 2598 dirigit
1350 2528 1537 2603 oculos
1564 2538 1687 2584 ante
1712 2544 1795 2586 se.
1823 2529 1981 2585 Videt

389 2624 515 2693 post
560 2632 618 2671 se
662 2616 819 2671 velut.
863 2618 1333 2689 angustissimum,
1388 2628 1551 2690 atque
1598 2621 1977 2676 brevissimum

390 2714 628 2770 stadium
652 2713 779 2767 vita:
800 2712 1048 2769 mortalis
1065 2728 1378 2779 emensum;
1406 2714 1550 2769 videt
1576 2724 1702 2769 ante
1723 2730 1782 2771 se
1814 2718 1979 2771 inter-

394 2804 734 2859 minabilium
795 2803 1184 2876 longitudinem
1264 2804 1608 2861 saeculorum.
1684 2807 1980 2871 Perpendit

391 2894 545 2965 quasi
563 2902 896 2951 momentum
928 2893 1191 2964 temporis
1215 2893 1468 2950 celeriter
1534 2894 1803 2961 avolasse,
1831 2898 1974 2966 quod

386 2984 555 3051 visit;
580 2985 975 3055 contemplatur
996 2985 1260 3041 inﬁnitam
1281 2986 1647 3063 prolixitatem
1670 2996 1972 3057 temporum

385 3049 629 3143 instare,
650 3049 814 3147 quam
851 3075 1041 3145 incipit
1068 3094 1081 3129 :
1117 3075 1170 3131 id
1203 3049 1348 3131 enim
1377 3049 1798 3143 brevissimum;
1828 3078 1973 3148 quod
2001 3049 2049 3115 θ

385 3179 470 3223 est
498 3168 645 3223 velut
670 3168 723 3223 in
754 3175 985 3238 puncto,
1013 3167 1371 3233 transcurrit;
1423 3166 1551 3224 huic
1592 3178 1778 3225 .autem
1810 3169 1959 3234 vitae,

384 3274 548 3330 quam
578 3274 718 3314 nunc
745 3258 1061 3330 ingreditur,
1090 3258 1266 3313 nullus
1289 3260 1510 3314 omnino
1557 3259 1680 3316 tinis
1707 3260 1969 3316 occurrit.

459 3348 669 3423 eEcce,
705 3368 725 3403 ι
760 3350 836 3404 ait
858 3349 1145 3419 Dominus,
1169 3369 1187 3402 ι
1218 3350 1429 3406 mittam
1458 3351 1511 3405 in
1541 3367 1654 3417 eos,
1688 3372 1706 3401 ι
1741 3354 1793 3408 in
1825 3354 1971 3409 cives

380 3441 629 3497 videlicet
647 3439 1020 3508 leruntennj
1051 3441 1308 3513 gladium,
1332 3451 1393 3499 et
1413 3441 1635 3510 famem,
1657 3454 1712 3500 et
1740 3456 1971 3517 pestem,

381 3543 438 3591 et
465 3541 626 3589 erunt
647 3531 1172 3599 inmaledictionem,
1196 3542 1251 3589 et
1264 3530 1557 3605 stuporem,
1582 3536 1704 3591 etin
1729 3536 1969 3605 sibilum,

386 3636 444 3683 et
467 3626 521 3682 in
541 3623 1055 3697 opprebriumUer.
1083 3626 1260 3698 nix).
1303 3644 1323 3680 ι
1351 3625 1462 3683 Cur
1500 3629 1571 3683 sit
1597 3629 1699 3685 hoc
1744 3627 1969 3696 factum,

386 3716 583 3788 aperit,
614 3731 735 3771 cum
768 3713 1085 3787 subiungit:
1131 3734 1151 3769 ι
1194 3712 1273 3773 Eo
1322 3717 1469 3788 quod
1519 3735 1625 3776 non
1672 3719 1967 3788 audierint,

382 3808 581 3879 inquit,
604 3808 768 3863 verba
796 3822 941 3873 mea,
968 3822 1088 3879 qua:
1114 3807 1332 3865 misiad
1357 3824 1456 3866 eos
1479 3825 1577 3882 per
1604 3826 1793 3867 servos
1819 3827 1970 3869 meos

376 3899 692 3971 prophetas,
713 3897 780 3954 de
804 3907 961 3956 nocte
982 3913 1336 3971 consurgens,
1363 3909 1421 3956 et
1448 3902 1668 3957 mittens
1694 3900 1907 3975 (lbid.).
1943 3923 1963 3957 ι

380 3989 535 4056 Quod
565 3998 747 4044 autem
774 3989 926 4054 dicit,
967 3989 1086 4043 «de
1107 3998 1264 4045 nocte
1293 4004 1643 4063 consurgens,
1675 4012 1695 4045 ι
1716 3993 1965 4049 mittendi

377 4080 795 4136 sollicitudinem
819 4082 1023 4136 indicat
1042 4090 1096 4136 et
1115 4083 1483 4150 velocitatem;
1518 4094 1575 4139 ut
1599 4100 1704 4141 non
1737 4086 1791 4140 in
1814 4085 1965 4143 verbi

376 4171 844 4243 praedicatoribus,
905 4173 1000 4227 sed
1046 4172 1102 4226 in
1145 4175 1485 4230 auditoribus
1544 4174 1729 4245 potius
1776 4190 1966 4248 torpor

375 4262 597 4321 desidia:
631 4265 813 4319 valeat
849 4258 1100 4323 inveniri.
1124 4264 1259 4323 Cum
1295 4269 1478 4339 itaque
1518 4269 1659 4326 Deus
1712 4272 1964 4341 omnipo-

2091 1790 2262 1855 venit,
2293 1791 2385 1859 qui
2417 1791 2706 1847 tridentem
2735 1793 2949 1864 igneum
2982 1794 3036 1848 in
3086 1796 3337 1851 manibus
3378 1797 3591 1863 attulit;
3626 1809 3680 1853 et

2088 1896 2216 1937 ecce
2238 1897 2339 1936 vox
2371 1883 2439 1937 ad
2465 1898 2588 1939 eum
2617 1882 2763 1939 facta
2794 1894 2909 1941 est»:
2937 1885 3108 1951 Sicut,
3140 1887 3330 1956 inquit,
3362 1888 3543 1944 anima
3573 1890 3674 1945 ista

2089 1974 2175 2029 vel
2211 1989 2316 2029 una
2361 1976 2494 2031 hora
2522 1992 2611 2033 me
2668 1978 2723 2033 in
2770 1992 2831 2035 se
2866 1980 3207 2049 requiescere
3258 1997 3365 2037 non
3410 1984 3673 2053 permisit,

2087 2067 2167 2122 sic
2198 2082 2372 2138 neque
2403 2078 2456 2123 tu
2483 2070 2797 2137 miserearis
2820 2072 3056 2127 evellens
3081 2088 3222 2128 eam.
3260 2073 3411 2129 Tunc
3439 2090 3672 2144 nequam

2086 2159 2309 2229 spiritus
2338 2161 2627 2217 tridentem
2660 2164 2875 2235 igneum
2902 2165 3050 2220 cordi
3083 2165 3368 2221 morientis
3400 2166 3594 2232 inﬁxit,
3619 2177 3676 2222 et

2085 2248 2318 2302 animam
2347 2247 2484 2317 ejus,
2508 2250 2649 2306 sicut
2676 2260 2796 2306 erat
2817 2251 3021 2321 jussus,
3045 2253 3352 2308 evulsit.....

2640 2341 2973 2397 EPISTOLA
3007 2341 3094 2395 IV.

2514 2426 2583 2465 AD
2607 2428 2655 2465 P.
2681 2428 3247 2469 ABCHIPBBSBYTEBUI.

2081 2497 2485 2577 Assenserunt.
2531 2531 2604 2577 -—_-
2651 2502 2709 2557 In
2748 2503 2921 2577 hujus
2972 2506 3212 2573 epistolae
3265 2505 3566 2577 fragmento
3603 2523 3674 2565 ex

2152 2570 2386 2646 quodam
2413 2570 2533 2646 loco
2560 2571 2809 2646 Ieremiae
2834 2570 3092 2641 ostendit,
3127 2592 3289 2646 quam
3318 2570 3389 2631 sit
3430 2581 3669 2635 detesta-

2152 2638 2277 2694 bilis
2301 2640 2621 2696 clericorum
2648 2638 3092 2712 intemperantia.

2150 2727 2211 2784 P.
2228 2732 2720 2805 archipresbytero.
2732 2774 2744 2788 .
2756 2773 2769 2785 .
2785 2732 3004 2791 Perses
3030 2740 3284 2806 peccator
3299 2740 3669 2796 monachus...

2155 2839 2174 2874 ι
2213 2818 2377 2888 Vade,
2402 2842 2420 2875 ›
2453 2824 2627 2895 inquit
2655 2826 2915 2882 Dominus
2941 2830 3008 2883 ad
3036 2826 3326 2885 Jeremiam
3354 2830 3487 2903 (Jer.
3520 2833 3669 2904 sui),

2082 2927 2103 2964 ς
2132 2920 2194 2967 et
2210 2914 2428 2983 posside
2452 2914 2546 2970 tibi
2576 2915 2789 2972 lnmbar
2815 2916 3041 2984 lineum,
3072 2928 3125 2976 et
3151 2932 3320 2991 pones
3346 2922 3473 2977 ﬂlud
3504 2936 3673 2993 super

2077 3001 2290 3061 lumbos
2318 3012 2471 3062 tuos:
2512 3025 2532 3059 ι
2569 3007 2635 3062 de
2664 3022 2773 3078 quo
2817 3018 2872 3065 et
2902 3010 3063 3080 paulo
3110 3021 3264 3082 post:
3322 3032 3341 3066 ι
3394 3012 3666 3085 Surgens,

2080 3092 2277 3164 inquit,
2308 3098 2445 3153 vade
2471 3098 2539 3153 ad
2564 3096 2921 3168 Euphratem,
2961 3110 3016 3157 et
3043 3102 3315 3159 absconde
3353 3102 3483 3159 illud
3509 3104 3581 3159 ibi
3610 3104 3666 3159 in

2077 3183 2346 3241 foramine
2368 3194 2554 3257 petrae.
2589 3206 2607 3239 ι
2636 3187 2787 3255 Quod
2814 3203 2935 3245 cum
2953 3189 3188 3261 fecisset,
3204 3200 3258 3249 et
3281 3193 3333 3247 in
3362 3192 3667 3263 Euphrate,

2076 3276 2219 3333 sicut
2232 3276 2420 3346 jussus
2453 3276 2656 3346 fuerat,
2680 3282 3079 3350 abscondisset,
3105 3288 3230 3355 post
3254 3283 3520 3355 plurimos
3546 3285 3667 3340 dies

2076 3369 2155 3424 ait
2185 3367 2448 3426 Dominus
2478 3370 2546 3426 ad
2588 3386 2710 3426 eum
2737 3392 2750 3428 :
2782 3392 2801 3426 ι
2838 3373 3029 3445 Surge,
3062 3384 3117 3453 et
3146 3377 3281 3434 vade
3307 3377 3374 3433 ad
3420 3377 3668 3449 Euphra-

2075 3467 2187 3525 κη,
2214 3471 2269 3515 et
2291 3462 2415 3518 tolle
2439 3462 2564 3518 inde
2591 3463 2824 3519 lumbar.
2849 3466 2915 3521 Et
2944 3467 3075 3534 abii,
3107 3467 3301 3539 inquit,
3332 3467 3399 3523 ad
3424 3466 3666 3539 Euphra-

2075 3559 2183 3616 ten,
2215 3561 2271 3608 et
2297 3553 2392 3609 tuli
2418 3553 2632 3611 lumbar
2652 3556 2718 3612 de
2766 3557 2905 3623 loco,
2936 3557 3024 3614 ubi
3065 3560 3463 3616 absconderam
3492 3560 3658 3617 illud:

2072 3652 2126 3700 et
2148 3656 2716 3719 eccecomputruerat,
2742 3650 2813 3705 ita
2838 3661 2895 3705 ut
2923 3651 3052 3706 nulli
3070 3652 3191 3707 usui
3224 3662 3409 3723 aptum
3439 3660 3606 3709 esset.
3633 3671 3655 3706 s

2072 3733 2142 3789 Et
2172 3734 2251 3791 ait
2274 3734 2538 3793 Dominus
2572 3755 2586 3791 :
2624 3757 2642 3790 ‹
2673 3737 2766 3795 Sic
2789 3751 3098 3811 putrescere
3123 3740 3320 3798 faciam
3349 3743 3657 3813 superbiam

2071 3823 2232 3892 Inda,
2288 3836 2347 3881 et
2395 3829 2707 3899 superbiam
2759 3829 3060 3887 Jerusalem
3107 3833 3354 3903 multam,
3403 3835 3657 3905 populum

2070 3914 2236 3972 istum
2279 3918 2597 3988 pessimum,
2636 3920 2726 3989 qui
2762 3922 2949 3977 nolunt
2994 3924 3185 3979 audire
3229 3920 3396 3980 verba
3429 3940 3568 3991 mea,
3600 3934 3659 3982 et

2070 4007 2353 4063 ambulant
2414 4009 2468 4065 in
2524 4010 2795 4081 pravitate
2837 4012 3018 4068 cordis
3052 4014 3166 4079 sui;
3212 4023 3268 4070 et
3301 4023 3477 4071 erunt'
3514 4016 3658 4071 sicut

2068 4098 2284 4156 lumbar
2318 4100 2482 4168 istud,
2510 4104 2653 4173 quod
2676 4102 2804 4160 nulli
2833 4104 2954 4160 usui
2977 4112 3162 4175 aptum
3190 4115 3291 4162 eSt.
3326 4124 3345 4159 ι
3391 4106 3529 4174 Quid
3562 4107 3654 4163 hic

2065 4188 2316 4246 Ieremia:
2336 4206 2594 4262 persona,
2621 4194 2723 4248 nisi
2754 4194 3085 4250 Dominum?
3116 4196 3254 4264 Quid
3279 4196 3511 4263 lumbam
3546 4197 3651 4253 nisi

2066 4280 2313 4337 ordinem
2339 4280 2609 4354 signiﬁcat
2635 4282 2996 4339 clericorum?
3032 4284 3223 4341 Omnis
3266 4282 3506 4342 Ecclesia
3560 4302 3655 4341 ve.

378 4362 501 4410 tens
538 4355 778 4413 humano
821 4373 972 4414 more
1020 4360 1331 4415 hominibus
1383 4361 1631 4431 loquens,
1686 4363 1751 4418 de
1800 4373 1961 4419 nocte
1984 4416 2037 4477 Β
2065 4374 2165 4429 siis
2193 4381 2277 4429 εει
2302 4372 2527 4441 Chl-imi,
2557 4375 2622 4430 de
2649 4375 2804 4445 cujus
2855 4376 2959 4432 sibi
2989 4376 3249 4432 membris
3274 4393 3371 4449 per
3417 4376 3648 4448 ρι-οριιε.

378 4448 780 4477 annonam-zona
804 4463 863 4477 nn
916 4466 978 4477 ..Α
1008 4466 1103 4477 ..Λ-
1130 4452 1229 4477 ι.--
1258 4454 1407 4477 -..--2
1440 4470 1683 4477 --μ---.μ
1708 4470 1761 4477 --
1796 4456 1938 4477 2...--
2068 4473 2080 4477 -
2223 4465 2256 4477 ι.
2296 4464 2331 4477 ο-
2529 4464 2565 4477 Λ
2669 4466 2700 4477 η
2812 4466 2827 4477 ι
2852 4466 2865 4477 ι
2995 4467 3009 4477 ι
3374 4476 3379 4477 ,
3572 4471 3583 4477 _

373 4448 781 4505 consurrexisse
803 4463 881 4514 se,
914 4466 979 4506 ac
1006 4466 1103 4521 per
1128 4452 1231 4508 hoc
1255 4454 1409 4523 quasi
1438 4470 1686 4509 somnum
1706 4470 1765 4511 se
1794 4456 1960 4516 inter-

374 4538 591 4611 rupisse
618 4541 1007 4611 conqueritur;
1041 4545 1184 4614 quod
1223 4546 1378 4601 nobis
1433 4546 1782 4616 opprobrium
1819 4548 1962 4604 valet

374 4629 639 4700 objicene,
690 4633 736 4687 si
788 4633 945 4689 nobis
994 4635 1046 4689 in
1098 4636 1290 4691 ultimo
1329 4639 1671 4694 necessitatis
1717 4640 1961 4708 periculo

370 4724 701 4787 constitutis,
730 4725 876 4780 velut
915 4727 1028 4783 hzec
1059 4730 1356 4797 permerito
1403 4731 1757 4800 responderet
1789 4747 1803 4784 ε
1844 4730 1959 4800 Ego

369 4825 588 4888 propter
606 4832 831 4874 vescum
854 4835 1028 4875 essem
1053 4820 1300 4886 Creator,
1332 4820 1645 4876 factus-rsum
1672 4830 1955 4890 creatura;

288 4914 289 4917 ‘
370 4922 471 4978 ego
501 4917 722 4978 propter
749 4924 844 4963 vos
866 4910 1150 4965 irrisiones
1178 4922 1234 4964 et
1262 4911 1553 4982 opprobria
1585 4912 1807 4981 pertuli,
1838 4929 1957 4969 cru-

376 5012 496 5051 cem
529 4997 694 5063 subii,
716 5009 768 5053 et
792 5008 987 5054 cuncta
1016 5015 1136 5069 quae
1158 5000 1310 5054 vobis
1324 5001 1656 5055 debebantur
1688 5011 1952 5063 tormenta

378 5089 653 5156 percurri;
690 5106 786 5146 vos
816 5100 994 5145 tamen
1027 5106 1114 5146 mc
1161 5108 1264 5146 non
1297 5094 1544 5157 audistis,
1577 5102 1633 5147 et
1662 5094 1795 5165 legis
1823 5112 1955 5151 meae

370 5181 724 5237 caeremonias
753 5193 806 5235 et
839 5182 1091 5237 mandata
1121 5185 1434 5253 sprevistis?
1464 5185 1631 5239 Porro
1654 5186 1697 5240 si
1723 5185 1830 5241 illis
1856 5187 1956 5240 im-

370 5271 687 5339 properabat
741 5286 927 5336 servos
962 5288 993 5325 a
1022 5287 1079 5327 se
1124 5274 1341 5337 missos,
1402 5285 1609 5329 quanto
1658 5275 1954 5332 terribilius

376 5360 530 5412 nobis
580 5360 970 5430 improperabit
1024 5366 1411 5434 semetipsum?
1464 5370 1507 5420 si
1558 5367 1662 5420 illis
1703 5384 1951 5423 somnum

374 5450 777 5517 imprnperabat
802 5451 1181 5523 interruptum,
1206 5466 1413 5525 quanto
1440 5460 1612 5527 magis
1643 5462 1798 5515 nobis
1816 5462 1952 5515 valet

369 5545 607 5610 olijicere
633 5561 689 5599 se
734 5562 832 5613 pro
864 5551 1021 5606 nobis
1061 5562 1328 5605 mortuum
1376 5569 1436 5606 ac
1486 5555 1793 5621 sepultum?
1833 5556 1949 5609 Non

372 5638 567 5690 liberat
595 5638 733 5691 Deus
759 5638 971 5693 JllIIIIBOS
1004 5643 1316 5697 vallantiuui
1369 5645 1605 5697 hostium
1660 5646 1943 5701 obsidione

2064 4473 2174 4518 tam
2206 4464 2434 4519 dicitur:
2472 4482 2490 4516 ι
2524 4464 2785 4522 Omnibus
2812 4466 2898 4522 his
2927 4467 3073 4522 velut
3100 4476 3422 4525 ornamento
3453 4471 3647 4524 vestie-

2061 4554 2140 4609 ris
2168 4554 2380 4626 (Ibid).
2418 4574 2438 4610 ι
2479 4555 2585 4610 Sed
2615 4557 2757 4611 sicut
2783 4557 2995 4612 lumbar
3024 4558 3272 4613 intimum
3301 4567 3381 4613 est
3412 4560 3649 4616 humano

2065 4647 2301 4718 corpori,
2330 4657 2384 4702 et
2415 4648 2615 4703 arctius
2647 4648 2888 4705 adhaeret
2941 4666 3102 4719 quam
3160 4650 3379 4720 reliqua:
3442 4662 3643 4715 vestes,

2028 4739 2135 4794 ita
2188 4740 2457 4796 clericalis
2485 4742 2618 4796 ordo
2658 4740 2980 4798 familiarius
3028 4744 3225 4800 divinis
3281 4745 3648 4816 agglutinatur

2057 4831 2354 4901 obsequiis,
2384 4848 2546 4901 quam
2572 4834 2751 4887 cmteri
2786 4834 3050 4889 hoznines.
3080 4832 3235 4889 Sicut
3256 4836 3366 4891 illic
3394 4838 3461 4891 de
3480 4834 3647 4891 Israe-

2059 4919 2210 4976 Iitico
2258 4923 2462 4991 populo
2487 4922 2666 4978 divina
2704 4938 2804 4976 vox
2835 4924 2937 4976 ait:
2973 4942 2992 4975 ‹
3047 4923 3198 4979 Sicut
3226 4926 3370 4980 enim
3404 4926 3644 4980 adii‘awet

2061 5008 2276 5065 lumbar
2303 5012 2369 5065 ad
2401 5011 2609 5065 lumbos
2651 5012 2773 5076 viri,
2807 5012 2884 5067 sic
2904 5011 3235 5083 agglutinavi
3264 5014 3394 5068 mihi
3426 5030 3640 5068 omnem

2058 5100 2242 5167 Israel,
2275 5112 2329 5158 et
2352 5119 2567 5158 omnem
2594 5105 2806 5157 domum
2844 5103 2999 5171 Juda,
3038 5113 3096 5159 ut
3122 5115 3268 5161 esset
3293 5106 3421 5161 mihi
3455 5108 3510 5161 in
3540 5122 3637 5176 po-

2059 5195 2263 5265 pulum,
2290 5204 2343 5248 et
2367 5196 2419 5249 in
2452 5210 2668 5260 nomen,
2702 5204 2756 5250 et
2787 5197 2838 5249 in
2868 5198 3105 5261 laudem,
3131 5207 3182 5252 et
3209 5197 3260 5251 in
3287 5197 3534 5267 gloriam,
3586 5206 3639 5251 et

2056 5302 2163 5340 non
2193 5286 2481 5339 audierunt
2511 5285 2723 5359 (ηεαδ.
2767 5306 2783 5336 i
2812 5287 3036 5353 Quibus,
3086 5300 3289 5356 quaeso,
3349 5295 3456 5340 tam
3494 5297 3641 5356 apte,

2058 5386 2165 5433 tam
2194 5394 2471 5448 expresse,
2507 5379 2647 5433 sicut
2674 5379 2905 5440 clericis,
2935 5390 3157 5447 possunt
3188 5380 3287 5432 ista
3318 5393 3639 5449 congruere,

2053 5468 2141 5537 qui
2161 5484 2353 5522 nomen
2380 5469 2494 5531 Dei,
2509 5468 2717 5522 laudem
2736 5478 2787 5520 et
2802 5468 3022 5538 gloriam
3042 5468 3345 5536 specialiter
3357 5468 3634 5521 constituti

2052 5567 2175 5611 sunt
2204 5558 2532 5626 przedicare?
2558 5559 2704 5611 Sicut
2735 5560 2876 5611 enim
2910 5559 3088 5623 Israel,
3112 5570 3164 5614 et
3191 5559 3321 5614 Iuda
3347 5558 3631 5629 peculiaris

2050 5657 2167 5701 erat
2190 5648 2414 5717 populus
2450 5648 2609 5720 1&8
2642 5651 2749 5705 Deo
2779 5650 2916 5704 inter
2941 5666 3128 5705 omnes
3150 5661 3334 5722 gentes
3359 5664 3535 5716 terrm,
3558 5651 3631 5703 ita
