4024 6198
334 333 437 387 545

1582 329 1780 385 ulBER
1821 327 2147 397 QUINTUS,
2191 330 2407 385 EPIST.
2451 328 2515 384 ν.

3481 334 3587 390 ΜΒ

337 458 479 500 nunc
508 439 692 496 clerici
718 437 1029 509 specialiter
1053 437 1326 495 adhaerent
1363 438 1581 496 Christo
1609 456 1720 511 prae
1774 457 1911 496 cun-
1944 448 1986 504 Α
2017 441 2369 496 demonstrat.
2394 443 2472 496 Ad
2501 443 2671 499 instar
2697 457 2826 513 ergo
2847 441 3107 500 lumbaris
3130 443 3452 500 inhumecto
3471 446 3603 501 loco.

337 531 441 586 ctis
465 530 728 584 membris
756 528 1030 584 Ecclesiae.
1071 527 1160 584 Isti
1202 544 1393 600 nempe
1431 539 1559 584 sunt
1612 529 1823 584 lumbar
1850 529 1913 584 li-

339 638 496 678 nenm
520 622 739 678 arctiori
753 621 934 677 divino
958 622 1170 692 corpori
1189 607 1554 679 familiaritate
1575 638 1910 679 connexum:

338 714 506 769 linum
541 712 809 783 siquidem
858 711 1126 768 laboriose
1181 698 1426 782 pervenit
1455 713 1523 767 ad
1579 713 1911 779 candorem;

340 815 394 861 et
417 804 602 860 clerici
642 804 802 860 modo
830 804 1134 859 litterarum
1161 805 1353 875 studiis
1382 805 1705 870 insudando,
1759 807 1918 862 modo

341 911 437 968 per
460 897 740 952 intervalla
780 906 1077 977 temporum
1105 896 1426 968 quibusdam
1455 897 1710 966 gradibus
1732 911 1920 952 ascen-

347 991 538 1056 dendo.
570 989 781 1046 difﬁcile
809 1000 1197 1064 promoventur
1225 992 1290 1046 ad
1338 993 1479 1048 sacri
1508 993 1716 1048 ordinis
1745 992 1920 1062 digni-

340 1092 550 1138 tatem:
581 1082 818 1152 alioquin
845 1083 890 1138 si
936 1084 1060 1153 quis
1105 1084 1478 1141 contentiosus
1531 1093 1775 1149 estruat,
1817 1086 1922 1140 hoc

333 1173 485 1242 juxta
529 1170 826 1242 Scriptum
875 1173 1073 1228 seriem
1125 1174 1478 1230 historialiter
1540 1174 1766 1238 factum,
1820 1189 1921 1229 nec

340 1260 1126 1332 spiritualiterintelligendum;
1155 1266 1425 1332 quomodo
1453 1264 1720 1320 Jeremlas
1741 1265 1917 1334 potuit

339 1348 486 1404 inter
541 1351 964 1407 innumerabiles
1017 1353 1381 1424 Assyriorum,
1439 1354 1920 1423 Cbablaeorumque

337 1442 589 1496 u.tt'o.ies
619 1443 804 1497 urbem
827 1441 1123 1498 Jerusalem
1153 1445 1472 1518 constipatis
1491 1446 1795 1515 agminibus
1823 1446 1918 1500 ob-

336 1531 599 1595 sidentes,
632 1531 859 1587 lumbari
890 1535 1212 1604 precinctus
1242 1537 1394 1592 exire
1433 1554 1447 1590 :
1489 1537 1650 1606 idque
1705 1539 1759 1592 in
1809 1538 1918 1592 Eu-

336 1620 551 1688 phrate,
580 1622 668 1690 qui
709 1631 815 1675 tam
847 1623 1004 1693 longe
1049 1627 1310 1691 decurrit,
1366 1627 1735 1683 abscondere?
1767 1627 1919 1682 Post.-

334 1711 554 1763 modum
584 1726 796 1780 quoque
829 1713 1109 1784 proﬂigato
1143 1717 1381 1770 diuturni
1415 1717 1676 1786 temporis
1730 1733 1914 1783 cursu,

2017 533 2395 600 positi.clerici
2425 543 2883 602 compntrescunt,
2914 536 3040 590 dum
3067 537 3317 592 bumidos
3346 539 3586 608 crapulm

2018 632 2072 678 et
2109 622 2374 677 ebrietate
2408 623 2568 695 149
2596 633 2812 678 ventres
2844 626 3200 696 ingurgitant,
3237 629 3364 682 dum
3388 630 3600 684 illuvicii

2017 730 2077 771 se
2107 713 2342 771 libidinis
2374 727 2428 772 et
2476 732 2710 772 emnosa:
2763 717 2987 774 luxuriae
3026 718 3241 774 ﬂuentis
3296 721 3601 775 inundant»:

2019 805 2204 874 sicque
2241 805 2448 860 eunetis
2476 807 2664 861 usibus
2718 806 3012 860 redduntur
3040 807 3274 868 inutiles,
3323 805 3448 877 quia
3483 824 3608 878 qum

2021 889 2192 966 't'nagis
2221 895 2470 948 vldentur
2498 897 2550 948 in
2586 909 2751 950 carne
2779 893 3066 960 virescere,
3098 898 3164 949 eo
3187 897 3596 950 deterius-Amare

2019 991 2295 1040 cescentes
2323 986 2668 1040 obsolescunt
2691 987 2744 1040 in
2775 976 3076 1055 squalentis
3107 979 3598 1042 animm-fruditates

2019 1074 2094 1128 De
2119 1076 2313 1143 quibus
2341 1075 2393 1130 in
2423 1075 2660 1144 psalmo:
2694 1096 2710 1128 ι
2731 1076 2980 1144 Corrupti
3011 1087 3152 1138 sunt,
3181 1077 3446 1144 inquit,.et
3465 1078 3595 1130 abo-

2019 1165 2299 1220 minabiles
2319 1165 2444 1220 facti
2461 1167 2654 1220 suntin
2681 1167 3045 1235 voluptatibus
3059 1166 3171 1220 suis
3194 1164 3368 1236 (Exsul.
3399 1165 3542 1236 xm).
3565 1186 3585 1218 ι

2592 1278 2922 1334 EPISTOLA
2969 1279 3033 1333 V.

2301 1375 2308 1382 “
2355 1375 2422 1425 λυ
2461 1385 2765 1425 Αιιιηιουκ
2807 1379 3257 1425 manummanum

2017 1461 2408 1516 Ancunm'ruu.
2448 1491 2518 1500 —
2550 1461 2878 1514 Almericum
2917 1460 3357 1514 archidiaconnm
3391 1467 3594 1528 quanta

2087 1532 2456 1585 benevolentia
2481 1542 2856 1600 prosequatur,
2876 1530 3130 1600 ostendit,
3157 1529 3280 1600 dum
3302 1545 3424 1582 eum
3451 1529 3594 1597 plus-

2086 1617 2246 1669 quam
2283 1597 2534 1656 fratres'a
2576 1597 2635 1654 Se
2660 1597 2838 1669 amari
2878 1597 3025 1653 dicit.
3067 1597 3550 1669 Laudaretinnlem
3579 1639 3594 1660 ,

2089 1663 2348 1740 rogatque
2385 1681 2444 1724 ut
2479 1685 2635 1724 suum
2675 1666 2870 1740 librum
2913 1670 2978 1720 ad
3015 1679 3073 1740 se
3116 1663 3393 1721 remittat:
3436 1667 3592 1740 item-

2088 1738 2195 1808 que
2218 1742 2394 1809 pisces
2418 1741 2622 1810 aliquot
2644 1739 2709 1792 ad
2737 1739 3050 1793 monasterii
3076 1753 3230 1792 usum
3255 1738 3596 1792 necessarios

332 1814 439 1868 quo
458 1811 622 1871 pacto
645 1804 799 1872 quasi
825 1818 1050 1858 securus
1063 1806 1240 1868 rediit,
1271 1805 1506 1876 illudque
1531 1805 1911 1876 putrefactum,
1948 1789 1992 1848 Β
2089 1789 2625 1865 Si‘sé'iéiﬁsiaiiihi'.

329 1893 474 1945 sicut
519 1891 798 1961 Scriptura
848 1902 1095 1961 testatur,
1148 1897 1384 1962 invenit;
1436 1913 1559 1953 cum
1614 1897 1909 1954 Jerusalem

328 1981 585 2036 videlicet
621 1982 785 2046 fossa,
817 1985 977 2052 vallo,
1000 1987 1260 2052 castellis,
1305 1998 1361 2042 et
1391 1995 1500 2042 tam
1529 1990 1722 2043 crebra
1759 1991 1916 2044 undi-

327 2085 432 2140 que
447 2081 596 2126 esset
625 2074 924 2130 munitione
939 2077 1307 2132 circumdata?
1336 2077 1468 2134 Nam
1484 2094 1608 2135 eum
1622 2080 1912 2150 aliquando

330 2163 473 2217 idem
496 2166 757 2234 propheta
781 2167 847 2221 ad
871 2167 1146 2223 Anathoth
1177 2169 1413 2224 vicinum
1447 2187 1606 2226 suum
1638 2174 1691 2227 in
1745 2175 1910 2228 tertio

326 2255 586 2310 milliario
614 2250 683 2311 ab
719 2259 852 2314 urbe
876 2258 1041 2313 situm
1093 2268 1385 2317 conaretur
1424 2264 1596 2329 exire,
1648 2264 1704 2318 in
1753 2249 1908 2332 porta

325 2347 581 2415 protinus
639 2350 874 2418 capitur,
927 2349 994 2404 ad
1038 2352 1309 2422 principes
1361 2354 1614 2416 trahitur,
1673 2357 1911 2426 graviter

325 2438 668 2502 verberatur,
698 2447 750 2492 et
776 2429 1028 2508 fuitquam
1057 2442 1359 2513 transfuga,
1389 2444 1504 2498 sive
1551 2445 1738 2514 patria
1786 2460 1913 2514 pro-

327 2526 540 2582 ditorin
573 2544 846 2585 carcerem
877 2533 1108 2587 truditur
1133 2534 1268 2605 (Jer.
1313 2538 1544 2604 sum).
1601 2535 1738 2602 Quia
1779 2552 1909 2608 ergo

327 2630 430 2670 non
453 2617 826 2687 consequitur,
856 2632 916 2675 ut
940 2621 1272 2694 intelligatur
1301 2625 1653 2680 historialiter
1677 2626 1901 2689 factum,

329 2712 540 2762 censtat
563 2710 745 2776 procul
774 2711 935 2766 dubio
963 2714 1153 2783 typicae
1180 2715 1362 2785 figura:
1376 2731 1482 2771 non
1505 2717 1692 2773 deesse
1716 2727 1913 2789 myste-

327 2800 486 2852 rium.
526 2800 668 2858 Bene
693 2816 822 2872 ergo
851 2818 946 2872 per
971 2805 1182 2864 lumbar
1202 2807 1426 2872 lineum,
1448 2807 1602 2876 juxta
1633 2811 1766 2878 haec,
1790 2823 1910 2880 quas

331 2891 580 2958 superius
603 2894 745 2948 dicta
777 2905 926 2960 sunt,
957 2898 1157 2954 chorus
1205 2901 1531 2970 exprimitur
1563 2900 1906 2957 clericorum.

329 2982 480 3050 Quod
520 2993 702 3040 autem
756 2987 860 3043 hoc
884 2988 1097 3044 lumbar
1140 2989 1195 3044 in
1227 2990 1523 3060 Euphrate,
1578 2992 1681 3048 hoc
1723 3001 1808 3048 est
1854 2993 1908 3048 in

328 3089 537 3146 aquoso
556 3075 698 3141 loco,
726 3087 779 3132 et
808 3079 862 3133 in
885 3078 1151 3135 foramine
1177 3090 1361 3150 petra,
1393 3082 1446 3137 id
1475 3092 1558 3138 est
1583 3083 1638 3138 in
1663 3083 1911 3138 obscuri-

2085 1901 2294 1956 Domno
2331 1899 2614 1956 Atlanteo
2647 1899 3060 1963 archidiacono,
3089 1895 3307 1952 Perses
3342 1907 3598 1966 peccator

2014 1992 2314 2047 monachus
2340 1991 2594 2048 fraterna:
2621 1991 2904 2047 ebaritatis
2935 1987 3210 2043 aﬂ‘ectum.

2082 2081 2331 2148 Quantus
2373 2095 2502 2152 erga
2554 2091 2648 2146 te,
2694 2080 2765 2134 lili
2807 2079 3164 2141 eharissime,
3219 2093 3352 2132 mea:
3399 2077 3595 2132 mentis

2012 2189 2164 2228 amor
2194 2172 2656 2242 inferveat,quam
2681 2179 2840 2226 tenax
2871 2186 2934 2224 ac
2957 2170 3207 2238 pervicax
3235 2169 3307 2222 tui
3335 2170 3594 2222 memoria

2012 2263 2080 2319 de
2124 2273 2308 2317 nostro
2345 2272 2564 2332 pectore
2601 2276 2706 2316 non
2749 2262 3004 2327 recedat,
3049 2260 3094 2313 is
3119 2301 3133 2319 .
3176 2260 3266 2328 qui
3312 2261 3595 2313 cliaritatis

2011 2364 2204 2410 auctor
2231 2363 2346 2419 est,
2393 2353 2762 2408 sincerissimo
2801 2352 2949 2407 cordi
2985 2361 3333 2405 tuosanctus
3363 2350 3595 2418 Spiritus

2012 2449 2335 2502 innotescat.
2363 2446 2702 2502 Conscientia
2732 2445 2998 2513 siquidem
3025 2452 3182 2506 teste,
3209 2458 3312 2496 non
3343 2443 3591 2506 lllCllliOl‘,

2012 2541 2134 2596 illos
2159 2541 2323 2595 etiam
2353 2539 2492 2608 apud
2521 2553 2605 2593 me
2630 2539 2711 2591 vis
2733 2548 2837 2592 tum
2864 2537 3166 2590 dilectionis
3195 2535 3428 2597 excedit,
3458 2547 3595 2601 quos

2011 2629 2144 2684 mihi
2181 2628 2521 2684 necessitudo
2556 2642 2826 2697 germanae
2867 2623 3350 2695 consanguinitatis
3391 2624 3592 2676 astrin-

2011 2720 2106 2792 git.
2150 2719 2214 2773 Et
2243 2728 2389 2774 certe
2421 2719 2640 2788 dignum
2675 2725 2760 2770 est
2789 2723 2847 2770 ut
2876 2715 3093 2770 dilectio
3121 2713 3415 2782 spiritualis
3444 2727 3594 2765 amo—

2011 2825 2126 2866 rem
2166 2818 2383 2880 superet
2419 2807 2622 2862 carnis.
2657 2807 3038 2861 Verumtamen
3079 2793 3263 2873 doleo,
3295 2803 3436 2872 quod
3475 2816 3595 2854 aro-

2014 2899 2209 2953 matica
2249 2897 2454 2968 virgula
2511 2897 2653 2951 inter
2700 2893 2901 2950 littorei
2950 2892 3121 2947 sabuli
3173 2891 3380 2961 glareas
3425 2905 3595 2959 nuper

2011 2997 2224 3053 exorta,
2254 2987 2307 3041 in
2331 2988 2522 3041 eodem
2551 2984 2842 3040 subsicicio
2872 2983 3111 3038 cernitur
3143 2981 3304 3034 altius
3331 2979 3591 3033 radicata.

2015 3079 2144 3148 Quae
2173 3078 2426 3132 nimirum
2465 3077 2509 3131 si
2545 3077 2611 3131 de
2643 3074 2958 3139 sterilibus,
2987 3072 3041 3126 in
3091 3071 3286 3141 quibus
3324 3079 3595 3139 utcunque

327 3141 454 3228 κὶα,
489 3175 653 3236 atque
671 3168 861 3223 umbra
896 3170 1019 3239 poni
1043 3141 1288 3238 iubetur,
1319 3141 1452 3242 quid
1471 3181 1570 3242 per
1597 3174 1706 3228 hoc
1728 3172 1908 3242 σιβτί-
1931 3141 1984 3203 C
2015 3141 2149 3224 vivit
2171 3170 2370 3233 arenis,
2402 3167 2891 3242 transplantaretur
2919 3165 2970 3218 in
3012 3165 3226 3242 hortum
3258 3161 3460 3216 militiae
3485 3160 3594 3229 apio

326 3257 512 3320 mitur,
544 3255 648 3311 nisi
681 3257 768 3311 illa
797 3256 1116 3314 clericorum
1142 3261 1288 3330 pars,
1322 3273 1441 3330 quae
1477 3261 1580 3318 sub
1608 3257 1907 3332 voluntatis

328 3342 392 3419 [Ι.
428 3345 748 3420 voluptatis]
792 3349 1002 3416 umbra,
1030 3359 1085 3406 et
1129 3350 1182 3406 in
1213 3350 1358 3406 ﬂuxu
1390 3351 1615 3407 luxuriae
1660 3343 1906 3408 commo-

328 3437 518 3492 ratur?
543 3437 619 3493 De
642 3454 876 3510 quorum
903 3440 1038 3512 duce
1063 3440 1118 3495 in
1147 3439 1286 3496 libro
1309 3439 1410 3496 Job
1431 3429 1694 3498 Dominus
1737 3441 1901 3498 dicit:

332 3545 354 3579 ι
395 3526 509 3584 Sub
536 3529 729 3584 umbra
782 3529 997 3596 dormit,
1042 3529 1097 3584 in
1153 3538 1364 3586 secreto
1415 3531 1632 3598 calami,
1683 3540 1742 3588 et
1771 3531 1909 3588 locis

327 3617 681 3675 humentibus
709 3621 854 3692 (Job.
879 3629 991 3694 η).
1028 3639 1047 3674 ι
1081 3619 1372 3692 Protegunt
1405 3622 1609 3678 umbra:
1660 3624 1906 3680 umbram

321 3713 463 3783 ejus,
492 3713 834 3769 circumdant
885 3729 1010 3770 eum
1040 3714 1230 3770 salices
1283 3714 1569 3781 torrentis;
1614 3725 1798 3786 atque,
1847 3725 1908 3770 ut

320 3805 574 3860 ostendat
593 3815 854 3874 quantum
883 3820 1004 3863 cum
1059 3807 1172 3862 suis
1223 3804 1581 3861 familiaribus
1625 3805 1908 3861 inhabita-

322 3897 474 3952 tione
502 3895 742 3951 ﬂuminis
777 3897 1096 3961 delectetur,
1125 3898 1376 3968 protinus
1406 3896 1640 3951 addidit:
1687 3916 1706 3949 ι
1766 3897 1907 3954 Ecce

317 3988 900 4054 absorbebitﬂuviutl,
920 3997 975 4044 et
1006 4002 1115 4043 non
1136 3987 1660 4060 mirabitur(lbid.);
1690 4007 1710 4041 ι
1745 3988 1908 4043 habet

313 4081 467 4136 enim
500 4081 779 4146 ﬁduciam,
804 4081 948 4148 quod
1000 4077 1185 4134 inﬂuat
1245 4077 1496 4134 Jordanis
1543 4079 1598 4134 in
1652 4093 1716 4134 os
1766 4076 1902 4147 ejus.

314 4171 478 4240 Quod
509 4180 690 4227 autem
740 4172 956 4238 dicitur,
990 4171 1155 4227 fuisse
1177 4171 1413 4242 positum
1437 4171 1492 4226 in
1519 4171 1782 4226 foramine
1810 4185 1904 4240 pe-

314 4271 446 4328 tra.
477 4272 658 4334 potest
695 4279 804 4318 non
845 4264 1290 4320 inconvenienter
1327 4263 1551 4334 intelligi
1581 4263 1718 4319 intra
1751 4271 1906 4332 septa

309 4353 600 4409 ecclesia:
633 4352 786 4424 quasi
817 4352 961 4409 enim
992 4353 1048 4408 in
1071 4353 1335 4409 foramine
1357 4363 1521 4422 petrae
1542 4352 1721 4408 clerici
1739 4350 1908 4408 reclu-

307 4443 549 4510 duntur,
573 4443 699 4497 dum
746 4443 885 4498 intra
933 4443 1178 4498 ecclesia:
1235 4443 1417 4497 limina
1473 4443 1587 4498 suis
1631 4443 1902 4498 excubare

307 4534 642 4589 ministeriis
665 4533 851 4589 sedula
874 4534 1607 4604 frequentationejubentur.
1661 4532 1900 4588 Lumbar

302 4641 449 4696 ergo
473 4625 528 4680 in
555 4626 797 4681 bumenti
821 4625 938 4680 loco
964 4627 1194 4696 positum
1227 4628 1454 4697 putruit,
1509 4625 1636 4697 quia
1671 4625 1740 4681 de
1789 4626 1897 4691 his,

301 4716 403 4786 qui
437 4715 748 4773 iuluxuria:
780 4714 1011 4772 ﬂuxibus
1045 4716 1422 4780 immorantur,
1444 4717 1706 4786 propheta
1736 4723 1901 4770 testa-

302 4818 437 4865 tur:
500 4827 519 4860 ι
584 4807 1046 4879 Computruerunt
1097 4808 1342 4879 jumenta
1403 4807 1457 4862 in
1507 4816 1749 4862 stercore
1801 4821 1900 4861 suo

298 4897 482 4969 (laet.
515 4899 578 4968 ι).
613 4916 634 4950 ι
662 4896 911 4953 Jumenta
940 4898 1139 4969 quippe
1164 4898 1219 4952 in
1273 4906 1513 4952 stercore
1557 4911 1658 4951 suo
1683 4910 1902 4965 compu-

297 4998 584 5053 trescunt,
606 4987 734 5042 dum
760 4987 958 5060 quique
971 4987 1218 5042 carnales
1243 5003 1306 5041 ac
1333 4985 1534 5041 sordidi
1559 4986 1722 5040 vitam
1746 4975 1900 5039 sua’m

291 5082 354 5138 in
389 5079 634 5134 luxuriae
661 5077 1231 5134 fretoreconcludunt.
1260 5075 1400 5130 Nulli
1439 5075 1601 5130 etiam
1632 5073 1751 5129 usui
1801 5086 1900 5142 ap-

292 5184 416 5230 tutn
449 5177 732 5241 repermm
761 5177 864 5232 est,
891 5167 1015 5238 quia
1041 5177 1096 5240 et
1117 5167 1375 5222 Dominus
1390 5166 1496 5219 ait:
1529 5182 1548 5215 ‹
1576 5163 1744 5218 Nemo
1773 5164 1898 5218 mit-

291 5277 428 5324 tens
461 5277 696 5319 manum
720 5276 876 5316 suam
909 5260 975 5313 ad
1004 5269 1267 5322 aratrum,
1314 5266 1370 5311 et
1398 5257 1892 5325 respiciensretro,

289 5367 465 5430 aptus
493 5364 585 5410 est
611 5369 780 5422 regno
807 5352 902 5408 Dei
935 5350 1084 5422 (Luc.
1119 5350 1218 5410 ix).
1258 5367 1283 5400 ι
1315 5348 1394 5404 Ac
1419 5348 1462 5402 si
1490 5355 1674 5418 aperte
1701 5345 1849 5400 dicat
1875 5362 1888 5397 :

288 5447 575 5518 Quisquis
594 5445 834 5499 dictante
865 5443 946 5498 sui
975 5441 1179 5495 ordinis
1214 5439 1395 5509 regula
1428 5437 1697 5508 pudicitia:
1726 5435 1894 5492 semel

285 5535 550 5604 arripuit
573 5533 790 5594 stivam,
822 5530 865 5600 si
895 5528 1231 5598 postmodum
1262 5541 1360 5593 per
1385 5525 1634 5578 ardorem
1661 5523 1896 5578 libidinis

284 5626 499 5683 oculos
538 5620 769 5676 reﬂectit
821 5621 887 5673 ad
944 5619 1257 5679 Sodomatn,
1307 5617 1431 5686 quia
1475 5616 1585 5685 jam
1639 5621 1894 5669 montana

289 5723 601 5792 desperat,
625 5731 794 5786 regno
824 5715 916 5769 Dei
941 5729 998 5769 se
1024 5727 1248 5784 prorsus
1277 5709 1520 5765 inutilem
1545 5707 1746 5763 factum
1772 5722 1895 5763 esse

2009 3260 2240 3325 ritualis,
2266 3259 2392 3314 illud
2411 3257 2595 3329 procul
2611 3240 2773 3334 dubio
2795 3247 3014 3326 germen
3039 3235 3278 3333 afferret,
3303 3249 3457 3318 cujus
3481 3265 3587 3304 non

2005 3354 2178 3421 (licam
2216 3353 2440 3417 fructus,
2479 3352 2571 3406 sed
2610 3365 2676 3406 ne
2718 3349 2902 3422 folium
2933 3347 3170 3417 quidem,
3209 3346 3362 3415 juxta
3399 3342 3592 3412 psalmi

2006 3443 2362 3514 praecedentis
2385 3439 2692 3500 oraculum,
2712 3436 3001 3508 deperiret.
3033 3433 3262 3503 Semper
3282 3432 3424 3487 enim
3451 3431 3594 3500 sicut

2006 3533 2198 3588 cedrus
2238 3529 2459 3592 Libani,
2490 3527 2574 3583 vel
2603 3527 2744 3580 sicut
2783 3523 2960 3593 palma
2992 3522 3285 3576 viresceret
3305 3559 3321 3584 ,
3350 3527 3405 3572 et
3448 3519 3590 3573 sicut

2005 3620 2144 3690 oliva
2195 3611 2473 3672 fructifera
2520 3616 2575 3670 in
2609 3614 2786 3690 domo
2831 3611 3040 3666 Domini
3085 3608 3326 3679 perpetui
3375 3607 3590 3682 decoris

2005 3695 2150 3766 oleas
2185 3709 2536 3778 germinaret.
2585 3704 2689 3762 Sed
2723 3704 2839 3783 haec
2873 3702 3040 3780 satis,
3072 3713 3360 3773 superque.
3405 3697 3590 3752 Taedet

2003 3792 2148 3858 enim
2181 3788 2428 3854 laborare
2454 3785 2801 3858 scribentem,
2831 3793 2971 3864 quod
3002 3807 3109 3847 non
3137 3790 3366 3845 libenter
3397 3789 3590 3844 admit-

2007 3879 2119 3948 tere
2149 3889 2461 3960 cognoverit
2489 3887 2810 3941 auditorem.
2845 3883 2912 3938 Et
2935 3882 3027 3936 ubi
3057 3896 3152 3935 cor
3177 3878 3447 3934 audientis
3469 3894 3587 3932 ma-

2006 3983 2141 4037 teria
2171 3978 2434 4042 stimulat,
2472 3976 2695 4048 prolixae
2720 3971 3032 4042 scriptionis
3073 3969 3334 4051 articulus
3364 3983 3471 4022 non
3501 3969 3589 4022 de-

2006 4073 2187 4128 lectat.
2233 4069 2500 4125 Caeterum
2542 4066 2587 4122 si
2635 4075 2687 4120 te
2722 4076 3105 4134 cognoscerem
3145 4061 3352 4140 talibus
3399 4057 3602 4112 au‘renL

2005 4165 2237 4219 libenter
2274 4175 2563 4232 apponere,
2593 4159 2871 4230 videretur
2909 4155 3074 4219 mibi,
3104 4154 3246 4232 quod
3275 4153 3604 4207 Demosthe-

2004 4268 2129 4308 nem
2161 4251 2247 4307 vel
2281 4243 2514 4305 Tullium
2539 4247 2929 4326 faeile‘possem
2957 4246 3008 4300 in
3032 4243 3298 4320 afﬂuentia
3322 4242 3603 4297 sermonis.

2005 4327 2239 4413 aequare.
2263 4342 2498 4396 Remitte
2522 4339 2654 4394 mibi
2684 4322 2922 4394 libellum
2953 4345 3218 4390 nostrmn.
3247 4333 3462 4413 thuia
3490 4348 3589 4385 nos
3671 4393 3674 4396 ,

2007 4446 2203 4489 carnes
2229 4431 2281 4484 in
2306 4432 2542 4485 secunda
2573 4427 2704 4482 feria
2735 4415 2841 4482 non
2871 4425 3247 4496 comedimus,
3266 4406 3469 4491 aliquot
3493 4439 3615 4475 uo.»

2004 4523 2089 4578 bis
2133 4522 2309 4592 pisces
2358 4507 2511 4591 dirigi
2560 4535 2660 4590 pro
2713 4517 3006 4572 DominictP.
3054 4499 3362 4568 Nativitatis
3413 4512 3612 4581 gloria:

2004 4612 2376 4686 postulamus;
2433 4621 2490 4664 ut
2540 4609 2682 4680 quod
2732 4605 2991 4661 fratribus
3041 4593 3306 4665 mittitur,
3360 4601 3412 4654 in
3465 4609 3617 4676 tuos.

2005 4695 2295 4770 utrumque
2319 4697 2497 4753 valeat
2526 4697 2826 4752 redundare
2851 4703 3103 4764 parentes
3126 4709 3140 4756 ;
3165 4701 3430 4761 quatenus
3457 4692 3610 4742 dttttts

2005 4777 2140 4849 istos
2175 4782 2399 4848 refectio
2427 4799 2640 4844 terrena
2667 4787 2984 4856 refrigerat,
3015 4801 3112 4854 pro
3142 4784 3246 4837 illis
3276 4783 3606 4836 oratiomnm

2000 4877 2128 4938 vota
2180 4873 2510 4952 persolvant.
2561 4863 2989 4937 Dilectissimos.
3040 4886 3201 4943 atque
3245 4871 3604 4926 dulcissimos:

2003 4973 2201 5028 fratres
2234 4987 2382 5026 meos
2413 4968 2718 5032 Julianum,
2751 4978 2913 5036 atque
2950 4965 3307 5025 Fuscardum,
3337 4971 3394 5014 et.
3429 4976 3591 5029 egre-

2001 5065 2148 5135 gium
2186 5063 2529 5125 Filomelam,
2559 5061 2756 5115 domini
2785 5042 3599 5130 [LdominunilCorbulonem;

2003 5155 2095 5227 qui
2127 5171 2212 5208 tne
2242 5152 2442 5223 copiosi
2476 5160 2719 5218 sumptus
2750 5147 3084 5228 humanitate
3107 5143 3434 5205 -refecit,.ex
3465 5158 3597 5194 nica:

2001 5253 2156 5314 parte
2180 5243 2371 5306 saluta,
2403 5255 2594 5308 meque
2614 5231 2720 5292 non
2750 5235 2998 5306 frigidum
3028 5235 3078 5288 in
3101 5248 3286 5286 eorum
3314 5231 3598 5286 cbaritate;

2001 5325 2280 5387 denuntia.

2007 5423 2105 5479 Pio
2137 5425 2316 5478 lectori
2347 5411 2583 5476 salutent.
2625 5410 2734 5472 Has
2769 5419 2900 5471 (luas
2934 5416 3182 5484 epistolas
3214 5431 3329 5479 qua:
3360 5428 3598 5484 sequuti-

2075 5507 2178 5555 tur,
2203 5495 2295 5546 sub
2318 5493 2502 5544 Leonis
2526 5503 2569 5542 el
2593 5485 2877 5543 Alexandri
2903 5479 3255 5538 limitaverunt
3280 5479 3594 5555 pontiﬁcum

2078 5553 2282 5619 nomine
2307 5564 2424 5614 ideo
2452 5564 2534 5614 hic
2566 5561 2872 5614 inserulntui
2893 5599 2905 5619 ,
2938 5557 3180 5624 quoniam
3210 5571 3241 5606 α
3275 5553 3332 5607 8.
3375 5556 3598 5624 doctore

2073 5639 2284 5688 illorum
2309 5634 2513 5684 nomiue
2542 5633 2760 5701 scriptas
2794 5622 2958 5697 stylus
2988 5627 3138 5679 docet
3157 5635 3204 5678 et
3234 5642 3356 5678 mss.
3381 5622 3599 5675 codices

2076 5714 2246 5776 aperte
2272 5713 2551 5758 testantur.
