4024 6198
391 371 488 426 ’537

850 478 1008 548 150
1047 473 1377 530 EPISTULA
1423 473 1505 526 \‘l.

389 587 576 629 LEONIS
611 582 758 625 PANB
799 582 850 621 IX
891 581 958 619 ΑΙ)
992 579 1203 620 ειειιυκ
1244 578 1314 617 ΕΤ
1353 571 1597 616 Ρορυιωι
1635 567 1970 612 Λυιικλκυιι.

392 689 787 740 Aneonsnrnn.
811 706 883 718 —
910 675 1020 729 Leo
1045 672 1114 727 IX
1145 672 1336 728 scribit
1363 672 1429 725 ad
1457 641 1813 730 Auximaiios,
1841 679 1978 734 prte-

460 739 669 823 cipiens‘
700 750 801 804 sub
831 747 1193 823 anathematts
1221 757 1383 812 pinna
1405 783 1419 803 ,
1439 755 1505 822 ,ιιι
1536 739 1840 819 pessimam
1855 749 1981 789 con-

462 806 824 882 suetudinem,
849 832 971 886 qua:
998 816 1050 870 in
1078 806 1262 886 eorum
1291 806 1806 886 prtecipuecivitate
1829 806 1981 886 inva-

463 877 653 954 lnerat,
680 877 1032 957 corrigérent,
1059 891 1113 957 et
1136 877 1480 957 abrogarent,
1497 881 1750 934 defuncto
1774 877 1984 957 scilicet

464 943 947 1031 episco'po_,_b'on_a
1000 943 1370 1010 ecclesiastica
1420 943 1686 1006 concursu
1735 943 1984 1017 populari

469 1026 610 1085 facto
633 1026 946 1096 diripiendi.

469 1122 578 1175 Leo
614 1119 931 1188 episcopus,
978 1130 1167 1170 servus
1201 1129 1482 1168 servorum
1515 1111 1643 1175 Dei,
1681 1109 1893 1179 dilectis
1931 1107 1983 1160 iu

397 1214 617 1268 Christo
655 1210 780 1265 filiis
813 1207 1063 1262 omnibus
1101 1205 1453 1269 Auximanis,
1493 1204 1643 1258 clero
1668 1211 1722 1256 et
1757 1198 1986 1270 populo,

400 1309 632 1362 salutem
663 1313 718 1358 et
746 1301 1100 1373 apostolicam
1131 1299 1585 1354 benedictionem.

471 1399 608 1466 Quia
645 1405 868 1454 auctore
911 1397 1050 1458 Deo,
1082 1396 1164 1449 sic
1193 1392 1348 1448 nobis
1385 1391 1544 1445 unius
1578 1387 1832 1443 Ecclesia:
1860 1401 1988 1440 cura

401 1489 708 1559 specialiter
735 1497 820 1543 est
850 1486 1173 1549 commissa,
1216 1491 1276 1536 ιιι
1305 1497 1404 1553 per
1428 1480 1744 1551 dignitatem
1777 1482 1990 1547 aposto-

405 1581 522 1637 licae
555 1580 702 1636 sedis
735 1578 900 1634 etiam
939 1586 1260 1632 eaeterarutn
1307 1571 1674 1627 Ecelcsiarum
1719 1565 1992 1639 generalis

405 1673 477 1725 sit
498 1670 736 1742 provisio
757 1667 1024 1738 delegata,
1051 1674 1239 1720 nostro
1261 1669 1568 1731 competere
1588 1658 1801 1713 videtur
1819 1655 1995 1710 officio

407 1779 512 1818 non
540 1761 714 1817 solum
750 1773 870 1829 quae
908 1757 1172 1812 hactenus
1199 1754 1458 1809 adversus
1483 1750 1700 1805 easdem
1721 1746 1995 1802 Ecclesias

932 363 990 417 3.
1037 360 1238 416 I'E'l‘lil
1284 355 1562 412 Dt\.’vli:\l'\'l
1591 351 1744 406 OPP.
1786 347 1968 406 l’AllS
2008 355 2009 393 1

2122 343 2138 399 J
2185 339 2421 396 'l‘flMllS
2454 339 2495 392 l.
2539 369 2606 378 —-
2648 334 2864 390 El’ltiT.
2903 331 3027 386 ΜΒ.
3076 328 3204 382 Vill.

2001 468 2046 523 Α
2079 460 2335 512 lationem
2374 454 2514 510 felici
2542 449 2870 508 commercio
2910 450 3306 517 promerentur,
3339 454 3676 508 consequen-

3565 319 3672 374 538

2081 561 2165 606 ter
2189 550 2354 604 etiam
2382 547 2490 610 illi,
2519 545 2609 614 qui
2641 538 3038 599 ecclesiasticas
3073 533 3360 589 facultates
3387 531 3674 585 barbarica

2082 637 2295 697 feritate
2325 638 2616 709 diripiunt,
2645 636 2698 690 in
2729 642 2946 689 aeternae
2973 626 3335 684 damnationis
3363 623 3675 693 voraginem

2083 732 2301 786 eadunt.
2333 729 2435 796 Qui
2467 727 2723 782 nimirum
2747 739 2888 778 novo
2915 732 2969 776 et
2995 716 3402 788 incomparabili
3431 714 3679 769 criminis

2084 839 2282 894 gratiore
2329 825 2408 876 sic
2451 819 2732 876 Iudaicam
2783 814 3063 886 perfidiam
3113 818 3407 880 superant,
3461 814 3517 861 ut
3569 822 3678 859 non

2087 915 2245 970 modo
2271 913 2551 984 gentilium
2577 921 2851 971 errorem,
2883 905 2978 960 sed
3005 911 3060 959 ct
3091 901 3469 960 haereticorum
3499 897 3678 966 pravi-

2087 1012 2254 1058 tatem
2294 1000 2726 1056 dctestabiliores
2775 995 3059 1050 excedant.
3107 992 3150 1045 Α
3196 990 3392 1059 quibus
3432 986 3681 1041 videlEcnt

2057 1075 2338 1150 ’Christus
2385 1093 2581 1147 iterum
2624 1087 2980 1158 crucifigitur,
3022 1093 3076 1139 et
3104 1096 3302 1150 corpus
3343 1079 3496 1148 ejus,
3535 1077 3679 1146 quod

2089 1197 2175 1241 est
2213 1185 2475 1247 Ecclesia,
2507 1181 2795 1237 crudeliter
2839 1178 3128 1251 laceratur.
3170 1171 3516 1241 lteprimatur
3549 1182 3682 1236 ergo

2091 1293 2258 1332 ausus
2287 1275 2531 1337 illicitos,
2559 1281 2614 1327 et
2643 1270 2882 1325 nefarius
2906 1266 3182 1323 diabolica:
3208 1259 3569 1332 instigationis
3593 1274 3686 1312 co-

2093 1368 2344 1421 hibeatur
2365 1375 2644 1419 excessus.
2679 1359 2962 1414 Abstineat
2992 1369 3186 1411 manus
3220 1353 3396 1406 audax
3425 1347 3689 1405 ecclesia-

2096 1461 2238 1516 stico
2283 1454 2644 1527 patrimonio,
2693 1468 2763 1507 ne
2805 1450 2980 1504 victus
3022 1459 3317 1518 pauperum
3355 1449 3578 1512 pereat;
3617 1454 3688 1493 ne

2093 1550 2238 1620 quod
2275 1563 2341 1602 ex
2375 1546 2649 1602 oblatione
2692 1541 2927 1598 fidelium
2959 1538 3075 1607 jatn
3108 1539 3217 1592 Deo
3251 1536 3450 1590 factum
3485 1541 3571 1588 est
3597 1544 3692 1586 sa-

2082 1641 2361 1709 crificium
2383 1679 2398 1703 ,
2429 1637 2606 1708 praeda
2637 1644 2910 1705 raptorum
2942 1633 3054 1685 fiat.

2169 1730 2424 1800 Quisquis
2454 1737 2636 1783 autem
2677 1728 2837 1795 hujus
2877 1723 3045 1777 nostri
3075 1719 3277 1775 decreti
3309 1715 3584 1785 improbus
3610 1724 3694 1770 te-

409 1808 512 1818 ..ν..
540 1808 714 1817 -------
754 1808 868 1829 γ--
1243 1808 1248 1809 ,

409 1853 717 1911 temerariis
758 1851 979 1906 ausibus
1025 1858 1153 1903 sunt
1194 1853 1492 1916 usurpata,
1535 1841 1857 1911 corrigere:
1903 1836 1997 1892 sed
2031 1832 2071 1890 li
2101 1834 2338 1879 ῐηοτθιοτ
2379 1819 2685 1882 οιειῖιθτίιν
2723 1835 2788 1872 ει
2835 1824 2988 1888 pane
3027 1814 3120 1868 υθί
3163 1808 3551 1916 οιιιιιῑροιθιιιξξ
3575 1847 3590 1870 ν
3634 1813 3694 1861 ει

407 1946 572 2000 etiam
602 1959 668 1998 ne
697 1956 886 1996 rursus
912 1941 1101 1994 eadem
1132 1943 1462 2009 praesumant
1489 1935 1544 1988 in
1576 1942 1851 2004 posterum
1878 1944 2002 2000 pro-

410 2036 613 2090 videre.
656 2031 972 2088 Perversam
1009 2037 1222 2093 autem,
1256 2035 1313 2082 et
1349 2040 1572 2097 prorsus
1609 2020 2000 2079 exsecrabilem

411 2125 768 2196 quorumdam
798 2121 1031 2192 plebium
1059 2118 1528 2180 consuetudinem,
1560 2114 1702 2168 fama
1726 2113 2000 2182 vulgante,

413 2216 788 2288 cognovimus,
817 2223 878 2268 ut
913 2212 1166 2268 videlicet
1192 2225 1292 2266 suo
1316 2209 1570 2265 defuncto
1598 2207 1872 2277 episeopo,
1907 2204 2004 2260 do-

414 2323 562 2363 mum
583 2307 819 2378 episcopi
847 2304 1119 2361 hostiliter
1146 2303 1508 2372 irrnmpentes
1538 2300 1814 2361 invadant,
1845 2296 2006 2352 facul-

409 2407 551 2455 tates
609 2397 726 2468 ejus
767 2396 1081 2466 praedonum
1145 2410 1299 2450 more
1341 2393 1635 2462 diripiant,
1680 2389 2002 2461 praediorum

412 2493 603 2543 domos
642 2487 967 2550 incendant,
1003 2474 1142 2538 vites
1181 2484 1401 2552 insuper
1439 2491 1492 2534 et
1537 2481 1752 2534 arbusta
1795 2475 2004 2532 bestiali

415 2578 769 2634 humaniores
803 2577 1022 2633 feritate
1064 2575 1365 2630 succidant.
1403 2573 1555 2640 Quod
1605 2572 1858 2626 nimirum
1900 2568 2004 2623 nisi

413 2671 770 2735 ecclesiastici
807 2670 1008 2739 vigoris
1043 2669 1203 2724 fuerit
1231 2681 1459 2722 censura
1491 2675 1794 2720 correctqu
1815 2702 1831 2728 ,
1862 2660 2008 2715 haud

416 2763 638 2817 dubium
665 2762 796 2831 quin
829 2759 1142 2831 regionibus
1174 2757 1282 2812 illis
1309 2755 1574 2826 repentini
1609 2753 1809 2807 furoris
1839 2751 2011 2806 immi-

417 2861 547 2908 neat
574 2852 802 2924 gladius.
831 2850 888 2905 Si
915 2851 1057 2905 enim
1089 2850 1360 2903 honorare
1390 2853 1642 2915 parentes
1667 2844 1902 2914 primum
1929 2841 2012 2896 di-

419 2943 564 2996 citur
610 2941 664 2997 in
714 2939 1136 3010 repromissione
1183 2938 1533 3001 mandatum;
1586 2933 1632 2990 si
1685 2932 2012 2988 maledicens

420 3035 594 3107 patri,
634 3034 718 3088 vel
765 3033 922 3088 matri
969 3030 1216 3087 mulctari
1257 3037 1431 3083 morte
1473 3025 1784 3097 praecipitur
1815 3039 1830 3077 :
1860 3023 2013 3094 cujus

420 3125 909 3180 animadversionis
947 3121 1215 3178 sententia
1250 3120 1399 3190 digni
1446 3127 1604 3183 sunt,
1639 3119 1728 3187 qui
1758 3131 1862 3171 non
1887 3130 2008 3170 car-

422 3215 572 3269 nales
596 3215 868 3283 genitorcs
891 3212 1139 3284 persequi
1166 3177 1423 3281 gestiunt,
1455 3208 1551 3262 sed
1583 3177 1751 3276 ipsam
1783 3213 2012 3260 matrem
2039 3177 2086 3241 (ἶ

423 3322 576 3362 suam
609 3306 940 3370 Ecclesiam,
987 3305 1041 3358 in
1080 3318 1183 3373 qua
1215 3316 1281 3357 ex
1313 3315 1451 3371 aqua
1495 3308 1551 3354 et
1579 3297 1782 3368 Spiritu
1825 3304 2014 3352 sancto

431 3398 731 3464 regenerati
765 3407 886 3448 sunt
918 3393 1220 3465 viperinum
1264 3409 1436 3464 genus
1475 3393 1738 3461 dissipare
1771 3401 1999 3447 conten-

429 3489 604 3544 dunt?
647 3486 758 3542 Etsi
810 3488 955 3541 enim
1008 3487 1262 3541 sacerdos
1313 3485 1543 3552 quilibet
1579 3499 1640 3539 ex
1681 3484 1868 3538 debito
1898 3485 2000 3539 hu-

430 3596 608 3636 mana:
627 3581 954 3634 conditionis
978 3578 1141 3644 obiit;
1167 3576 1261 3630 sed
1283 3575 1556 3640 Christus,
1581 3575 1672 3643 qui
1697 3577 2004 3629 animarum

431 3680 743 3724 nostrarum
772 3668 1055 3737 episcopus
1077 3675 1160 3720 est
1190 3663 1238 3735 (1
1270 3665 1416 3719 Patr.
1447 3665 1530 3733 ιι),
1555 3678 1620 3717 ex
1649 3661 1847 3719 virtute
1866 3664 2006 3719 divi-

427 3761 615 3814 nitatis
658 3760 710 3813 in
751 3767 1012 3813 aeternum
1046 3759 1196 3813 vivit.
1242 3757 1396 3813 Sicut
1433 3757 1576 3813 enim
1612 3756 1812 3813 Paulus
1846 3757 2015 3813 dicit:

431 3870 451 3899 ι
484 3847 671 3902 Plures
710 3847 836 3902 facti
878 3856 1001 3902 sunt
1041 3848 1354 3901 sacerdotes
1386 3846 1680 3902 secundum
1715 3844 1919 3915 legem,
1954 3859 2020 3899 eo

429 3941 571 4008 quod
605 3948 780 3994 morte
815 3937 1234 4008 prohiberentur
1265 3951 1617 4006 permanere;
1653 3933 1810 3991 Jesus
1838 3946 2018 3990 autem

429 4047 494 4084 eo
534 4033 676 4101 quod
720 4043 938 4085 maneat
983 4031 1035 4083 in
1079 4039 1381 4093 teternum,
1421 4028 1808 4098 sempiternum
1858 4027 2020 4082 habet

433 4121 794 4178 sacerdotium
847 4119 1033 4192 (Hebr.
1086 4119 1204 4190 vn).
1238 4138 1255 4170 ι
1306 4120 1474 4174 Deum
1518 4133 1648 4190 ergo
1698 4118 2022 4173 inhonorarc

429 4211 792 4273 convincitur,
835 4209 926 4278 qui
975 4208 1190 4263 mortali
1237 4208 1490 4277 episcopo
1535 4205 1774 4279 [vivente
1813 4205 2020 4279 addid.]

432 4311 650 4354 terrena
689 4313 912 4370 pressus
950 4298 1236 4352 formidine
1259 4338 1273 4362 ,
1317 4298 1384 4352 ab
1420 4298 1672 4352 Ecclesia:
1704 4313 1762 4352 se
1807 4296 2024 4352 hesione

357 4426 368 4435 ο
429 4391 680 4446 cohibuit
699 4383 723 4457 ς’
748 4389 1002 4445 defuncto
1043 4397 1222 4443 autem
1265 4402 1362 4454 eo,
1392 4389 1458 4443 ad
1502 4387 1752 4455 injuriam
1788 4388 2020 4453 Christi,

431 4483 528 4552 qui
563 4481 882 4537 immortalis
915 4479 1168 4536 Ecclesia:
1201 4493 1428 4548 sponsus
1457 4486 1559 4543 est,
1592 4478 1669 4534 fel
1701 4478 1828 4538 odii,
1865 4479 2018 4549 151

439 4529 528 4552 -.---
565 4529 880 4537 ------σν---τ--
915 4529 1167 4536 --ην---η
1202 4529 1426 4548 Ἵππη-τ
1462 4529 1559 4543 η-.
1592 4529 1668 4534 γρ
1708 4529 1827 4538 ηρ.
1865 4529 2009 4549 -.η

431 4584 488 4629 et
517 4575 665 4628 virus
702 4573 953 4638 malitiae,
995 4571 1136 4642 quod
1165 4579 1389 4626 eatenus
1423 4568 1769 4630 occultabat.
1815 4569 2009 4624 effudit.

2129 4555 2348 4612 duxisse
2378 4549 2753 4622 primordium,

439 4664 501 4718 Et
531 4664 778 4719 fortassis
799 4663 1082 4733 episcopus
1115 4661 1168 4715 in
1195 4661 1304 4716 vita
1334 4677 1428 4717 sua
1459 4660 1694 4731 aliquem
1725 4659 1900 4715 lzesit:
1929 4661 2021 4715 sed

437 4755 712 4819 Christus,
739 4754 829 4822 qui
869 4752 1122 4806 Ecclesia:
1153 4762 1336 4807 custos
1359 4750 1579 4806 relictus
1607 4759 1710 4816 est,
1740 4750 1868 4820 quid
1899 4766 2022 4821 pec-

436 4845 620 4898 cavit?
655 4843 712 4899 Si
739 4859 868 4913 ergo
897 4842 992 4908 illi,
1021 4842 1112 4911 qui
1149 4843 1363 4905 nocuit,
1395 4841 1597 4895 malum
1622 4857 1718 4912 pro
1747 4842 1886 4896 malo
1916 4857 2021 4896 non

439 4935 711 4999 redditur,
745 4949 844 4988 cur
885 4941 1089 4986 asterno
1111 4931 1360 4985 Pontifiei
1383 4971 1398 4996 ,
1436 4930 1526 4998 qui
1565 4929 1723 4984 nobis
1761 4930 1898 4983 bona
1927 4944 2027 4998 pro

437 5025 602 5081 malis
643 5024 908 5088 reddidit,
961 5023 1263 5077 reverentia
1298 5036 1404 5075 non
1451 5020 1723 5074 habetur?
1747 5018 2028 5075 Verumta-

441 5132 566 5171 men
593 5116 637 5171 si
668 5115 924 5170 Ecclesia:
950 5113 1129 5183 prazdo
1159 5111 1250 5168 Dei
1284 5111 1480 5167 Filium
1507 5109 1863 5167 immortalem
1901 5125 2029 5182 pro-

438 5206 529 5257 cul
546 5205 708 5259 dubio
734 5203 1040 5274 pontificem
1069 5203 1337 5268 crederet,
1365 5201 1410 5258 si
1427 5216 1550 5257 eum
1577 5201 1776 5270 ubique
1801 5216 2031 5271 praesen-

442 5305 586 5359 tem,
632 5295 814 5348 omnia
859 5309 1018 5348 nosse
1068 5309 1132 5348 ac
1174 5307 1334 5362 posse
1386 5291 1800 5356 consideraret,
1844 5305 2028 5346 coram

441 5386 564 5451 ejus
595 5384 766 5439 oculis
793 5385 1079 5439 admittere
1123 5394 1229 5438 tam
1272 5383 1526 5453 impium,
1562 5390 1673 5437 tam
1708 5381 2029 5452 sacrilegum

444 5477 656 5532 facinus
682 5492 788 5530 non
814 5477 1058 5531 auderet.
1085 5473 1192 5530 Sed
1215 5489 1341 5529 vere
1364 5474 1416 5528 in
1443 5473 1532 5530 illo
1559 5472 1859 5542 completur
1888 5473 2030 5543 quod

445 5582 546 5638 per
573 5565 914 5622 Psalmistam
953 5567 1149 5622 dicitur
1184 5583 1198 5620 :
1239 5584 1257 5619 ι
1293 5566 1438 5621 Dixit
1469 5566 1730 5637 insipiens
1769 5565 1822 5619 in
1869 5566 2032 5620 corde

447 5675 549 5714 suo
581 5677 593 5712 :
630 5657 740 5712 Non
781 5667 863 5712 est
908 5659 1044 5712 Deus
1081 5656 1252 5726 (Psaf.
1303 5656 1445 5725 xm).
1480 5676 1498 5708 ι
1545 5656 1714 5711 Porro
1756 5657 1799 5710 si
1833 5655 1906 5719 ii,
1939 5655 2027 5724 qui

449 5756 590 5808 bona
625 5767 721 5806 sua
765 5749 1017 5807 Ecclesia:
1053 5748 1372 5813 conferunt,
1412 5745 1616 5817 proprii
1656 5755 1836 5802 reatus
1877 5747 2026 5801 abso-

2103 1913 2423 1968 aurtoritate
2472 1911 2754 1965 beatorum
2804 1906 3168 1975 apostolorum
3215 1900 3358 1956 Petri
3401 1908 3458 1951 et
3501 1895 3692 1960 Pauli,

2103 2000 2670 2056 anathematizandum
2717 2011 2837 2052 esse
2880 1993 3252 2054 decernimus,
3293 1997 3348 2042 et
3396 1995 3456 2042 ut
3503 2000 3698 2039 revera

2101 2093 2379 2164 putridum
2406 2090 2707 2145 membrum
2731 2080 3310 2141 excommunicatimtis
3339 2079 3486 2134 ferro
3511 2092 3540 2129 a
3565 2091 3700 2130 san-

2103 2193 2208 2240 cla:
2245 2182 2503 2239 Ecclesia:
2545 2194 2772 2249 corpore
2801 2179 3200 2232 detruueamus.
3241 2171 3324 2225 Sit
3369 2169 3550 2240 igitur,
3591 2167 3702 2222 nisi

2103 2274 2428 2346 resipiscat,
2471 2272 2757 2326 anathema
2803 2266 3119 2322 Maranatha
3165 2261 3214 2334 (1
3247 2260 3372 2316 Cor.
3417 2259 3696 2327 xvi),om-

2105 2380 2312 2435 nesquc
2348 2362 2753 2418 maledictiones
2784 2356 2952 2412 llebal
2994 2355 3172 2425 (Deut.
3192 2351 3380 2430 .xxvn)
3417 2363 3582 2418 super
3609 2362 3701 2400 ca-

2105 2433 2423 2526 put'suum
2484 2449 2828 2505 descendisse
2885 2450 3193 2514 cognoscat.
3251 2433 3702 2493 Obscrvaloribus

2106 2554 2288 2598 autem
2335 2541 2600 2611 gloriam,
2641 2548 2695 2593 et
2740 2537 3001 2590 honorem
3029 2572 3044 2596 ,
3111 2539 3167 2584 et
3215 2524 3698 2594 incorruptionem,

2107 2633 2478 2705 quaerentibus
2506 2630 2672 2683 vitam
2704 2636 2985 2680 azternam.
3017 2622 3214 2675 Amen.

2664 2740 2994 2799 EPISTOLA
3040 2737 3148 2793 vn.
3207 2801 3213 2808 ,

2109 2857 2410 2900 ALEXAND!“
2459 2853 2606 2894 ΡΑΡΕ
2645 2851 2684 2891 ιι
2731 2849 2799 2887 ΑΙ)
2847 2845 3058 2887 οιειιωι
3106 2843 3177 2882 ΕΤ
3219 2836 3461 2879 Ρονυιωι
3512 2831 3707 2874 IEDIO’

2759 2915 3053 2959 LANENSEII.

2112 3023 2509 3082 Aacuumruu.
2539 3050 2610 3061 —-
2632 3017 2936 3074 Alexander
2962 3012 3002 3066 ll
3021 3051 3034 3075 ,
3068 2999 3701 3082 mediolanensispatria,

2188 3070 3226 3162 flouish-ti;metifexﬁcreatus,vscrihit
3257 3078 3396 3162 hanc
3425 3070 3706 3141 epistolam

2188 3165 2257 3220 ad
2297 3178 2422 3219 suos
2450 3153 2627 3227 ei'ves,
2661 3160 2714 3212 in
2743 3173 2847 3228 qua
2880 3163 3169 3228 postquam
3198 3156 3474 3228 paternam
3494 3181 3523 3228 ,I
3541 3153 3705 3211 quam

2188 3213 2257 3290 EE
2297 3213 2706 3288 Elii-{tignum
2749 3213 3001 3298 gerebat,
3026 3213 3705 3298 sollicitudinem'burnla-

2189 3279 2911 3359 assint-isVerbi—sustamt,
2943 3279 3299 3359 ltortatur,gut
3321 3283 3451 3359 nihil
3481 3279 3706 3359 humile,

2656 3349 2992 3439 cogitantes,
3034 3362 3100 3415 ad
3127 3349 3370 3414 coalestia
3402 3363 3513 3408 toto
3540 3349 3706 3404 animi

2189 3443 2392 3513 impetu
2432 3451 2488 3497 et
2519 3442 2712 3495 ardore
2727 3434 2804 3493 'se
2831 3434 3110 3491 extollant.

2135 3593 2144 3600 -
2189 3556 2517 3611 ALEXANDER
2546 3554 2832 3624 cpiscopus
2853 3591 2866 3612 ,
2898 3562 3088 3603 servus
3117 3557 3395 3600 servorqu
3432 3538 3559 3600 Dei,
3591 3549 3710 3588 om-

2119 3645 2281 3700 nibus
2318 3642 2836 3702 Mediolanensibus,
2873 3638 3018 3692 clero
3049 3644 3099 3690 ct
3133 3632 3360 3703 populo,
3399 3627 3628 3682 salutem
3657 3630 3710 3676 et

2121 3739 2472 3808 apostolicam
2505 3734 2954 3790 benedictionem.

2193 3833 2368 3888 Divini
2409 3829 2596 3900 judicii
2637 3801 2989 3894 dispositione
3032 3817 3303 3887 provisum
3345 3820 3460 3875 est,
3501 3815 3561 3862 ut
3605 3805 3711 3860 Mc-

2037 3920 2044 3923 ’
2121 3921 2448 3980 diolanensis
2494 3915 2749 3972 Ecclesia:
2796 3912 2976 3973 filius,
3028 3919 3083 3963 et
3131 3902 3502 3960 Ambrosianis
3553 3897 3710 3966 152

2121 4013 2379 4069 uberibus
2408 4008 2762 4070 sublaetatus,
2791 4004 2859 4058 ad
2892 3999 3204 4055 famulatum
3229 3992 3536 4065 apostolica:
3566 3988 3712 4042 sedis

2123 4103 2374 4172 indignus
2400 4097 2771 4158 ascenderem,
2798 4107 2860 4146 ac
2889 4090 3047 4144 matri
3079 4086 3319 4142 omnium
3351 4078 3714 4136 Ecclesiarum

2122 4169 2407 4264 pastoralis
2442 4204 2586 4244 curae
2625 4183 2985 4257 sollicitudine
3015 4177 3362 4233 deservirem.
3403 4169 3554 4226 Unde
3589 4179 3713 4221 cum

2127 4285 2290 4339 totius
2329 4278 2648 4334 universalis
2689 4274 2943 4330 Ecclesize
2977 4284 3106 4326 cura
3138 4267 3292 4322 nobis
3333 4279 3438 4318 non
3464 4261 3597 4314 levis
3635 4259 3717 4312 in-

2125 4376 2374 4436 cumbat,
2415 4367 2736 4440 propensius
2766 4366 2907 4419 circa
2951 4377 3042 4416 vos
3073 4361 3184 4430 ipsa
3219 4365 3407 4411 natura
3455 4367 3552 4407 nos
3591 4363 3717 4419 pro-

2127 4474 2282 4520 vocat
2321 4478 2442 4517 esse
2477 4459 2804 4532 pervigiles:
2846 4465 2904 4509 ut
2931 4454 3074 4508 unde
3111 4465 3209 4505 nos
3242 4453 3452 4501 constat
3489 4441 3718 4512 originis

2795 4545 2866 4601 ibi
2903 4544 3066 4598 etiam
3103 4538 3321 4609 majoris
3354 4536 3420 4590 ad
3457 4543 3717 4588 mternam

2129 4646 2358 4702 salutem
2378 4619 2687 4697 habeamus
2729 4631 3105 4690 sollicitudinis
3135 4629 3548 4682 incrementum.
3584 4619 3718 4673 Nam

2127 4749 2183 4792 et
2212 4737 2350 4806 ignis
2385 4749 2448 4788 ca
2479 4734 2627 4803 prius
2654 4731 2796 4801 ligna
2826 4726 3119 4796 conflagrat
3139 4762 3154 4787 ,
3185 4737 3250 4775 ex
3285 4719 3480 4789 quibus
3506 4714 3718 4775 oritur;

2129 4841 2184 4886 et
2209 4830 2328 4883 fons
2357 4827 2474 4880 illas
2500 4834 2625 4879 ante
2647 4822 2828 4877 omnia
2854 4828 3013 4873 terrae
3038 4830 3201 4870 venas
3230 4811 3479 4873 infundit,
3506 4822 3570 4861 ex
3600 4804 3721 4875 qui-

2131 4923 2233 5004 bu‘s
2285 4920 2557 4990 profluens
2608 4916 2902 4971 derivatur.
2955 4908 3107 4964 Unde
3154 4920 3281 4970 vos,
3335 4897 3720 4964 dilectissimi,

2133 4992 2370 5082 pa'tcrna:
2391 5007 2698 5063 dilectionis
2728 5004 2908 5062 studio
2931 5002 3300 5060 cohortamur,
3329 5003 3388 5048 ut
3425 4992 3494 5049 ad
3521 4995 3720 5050 malum

2133 5119 2194 5158 se
2231 5111 2410 5156 vester
2449 5100 2669 5170 spiritus
2697 5097 2905 5167 erigat,
2931 5088 3239 5161 deceptoria
3269 5095 3606 5145 terrmtarum
3639 5101 3725 5139 re-

2135 5209 2255 5250 rum
2276 5233 2292 5257 ,
2321 5201 2375 5247 et
2411 5189 2614 5246 caduca
2656 5189 2804 5243 lucra
2833 5189 3166 5246 contemnat,
3201 5179 3272 5238 ab
3311 5193 3494 5236 amore
3516 5175 3722 5232 caenosi

2135 5283 2296 5354 hujus
2323 5283 2504 5336 mundi
2537 5298 2595 5336 se
2623 5281 2916 5351 prudenter
2942 5273 3214 5345 expediat,
3245 5275 3312 5330 ad
3341 5269 3617 5329 Creatoris
3640 5266 3721 5323 sui

2137 5376 2461 5432 desideriqu
2499 5371 2805 5427 medullitus
2832 5364 3158 5427 inardeScat.
3204 5369 3346 5424 Estis
3379 5363 3523 5419 enim
3542 5400 3560 5426 ,
3587 5359 3722 5413 sicut

2135 5468 2325 5524 beatus
2345 5466 2478 5521 dit'il
2517 5463 2809 5534 apOSlOIUS.
2842 5478 2861 5512 ι
2892 5457 3040 5521 Gens
3065 5469 3271 5523 sancta,
3295 5455 3523 5528 populus
3543 5449 3723 5518 acqui-

2137 5558 2369 5617 sitionis,
2404 5563 2462 5608 ut
2488 5554 2719 5608 virtutes
2748 5555 3083 5609 annuntietis
3109 5552 3243 5620 ejus,
3272 5547 3363 5618 qui
3394 5547 3459 5600 de
3485 5538 3722 5598 tenebris

2136 5665 2232 5703 vos
2282 5647 2492 5701 vocavit
2522 5646 2574 5699 in
2601 5643 2917 5702 admirabile
2947 5644 3123 5698 lumen
3158 5656 3313 5694 suum
3349 5637 3402 5707 (1
3429 5633 3574 5688 Petr.
3606 5635 3715 5695 11).:

2139 5739 2340 5807 Quibus
2356 5753 2481 5808 ergo
2496 5734 2781 5795 btnre'litas
2799 5737 3242 5799 incontatuinata,
3264 5723 3722 5784 immareescibilis
