4024 6198
377 350 484 406 355

902 343 960 402 S.
999 343 1202 400 PETRI
1243 336 1529 397 DAMIANI
1566 336 1720 394 OPP.
1769 335 1950 392 PARS
1983 335 2118 391 SEU
2159 307 2402 390 TOMUS
2427 336 2481 390 ‘l.
2521 365 2589 376 --
2623 302 2845 391 EPIST.
2886 333 3014 388 LIB.
3055 314 3216 388 νιιιζ

3556 337 3663 392 356

377 480 546 522 cens:
599 480 618 514 ι
677 457 928 520 Succide,
965 474 985 508 ι
1037 454 1232 524 inquit,
1278 471 1297 505 ι
1333 451 1516 517 illam;
1565 449 1753 522 utquid
1801 449 1967 504 etiam
1997 458 2044 514 Α
2074 450 2196 519 plex
2224 450 2379 505 nobis
2402 464 2612 506 merces
2637 449 2958 521 acquiritur,
2987 449 3114 504 dum
3139 463 3208 504 ex
3236 449 3351 518 ipso
3377 448 3664 504 charitatis

381 565 581 610 terram
610 556 842 619 occupat
879 545 1029 615 (Luc.
1063 543 1221 615 xm)?
1250 561 1268 596 ι
1314 541 1371 598 Si
1399 549 1581 596 autem
1607 541 1734 596 dum
1761 537 1972 594 fructus

378 642 700 713 acquiritur,
739 636 870 692 mihi
907 634 1021 704 jam
1059 634 1232 688 honor
1257 631 1571 695 exhibetur,
1603 628 1750 684 illam
1795 627 1970 700 repul-

379 733 548 790 sionis
575 728 898 786 sententiam
931 725 1017 780 vix
1060 723 1277 796 effugio,
1319 737 1428 794 qua
1463 721 1694 777 dicitur:
1742 739 1762 774 ι
1795 719 1970 776 Amen

379 826 499 880 dico
511 822 684 887 vobis,
699 817 981 890 recepistis
995 816 1300 872 mercedem
1313 824 1547 870 vestram
1563 811 1778 884 (Matth.
1790 852 1806 877 ,
1820 812 1920 883 vi).
1945 829 1965 864 ι

378 916 507 972 llzec
531 923 616 970 est
653 913 819 983 igitur
844 909 1091 980 quaestio,
1132 922 1292 976 quam
1332 921 1363 960 a
1410 914 1464 961 te
1506 902 1642 960 solvi
1686 902 1968 958 desidero:

378 1009 481 1062 hoc
507 1005 683 1060 solum
709 1011 815 1069 est,
845 1010 1066 1072 propter
1093 1000 1234 1070 quod
1259 998 1353 1054 tibi
1383 998 1626 1053 scribere
1657 1003 1851 1051 cuncta
1881 1009 1974 1048 su-

379 1099 560 1170 perius
609 1097 1002 1164 comprehensa
1050 1092 1312 1162 disposui.
1365 1090 1471 1146 Sed
1521 1091 1680 1161 quia,
1731 1089 1975 1160 injuncto

377 1187 737 1245 ecclesiastici
770 1186 1043 1257 prioratus
1075 1184 1270 1249 ollicio,
1314 1193 1364 1237 te
1393 1191 1712 1252 occupatum
1743 1180 1891 1243 novi,
1920 1188 1977 1233 et

380 1278 715 1335 rescribendi
749 1276 974 1332 forsitan
1007 1277 1177 1331 otium
1219 1290 1325 1330 non
1371 1273 1530 1329 facile
1570 1273 1777 1343 poteris
1822 1287 1974 1342 repe-

379 1373 515 1433 rire,
569 1384 734 1440 super
778 1369 883 1424 hoc
928 1366 1164 1437 capitulo
1210 1381 1311 1436 ego
1363 1365 1477 1436 ipse
1523 1364 1744 1420 interim
1794 1361 1977 1418 scribo

379 1462 522 1531 quod
551 1461 766 1516 sentio:
799 1459 1054 1514 nimirum
1085 1473 1199 1531 non;
1232 1469 1290 1512 ut
1326 1457 1647 1526 magistrum
1680 1455 1977 1524 discipulus

378 1527 746 1623 doceam,gsed
775 1559 957 1604 utrum
984 1548 1088 1603 mei
1116 1527 1422 1602 intellectus
1446 1533 1732 1601 sententia
1747 1546 1976 1600 tenenda

380 1644 471 1706 sit,
497 1645 700 1698 dis'cam
729 1660 744 1709 ;
781 1642 1084 1714 prudentizr
1109 1641 1319 1696 scilicet
1354 1651 1457 1695 tua:
1481 1639 1701 1710 optione
1726 1649 1972 1702 servata,

381 1744 440 1788 ut
463 1735 548 1788 vel
587 1734 933 1789 abnuendum
974 1732 1193 1802 proprio
1223 1731 1364 1801 ston
1403 1745 1681 1794 coerceas,
1731 1728 1814 1783 vel
1847 1745 1977 1798 pro-

2070 538 2270 605 ofﬁcio,
2300 541 2444 610 quod
2489 541 2577 610 pie
2604 540 2869 611 proximis
2905 540 3106 596 nostris
3131 539 3515 610 impendimus,
3555 540 3666 594 bel-

2071 629 2210 686 licus
2235 631 2387 687 labor
2405 632 2602 700 oritur,
2633 648 2794 702 quem
2821 633 3172 703 repugnando
3203 631 3499 686 vincamus.

2144 721 2251 778 Sed
2299 739 2368 779 ne
2399 725 2852 795 argumentationi
2895 725 3074 796 potius
3099 739 3262 794 quam
3305 725 3491 780 solidae
3525 724 3666 778 veri-

2074 812 2171 867 tati
2199 812 2484 868 videamur
2511 813 2787 880 insistere,
2819 815 2945 879 hoc,
2970 817 3111 885 quod
3143 815 3542 885 proposuimus,
3570 829 3667 884 per

2074 917 2244 958 sacra:
2283 902 2579 973 Scriptum:
2607 921 2711 960 non
2745 905 2930 981 pigeat,
2947 904 3194 974 exempla
3219 914 3543 960 monstrare.
3571 903 3664 959 ,Ιοο

2075 995 2208 1064 scph
2237 994 2436 1065 quippe
2467 996 2548 1050 vir
2581 1007 2823 1060 sanctus,
2857 1009 2916 1052 ut
2951 995 3306 1066 periculosam
3334 995 3514 1066 populi
3539 995 3668 1051 sub.

2075 1084 2284 1140 levaret
2328 1087 2602 1154 esuriem,
2644 1089 2937 1143 secundam
3003 1097 3124 1157 post
3166 1103 3349 1159 regem
3392 1087 3669 1157 suscipere

2075 1191 2182 1230 non
2214 1178 2447 1248 abnegat
2481 1178 2800 1249 dignitatem
2830 1196 2844 1232 :
2870 1188 2926 1233 et
2951 1178 3040 1247 qui
3070 1178 3220 1248 prius
3249 1177 3464 1247 angusti
3485 1191 3668 1232 carce-

2080 1266 2155 1320 ris
2179 1265 2357 1321 fuerat
2385 1267 2579 1332 cultor,
2598 1267 2711 1336 jam
2741 1269 2908 1324 totius
2935 1267 3157 1339 [Egypti
3185 1267 3360 1322 factus
3382 1275 3467 1322 est
3500 1268 3662 1321 domi-

2079 1369 2256 1413 nator.
2289 1358 2444 1415 Unde
2469 1365 2525 1412 et
2547 1356 2747 1414 fratres
2773 1357 2891 1426 ejus
2917 1359 2985 1413 ad
3007 1357 3176 1414 Jacob
3204 1359 3414 1412 alacres
3440 1357 3630 1411 dicunt
3653 1375 3666 1409 :

2086 1473 2104 1504 ‹
2143 1452 2340 1522 Joseph
2371 1453 2516 1509 [ilius
2547 1465 2671 1509 tuus
2695 1455 2845 1518 vivit,
2870 1464 2926 1510 et
2967 1455 3082 1524 ipse
3105 1455 3418 1509 dominatur
3447 1454 3498 1508 in
3525 1461 3669 1508 terra

2082 1544 2301 1615 Egypti
2343 1543 2495 1614 (Gen.
2537 1546 2682 1617 xcv).
2720 1565 2741 1598 ι
2787 1545 3022 1617 Moyses,
3075 1545 3166 1615 qui
3215 1546 3413 1600 dudum
3455 1543 3670 1614 cegnati

2081 1652 2298 1708 gregem
2335 1636 2388 1691 iu
2428 1638 2643 1693 deserto
2671 1637 3140 1708 humiliter,pavit,
3170 1647 3227 1690 ut
3259 1635 3500 1690 melioris
3525 1646 3673 1704 βοει-

2083 1728 2298 1782 modum
2326 1729 2506 1799 gregis
2535 1730 2641 1782 dux
2669 1727 2846 1792 fieret,
2881 1729 3045 1782 totius
3067 1725 3342 1781 lsraelitici
3374 1721 3552 1795 popiiii
3579 1723 3672 1779 ob-

381 1825 616 1880 bandum
644 1824 966 1894 gravissima
995 1822 1069 1876 tui
1088 1821 1277 1890 judicii
1303 1821 1626 1876 auctoritate
1653 1820 1972 1875 cons1ituas.
2011 1808 2050 1865 Β
2079 1817 2326 1888 sequium
2366 1834 2472 1872 non
2519 1817 2733 1888 refugit,
2762 1819 2852 1888 qui
2893 1819 3149 1874 nimirum
3179 1818 3248 1871 ad
3276 1816 3412 1870 tanti
3451 1816 3672 1870 honoris

450 1913 660 1969 Cuncta
715 1928 848 1969 sane
913 1913 1220 1968 divinarum
1277 1910 1684 1982 Scripturarum
1760 1911 1975 1980 eloquia

381 2002 447 2060 ad
505 2005 580 2060 nil
641 2005 818 2069 aliud,
870 2003 972 2059 nisi
1018 2003 1086 2057 ad
1136 2003 1443 2058 animarum
1493 2002 1726 2058 salutem
1768 2002 1978 2056 crebris

385 2096 547 2167 159
589 2105 717 2151 sunt
750 2094 1112 2150 voluminibus
1149 2104 1394 2149 exarata.
1436 2094 1708 2165 Quidquid
1736 2095 1881 2150 enim
1925 2096 1976 2149 in

382 2189 467 2242 his
495 2187 830 2256 prtecipitur,
869 2186 1131 2256 quidquid
1160 2186 1512 2261 prohibetur,
1559 2194 1733 2240 totum
1764 2167 1979 2255 ‘procul

381 2277 546 2332 dubio
571 2277 638 2331 ad
669 2285 980 2347 provectum
1012 2275 1071 2329 fit
1105 2275 1433 2342 animarum,
1463 2273 1634 2330 Paulo
1662 2283 1978 2339 attestantc,

381 2367 473 2435 qui
507 2366 620 2420 ait:
659 2383 678 2417 ι
716 2365 1061 2434 Quaecunque
1096 2366 1298 2435 scripta
1331 2375 1475 2430 sunt,
1511 2367 1578 2420 ad
1613 2374 1856 2422 nostram
1882 2369 1979 2421 do-

381 2457 614 2511 ctrinam
656 2457 857 2527 scripta
899 2465 1048 2521 sunt,
1089 2465 1147 2510 ιιι
1175 2471 1273 2526 per
1315 2457 1652 2528 patientiam,
1681 2467 1737 2514 et
1783 2473 1981 2513 conso-

384 2547 638 2601 lationem
693 2545 1124 2616 Scripturarum,
1178 2561 1327 2616 spem
1403 2545 1700 2603 habeamus
1772 2547 1980 2620 (Rom.

383 2640 517 2710 xv).
568 2660 586 2691 ι
638 2638 696 2694 Si
746 2653 875 2710 ergo
924 2648 1148 2708 prepter
1199 2637 1496 2708 Scriptura:
1544 2640 1720 2695 minas
1761 2640 1840 2696 sic
1889 2641 1984 2696 im-

383 2746 585 2801 pensus
611 2729 782 2783 honor
804 2728 1104 2798 aufugitur,
1131 2738 1190 2782 ut
1210 2729 1517 2782 animarum
1539 2745 1754 2799 quoque
1781 2731 1985 2786 utilitas

385 2819 729 2889 negligatur;
784 2827 934 2887 patet
980 2816 1246 2888 profecto,
1289 2818 1417 2888 quia
1462 2818 1708 2886 intentio,
1740 2835 1841 2890 pro
1877 2838 1983 2892 qua

388 2911 669 2981 Scriptura
715 2909 923 2966 servari
966 2910 1174 2977 debuit,
1211 2926 1320 2967 non
1353 2919 1586 2967 tenetur.
1631 2912 1689 2968 Si
1731 2914 1875 2969 enim
1917 2915 1985 2970 ad

387 3007 533 3061 hunc
577 3004 740 3059 finem
769 3003 947 3059 omnis
987 3017 1144 3059 sacra
1174 3001 1457 3074 Scriptura
1490 3003 1751 3072 refertur,
1791 3015 1850 3060 ut
1892 3022 1988 3077 per

386 3112 510 3150 eam
565 3095 711 3150 salus
766 3093 962 3148 anima:
1006 3092 1346 3164 requiratur,
1392 3095 1522 3149 dum
1574 3095 1842 3168 fugientes
1886 3098 1982 3151 ho-

387 3201 599 3250 norem,
656 3185 963 3239 animarum
1013 3183 1166 3239 lucra
1221 3185 1618 3255 postponimus,
1667 3187 1722 3240 id
1771 3187 1991 3257 potissi-
2019 3159 2062 3225 Ο

388 3299 558 3349 mum,
601 3291 822 3354 propter
864 3281 1007 3352 quod
1032 3280 1312 3350 Scriptura
1370 3279 1515 3336 facta
1564 3289 1669 3347 est,
1726 3295 1836 3336 non
1879 3295 1994 3336 ser-

383 3391 601 3430 vamus.
634 3374 700 3430 Et
737 3389 994 3445 perverso
1028 3373 1212 3438 modo,
1240 3374 1367 3428 dum
1396 3374 1777 3443 obtemperare
1810 3371 1992 3428 sacris

387 3466 753 3522 voluminibus
783 3465 1027 3530 nitimur,
1066 3476 1257 3522 contra
1288 3466 1405 3521 haec
1429 3468 1618 3521 eadem
1646 3480 1805 3521 sacra
1842 3464 1996 3520 volu-

389 3559 538 3612 mina
566 3558 928 3613 deccrtamus.
959 3556 1062 3624 Qui
1088 3557 1233 3613 enim
1261 3557 1432 3614 dicit:
1466 3575 1485 3610 ι
1517 3556 1595 3613 Ne
1625 3559 1912 3613 recumbas
1937 3558 1991 3612 in

393 3649 571 3720 primo
614 3648 732 3703 loco
778 3647 940 3719 (Luc.
979 3647 1128 3718 xiv),
1191 3667 1210 3700 ι
1268 3648 1384 3719 ipse
1440 3639 1718 3719 praecipit,
1763 3649 1989 3704 dicens:

397 3761 416 3794 ι
447 3742 547 3809 Qui
576 3741 749 3804 audit,
791 3741 937 3796 dicat
964 3757 979 3795 :
1009 3738 1144 3794 Veni
1183 3740 1370 3812 (Apoc.
1404 3741 1565 3810 xxtt).
1604 3759 1623 3792 ι
1653 3740 1720 3795 Et
1746 3740 1837 3811 qui
1871 3755 1994 3810 pro-

387 3832 558 3892 hibet,
593 3847 660 3886 ne
690 3829 954 3886 veremini
992 3831 1235 3901 magistri
1265 3831 1457 3902 (Mam.
1489 3832 1671 3900 xxut),
1704 3831 1819 3900 ipse
1842 3831 1996 3900 jubet

395 3921 673 3991 discipulis
697 3941 710 3976 :
733 3940 751 3974 ι
776 3921 871 3987 Ite,
885 3923 1073 3977 docete
1095 3931 1481 3992 omnesgentes
1498 3921 1715 3989 (Matth.
1732 3925 1944 3992 xxvtn).
1969 3945 1987 3976 ι

393 4013 618 4084 Oportet
643 4029 794 4085 ergo,
827 4021 884 4067 ut
919 4013 1046 4067 dum
1077 4013 1384 4067 animarum
1427 4011 1635 4067 fructus
1662 4013 1990 4082 exquiritur,

393 4121 501 4160 non
545 4107 782 4161 humana
825 4105 966 4169 laus,
1011 4122 1116 4162 non
1144 4105 1422 4177 popularis
1464 4105 1639 4170 favor,
1671 4120 1778 4160 non
1813 4105 1995 4176 aliqua

394 4195 618 4250 honoris
685 4197 996 4250 reverentia
1072 4197 1277 4252 mentis
1345 4195 1646 4250 intentione
1697 4205 1993 4264 qureratur.

396 4283 548 4351 Quod
594 4284 640 4339 si
680 4283 824 4338 ultro
853 4283 1069 4339 oblatus
1115 4285 1290 4339 honor
1318 4283 1624 4339 nolentibus
1657 4284 1814 4340 nobis
1846 4286 1999 4358 inge-

397 4376 558 4442 ritur,
596 4374 964 4431 necessarium
994 4383 1095 4441 est,
1132 4384 1196 4429 ut
1240 4375 1292 4430 in
1325 4375 1635 4445 pavimento
1668 4376 1849 4432 cordis
1895 4379 1997 4432 sub

397 4466 647 4522 districto
673 4465 972 4536 disciplina:
996 4466 1134 4538 pede
1162 4466 1425 4531 calcetur,
1450 4475 1504 4522 et
1527 4467 1674 4528 velut
1699 4477 1996 4525 venenatus

398 4571 625 4627 serpens
657 4557 708 4611 in
749 4559 864 4628 ipso
912 4557 1274 4630 suggeStionis
1319 4557 1496 4629 capite
1541 4558 1707 4613 ictum
1756 4561 1990 4627 sentiat;

398 4663 467 4702 ne
510 4663 627 4714 nos,
671 4651 815 4719 quod
856 4649 1018 4716 absit,
1066 4649 1118 4704 in
1166 4657 1411 4706 extremo
1458 4648 1612 4704 bona:
1664 4650 1996 4720 operationis

397 4737 712 4792 calcancum
751 4739 998 4793 mordere.
1031 4748 1342 4807 prarsumat.
1381 4737 1490 4793 Nec
1526 4749 1704 4794 tamen
1730 4739 1800 4795 ob
1828 4740 1880 4795 id
1914 4749 2000 4795 est

399 4830 702 4884 animarum
745 4829 950 4884 utilitas
978 4829 1297 4896 deserenda,
1332 4829 1426 4883 sed
1469 4839 1528 4883 ut
1573 4845 1759 4886 revera
1794 4833 1997 4886 strenui

400 4920 705 4986 bellatores,
741 4921 870 4975 dum
922 4921 1281 4990 nosmetipsos
1338 4921 1660 4976 humilitatis
1702 4921 1887 4993 clypeo
1930 4923 1998 4975 ab

403 5010 600 5077 inﬁceto
640 5010 892 5066 elationis
939 5009 1043 5064 telo
1083 5009 1433 5079 protegimus,
1467 5010 1742 5080 proximos
1783 5020 1997 5067 nostros

401 5104 466 5153 ad
519 5102 730 5156 fortiter
771 5101 1038 5172 agendum
1089 5109 1289 5154 sanctze
1336 5100 1730 5156 exhortationis
1778 5104 1997 5156 \'(N'll)!:§

401 5192 719 5244 excitemus.
778 5191 1157 5246 Vermntamcn
1231 5193 1308 5248 sic
1343 5193 1618 5262 proximos
1699 5197 1997 5262 prudentia:

403 5292 600 5333 nostra:
630 5281 848 5350 clypcus
882 5291 1149 5352 protegat,
1186 5298 1254 5337 ne
1294 5283 1465 5337 hostis
1493 5292 1613 5352 post
1659 5292 1864 5353 tergum
1915 5285 1993 5336 Ιι-

405 5371 589 5432 titans,
619 5371 893 5425 occultum
925 5388 991 5427 ex
1023 5373 1234 5428 insidiis
1264 5373 1458 5429 vulnus
1494 5373 1718 5445 inlligat.
1753 5375 1844 5429 Sic
1873 5391 2000 5428 con-

405 5471 488 5513 tra
520 5473 764 5515 nostrum
790 5462 1113 5517 dimicemus
1155 5465 1553 5529 adversarium,
1593 5477 1652 5519 ut
1679 5467 2000 5520 couuuilito-

405 5552 562 5604 nibus
585 5551 749 5604 etiam
775 5554 978 5607 nostris
1004 5554 1380 5622 provideamus
1408 5555 1690 5610 auxilium.
1739 5555 1830 5610 Sic
1856 5559 1998 5610 circa

405 5643 801 5699 contnnilitmtes
835 5645 1074 5699 fraterna
1119 5647 1361 5701 charitas
1390 5649 1593 5717 vigilet,
1627 5662 1693 5702 ne
1721 5650 1997 5718 proprimu

406 5733 546 5790 latus
589 5733 785 5805 gladiis
819 5734 1104 5790 hostilibus
1149 5737 1333 5789 nudet.
1370 5736 1459 5791 Sic
1512 5739 1590 5792 sic
1622 5739 1874 5792 nimirum
1903 5741 2001 5794 du-

2078 1910 2290 1964 culmen
2320 1910 2611 1980 perductus
2633 1919 2736 1974 est,
2763 1920 2820 1962 ut
2845 1911 3022 1965 omnis
3050 1910 3138 1963 illa
3171 1909 3517 1964 Hebraeorum
3541 1905 3673 1960 mul-

2056 1999 2255 2060 .titudo
2278 2003 2343 2055 ad
2359 2000 2622 2071 jussionis
2644 1999 2767 2070 ejus
2782 2016 2839 2056 se
2861 2002 3021 2077 verba
3044 2001 3422 2070 suspenderet,
3448 1998 3672 2068 ejusqte

2079 2089 2286 2160 legibus
2307 2090 2529 2160 supplex
2551 2090 2954 2160 obtemperaret
2973 2089 3170 2161 (Exod.
3187 2089 3499 2159 utetseqq.).
3517 2087 3672 2143 Uter-

2082 2198 2186 2251 que
2217 2192 2396 2237 tamen
2422 2191 2638 2251 quantae
2661 2182 3087 2237 mansuetudinis
3117 2182 3314 2251 in.ipsa
3341 2181 3673 2236 sublimitate

2079 2274 2408 2343 perstiterit,
2442 2273 2808 2330 indubitanter
2845 2275 3177 2343 agnoscitur,
3202 2284 3257 2327 et
3295 2273 3422 2327 dum
3454 2271 3591 2328 alter
3614 2287 3674 2326 se

2081 2365 2482 2435 agnoscendum
2507 2365 2806 2436 peregrinis
2831 2365 3107 2432 fratribus,
3134 2381 3254 2421 cum
3284 2365 3449 2420 latere
3473 2364 3676 2434 potuis-

2083 2466 2187 2522 set,
2213 2457 2494 2512 ultroneus
2517 2458 2676 2528 160
2697 2456 2918 2522 offerat;
2944 2458 3082 2512 alter
3111 2473 3266 2512 suam
3291 2455 3672 2518 humilitatem,

2083 2550 2230 2604 velut
2244 2549 2499 2613 alienam,
2514 2549 2791 2604 humiliter
2808 2551 3038 2620 pandat:
3057 2570 3072 2600 ι
3091 2549 3237 2614 Erat,
3257 2549 3450 2618 inquit,
3465 2547 3675 2618 Moyses

2085 2643 2169 2697 vir
2193 2641 2514 2696 mitissimus
2537 2656 2702 2710 super
2731 2656 2921 2697 omnes
2955 2641 3200 2696 homines
3255 2640 3347 2710 qui
3381 2639 3671 2706 moraban-

2086 2741 2177 2787 tur
2208 2733 2264 2786 in
2296 2741 2439 2788 terra
2472 2731 2664 2802 (Num.
2703 2733 2826 2805 xu).
2861 2752 2880 2785 ι
2921 2731 3086 2788 Josue
3112 2747 3346 2802 quoque,
3372 2733 3464 2802 qui
3505 2731 3673 2806 Moysi

2088 2827 2340 2882 minister
2385 2826 2690 2890 exstiterat,
2723 2840 2789 2880 eo
2819 2827 3115 2890 moriente,
3147 2825 3426 2894 suscipere
3461 2827 3677 2894 regimi-

2090 2917 2178 2972 nis
2214 2914 2450 2971 ofﬁciunt
2483 2930 2592 2971 non
2638 2924 2858 2971 recusat
2894 2914 3029 2985 (los.
3077 2915 3138 2986 ι).
3185 2913 3287 2981 Qui
3326 2916 3584 2969 nimirum
3627 2915 3675 2970 si

2089 3022 2188 3077 pro
2219 3007 2522 3062 humilitate
2561 3007 2825 3062 servanda
2848 3006 3184 3076 principatus
3207 3004 3332 3074 jura
3362 3015 3678 3061 contemne-

2093 3109 2198 3168 ret,
2230 3100 2536 3155 numerosis
2572 3099 2809 3169 regibus,
2839 3115 2977 3168 quos
3003 3100 3256 3170 peremit,
3303 3099 3675 3169 perimendam

2093 3191 2276 3263 populi
2326 3190 2730 3246 multitudinem
2781 3201 3099 3246 cunctorum
3155 3205 3282 3246 reus
3337 3201 3673 3261 exponeret:

2092 3292 2147 3338 et
2174 3284 2300 3338 dum
2354 3283 2460 3338 sibi
2504 3292 2720 3338 caveret
2748 3281 3028 3351 iactantia:
3065 3298 3274 3347 casum,
3323 3283 3552 3339 fratrum
3584 3299 3682 3340 ne-

2093 3375 2320 3447 gligeret
2365 3375 2490 3430 vita:
2527 3374 2847 3446 periculum.
2883 3377 3025 3443 Quid
3071 3377 3247 3433 dicam
3300 3375 3541 3444 Samuel,
3581 3379 3675 3449 qui

2092 3467 2334 3536 quandiu
2364 3482 2471 3522 non
2506 3474 2592 3521 est
2623 3467 2690 3522 ab
2721 3468 2840 3537 ipso
2870 3467 3067 3538 populo
3087 3479 3156 3523 ex
3193 3469 3526 3540 principatus
3551 3484 3680 3524 arce

2093 3557 2356 3627 dejectus,
2387 3566 2445 3612 et
2487 3557 2738 3613 excelsus
2769 3557 3055 3613 videbatur
3086 3558 3142 3613 in
3182 3558 3399 3627 publico
3423 3599 3438 3624 ,
3491 3569 3546 3614 et
3579 3559 3681 3614 hu-

2095 3649 2238 3706 milis
2259 3658 2380 3706 erat
2399 3651 2453 3705 in
2473 3650 2830 3718 occulto?Qui
2851 3650 3103 3707 videlicet
3134 3654 3370 3721 suscepti
3401 3652 3682 3722 regiminis

2093 3740 2272 3796 locum
2308 3741 2444 3796 adeo
2475 3740 2680 3796 invitus
2727 3733 2987 3805 deseruit,
3021 3750 3081 3796 ut
3125 3741 3422 3810 majoribus
3452 3752 3580 3796 natu
3609 3759 3681 3798 ex

2093 3832 2260 3889 Israel
2277 3831 2378 3886 sibi
2400 3846 2578 3904 regem
2596 3832 2932 3902 petentibus,
2949 3832 3016 3888 de
3039 3847 3104 3888 eo
3125 3833 3374 3903 protinus
3395 3833 3676 3902 Scriptura

2094 3922 2270 3977 dicat:
2294 3940 2312 3974 ι
2337 3922 2617 3993 Displicuit
2643 3938 2827 3978 sermo
2850 3924 2903 3976 in
2934 3923 3108 3979 oculis
3132 3924 3426 3988 Samuelis,
3449 3938 3514 3979 eo
3535 3927 3680 3994 quod

2093 4012 2377 4077 dixissent,
2412 4013 2486 4067 Da
2531 4013 2688 4068 nobis
2737 4027 2942 4082 regem,
2991 4022 3050 4066 ut
3074 4014 3282 4083 judicet
3328 4029 3425 4069 nos
3455 4013 3514 4083 (l
3552 4013 3682 4084 Reg.

2095 4103 2238 4175 vtu).
2274 4123 2294 4157 ι
2329 4104 2467 4170 Quid
2515 4103 2747 4160 referam
2789 4103 3000 4158 Etiam?
3027 4104 3159 4174 quid
3188 4103 3476 4160 Eliszeum?
3507 4105 3599 4175 qui
3625 4117 3689 4159 ut

2095 4193 2358 4263 proximis
2391 4194 2694 4264 potuissent
2728 4210 2824 4249 sua
2861 4195 3244 4264 prmdicatione
3273 4195 3554 4265 proficere,
3583 4212 3688 4252 ne-

2095 4270 2368 4356 quaquam
2395 4283 2553 4340 veriti
2583 4293 2710 4339 sunt
2752 4294 2806 4339 et
2851 4285 3034 4340 multis
3061 4299 3351 4342 coruscare
3381 4287 3684 4352 miraculis,

2096 4386 2153 4432 et
2177 4376 2309 4446 ipsis
2336 4373 2574 4444 regibus,
2611 4374 2868 4442 omnique
2917 4375 3115 4444 p0pulo
3159 4375 3496 4431 venerabiles
3524 4393 3692 4447 appa-

2098 4481 2242 4521 rere.
2271 4465 2359 4529 Et,
2389 4473 2448 4518 ut
2469 4463 2581 4533 jam
2603 4464 2982 4534 prretermissis
3010 4472 3088 4519 tot
3119 4465 3330 4520 Veteris
3353 4465 3687 4522 Testamenti

2099 4557 2350 4612 Patribus
2395 4555 2462 4610 ad
2513 4555 2866 4626 Evangelium
2904 4567 3209 4621 transeam,
3253 4559 3493 4628 nunquid
3550 4576 3692 4629 pne.-

2077 4664 2290 4704 -cursor
2306 4647 2513 4702 Domini
2541 4647 2714 4703 vitare
2735 4649 2950 4718 penitus
2973 4650 3194 4706 honoris
3215 4653 3570 4707 reverentiam
3593 4667 3694 4720 po-

2101 4739 2221 4800 tuit,
2243 4737 2335 4806 qui
2366 4753 2424 4793 se
2452 4737 2727 4792 Christum
2770 4753 2876 4793 non
2899 4755 3020 4795 esse
3043 4741 3413 4811 turbis,ipsum
3432 4756 3552 4797 esse
3573 4757 3695 4798 cre-

2101 4829 2464 4898 dentibus,vix
2497 4830 2741 4898 negando
2764 4830 2937 4885 suasit
2953 4829 3136 4900 (Joan.
3161 4829 3238 4900 1)?
3258 4830 3509 4902 Nunquid
3526 4831 3696 4887 Petro

2101 4921 2375 4992 popularis
2416 4922 2731 4978 reverentia:
2773 4921 2927 4977 favor
2963 4921 3153 4991 defuit,
3181 4925 3271 4994 qui
3308 4931 3384 4979 tot
3408 4925 3698 4994 languidos

2105 5009 2388 5080 superfusa
2423 5010 2763 5066 solummodo
2791 5011 2872 5066 sui
2913 5013 3158 5082 corporis
3209 5014 3401 5068 umbra
3442 5013 3701 5066 sanavit?

2107 5100 2243 5168 (Act.
2275 5099 2352 5168 v.)
2397 5097 2646 5169 Nunquid
2674 5098 2842 5154 Paulo
2878 5116 2986 5156 non
3027 5108 3111 5155 est
3160 5101 3333 5155 honor
3378 5101 3657 5155 exhibitas
3680 5143 3698 5162 ,

2103 5187 2536 5258 quandoquidem
2569 5190 2620 5242 in
2641 5189 2843 5259 Lystris
2883 5204 3004 5244 mox
3044 5198 3102 5244 ut
3129 5189 3324 5245 debilis
3351 5190 3596 5260 pedibus,
3623 5207 3702 5243 eu

2107 5281 2470 5350 praecipiente,
2503 5281 2773 5347 surrexit,
2805 5281 3058 5350 protinus
3079 5281 3255 5336 omnis
3296 5283 3450 5336 turba
3486 5281 3538 5335 in
3574 5279 3706 5348 ejus

2105 5373 2315 5427 laudem
2345 5371 2645 5443 stupefacta
2667 5373 2917 5428 clamavit
2951 5392 2962 5426 :
2993 5391 3010 5422 ι
3042 5373 3145 5437 Dii,
3180 5374 3449 5441 inquiunt,
3487 5371 3707 5428 similes

2108 5463 2232 5517 facti
2265 5465 2569 5519 hominibus
2603 5465 2998 5518 descenderunt
3039 5464 3106 5516 ad
3157 5479 3254 5518 nos
3288 5464 3428 5534 (Act.
3481 5463 3624 5531 xiv);
3677 5483 3698 5516 δ

2107 5556 2246 5609 unde
2301 5556 2440 5610 sicut
2491 5557 2651 5626 paulo
2700 5567 2821 5626 post
2854 5556 3144 5610 subditur:
3186 5575 3203 5606 α
3246 5554 3512 5610 Sacerdos
3541 5553 3708 5608 Jovis

2105 5647 2196 5715 qui
2247 5657 2365 5700 erat
2406 5657 2533 5702 ante
2563 5648 2864 5710 civitatem,
2899 5655 3083 5702 tauros
3105 5657 3160 5702 et
3191 5661 3424 5701 coronas
3460 5655 3586 5699 ante
3610 5643 3709 5712 ja—

2108 5755 2245 5792 nuas
2298 5738 2532 5793 offerens
2595 5755 2717 5793 cum
2792 5739 3044 5809 populis,
3106 5737 3317 5794 volebat
3383 5737 3709 5791 sacrificare
