4024 6198
303 343 405 400 357

1494 345 1695 402 LIBER
1733 347 2057 415 QUlNTUS,
2091 347 2305 405 EPIST.
2351 349 2482 405 XIII.

3481 351 3586 422 $58

305 455 515 527 (Μήτι).
553 474 573 507 ι
605 453 712 510 Sed
741 468 906 524 quam
951 452 1263 510 inﬂexibilis
1312 455 1401 512 ille
1430 458 1485 513 in
1513 475 1626 515 sua:
1665 460 1887 516 humili-
1917 475 1964 529 Α
1993 462 2145 517 vobis
2172 463 2223 517 in
2246 463 2497 529 Domino,
2529 471 2585 518 et
2612 471 2960 519 commonent
2987 479 3100 528 vos,
3127 474 3187 519 ut
3216 465 3587 522 abundantius

305 547 428 600 tatis
454 559 583 600 arce
613 543 940 614 perstiterit,
986 541 1303 598 manifestat
1345 544 1465 616 ipse
1488 555 1546 601 et
1593 547 1890 614 Barnabas,

302 652 446 700 cum,
485 634 674 691 scissis
720 648 835 704 pra:
882 632 1103 688 tristitia
1137 633 1376 699 tunicis,
1432 634 1662 692 dicunt:
1699 657 1718 690 ι
1755 638 1894 701 Viri,

301 725 430 796 quid
478 725 598 781 haec
645 722 864 780 facitis?
909 731 965 778 et
999 738 1099 779 nos
1157 723 1418 780 mortales
1454 740 1645 782 sumus
1689 727 1896 783 similes

300 813 453 870 vobis
479 813 730 870 homines
752 812 944 883 (lbid.)
983 831 1002 864 ι
1035 812 1118 868 An
1144 811 1380 870 dilectus
1409 815 1623 872 Domini
1655 815 1897 874 Joannes

298 906 632 977 evangelista
683 906 902 976 penitus
958 905 1191 961 evadere
1247 906 1473 962 honoris
1531 908 1894 965 reverentiam

297 995 604 1067 potuit,qui
631 995 946 1050 universum
967 993 1224 1066 populum
1252 995 1496 1052 virorum
1517 1011 1584 1052 ac
1605 998 1894 1055 mulierum

297 1104 421 1143 cum
457 1088 674 1160 hymnis
699 1096 754 1142 et
778 1086 1449 1144 laudibus-occurrentem
1489 1089 1620 1153 sibi.
1663 1092 1794 1147 dum
1825 1093 1896 1147 ab

295 1181 494 1236 exsilio
527 1187 924 1245 reverteretur,
975 1179 1214 1236 invenit?
1240 1180 1340 1236 Cui
1387 1181 1556 1237 etiam
1604 1180 1735 1238 illud
1787 1183 1898 1239 sin-

296 1273 485 1344 gulare
507 1271 710 1327 Christi
749 1272 1082 1341 prmcouium
1132 1288 1236 1328 non
1263 1274 1705 1346 praesumptionis
1739 1276 1891 1340 vitio,

294 1363 392 1416 sed
449 1361 620 1416 nimio
649 1361 955 1416 devotionis
1007 1361 1278 1418 desiderio
1322 1366 1690 1420 cantabatur:
1735 1385 1754 1418 ι
1795 1365 1898 1423 Be-

296 1452 564 1518 nedictus,
592 1451 767 1520 aiunt,
797 1453 891 1522 qui
917 1453 1067 1508 venit
1093 1453 1148 1508 in
1185 1454 1407 1511 nomine
1435 1455 1646 1511 Domini
1673 1455 1892 1527 (Matth.

300 1545 486 1612 xxtn).
520 1562 542 1596 ι
573 1543 657 1598 An
688 1550 746 1598 et
777 1543 1027 1600 Andreas
1065 1545 1344 1615 apostolus
1396 1545 1582 1618 populi
1631 1547 1896 1619 obsequio

299 1641 544 1697 caruisse
568 1641 874 1697 credendus
921 1649 1024 1708 est,
1059 1656 1222 1712 quem
1256 1641 1314 1698 in
1360 1656 1524 1698 cruce
1565 1643 1893 1714 pendentem

294 1733 422 1788 dum
453 1731 676 1788 Achaici
705 1731 1170 1788 tumultuarentur
1214 1732 1444 1802 eripere,
1477 1732 1653 1802 ipsum
1679 1748 1896 1804 quoque

1996 552 2243 609 habeatis
2281 552 2402 609 illos
2452 554 2506 608 in
2547 553 2815 609 cbaritate
2863 563 3086 625 propter
3111 568 3247 624 opus
3293 552 3507 610 illorum
3532 555 3583 624 (f

1998 642 2180 699 Tlms.
2207 643 2284 716 v).
2310 661 2330 698 ι
2356 643 2495 699 Hinc
2520 651 2624 710 est,
2649 645 2795 714 quod
2826 643 2892 698 de
2908 642 3278 714 Epaphrodito
3297 645 3363 699 ad
3380 643 3586 713 Philip-

1994 748 2191 803 penses
2235 733 2414 790 dicit:
2462 752 2481 787 ι
2512 731 2778 806 Excipite,
2820 732 3212 804 inquit,.illum
3257 747 3381 789 cum
3431 735 3580 790 omni

1995 826 2193 898 gaudio
2212 827 2266 883 in
2290 826 2554 893 Domino;
2582 836 2639 882 et
2662 825 2925 895 ejusmodi
2951 841 3074 881 cum
3099 825 3305 882 honore
3324 826 3581 882 habetote

1996 915 2225 989 (Philip.
2261 916 2351 985 ιι).
2380 933 2401 969 ι
2439 916 2496 972 Si
2520 931 2652 990 ergo
2681 914 2972 986 Apostolus
2996 916 3359 972 reverentiam
3374 915 3586 987 fugien-

1994 1008 2120 1064 dam
2148 1008 2374 1064 omnino
2419 1008 2764 1074 decerneret,
2788 1007 2916 1062 dum
2944 1006 3284 1064 auditoribus
3309 1009 3576 1080 praecipit.

1993 1109 2054 1154 ut
2083 1099 2292 1156 doctori
2321 1113 2421 1156 suo
2447 1099 2712 1156 honorem
2743 1095 3059 1164 exhibeant,
3097 1099 3286 1154 suadet
3317 1098 3584 1168 profecto.

1994 1199 2054 1245 ut
2085 1205 2209 1245 cum
2236 1190 2305 1246 de
2333 1190 2448 1246 suis
2484 1189 2682 1245 finibus
2725 1189 2933 1245 honore
2979 1197 3374 1259 prosequentes
3398 1190 3581 1260 expel-

1996 1280 2129 1336 lant.
2163 1280 2268 1336 Sed
2298 1281 2403 1336 hoc
2437 1293 2660 1335 monere
2698 1279 2912 1334 videtur
2947 1279 3273 1350 praedicator
3301 1279 3578 1350 egregius.

1995 1379 2057 1426 ut
2101 1371 2372 1436 discretus
2418 1371 2504 1424 vir
2535 1379 2592 1425 et
2635 1371 2897 1426 honorem
2937 1369 3040 1425 sibi
3069 1368 3310 1426 delatum
3339 1369 3583 1425 exterius

1994 1477 2096 1535 pro
2127 1462 2356 1518 fratrum
2387 1461 2619 1518 utilitate
2647 1461 2932 1530 suscipiat,
2953 1469 3013 1516 et
3037 1461 3288 1516 eumdem
3317 1461 3580 1517 honorent

1995 1556 2324 1613 intrinsecus
2350 1570 2452 1627 pro
2478 1569 2576 1610 sua
2613 1553 2922 1610 humilitate
2946 1560 3286 1618 contemnat,
3316 1562 3583 1621 quatenus

1996 1647 2240 1717 undique
2267 1647 2697 1714 circumspectus
2723 1645 2802 1701 sic
2842 1643 3058 1700 illorum
3088 1642 3248 1698 saluti
3279 1644 3580 1713 provideat.

1993 1747 2054 1790 ut
2084 1737 2199 1806 ipse
2231 1748 2410 1792 tamen
2440 1734 2692 1792 elationis
2727 1735 2864 1791 vitio
2891 1750 2999 1790 non
3027 1737 3366 1791 succumbat.
3396 1733 3582 1804 Neque

296 1824 592 1896 provincia:
643 1823 933 1894 praesidem
980 1823 1296 1879 comminati
1329 1834 1458 1880 sunt
1489 1825 1801 1881 trucidare?
1826 1827 1895 1881 Et
1927 1815 1970 1874 Β
1997 1831 2162 1894 enim,
2195 1845 2256 1884 ut
2285 1845 2383 1885 nos
2404 1829 2686 1884 valeamus
2716 1828 2785 1883 ab
2814 1828 3120 1899 huiusmodi
3156 1828 3287 1882 vitio
3311 1826 3582 1883 cautiores

295 1926 353 1970 ut
380 1931 448 1971 ex
480 1916 595 1985 ipso
620 1909 949 1971 sanctorum’
965 1916 1209 1971 omnium
1231 1916 1410 1988 capite
1429 1916 1680 1989 allegatio
1705 1931 1892 1974 nostra

297 2006 515 2061 firmius
561 2006 891 2071 roboretur,
947 2007 1368 2078 Redemptorem
1424 2018 1669 2064 nostrum
1719 2009 1890 2066 Judzei

297 2113 483 2168 regem
525 2097 818 2154 voluerunt
863 2089 1217 2164 constituere,
1267 2100 1374 2156 nisi
1425 2099 1514 2156 ille
1562 2102 1762 2158 montis
1795 2117 1892 2157 au-

295 2193 505 2266 fugium
553 2197 798 2266 petiisset
837 2196 1022 2260 (Joan.
1077 2197 1176 2266 vt).

362 2283 426 2340 Si
457 2299 590 2356 ergo
631 2285 901 2340 mediator
948 2285 1044 2341 Dei
1093 2294 1150 2341 et
1202 2285 1480 2341 hominum
1522 2287 1588 2341 ad
1630 2286 1891 2343 exhiben-

293 2376 423 2429 dum
457 2374 625 2430 solius
660 2375 982 2432 humilitatis
1027 2375 1336 2446 exemplum
1369 2377 1448 2433 sic
1480 2378 1759 2433 hominum
1798 2394 1889 2433 re-

294 2466 598 2522 verentiam
637 2466 900 2524 voluisset
943 2467 1216 2536 abjicere,
1246 2476 1306 2522 ut
1352 2483 1454 2524 nec
1508 2468 1889 2526 miraculorum

292 2559 528 2614 virtutes
559 2561 908 2626 ostenderet,
938 2574 1114 2630 neque
1146 2560 1548 2630 praedicationis
1572 2561 1735 2617 verba
1766 2576 1891 2632 pro-

293 2647 491 2715 ferret,
531 2650 766 2704 humano
813 2651 1020 2720 generi,
1073 2651 1128 2705 in
1175 2651 1417 2722 peccatis
1462 2660 1698 2716 mortuo,
1735 2651 1888 2720 quid,

293 2761 471 2818 rogo,
525 2747 759 2811 salutis,
811 2747 941 2816 quid
988 2746 1242 2802 utilitatis
1290 2747 1446 2817 161
1511 2746 1892 2814 impenderet?

294 2836 405 2890 Sed
436 2837 643 2892 idcirco
666 2837 836 2892 voluit
863 2837 1192 2894 reverendus
1214 2846 1269 2893 et
1314 2837 1580 2891 mirabilis
1605 2852 1886 2908 apparere,

293 2936 353 2978 ut
414 2926 729 2980 mirantium
781 2928 848 2982 ad
879 2942 937 2982 se
984 2927 1150 2983 corda
1189 2936 1552 2990 converteret,
1589 2926 1890 2984 conversos

293 3026 482 3074 autem
508 3034 604 3088 per
639 3019 805 3085 viam,
833 3034 938 3089 qua
971 3019 1340 3089 gradiebatur,
1371 3019 1439 3074 ad
1465 3019 1698 3088 patriam
1727 3027 1900 3074 revo-‘

294 3120 472 3164 caret.
509 3109 625 3165 Cur
674 3123 802 3180 ergo
840 3124 1169 3181 magnopere
1206 3109 1466 3164 timemus
1493 3109 1773 3164 hominum
1801 3125 1888 3165 re-

293 3202 627 3266 verentiam,
658 3217 763 3272 qua
809 3212 866 3257 et
913 3211 1098 3258 nostra
1147 3216 1268 3258 sese
1322 3202 1497 3256 virtus
1517 3209 1796 3266 exerceat,
1831 3209 1890 3257 et

294 3291 685 3347 exhibentium
713 3293 983 3349 devotioni
1016 3291 1224 3349 fructus
1249 3300 1528 3348 accrescat
1546 3292 1712 3359 ?Quae
1737 3292 1891 3348 vide-

294 3380 432 3437 licet
452 3382 499 3436 si
528 3383 744 3452 quando
766 3392 893 3437 ante
915 3383 1111 3437 mentis
1133 3391 1330 3437 nostra}
1349 3381 1571 3450 januam
1598 3397 1751 3436 vana:
1779 3381 1892 3453 glo-

299 3474 402 3529 rize
438 3481 604 3528 vento
637 3474 1067 3538 submurmurat,
1099 3483 1312 3529 scutum
1340 3473 1588 3545 protinus
1616 3473 1892 3528 humilita-

297 3565 368 3621 tis
425 3565 766 3634 opponitur:
797 3573 988 3635 etquo
1030 3565 1319 3620 violentior
1361 3567 1502 3620 ictus
1551 3563 1889 3634 impingitur,

290 3669 360 3710 eo
411 3657 574 3712 nobis
629 3655 972 3727 locupletius,
1025 3666 1245 3725 peracta
1297 3656 1546 3720 victoria,
1611 3655 1889 3724 praemium

295 3747 636 3802 cumulatur.
658 3747 831 3804 Porro
865 3756 1047 3802 autem
1079 3747 1181 3802 nisi
1215 3745 1396 3816 aliquo
1430 3745 1591 3801 modo
1613 3744 1894 3799 venerabi-

295 3837 363 3892 lis
417 3839 766 3895 auditoribus
813 3853 1046 3909 persona
1094 3839 1440 3908 praedicantis
1471 3847 1748 3909 appareat,
1784 3852 1891 3891 non

296 3929 580 3986 admissus
628 3930 1030 4000 praedicationis
1057 3944 1239 3986 sermo
1263 3929 1403 3999 apud
1430 3942 1616 3984 eorum
1649 3929 1890 3982 animum

303 4039 415 4078 non
449 4024 685 4078 laborat.
719 4023 854 4078 Nam
902 4024 948 4078 si
988 4023 1258 4094 loquentis
1303 4035 1535 4094 persona
1571 4020 1889 4090 despicitur,

299 4125 478 4171 restat
523 4125 583 4170 ut
633 4118 749 4186 ipsa
797 4115 998 4172 locutio
1046 4116 1188 4186 apud
1221 4114 1508 4170 audientes
1543 4112 1893 4183 despicabilis

286 4204 598 4271 judicetur.
631 4204 818 4276 Neque
859 4205 1004 4260 enim
1055 4203 1301 4259 laborare
1347 4203 1489 4273 apud
1540 4217 1636 4257 eos
1680 4210 1896 4271 poterat

294 4294 531 4361 Paulus,
552 4297 644 4367 qui
679 4312 806 4351 eum
835 4296 1230 4367 despiciebant,
1253 4295 1534 4351 dicentes:
1563 4313 1582 4346 ι
1616 4293 1892 4364 Epistolae,

295 4388 585 4458 inquiunt,
616 4401 810 4458 graves
859 4394 1007 4450 sunt,
1039 4395 1092 4440 et
1137 4385 1340 4450 fortes,
1374 4384 1664 4455 praesentia
1711 4391 1891 4438 autem

292 4480 556 4549 corporis
570 4478 808 4544 infirma,
822 4489 877 4533 et
896 4492 1077 4533 sermo
1091 4475 1513 4547 contemptibilis
1532 4474 1618 4547 (11
1636 4473 1760 4530 Cor.
1774 4475 1851 4546 x).
1865 4492 1885 4527 ι

292 4573 464 4640 Apud
509 4586 606 4626 eos
634 4582 815 4628 autem
855 4572 1081 4627 multum
1118 4571 1442 4642 profecerat,
1466 4571 1665 4640 quibus
1689 4571 1895 4642 gratias

294 4663 597 4718 referendo
629 4663 846 4718 dicebat
875 4679 888 4715 :
928 4681 947 4714 ι
997 4661 1150 4717 Sicut
1183 4662 1434 4732 angelum
1464 4662 1558 4717 Dei
1610 4661 1900 4731 excepistis

293 4769 424 4818 me;
463 4753 836 4808 testiinonium
875 4753 1021 4808 enim
1047 4753 1200 4808 vobis
1227 4753 1505 4824 perhibeo,
1534 4753 1660 4823 Quia
1693 4753 1738 4807 si
1784 4751 1900 4807 fieri

289 4854 530 4913 posset,
560 4846 750 4900 oculos
791 4852 1002 4900 vestros
1044 4844 1328 4900 eruissetis
1360 4853 1416 4899 et
1442 4843 1730 4899 dedissetis
1767 4843 1897 4898 mihi

292 4933 454 5001 (Gal.
494 4935 592 5004 tv).
616 4953 634 4986 ι
667 4935 913 5005 Nunquid
940 4934 1230 5004 Apostolus
1255 4935 1530 5003 despectui
1559 4933 1774 4989 volebat
1797 4933 1895 4988 ba-

288 5026 447 5087 beri,
496 5025 639 5079 unde
683 5025 1080 5095 conqueritur?
1107 5023 1360 5094 Nunquid
1396 5023 1700 5080 sedulitatis
1735 5023 1896 5077 obse-

285 5118 499 5186 quium
529 5116 837 5181 devitabat,
871 5117 1014 5171 unde
1058 5116 1430 5186 gratificatur?
1469 5115 1573 5171 Sed
1605 5123 1898 5184 utrumque

289 5222 409 5260 non
463 5215 688 5276 propter
714 5221 793 5260 se.
822 5205 938 5261 Non
962 5205 1107 5260 enim
1134 5206 1418 5275 quaerebat
1444 5220 1564 5274 qua:
1593 5219 1688 5259 sua
1715 5214 1896 5268 erant,

289 5295 394 5349 sed
441 5308 568 5363 qua:
593 5294 838 5350 alterius.
871 5295 1076 5350 Idcirco
1106 5310 1297 5365 nempe
1329 5293 1541 5348 volebat
1568 5309 1597 5348 a
1627 5293 1904 5364 discipulis

284 5386 437 5452 coli,
468 5395 534 5442 ut
571 5397 778 5443 attente
805 5389 969 5443 etiam
1001 5397 1184 5458 posset
1206 5386 1380 5442 audiri
1410 5401 1425 5440 :
1457 5386 1660 5441 idcirco
1687 5401 1900 5468 recusa-

285 5479 392 5533 bat
429 5478 510 5532 ab
532 5479 869 5534 auditoribus
891 5478 1136 5549 despici,
1160 5478 1298 5548 quia.
1327 5477 1603 5532 metuebat
1643 5477 1803 5531 simul
1845 5484 1900 5531 et

284 5583 623 5624 sermonem
660 5571 932 5626 contemni
1004 5572 1139 5627 llinc
1172 5578 1254 5625 cst
1283 5571 1426 5624 enim
1447 5611 1463 5634 ,
1492 5569 1637 5639 quod
1666 5567 1899 5623 Thessa-

285 5660 682 5715 lomcensibus
727 5661 844 5715 ait:
886 5679 906 5712 ι
936 5661 1208 5731 Rogamus
1259 5669 1436 5714 autem
1500 5675 1631 5724 vos,
1679 5658 1898 5721 fratres,

286 5765 431 5806 eum
491 5751 748 5808 noveritis
774 5765 887 5816 eos,
913 5751 1004 5820 qui
1050 5749 1297 5806 laborant
1329 5751 1380 5804 in
1407 5765 1522 5811 vos.
1565 5759 1619 5804 et
1660 5755 1900 5819 pnesunt

1996 1923 2260 1990 existere,
2289 1922 2496 1977 idcirco
2519 1921 2780 1976 debemus
2811 1919 3069 1975 fratribus
3095 1920 3295 1974 nostris
3326 1918 3582 1988 pmdica-

1997 2013 2160 2068 tionis
2188 2012 2447 2067 auxilium
2470 2011 2762 2082 denegare,
2789 2026 2910 2066 cum
2927 2009 3134 2082 Moyses
3161 2010 3304 2065 dicat
3330 2027 3345 2064 :
3368 2028 3386 2061 ι
3413 2009 3582 2065 Obsc-

1993 2122 2111 2171 cro,
2171 2106 2418 2170 Domine,
2454 2104 2703 2174 peccavit
2751 2103 2982 2174 populus
3026 2103 3128 2157 iste
3157 2112 3439 2171 peceatum
3467 2117 3581 2155 ma-

1993 2213 2180 2270 gnum,
2203 2194 2569 2251 feceruntsibi
2592 2195 2723 2250 deos
2748 2208 2972 2259 aureos;
2998 2201 3091 2247 aut
3110 2192 3322 2247 dimitte
3345 2193 3578 2247 eisbane

1993 2304 2212 2351 noxam,
2249 2295 2368 2351 aut,
2413 2287 2460 2341 si
2507 2301 2614 2342 non
2659 2283 2856 2350 facias,
2898 2284 3018 2340 dele
3055 2298 3143 2339 me
3190 2285 3256 2338 de
3297 2282 3437 2338 libro
3492 2294 3583 2337 tuo

1994 2395 2156 2450 quem
2181 2379 2444 2450 scripsisti
2497 2375 2696 2449 (Exod.
2727 2379 2921 2447 χχχιι).
2956 2395 2974 2428 ι
3009 2375 3122 2443 Qua
3144 2382 3274 2446 ergo
3302 2375 3582 2430 conscien-

1991 2475 2066 2527 tia
2115 2485 2400 2540 possumus
2427 2469 2638 2540 privato
2674 2469 2851 2523 amori
2900 2466 3126 2520 fratrum
3177 2465 3327 2520 lucra
3358 2473 3580 2536 postpo-

1993 2577 2148 2627 nere,
2189 2578 2312 2616 cum
2342 2561 2445 2617 iste
2497 2577 2606 2614 non
2639 2559 2850 2615 dubitet
2879 2574 2974 2628 pro
3003 2557 3176 2614 salute
3203 2558 3578 2628 proximorum

1992 2654 2058 2707 de
2089 2652 2227 2707 libro
2257 2651 2455 2706 divina:
2482 2651 2758 2705 memoria:
2791 2649 3037 2704 funditus
3065 2649 3350 2719 deperire?
3370 2649 3576 2703 Dehinc

1991 2744 2156 2799 etiam
2206 2741 2406 2797 Paulus
2449 2741 2617 2796 dicit:
2653 2758 2673 2792 ι
2711 2739 2974 2811 Optabam
3014 2754 3113 2811 ego
3141 2739 3258 2809 ipse
3286 2740 3578 2794 anathema

1993 2853 2115 2895 esse
2145 2854 2174 2892 a
2203 2836 2422 2893 Christo
2450 2851 2550 2906 pro
2574 2834 2834 2890 fratribus
2862 2835 3019 2899 meis,
3055 2835 3146 2904 qui
3189 2843 3318 2889 sunt
3353 2835 3571 2904 cognati

1991 2930 2098 2985 mei
2139 2930 2439 2984 secundum
2477 2939 2716 2989 carnem,
2765 2924 2859 2994 qui
2900 2932 3028 2979 sunt
3079 2923 3338 2979 lsraelitte
3380 2922 3572 2994 (Rom.

2003 3024 2100 3096 ιι).
2137 3042 2156 3075 ι
2187 3022 2322 3078 Cum
2365 3021 2531 3092 igitur
2552 3021 2724 3075 sancti
2748 3018 2870 3084 viri,
2902 3027 2962 3072 ut
2990 3017 3248 3072 fratribus
3270 3015 3577 3080 consulant,

1992 3116 2153 3171 etiam
2179 3115 2480 3170 animarum
2510 3127 2728 3167 suarum
2748 3111 3045 3181 periculum
3075 3109 3260 3166 subire
3287 3108 3444 3179 162
3472 3122 3579 3161 non

1995 3213 2263 3271 metuunt,
2297 3203 2426 3274 quid
2479 3203 2624 3257 aliud
2660 3202 2887 3267 faciunt,
2918 3217 3081 3272 quam
3134 3203 3441 3270 exemplum
3491 3201 3576 3254 sui

1993 3298 2186 3367 capitis
2233 3296 2550 3351 imitantur?
2590 3293 2692 3362 Qui
2722 3295 2968 3349 videlicet
3001 3309 3095 3363 pro
3119 3293 3312 3348 ovibus
3339 3292 3576 3346 animam

1999 3397 2148 3438 suam
2172 3385 2350 3454 posuit
2376 3384 2555 3448 (Joan.
2580 3385 2662 3449 x),
2701 3391 2774 3445 et,
2805 3391 2864 3437 ut
2888 3398 2989 3436 nos
3010 3397 3037 3435 a
3063 3391 3236 3437 morte
3261 3383 3577 3446 redimeret,

2001 3475 2193 3528 mortis
2224 3473 2462 3540 peiferre
2499 3473 2764 3542 supplicia
2800 3489 2905 3526 non
2944 3460 3183 3541 expavit.
3221 3470 3379 3525 Absit
3414 3486 3568 3543 ergo,

1998 3577 2059 3623 ut
2089 3578 2314 3639 propter
2329 3563 2588 3623 honorem
2619 3566 2708 3636 qui
2732 3565 2886 3620 nobis
2919 3563 3268 3634 impenditur,
3291 3562 3580 3618 debeamus

1995 3661 2251 3714 fratribus
2303 3660 2503 3713 nostris
2554 3654 2931 3713 adificationis
2978 3653 3143 3709 verba
3200 3653 3572 3708 subtrahere:

1995 3754 2089 3808 sed
2125 3761 2346 3822 propter
2389 3763 2578 3804 eorum
2634 3747 2890 3811 salutem,
2942 3745 3118 3816 ipsum
3168 3744 3580 3813 acquiescamus

1996 3846 2258 3900 honorem
2285 3841 2664 3913 :equanimiter
2688 3838 2937 3893 tolerare.

2068 3939 2193 3995 Haec
2226 3945 2430 4000 autem,
2483 3932 2808 3989 venerabilis
2852 3932 3032 3994 Pater,
3087 3929 3340 3995 dixerim,
3391 3944 3495 3984 non
3525 3938 3578 3984 ut

1943 4064 1947 4069 τ
1996 4029 2345 4101 pertinaciter
2372 4025 2574 4097 pr0prii
2605 4023 2909 4078 intellectus
2933 4021 3218 4075 arbitrium
3250 4035 3465 4089 sequar,
3491 4029 3582 4074 aut

1997 4123 2114 4176 haec
2141 4120 2410 4174 affirmare
2439 4130 2798 4187 praesumam;
2845 4113 2940 4168 sed
2968 4121 3028 4167 ut
3058 4120 3112 4165 tu
3154 4111 3451 4190 secundum
3501 4112 3582 4164 in-

2000 4213 2216 4284 genium
2247 4209 2345 4264 tibi
2372 4208 2636 4264 divinitus
2664 4207 2873 4272 datum,
2905 4204 2988 4259 vel
3019 4203 3063 4258 si
3103 4217 3190 4258 res
3216 4203 3378 4258 aliter
3402 4203 3584 4269 habet,

1997 4305 2278 4360 insinues:
2309 4301 2395 4357 vel
2423 4316 2545 4371 qua:
2590 4299 2734 4354 dicta
2762 4305 2910 4363 sunt,
2941 4296 3262 4367 gravissima
3298 4295 3371 4350 tui
3397 4295 3585 4366 judicii

1999 4395 2324 4449 auctoritate
2353 4393 2659 4448 coulirmes.
2699 4387 2911 4453 Saluta,
2942 4403 3146 4458 quaeso,
3182 4403 3248 4441 ex
3279 4401 3399 4441 mea
3435 4397 3586 4456 parte

2001 4483 2384 4538 charissimum
2441 4479 2572 4534 mihi
2621 4487 2831 4547 patrem
2899 4487 2954 4530 et
3021 4477 3344 4547 magistrum
3406 4491 3586 4530 meum

2003 4573 2358 4629 Mainfrenum
2389 4570 2765 4640 presbyterum
2785 4608 2801 4634 ,
2825 4567 3323 4622 etdilectissimum
3356 4564 3584 4619 fratrem

2001 4681 2178 4720 meum
2208 4663 2508 4719 Gcrardum
2539 4662 2605 4715 de
2636 4660 2851 4714 Blanca.
2881 4658 3089 4714 Reddat
3113 4657 3219 4712 illis
3244 4657 3585 4724 omnipotens

2005 4755 2144 4810 Deus
2191 4752 2373 4807 omnia
2425 4752 2564 4806 bona
2617 4764 2737 4820 qua:
2777 4748 2908 4803 mihi
2955 4746 3204 4803 fecerunt
3252 4761 3350 4815 pro
3399 4760 3585 4800 amore

2002 4847 2137 4918 ejus.

2538 4953 2868 5010 EPISTOLA
2916 4953 3050 5007 Xlll.

2310 5065 2374 5105 AD
2401 5063 2736 5105 CAPELLANOS
2759 5062 3081 5102 GOTHIFREDI
3108 5060 3280 5099 θυαε.

2003 5171 2400 5224 Αιιθυιιεθιιυιι.
2435 5195 2497 5205 -
2539 5163 2786 5218 Defendit
2815 5177 2871 5214 se
2901 5177 2931 5214 a
2969 5158 3234 5214 calumnia
3281 5156 3584 5227 eapellano-

2082 5257 2199 5294 rum
2227 5235 2524 5291 Gothifreli
2549 5231 2829 5300 duris,qui
2858 5231 3004 5284 illum
3035 5229 3276 5300 avaritia:
3305 5227 3583 5300 laxabant,

2077 5309 2388 5363 eorumdem
2437 5317 2652 5372 quoque
2706 5298 2858 5372 duas
2892 5299 3242 5372 pravissituas
3300 5298 3585 5366 opiniones

2080 5377 2378 5447 redarguit.
2397 5370 2751 5447 Afﬁrmabant
2776 5370 2918 5425 enim
2939 5370 3167 5425 clericos
3195 5384 3355 5447 posse
3387 5383 3587 5422 uxores

2077 5441 2297 5502 ducere.
2326 5445 2448 5498 Illos
2470 5444 2558 5512 qui
2584 5442 2947 5512 episcopatus,
2966 5450 3024 5495 et
3045 5441 3348 5496 sacerdotia
3383 5454 3588 5512 merca-

2077 5527 2286 5579 rentur,
2309 5510 2599 5568 dummodo
2643 5511 3039 5581 impositioncm
3075 5526 3268 5565 manus
3293 5510 3465 5578 gratis
3494 5524 3585 5562 ac-

2079 5589 2337 5656 riperent,
2381 5583 2717 5638 Simoniacos
2746 5597 2852 5637 non
2879 5596 3018 5656 esse.
3077 5581 3248 5649 Quam
3306 5591 3586 5647 utramque

2078 5653 2326 5711 inercsim
2356 5670 2474 5710 esse
2495 5693 2510 5717 ,
2536 5663 2718 5724 aperte
2743 5653 2995 5707 ostendit.

2083 5747 2303 5804 Dilectis
2358 5747 2410 5802 in
2462 5745 2679 5802 Christo
2737 5744 2996 5800 fratribus
3053 5742 3342 5815 Capellanis
3398 5736 3554 5794 Gothi
