4024 6198
251 324 347 381 361

1451 315 1672 376 LIBER
1714 307 2065 385 QUINTUS,
2110 306 2344 367 EPIST.
2389 304 2548 367 XIII.

3648 322 3751 381 3b?

245 450 515 521 querunt.
560 441 723 512 Quod
763 442 809 499 si
851 447 976 515 post
1007 440 1427 498 ordinationem
1472 439 1736 515 ministro
1774 435 2223 499 conti-Acatur,
2256 430 2564 489 utnulluni
2591 432 2772 492 facere.
2792 435 3212 497 subdiaconum
3234 446 3610 513 praesumant,
3636 445 3749 502 nisi

247 535 391 609 gerit
421 532 666 607 propriae
697 530 915 588 nudare
953 529 1143 589 cubile
1181 531 1403 599 uxoris,
1451 528 1684 587 sacrarii
1716 542 1835 584 non
1864 526 1958 584 in-

251 628 357 679 tret
411 620 637 691 limina,
704 633 809 675 nec
878 617 1112 676 sacrarii
1163 617 1403 691 portitor
1456 616 1573 685 fiat,
1629 631 1734 673 nec
1785 614 1962 671 altare

249 710 564 783 contingat,
598 724 699 765 nec
735 707 808 765 ab
844 708 1219 765 offerentibus
1259 706 1574 765 holocausti
1610 704 1962 764 oblationem

250 800 548 874 suscipiat,
578 814 683 858 nec
720 798 793 856 ad
834 797 1117 856 Dominici
1149 798 1399 870 corporis
1436 797 1760 871 portionem
1800 809 1960 852 acce—

252 892 369 948 dat.
415 893 645 964 Aquam
677 889 1036 946 sacerdotum
1068 888 1318 960 porrigat
1358 885 1646 956 manibus,
1688 884 1832 942 ostia
1880 884 1965 941 fo-

255 979 519 1037 rinsecus
548 976 797 1044 claudat,
837 976 1064 1034 minora
1102 982 1259 1049 gerat
1298 976 1504 1048 officia,
1552 988 1789 1032 urceum
1830 987 1968 1030 sane

252 1067 323 1126 ad
353 1066 664 1126 salutarem
695 1065 929 1123 calicem
951 1081 1068 1123 non
1098 1072 1383 1139 suggerat.
1430 1089 1455 1116 υ
1507 1063 1577 1121 Et
1602 1063 1776 1137 paulo
1799 1069 1925 1136 post
1951 1081 1963 1120 :

256 1180 285 1212 α
324 1157 584 1216 Clericus
617 1171 754 1213 vero
787 1155 948 1214 solus
986 1153 1057 1213 ad
1096 1154 1330 1212 feminze
1369 1150 1808 1212 tabernaculum
1846 1168 1964 1210 non

253 1245 503 1315 accedat,
534 1259 642 1302 nec
670 1250 934 1317 properet
962 1242 1089 1301 sine
1114 1242 1348 1316 majoris
1380 1249 1519 1299 natu
1548 1240 1829 1313 principis
1849 1240 1968 1312 jus-

254 1336 455 1393 sione:
484 1349 590 1392 nec
624 1333 922 1407 presbyter
961 1330 1122 1390 solus
1159 1347 1292 1389 cum
1329 1330 1450 1389 sola
1488 1330 1706 1388 femina
1745 1328 1969 1386 fabulas

254 1423 514 1491 misceat,
536 1437 642 1480 nec
660 1419 1120 1489 archidiaconus,
1135 1428 1233 1479 aut
1251 1419 1530 1478 diaconus
1550 1419 1657 1477 sub
1678 1422 1967 1492 praetextu

253 1510 605 1570 humilitatis
643 1518 698 1567 et
746 1508 921 1568 ofﬁcii
964 1509 1287 1583 frequentet
1337 1508 1627 1568 domicilia
1674 1517 1968 1567 matrona-

254 1605 537 1659 rum:aut
561 1598 705 1657 forte
733 1613 834 1672 per
855 1597 1109 1666 clericos,
1141 1605 1242 1655 aut
1274 1613 1373 1670 per
1400 1597 1741 1656 domesticos
1765 1603 1970 1653 matre.

257 1704 352 1747 nae
376 1686 650 1746 mandent
668 1694 952 1744 secretum
974 1684 1216 1759 aliquid.
1235 1683 1296 1743 Si
1309 1684 1571 1757 agnitum
1588 1683 1782 1753 fuerit,
1797 1691 1851 1741 et
1866 1683 1965 1740 ille

2043 520 2145 594 qui
2175 536 2235 577 se
2262 528 2413 577 caste
2446 521 2731 580 victurum
2772 526 3134 599 promiserit;
3177 540 3464 603 quatenus
3502 542 3555 590 et
3601 549 3751 607 prte-

2046 609 2227 677 terita,
2260 624 2391 683 quze
2418 626 2517 683 per
2547 614 2903 687 propositum
2933 617 3144 676 mentis
3167 623 3414 693 appetita
3447 638 3561 680 non
3592 632 3752 695 sunt,

2044 698 2326 755 violenter
2356 713 2468 755 non
2515 700 2841 773 exigantur,
2882 711 2937 762 et
2980 706 3177 765 futura
3214 716 3378 768 caute
3413 716 3747 771 caveantur.

2047 788 2157 856 Qui
2210 803 2346 846 vero
2402 797 2526 862 post
2592 792 2855 851 eamdem
2908 797 3380 870 prohibitionem,
3433 817 3566 874 quae
3619 810 3754 862 ante

2048 877 2367 967 triennium
2400 879 2544 937 facta
2571 887 2673 950 est,
2705 885 3066 944 continenter
3095 904 3228 946 cum
3255 891 3379 950 suis
3407 892 3755 967 conjugibus

2050 966 2341 1039 vixerant,
2386 968 2681 1035 laudandi,
2722 979 2897 1047 atque
2940 981 3352 1038 remunerandi
3392 987 3530 1040 sunt
3556 1003 3568 1042 :
3594 966 3654 1041 et
3689 991 3756 1044 ut

2051 1055 2111 1111 in
2144 1056 2295 1114 bono
2324 1073 2428 1115 suo
2455 1072 2848 1132 permaneant,
2876 1066 3245 1127 exhortandi.
3271 1069 3381 1129 Eos
3408 1079 3626 1145 autem,
3653 1073 3756 1146 qui

2050 1152 2173 1219 post
2214 1147 2662 1218 prohibitionem
2698 1151 2904 1211 factam
2935 1171 2996 1213 se
3025 1172 3058 1213 a
3090 1158 3213 1215 suis
3245 1160 3531 1219 uxoribus
3568 1163 3753 1221 conti-

2050 1253 2188 1295 nere
2218 1240 2552 1310 noluerunt,
2586 1245 2887 1314 pervenire
2912 1245 2981 1303 ad
3009 1263 3237 1307 sacrum
3272 1251 3537 1310 ordinem
3579 1254 3755 1313 nolu-

2024 1340 2213 1395 .mus;
2241 1327 2377 1399 quia
2414 1328 2615 1387 nullus
2641 1330 2809 1390 debet
2835 1333 2905 1391 ad
2939 1334 3328 1396 ministerium
3358 1339 3556 1400 altaris
3591 1356 3756 1400 acce-

2024 1413 2205 1482 dere,
2239 1414 2353 1472 nisi
2387 1416 2554 1489 cujus
2585 1419 2814 1478 castitas
2840 1429 2972 1479 ante
3001 1434 3331 1500 susceptum
3364 1429 3755 1489 ministerium

2051 1504 2227 1595 fuerit
2281 1504 2535 1595 probata.
2596 1506 2743 1567 Item
2814 1518 2868 1567 et
2936 1512 3233 1574 decretum
3304 1517 3519 1577 Leonis
3592 1536 3756 1595 papae

2053 1593 2230 1663 (epist.
2289 1591 2379 1657 8'2,
2435 1591 2556 1668 cap.
2616 1596 2667 1667 4,
2726 1598 2801 1653 ad
2852 1601 3115 1659 Anastas.
3186 1608 3498 1680 Thessal.):
3543 1591 3758 1668 {Nam

2052 1690 2187 1737 cum
2231 1686 2395 1771 extra
2442 1682 2781 1743 clericorum
2835 1687 3101 1748 ordinem
3155 1695 3482 1755 constitutis
3526 1698 3759 1771 nuptia-

256 1780 604 1852 deponatur,
644 1780 700 1835 et
738 1778 839 1835 illa
887 1794 920 1835 a
961 1776 1269 1835 liminibus
1302 1774 1564 1835 arceatur
1603 1775 1845 1834 Ecclesia

2170 1785 2188 1825 ι
2239 1769 2514 1841 societati,
2563 1777 3055 1855 etprocreationi
3094 1778 3354 1839 filiorum
3410 1769 3640 1845 studere
3685 1789 3759 1846 sit

256 1867 327 1924 In
354 1867 595 1925 Niczeno
623 1866 796 1924 etiam
835 1864 1081 1924 concilio
1115 1864 1365 1924 dicitur:
1399 1888 1420 1914 ι
1456 1862 1725 1938 Innuptis
1754 1872 1969 1936 autem,

257 1959 363 2033 qui
398 1959 471 2016 ad
509 1959 728 2016 clerum
771 1957 1022 2031 provecti
1057 1961 1213 2027 sunt,
1250 1956 1622 2030 praecipimus
1661 1963 1745 2026 ut,
1787 1955 1836 2013 si
1872 1971 1974 2014 vo-

260 2047 495 2116 luerint,
538 2062 753 2105 uxores
798 2045 1100 2119 accipiant,
1153 2045 1249 2102 sed
1310 2044 1548 2103 lectores
1591 2052 1975 2119 cantoresque

266 2132 687 2194 tantummodo.
740 2155 767 2187 ι)
809 2134 897 2193 Ex
952 2134 1198 2192 concilio
1249 2149 1481 2208 quoque
1538 2130 1975 2206 Carthaginensi

264 2227 423 2293 (Can.
475 2229 652 2296 apost.
692 2222 803 2292 25;
845 2223 1211 2279 conc.-Carth.
1247 2233 1308 2291 v,
1345 2235 1467 2293 cap.
1503 2220 1596 2285 3):
1624 2242 1652 2273 «
1695 2219 1978 2277 Praeterea

262 2330 403 2372 cum
480 2312 550 2371 de
616 2312 1003 2385 quorumdam
1054 2309 1420 2380 clericorum,
1480 2308 1751 2382 quamvis
1805 2307 1976 2365 lecto-

264 2418 423 2472 rum,
484 2416 620 2474 erga
691 2414 906 2459 uxores
973 2399 1236 2474 proprias
1307 2397 1726 2459 incontinentia
1798 2399 1979 2454 refer-

268 2502 452 2562 retur,
496 2492 710 2566 placuit
747 2492 1065 2565 episcopos,
1110 2497 1163 2547 et
1198 2489 1580 2563 presbyteros,
1616 2496 1673 2545 et
1711 2487 1981 2545 diaconos

266 2580 596 2643 secundum
635 2583 860 2656 propria
900 2586 1111 2639 statuta
1153 2580 1325 2638 etiam
1367 2578 1439 2636 ab
1473 2577 1761 2636 uxoribus
1798 2574 1984 2634 conti-

270 2671 413 2733 nere
438 2698 452 2731 :
475 2673 631 2747 quod
671 2673 783 2729 nisi
827 2671 1085 2739 fecerint,
1122 2668 1194 2726 ab
1226 2667 1608 2726 ecclesiastico
1643 2682 1982 2725 removean-

270 2771 372 2821 tur
398 2761 605 2821 ot’licio.
635 2780 663 2813 ν
696 2761 838 2818 Item
870 2775 943 2816 ex
972 2758 1087 2817 alio
1116 2756 1365 2815 concilio
1394 2755 1547 2829 apud
1578 2756 1984 2828 Carthaginem

272 2853 463 2917 (Cone.
512 2851 770 2919 Carthag.
812 2860 873 2917 ll,
917 2862 1039 2920 cap.
1081 2846 1138 2916 2)
1180 2843 1456 2904 Aurelius
1496 2844 1798 2917 episcopus
1835 2844 1986 2902 inter

273 2947 488 2998 canera
542 2938 692 2996 dixit
744 2955 756 2994 :
820 2959 846 2987 α
904 2933 1129 2994 Placuit
1182 2949 1369 2992 sacros
1428 2933 1710 2990 antistites
1762 2949 1828 2991 ac
1883 2933 1985 2992 Dei

2057 1859 2325 1931 liberum,
2357 1860 2428 1917 ad
2454 1854 2846 1922 exhibendam
2875 1872 3065 1926 tamen
3093 1870 3357 1941 perfectae
3385 1874 3759 1934 continentiae

2054 1949 2385 2020 puritatem,
2420 1964 2527 2007 nec
2555 1949 2924 2012 subdiaconis
2961 1955 3198 2028 quidem
3238 1960 3600 2019 connubium
3636 1977 3762 2021 car-

2059 2036 2187 2125 nale
2216 2039 2589 2111 conceditur;
2626 2049 2771 2099 utet
2799 2044 2899 2115 qui
2936 2044 3169 2118 habent,
3197 2048 3312 2106 sint
3336 2057 3612 2125 tanquam
3648 2068 3764 2112 non
3868 2104 3887 2113 κ

2058 2124 2373 2196 habentes;
2402 2132 2457 2185 et
2483 2128 2581 2201 qui
2620 2145 2736 2188 non
2766 2131 3001 2204 habent,
3034 2144 3410 2207 permaneant
3438 2124 3764 2214 singulares

2060 2218 2110 2284 (Ι
2138 2217 2255 2273 Cor.
2287 2222 2415 2284 v11).
2448 2237 2475 2271 »
2500 2217 2662 2288 Quod
2684 2221 2733 2277 si
2759 2221 2815 2278 in
2848 2221 2955 2280 hoc
2980 2223 3206 2296 ordine,
3230 2229 3329 2300 qui
3359 2237 3602 2302 quartus
3626 2238 3712 2288 est
3730 2247 3764 2289 a

2060 2302 2259 2379 capite,
2294 2302 2539 2378 dignum
2576 2313 2661 2365 est
2690 2311 2987 2382 custodiri,
3024 2320 3241 2385 quanto
3276 2317 3461 2389 magis
3490 2334 3523 2376 a
3552 2318 3764 2391 primo,

2063 2394 2151 2451 vel
2182 2397 2455 2467 secundo,
2487 2399 2728 2458 tertiove
2756 2402 3107 2461 servandum
3136 2412 3219 2463 est
3240 2429 3255 2475 ;
3284 2422 3357 2464 ne
3382 2415 3487 2469 aut
3510 2409 3765 2482 levitico,

2065 2490 2168 2541 aut
2216 2485 2591 2559 presbyterali
2632 2487 2867 2560 honore,
2925 2499 3027 2551 aut
3073 2493 3383 2569 episcopali
3426 2495 3771 2557 excellentia

2067 2571 2316 2647 quisque
2346 2574 2592 2634 idoneus
2625 2577 2964 2651 asstimetur,
3004 2581 3107 2654 qui
3138 2598 3197 2641 se
3225 2600 3260 2641 a
3297 2583 3589 2659 voluptate
3618 2602 3770 2646 uxo-

2069 2662 2155 2718 ria
2200 2662 2449 2720 necdum
2491 2663 2746 2725 frenasse
2781 2667 3101 2742 detegitur?
3129 2671 3271 2731 Item
3310 2690 3455 2748 papa
3497 2674 3772 2736 Silvester

2068 2752 2222 2822 (Syn.
2262 2754 2414 2810 Rom.
2450 2768 2497 2810 c.
2536 2753 2625 2826 8):
2662 2781 2688 2804 «
2730 2754 2890 2814 Nulli
2933 2765 3129 2817 autem
3164 2760 3655 2824 subdiaconorum
3701 2765 3773 2823 ad

2069 2840 2298 2914 nuptias
2331 2843 2573 2899 transire
2600 2844 3018 2917 permittentes,
3049 2849 3442 2924 praecipimus,
3472 2868 3547 2911 ne
3576 2853 3775 2929 aliqua

2068 2932 2176 2989 hoc
2220 2932 2695 3006 praevaricatione
2739 2940 3196 3012 praesumpserit.
3254 2964 3280 2992 υ
3332 2941 3496 3011 Quod
3543 2944 3594 3003 si
3635 2960 3775 3003 con-

274 3029 622 3097 sacerdotes,
681 3041 909 3084 necnon
954 3032 1011 3084 et
1064 3025 1290 3095 levitas,
1345 3023 1439 3081 vel
1494 3023 1597 3095 qui
1656 3037 1985 3081 sacramen-
2071 3023 2376 3079 temnenda
2404 3028 2484 3080 tot
2510 3024 2957 3097 apostolicorum
2986 3029 3249 3088 virorum
3277 3030 3499 3090 decreta
3536 3032 3781 3094 duxeri-

274 3117 355 3174 tis
405 3115 624 3173 divinis
677 3113 1026 3183 inserviunt,
1084 3111 1445 3170 continentes
1491 3125 1614 3167 esse
1669 3110 1731 3167 in
1792 3109 2163 3195 omni-niis,
2214 3125 2279 3166 ac
2321 3125 2420 3182 per
2464 3126 2667 3169 eorum
2713 3128 2812 3170 ora
2854 3120 3129 3189 tanquam
3171 3118 3402 3179 totidem
3435 3136 3650 3195 organa
3690 3121 3781 3181 lo-

270 3205 408 3274 bus,
451 3198 594 3259 165
623 3218 738 3277 quo
768 3201 991 3275 possint
1017 3200 1375 3273 simpliciter,
1411 3199 1562 3273 quod
1594 3215 1627 3256 a
1657 3198 1772 3257 Deo
1801 3196 2048 3273 poslu-“
2074 3200 2304 3271 quantis
2343 3196 2595 3274 Spiritus
2636 3201 2817 3260 sancti
2856 3210 3065 3263 statuta
3103 3207 3452 3281 spreveritis,
3490 3223 3670 3284 quam
3713 3210 3785 3268 de

272 3293 420 3362 lant,
452 3292 794 3365 impetrare;
844 3298 909 3348 ut
952 3287 1104 3363 quod
1134 3288 1379 3363 apostoli
1407 3287 1750 3353 docuerunt,
1785 3295 1839 3345 et
1867 3287 1990 3360 ipsa
2077 3288 2237 3346 vobis
2308 3287 2509 3347 beatus
2566 3304 2710 3364 papa
2772 3291 3056 3353 Damasus
3117 3297 3466 3356 sententiam
3543 3300 3782 3374 profert,

276 3383 535 3442 servavit
578 3380 913 3456 antiquitas,
968 3396 1073 3440 nos
1110 3395 1342 3454 quoque
1388 3378 1798 3436 custodiamus.
1836 3401 1861 3428 υ
1899 3379 1987 3436 Ad
2074 3378 2318 3452 dignum
2349 3384 2434 3436 est
2458 3380 2741 3439 audiatis:
2772 3402 2800 3434 «
2828 3381 3164 3451 Violatores,
3200 3385 3413 3461 inquit,
3463 3386 3785 3448 voluntarii

280 3476 410 3533 haec
437 3473 752 3531 Faustinus
785 3472 1086 3546 episcOpus
1124 3468 1395 3529 Ecclesize
1427 3468 1723 3526 Pontianae
1754 3469 1989 3548 provin-
2075 3486 2365 3529 canonum
2405 3469 2658 3543 graviter
2695 3487 2728 3528 a
2773 3472 2983 3531 sanctis
3025 3473 3295 3534 Patribus
3327 3476 3686 3550 judicantur,
3732 3488 3789 3538 et

278 3565 390 3622 ciae
418 3560 631 3630 Piceni,
658 3559 881 3633 legatus
903 3559 1186 3619 Romanae
1214 3559 1506 3630 Ecclesiae,
1538 3558 1722 3617 dixit:
1747 3581 1774 3612 α
1803 3558 1992 3617 Placet
2077 3575 2111 3616 a
2140 3566 2334 3618 sancto
2368 3557 2586 3631 Spiritu
2623 3560 2793 3634 cujus
2821 3561 3101 3621 instinctu
3139 3580 3205 3622 ac
3249 3565 3402 3625 dono
3442 3567 3608 3627 ditati
3642 3566 3786 3625 166

281 3662 351 3712 ut
396 3652 715 3726 episc0pus,
761 3651 1059 3724 presbyter
1095 3658 1151 3708 et
1185 3650 1486 3719 diaconus,
1529 3648 1617 3706 vel
1656 3648 1760 3722 qui
1804 3666 1995 3708 sacra-
2079 3655 2234 3719 sunt,
2267 3647 2656 3720 damnantur;
2692 3672 2717 3699 ι»
2753 3650 3027 3724 quoniam
3068 3651 3470 3727 blasphemare
3501 3655 3788 3730 Spiritum

283 3748 486 3800 menta
511 3742 885 3811 contrectant,
910 3739 1204 3814 pudicitia:
1235 3738 1497 3797 custodes
1523 3737 1596 3794 ab
1625 3738 1910 3798 uxoribus
1937 3756 1997 3799 se
2080 3741 2343 3796 sanctum
2374 3752 2490 3795 non
2520 3737 2837 3812 incongrue
2864 3739 3158 3813 videntur,
3190 3744 3290 3817 qui
3317 3751 3515 3804 contra
3552 3747 3789 3806 eosdem

280 3832 634 3890 abstineant.
698 3853 717 3881 ι
772 3830 881 3887 ΑΒ
915 3829 1208 3888 universis
1265 3827 1548 3902 episcopis
1598 3826 1817 3885 dictum
1872 3835 1991 3887 est:
2082 3834 2306 3885 sanctos
2331 3842 2580 3886 canones
2604 3843 2722 3885 non
2761 3829 3095 3889 necessitate
3133 3834 3437 3909 compulsi,
3468 3836 3569 3895 sed
3599 3836 3790 3895 liben-

287 3948 318 3976 (ι
350 3918 544 3981 Placet
572 3929 636 3982 ut
663 3924 722 3981 in
751 3920 1044 3991 omnibus,
1078 3927 1135 3979 et
1163 3920 1235 3979 ab
1262 3919 1540 3978 omnibus
1580 3919 1857 3991 pudicitia

2215 3922 2281 3974 ut
2306 3914 2619 3988 praefixum
2645 3924 2748 3986 est,
2784 3916 3005 3992 aliquid
3035 3927 3135 3979 aut
3162 3929 3423 3996 proterve
3447 3931 3651 3999 agunt,
3692 3931 3791 3984 aut

284 4015 589 4082 stodiatur,
623 4015 724 4088 qui
753 4013 924 4071 altari
979 4012 1260 4071 serviunt.
1299 4036 1319 4060 ιι
1360 4011 1442 4069 Ne
1477 4026 1614 4068 vero
1654 4009 1723 4066 de
1763 4011 1871 4069 sub

2201 4003 2638 4078 iiprzesumunt,
2653 4012 2755 4063 aut
2771 4006 2954 4065 facere
2975 4008 3305 4070 volentibus
3326 4019 3527 4085 sponte
3543 4028 3790 4073 consen-

285 4103 472 4173 conis,
515 4101 667 4175 quod
704 4101 995 4159 abstinere
1031 4096 1317 4174 conjugiis
1356 4097 1618 4167 debeant,
1668 4097 1788 4156 ulla
1824 4116 1874 4173 pi

2206 4098 2253 4151 t.
2286 4090 2443 4149 Talis
2473 4092 2630 4149 enim
2655 4096 3029 4169 praesumptio
3058 4100 3361 4159 manifeste
3389 4116 3582 4160 unum
3608 4117 3795 4176 genus

290 4208 595 4252 remanere
623 4192 907 4262 dubietas,
930 4190 1084 4263 idem
1112 4188 1385 4247 Aurelius
1407 4195 1532 4261 post
1560 4187 1741 4245 multa
1760 4188 2006 4261 subjun-
2089 4188 2174 4239 est
2196 4178 2721 4253 blasphemantium
2753 4180 3033 4255 Spiritum
3063 4195 3324 4246 sanctum
3350 4208 3362 4258 ;
3394 4190 3693 4263 quoniam,
3727 4199 3792 4251 ut

289 4285 379 4358 git
405 4302 417 4340 :
444 4307 469 4333 τι
514 4281 736 4341 Placuit
770 4278 923 4354 quod
952 4285 1006 4338 et
1044 4279 1102 4337 in
1145 4277 1391 4337 diversis
1419 4277 1682 4337 conciliis
1714 4277 2006 4337 firmatum
2084 4274 2204 4348 jam
2236 4272 2607 4347 praelibatum
2637 4281 2737 4343 est,
2780 4283 2977 4334 contra
3009 4293 3145 4336 eum
3177 4280 3316 4352 agit,
3348 4280 3519 4353 cujus
3541 4282 3715 4356 jussu
3744 4288 3800 4340 et

291 4376 402 4437 est,
447 4375 514 4425 ut
564 4367 927 4437 subdiaconi,
972 4366 1075 4441 qui
1114 4382 1272 4424 sacra
1320 4366 1593 4441 mysteria
1631 4372 2003 4437 contrectant,
2090 4362 2271 4435 gratia
2298 4362 2474 4420 iidem
2505 4363 2687 4421 sancti
2715 4364 2852 4422 editi
2881 4372 3018 4424 sunt
3044 4383 3315 4426 canones.
3349 4370 3608 4428 Audiant
3637 4386 3797 4444 ergo,

291 4460 348 4514 et
378 4455 628 4527 diaconi,
669 4463 724 4514 et
751 4456 1086 4531 presbyteri,
1129 4455 1225 4513 sed
1269 4460 1323 4513 et
1360 4454 1634 4528 episcopi,
1683 4456 2001 4513 secundum
2023 4514 2070 4532 ᾗ
2089 4454 2189 4526 qui
2215 4453 2382 4511 nobis
2405 4452 2711 4524 obsistunt,
2738 4454 2839 4528 qui
2858 4454 3137 4513 adversus
3164 4473 3269 4515 nos
3295 4474 3467 4531 super
3492 4461 3618 4518 haec
3643 4475 3801 4532 qum-

290 4546 527 4619 pr0pria
574 4514 803 4613 statuta,
845 4514 1017 4602 etiam
1048 4514 1121 4602 ab
1160 4514 1444 4602 uxoribus
1474 4559 1533 4601 se
1556 4514 1909 4612 abstineant,
1944 4514 2073 4601 utD

290 4643 568 4707 tanquam
598 4649 713 4693 non
744 4634 1021 4693 habentes
1052 4632 1364 4693 videantur
1390 4649 1513 4691 esse
1532 4651 1549 4702 ;
1586 4631 1741 4707 quod
1784 4630 1896 4690 nisi
1924 4632 2006 4690 fe-

288 4725 498 4793 cerint,
530 4725 600 4782 ab
628 4725 902 4783 Ecclesiae
930 4730 1336 4785 removeantur
1374 4722 1581 4781 officio.
1617 4744 1644 4775 »
1686 4722 1831 4797 Papa
1864 4737 2009 4796 quo-

287 4827 412 4887 que
439 4812 749 4887 Gregorius
778 4812 941 4871 Petro
968 4811 1325 4872 subdiacono
1358 4812 1509 4871 inter
1538 4820 1744 4870 caetera
1785 4810 2005 4882 scribit,

287 4900 492 4961 diebus
523 4901 732 4969 (GttEG.
765 4906 931 4973 Reg.;
968 4902 1067 4960 lib.
1095 4914 1199 4960 VIII
1224 4906 1383 4975 epist.
1407 4901 1495 4973 42,
1524 4901 1655 4959 dist.
1687 4901 1775 4970 31,
1801 4901 1965 4971 Ante)
1992 4919 2005 4959 :

2091 4541 2275 4599 stione
2318 4540 2633 4614 conﬂigunt
2668 4544 2844 4616 :quia
2882 4543 3027 4601 dum
3072 4545 3238 4603 nobis
3287 4554 3421 4604 sunt
3461 4547 3797 4621 adversarii,

2092 4629 2149 4686 in
2185 4627 2463 4701 Spiritum
2492 4636 2755 4686 sanctum
2800 4631 3101 4689 manifesta
3140 4638 3276 4693 sunt
3310 4633 3625 4693 rebellione
3653 4635 3800 4694 blas-

2092 4719 2284 4793 phemi
2335 4737 2347 4775 :
2395 4725 2451 4775 et
2504 4717 2678 4776 illum
2730 4717 3196 4793 blasphemantes
3244 4722 3566 4794 offendunt,
3634 4724 3802 4798 cujus

2091 4805 2331 4865 offensio
2358 4822 2475 4866 non
2514 4806 2826 4866 remittitur
2870 4824 3058 4882 neque
3106 4810 3221 4879 hic,
3262 4826 3449 4886 neque
3479 4813 3538 4871 in
3580 4813 3799 4871 futuro.

2094 4894 2204 4955 Sed
2258 4894 2379 4969 jam
2435 4894 2633 4969 plures
2685 4903 3011 4955 sanctorum
3064 4898 3407 4972 pontiﬁcum
3463 4900 3804 4961 subnectere

292 5013 319 5042 ι
358 4992 513 5048 Ante
553 4991 873 5050 triennium
915 4991 1255 5050 subdiaconi
1294 4990 1563 5048 omnium
1618 4988 2006 5047 Ecclesiarum
2090 4984 2413 5043 sanctiones
2450 4985 2791 5054 omittimus,
2839 5000 2910 5042 ne
2947 4986 3269 5059 epistolaris
3316 4988 3640 5061 compendii
3680 5004 3802 5048 me-

291 5076 516 5136 Siciliae
554 5077 828 5151 prohibiti
859 5079 1107 5150 fuerant,
1140 5087 1203 5137 ut
1238 5094 1395 5137 more
1423 5077 1702 5136 Romanae
1734 5076 2007 5136 Ecclesiae
2092 5079 2205 5131 tam
2237 5073 2514 5131 excedere
2544 5072 2893 5145 judicemur.
2936 5072 3087 5133 Parit
3126 5077 3285 5133 enim
3328 5075 3632 5150 prolixitas
3666 5076 3805 5137 laci-

290 5168 418 5226 suis
463 5168 749 5226 uxoribus
787 5168 1120 5228 nullatenus
1162 5170 1561 5229 miscerentur.
1596 5194 1621 5219 π
1665 5168 1826 5238 Quod
1859 5168 2007 5227 mihi
2090 5166 2252 5224 niosa
2293 5165 2612 5222 fastidium.
2658 5164 2724 5222 Et
2759 5173 2909 5223 certe
2956 5165 3050 5223 cui
3097 5173 3426 5224 sanctorum
3482 5168 3807 5228 testimonia

290 5255 511 5314 durum
568 5263 742 5330 atque
797 5257 1194 5333 incompetens
1250 5258 1500 5329 videtur,
1560 5263 1626 5317 ut
1681 5258 1783 5333 qui
1830 5273 2007 5316 usum
2090 5270 2208 5313 non
2239 5253 2544 5325 suﬁicient,
2573 5253 2965 5329 undecunque
2989 5262 3258 5329 congesta
3283 5255 3519 5329 fuerint,
3546 5272 3653 5317 nec
3680 5257 3810 5333 plu-

288 5344 558 5418 ejusdem
598 5346 975 5405 continentiae
1016 5362 1132 5405 non
1173 5348 1418 5414 invenit,
1460 5362 1646 5421 neque
1686 5346 2008 5404 castitatem
2092 5343 2255 5404 ribus
2281 5342 2621 5418 acquiescct.
2663 5341 2727 5401 Id
2766 5350 3044 5418 przeterea
3081 5344 3236 5420 quod
3274 5344 3541 5421 objicitis,
3573 5352 3812 5407 cautum

285 5438 429 5491 ante
470 5436 788 5509 proposuit,
846 5430 1222 5509 compellatur
1259 5452 1292 5494 a
1336 5451 1441 5495 sua
1479 5450 1667 5493 uxore
1712 5434 2003 5510 separari:
2091 5430 2608 5512 esseAcanonihus,
2656 5438 2719 5490 ut
2768 5431 3105 5508 quicunque
3150 5436 3438 5512 conjugati
3498 5438 3809 5499 sacerdotis

285 5507 597 5602 atqueper
621 5528 749 5599 hoc,
792 5527 949 5601 quod
979 5507 1150 5599 absit,
1196 5527 1447 5587 deterius
1478 5526 1657 5586 cadat.
1699 5507 1864 5585 Unde
1916 5524 2008 5583 vi—
2091 5507 2349 5585 ofﬁcium
2376 5521 2713 5598 spreverint,
2738 5522 2986 5584 debeant
3013 5507 3423 5588 communione
3453 5529 3705 5604 privari;
3746 5534 3811 5587 ut

284 5618 469 5676 detur
490 5615 657 5689 mihi,
691 5623 758 5676 ut
786 5632 819 5675 a
849 5619 1120 5692 praesenti
1153 5616 1247 5677 die
1287 5617 1562 5678 omnibus
1600 5614 1881 5690 episcOpis
1917 5614 2007 5675 di-
2092 5630 2228 5689 pace
2260 5619 2449 5675 vestra
2493 5613 2717 5689 loquar,
2760 5615 2902 5676 dum
2944 5616 3267 5679 litterarum
3304 5619 3666 5694 superﬁciem
3704 5633 3810 5676 ne-

583 5732 842 5795 Pu‘aon.
884 5732 1133 5793 CXLIV.
3454 5736 3517 5794 12
