4024 6198
291 289 395 348 363

814 283 871 343 S.
916 281 1140 341 PETRI
1178 280 1499 340 DAMIANI
1539 277 1698 338 OPP.
1742 275 1932 336 PARS
1972 275 2113 336 SEU
2152 276 2401 339 TOMUS
2441 281 2487 339 Ι.
2531 315 2592 326 -
2634 283 2869 345 EPIST.
2912 286 3051 345 LIB.
3098 288 3251 347 VIII.

3680 289 3777 353 364

290 414 569 487 gligenter
606 408 918 475 attenditis,
972 407 1332 465 sobrietatem
1374 404 1771 463 ecclesiasticae
1817 402 2053 465 intel-A
2080 404 2433 464 matrimonii
2478 408 2689 467 fmdera
2728 412 3097 486 copulahunt,
3148 417 3247 489 qui
3290 417 3503 474 cubilia
3546 425 3779 492 paterna

294 502 544 572 liuentia)
569 515 683 555 non
716 498 939 555 tenetis.
973 495 1077 553 Ille
1109 495 1385 553 nimirum
1422 493 1682 551 sacerdos
1721 492 1995 563 eonjuga-

294 604 381 652 tus
429 593 658 658 dicitur,
711 606 822 647 non
871 588 968 662 qui
1017 604 1166 645 nunc
1220 587 1380 643 habet
1432 600 1692 653 uxorem,
1747 583 1842 641 sed
1891 584 1994 659 qui

291 688 477 759 potius
505 682 701 739 habuit
722 688 849 737 ante
875 687 1192 754 perceptam
1219 678 1587 735 sacerdotalis
1608 677 1776 734 ollicii
1802 675 1994 747 digni~

291 783 482 833 tatem.
556 772 735 839 Quem
802 770 1048 842 profecto
1096 769 1139 825 si
1200 768 1548 841 spernimus,
1619 765 1995 838 consequitur

290 867 482 924 etiam.
521 870 584 919 ut
620 870 673 917 et
709 861 933 917 beatum
981 859 1226 916 Paulum
1259 858 1601 931 apostolum,
1640 856 1792 929 quod
1837 856 1992 913 dictu

292 957 452 1013 nefas
483 956 586 1020 est,
619 956 981 1006 contemnere
1021 948 1352 1005 debeamus.
1399 945 1797 1003 Nihilominus
1831 950 1886 1001 et
1919 944 1993 1000 il-

288 1044 392 1103 lud
430 1042 499 1100 de
536 1040 684 1097 beati
722 1037 976 1112 Epistola
1010 1036 1082 1094 ad
1128 1035 1454 1094 Corinthios
1498 1034 1655 1092 velut
1696 1033 1994 1106 egregium

286 1136 343 1189 et
384 1128 675 1202 insignem
724 1124 954 1184 Goliath
999 1123 1257 1196 gladium
1298 1121 1537 1181 versatis
1588 1121 1647 1179 in
1697 1122 1989 1192 manibus,

286 1234 542 1293 eumque
581 1217 873 1275 vibrantes
907 1214 1237 1274 Israeliticae
1274 1214 1457 1288 plebis
1495 1213 1678 1271 aciem
1713 1213 1995 1272 ventilare

286 1309 552 1370 tentatis:
589 1334 614 1356 «ι
646 1306 883 1380 Propter
920 1304 1377 1372 fornicationem,
1417 1302 1629 1375 inquit,
1673 1301 1993 1376 unusquis-

281 1414 395 1474 que
436 1412 601 1456 suam
645 1408 891 1453 uxorem
930 1392 1173 1451 habeat:
1201 1391 1376 1450 uxori
1424 1392 1517 1449 vir
1558 1390 1817 1449 debitum
1862 1391 1990 1449 red-

282 1488 395 1554 dat,
449 1492 503 1545 et
555 1497 708 1543 uxor
756 1482 882 1541 viro
930 1485 981 1550 (Ι
1024 1484 1143 1540 Cor.
1196 1486 1320 1549 v11).
1362 1504 1387 1530 π
1420 1480 1487 1538 In
1537 1479 1992 1553 quo‘nimirum

279 1575 478 1645 verbo,
509 1572 664 1647 quod
702 1571 934 1642 dicitur,
980 1596 1005 1620 «
1029 1569 1457 1643 unusquisque,
1496 1590 1523 1621 »
1554 1585 1687 1627 cum
1722 1568 1885 1652 laicis
1910 1569 1991 1627 si—

281 1664 408 1723 mul
445 1660 644 1720 altaris
682 1659 980 1719 ministros
1013 1658 1457 1730 comprehensos
1497 1673 1620 1716 esse
1657 1656 1942 1730 conjicitis
1973 1676 1987 1714 :

2075 495 2516 563 commaculant,
2552 499 2649 571 qui
2682 516 3004 573 germanas,
3037 503 3108 559 ah
3142 506 3363 562 scelus!
3400 508 3656 566 uterinas
3686 508 3771 565 in-

2074 585 2332 641 cestant?
2400 584 2546 642 Eant
2597 602 2731 655 ergo
2769 589 2886 662 jam
2944 591 3233 657 monachi,
3288 592 3505 651 dotales
3559 594 3782 654 tabulas

2077 674 2305 748 publice
2345 677 2652 747 proferant,
2698 679 2927 752 nuptias
2962 681 3334 738 contrahant:
3360 687 3414 738 et
3438 683 3605 755 juxta
3645 701 3779 741 san-

2074 762 2282 820 ctionis
2322 770 2527 822 vestra:
2573 766 2914 823 sententiam
2964 766 3256 839 vagientes
3308 785 3511 841 pueros
3571 773 3779 830 teneris

2076 850 2320 908 delinire
2368 855 2767 925 complexibus
2808 855 3140 913 nullatenus
3178 857 3538 914 erubescant.
3578 858 3646 916 Et
3687 876 3778 917 re-

2076 955 2210 996 vera
2253 956 2383 998 cum
2418 944 2734 1000 monachos
2768 960 2833 1002 ac
2863 943 3083 1014 levitas,
3121 945 3209 1001 vel
3252 946 3310 1002 in
3348 947 3649 1019 peccando,
3686 948 3777 1006 vel

2073 1028 2133 1087 in
2164 1029 2495 1102 paenitendo
2534 1033 2809 1091 canonica
2849 1034 3184 1106 frequenter
3222 1044 3409 1108 aequet
3447 1039 3775 1109 auctoritas,

2075 1132 2192 1190 quo
2237 1123 2399 1191 pacto
2434 1120 2668 1191 potestis
2712 1122 3043 1196 conjugales
3081 1123 3314 1197 copulas
3353 1125 3615 1184 inhibere
3652 1142 3778 1185 mo-

2075 1206 2293 1276 nachis,
2340 1222 2484 1280 quas
2527 1210 2727 1282 utique
2757 1210 3015 1270 diaconis
3052 1211 3411 1287 indulgetis?
3450 1216 3596 1274 Nam
3632 1232 3778 1290 quo-

2075 1295 2245 1353 modo
2294 1295 2352 1353 in
2402 1295 2521 1354 sola
2568 1298 2880 1356 mulierum
2918 1300 3288 1372 permistione
3335 1309 3472 1363 sunt
3522 1304 3781 1379 dispares

2074 1387 2175 1461 qui
2214 1386 2275 1443 in
2309 1387 2531 1445 caeteris
2559 1388 2893 1448 excessibus
2930 1391 3302 1464 reperiuntur
3330 1393 3631 1469 aequales?
3668 1395 3781 1453 De-

2074 1474 2432 1533 cernendum
2473 1482 2558 1534 est
2605 1492 2760 1550 ergo,
2803 1484 2867 1537 ut
2903 1486 3006 1537 aut
3039 1482 3330 1553 monachi,
3362 1483 3515 1557 quod
3547 1483 3659 1542 dici
3687 1500 3782 1542 sa«

2073 1565 2351 1638 crilegum
2385 1573 2489 1637 est,
2529 1568 2765 1641 nuptias
2804 1569 3034 1640 ineant;
3068 1576 3167 1629 aut
3203 1570 3431 1630 diaconi
3463 1589 3523 1631 se
3550 1575 3782 1647 penitus

2072 1657 2146 1715 ab
2182 1657 2358 1730 hujus
2399 1656 2802 1728 ignominiosa:
2834 1659 3210 1734 turpitudinis
3236 1661 3585 1721 obscenitate
3621 1680 3783 1723 com-

279 1757 335 1812 et
366 1753 506 1811 dum
529 1751 587 1808 in
620 1748 927 1824 apostolica
952 1746 1233 1805 sententia
1261 1744 1581 1803 litterarum
1608 1744 1798 1819 paleas
1826 1745 2050 1821 quasiB
2074 1755 2327 1825 pescant.
2359 1748 2522 1818 Quod
2560 1749 2952 1810 nihilominus
2988 1759 3044 1810 et
3070 1752 3143 1810 de
3170 1751 3539 1812 subdiaconis
3587 1755 3780 1814 scien-

274 1844 675 1919 jumentorum
706 1840 879 1897 dente
905 1837 1225 1905 corroditis,
1256 1834 1540 1894 medullas
1561 1835 1880 1910 spiritualis
1902 1837 1982 1893 in—

277 1932 608 2007 telligentim
651 1928 847 2003 pietati
893 1928 1170 1985 humana;
1217 1925 1483 1984 faucibus
1532 1940 1647 1984 non
1705 1927 1983 2000 gustatis:

273 2022 394 2081 imo
434 2033 668 2095 prorsus
703 2032 737 2074 a
774 2015 971 2087 granis
1008 2013 1355 2089 quisquilias
1401 2029 1519 2072 non
1564 2013 1879 2082 secernitis,
1935 2020 1989 2071 et

272 2107 635 2169 discretionis
673 2105 936 2180 regulam
974 2111 1383 2179 postponentes
1415 2103 1590 2163 simul
1623 2104 1819 2162 omnia
1856 2119 1988 2179 per-

274 2200 545 2259 miscetis.
580 2197 705 2255 Illis
726 2212 932 2270 nempe
961 2196 1185 2254 dicebat
1214 2195 1521 2271 Apostolus
1548 2219 1560 2253 :
1599 2216 1626 2249 «
1653 2194 1988 2268 Unusquis-

274 2304 386 2363 que
440 2301 611 2346 suam
660 2300 907 2345 uxorem
964 2285 1194 2354 habeat,
1252 2308 1278 2335 υ
1337 2285 1552 2359 quibus
1609 2284 1983 2358 loquebatur;

272 2376 411 2451 quia
449 2389 585 2433 vero
623 2388 740 2432 non
779 2372 1195 2444 sacerdotibus,
1228 2372 1321 2431 vel
1359 2373 1854 2447 praedicatoribus,
1888 2374 1986 2432 sed

271 2464 486 2538 populo
537 2463 729 2536 potius
788 2462 847 2519 in
904 2463 1011 2520 hac
1054 2462 1393 2537 loqueretur
1442 2462 1699 2536 epistola,
1751 2463 1812 2521 in
1860 2464 1985 2536 ipso

271 2556 526 2629 ejusdem
567 2552 825 2628 epistolae
870 2552 1153 2627 principio
1194 2554 1320 2611 luce
1369 2552 1582 2613 clarius
1625 2554 1979 2612 manifestat:

273 2669 301 2699 α
354 2645 755 2720 Signiﬁcatum
802 2650 904 2714 est,
950 2643 1163 2717 inquit,
1224 2643 1370 2701 mihi
1417 2646 1489 2701 de
1533 2644 1717 2715 vobis,
1787 2644 1985 2703 fratres

272 2735 407 2807 mei,
439 2734 511 2792 ab
542 2735 652 2803 his,
686 2732 788 2807 qui
820 2741 957 2790 sunt
994 2732 1177 2804 Cloes,
1218 2732 1355 2804 quia
1397 2732 1793 2791 contentiones
1833 2732 1987 2791 inter

270 2837 372 2881 vos
396 2829 551 2881 sunt.
578 2821 701 2880 Hoc
727 2827 920 2880 autem
939 2820 1085 2890 dico,
1108 2819 1264 2894 quod
1290 2821 1696 2896 unusquisque
1722 2827 1983 2879 vestrum

266 2911 441 2968 dicit:
470 2902 589 2982 Ego
646 2908 878 2982 quidem
936 2916 1071 2968 sunt
1125 2908 1315 2977 Pauli,
1363 2923 1467 2981 ego
1516 2916 1708 2966 autem
1755 2907 1979 2981 Apollo,

265 3012 370 3072 ego
432 3013 565 3055 vero
623 2997 852 3070 (Iephte,
905 3012 1011 3069 ego
1069 3002 1265 3054 autem
1324 2995 1553 3055 Christi.
1608 2995 1844 3053 Divisus
1898 3004 1983 3053 est

2069 1838 2211 1896 dum
2242 1843 2346 1907 est,
2388 1837 2535 1895 sicut
2564 1837 2792 1896 diversa
2829 1845 3160 1898 sanctorum
3204 1839 3457 1911 Patrum,
3502 1848 3566 1900 ut
3603 1858 3779 1917 supe-

2069 1927 2193 1986 rius
2222 1931 2518 1985 ostensum
2543 1933 2649 1995 est,
2677 1927 2902 1986 decreta
2923 1930 3285 1989 conﬁrmant.
3313 1931 3471 2002 Quos
3493 1933 3776 1992 nimirum

2069 2013 2338 2074 nonnulli
2429 2014 2868 2075 Nathinaeorum
2956 2023 3152 2077 tenere
3239 2019 3552 2094 opinantur
3646 2021 3776 2081 ofﬁ-

2069 2102 2225 2161 cium
2252 2122 2263 2160 :
2290 2102 2441 2174 quod
2475 2118 2589 2160 non
2634 2104 2903 2177 procedit.
2955 2105 3244 2165 Natbinaai
3287 2107 3594 2182 siquidem,
3627 2108 3778 2168 sicut

2069 2191 2465 2265 Hieronymus
2486 2192 2547 2249 in
2579 2191 2879 2252 Hebraicis
2905 2194 3326 2268 quaestionibus
3353 2197 3575 2269 asserit,
3604 2198 3779 2256 inter-

2067 2286 2366 2356 pretantur
2407 2283 2617 2340 donati.
2656 2281 2804 2341 Sunt
2835 2283 2992 2342 enim
3022 2284 3377 2357 Gabaonitae,
3405 2301 3473 2345 eo
3512 2287 3665 2361 quod
3702 2288 3775 2346 ad

2071 2369 2447 2429 serviendum
2495 2370 2609 2428 dati
2647 2371 2767 2429 sint
2803 2371 3173 2431 tabernaculo
3204 2372 3438 2433 Domini
3475 2376 3548 2433 ab
3577 2376 3774 2437 Josue.

2069 2459 2366 2547 Interhos
2389 2458 2591 2532 igitur,
2624 2469 2678 2519 et
2706 2460 2835 2519 illos
2864 2461 2989 2519 haec
3020 2464 3305 2547 probatur
3326 2478 3451 2521 esse
3480 2463 3771 2532 distantia,

2070 2546 2345 2619 quoniam
2376 2547 2459 2604 illi
2490 2546 2876 2619 tabernaculo,
2907 2547 3000 2605 vel
3024 2546 3247 2624 templo
3272 2548 3503 2608 Domini
3526 2552 3769 2611 famula-

2068 2643 2299 2713 bantur,
2330 2649 2396 2701 ut
2422 2644 2572 2702 servi
2595 2663 2610 2714 ;
2646 2644 2738 2703 isti
2758 2652 2960 2719 quarto
2986 2644 3312 2719 funguntur
3340 2643 3538 2702 altaris
3563 2642 3773 2714 ofﬁcio,

2067 2732 2445 2792 diaconorum
2500 2733 2714 2791 scilicet
2763 2747 3059 2807 suppares,
3120 2748 3187 2791 ac
3250 2732 3502 2791 ministri
3544 2757 3557 2789 :
3599 2738 3777 2807 atque

2067 2820 2218 2891 ideo,
2261 2821 2410 2879 sicut
2450 2836 2579 2878 cum
2623 2820 3034 2891 sacerdotibus,
3068 2836 3134 2879 ac
3163 2819 3382 2879 Levitis
3418 2819 3595 2880 sacris
3633 2818 3777 2879 mis-

2067 2926 2262 2968 sarum
2308 2910 2728 2984 praecipiuntur
2784 2910 3062 2970 interesse
3105 2911 3416 2986 mysteriis,
3454 2911 3536 2969 sic
3570 2925 3773 2968 eorum

2066 3012 2297 3071 quoque
2344 2997 2648 3071 participes
2690 3014 2815 3057 esse
2860 3014 3094 3057 necesse
3139 3005 3240 3067 est,
3293 2998 3352 3057 in
3400 2996 3778 3058 custodienda

267 3084 570 3145 Christus?
609 3084 886 3159 Nunquid
928 3083 1144 3142 Paulus
1181 3083 1497 3178 cruciﬁXus
1533 3089 1618 3142 est
1656 3099 1757 3157 pro
1793 3083 2037 3178 vobisc
2067 3090 2357 3159 perpetua:
2391 3086 2679 3178 munditia
2710 3087 3001 3178 castitatis.

263 3181 367 3237 aut
394 3176 455 3233 in
488 3175 723 3233 nomine
748 3173 915 3233 Pauli
938 3172 1203 3247 baptizati
1231 3171 1413 3231 estis?
1448 3200 1473 3221 »ι
1508 3178 1559 3241 (I
1589 3175 1711 3232 Cor.
1744 3178 1809 3243 Ι.)
1836 3171 1981 3242 Qui-

2139 3176 2448 3248 Postremo,
2495 3176 2649 3251 quod
2708 3176 2921 3247 dicitis,
2975 3177 3047 3234 ad
3102 3176 3434 3235 simoniacae
3490 3176 3780 3234 haereseos

264 3263 373 3321 bus
411 3261 613 3337 utique
651 3261 840 3320 verbis
880 3259 1103 3333 liquido
1138 3259 1331 3329 claret,
1379 3260 1519 3336 quia
1562 3276 1679 3319 non
1719 3260 1985 3318 sacerdo-
2069 3284 2436 3343 nequaquam
2465 3268 2755 3344 pertinere
2775 3267 3092 3342 piaculum,
3117 3268 3166 3326 si
3187 3268 3475 3342 quispiam
3502 3266 3781 3325 Ecclesiia:

265 3358 366 3423 tes,
414 3350 513 3409 sed
560 3350 839 3425 pepulum
883 3349 1224 3421 corripiebat
1278 3349 1607 3424 Apostolus,
1663 3351 1763 3423 qui
1805 3355 1986 3407 sectas
2068 3356 2325 3430 regimen
2376 3371 2489 3414 non
2535 3357 2660 3414 sine
2704 3356 3012 3414 venalitate
3068 3354 3362 3430 suscipiat,
3420 3355 3469 3413 si
3515 3361 3777 3412 tantum-

267 3438 507 3496 t‘aciebat
544 3437 944 3505 schismatum,
986 3435 1126 3493 dum
1167 3436 1532 3499 diversorum
1571 3453 1631 3495 se
1668 3436 1985 3510 discipulos
2070 3444 2238 3503 modo
2270 3460 2477 3502 manus
2508 3443 2938 3517 impositionem
2969 3443 3146 3517 gratis
3173 3442 3453 3517 acquirat,
3486 3449 3777 3517 quantum

265 3532 588 3584 assererent
614 3542 737 3584 esse
761 3526 1083 3584 doctorum.
1123 3524 1267 3584 Cum
1298 3542 1434 3601 ergo
1463 3527 1696 3598 diceret,
1731 3553 1757 3576 «
1793 3544 1984 3586 unus-
2068 3533 2131 3589 in
2186 3530 2441 3590 Ecclesia
2484 3530 2821 3589 scandalum
2860 3536 3111 3603 generet,
3165 3536 3448 3604 quantum
3496 3537 3645 3587 certe
3701 3527 3782 3585 ab

268 3617 520 3690 quisque
552 3632 719 3675 suam
753 3631 999 3674 uxorem
1039 3615 1265 3687 habeat,
1300 3636 1327 3669 »
1360 3616 1478 3674 illis
1509 3632 1743 3691 quoque
1782 3621 1987 3690 conju-
2069 3620 2469 3678 ecclesiasticas
2496 3617 2822 3693 disciplinae
2854 3618 3078 3676 tramite
3113 3617 3313 3691 procul
3346 3617 3588 3684 aberret,
3628 3631 3780 3689 quo-

269 3704 431 3777 gium
473 3703 828 3777 indulgebat,
878 3702 951 3761 ad
988 3718 1133 3776 quos
1174 3703 1475 3777 eloquium
1512 3703 1812 3777 dirigebat.
1859 3704 1989 3764 Huc
2069 3707 2229 3765 niam
2249 3705 2526 3764 omnibus
2543 3710 2629 3762 est
2650 3703 3041 3778 perspicuum,
3068 3720 3180 3762 non
3204 3703 3423 3776 indiget
3447 3701 3785 3776 prolixitate

274 3789 416 3846 167
459 3792 698 3863 accedit,
765 3792 904 3865 quia
962 3806 1077 3848 non
1128 3807 1355 3865 semper
1406 3793 1832 3868 unusquisque,
1893 3792 1985 3850 vel
2068 3795 2397 3853 verborum.
2440 3792 2715 3868 Quisquis
2754 3792 2912 3851 enim
2951 3791 3262 3850 Ecclesiam
3303 3790 3482 3864 pretio
3521 3788 3782 3860 redimit,

267 3880 461 3937 omnis
514 3878 950 3937 multitudinem
1004 3878 1404 3936 universitatis
1450 3879 1858 3952 amplectitur:
1889 3878 1987 3937 sed
2070 3883 2245 3941 simul
2285 3890 2339 3942 et
2376 3881 2863 3941 consecrationem
2905 3896 3237 3955 comparare
3274 3882 3657 3950 convincitur,
3705 3879 3783 3938 ad

270 3969 613 4041 plerumque
651 3969 802 4025 intra
834 3982 1169 4025 mensuram
1210 3974 1382 4025 certae
1421 3968 1777 4040 quantitatis,
1816 3974 1990 4043 prout
2068 3989 2243 4046 quam
2279 3971 2492 4030 scilicet
2530 3964 2637 4045 per
2666 3970 3055 4044 acceptionem
3096 3969 3355 4045 ejusdem
3399 3966 3540 4025 168
3576 3968 3785 4027 Eccle-

280 4058 423 4116 ratio
454 4058 772 4127 dictaverit,
807 4055 1125 4116 cohibetur.
1164 4055 1322 4115 Sicut
1363 4064 1446 4115 est
1494 4057 1641 4116 illud
1678 4058 1834 4132 quod
1876 4057 1989 4116 Do-
2070 4061 2173 4120 sise
2223 4067 2612 4136 promovetur.
2656 4060 2719 4119 In
2768 4060 3039 4118 Ecclesiae
3081 4060 3295 4135 quippe
3333 4058 3677 4118 commercio
3726 4065 3788 4117 et

220 4180 233 4187 -
274 4146 475 4204 minus
513 4147 629 4203 ait:
660 4167 687 4198 «
739 4146 856 4219 Ego
894 4142 1030 4203 cum
1060 4145 1349 4203 exaltatus
1390 4146 1552 4204 fuero
1593 4162 1625 4203 a
1660 4152 1825 4216 terra,
1863 4146 1991 4203 uni-
2070 4149 2554 4207 consecrationem
2585 4147 2790 4222 procul
2819 4146 2997 4206 dubio
3027 4153 3339 4221 comparat,
3372 4146 3496 4204 sine
3532 4161 3647 4220 qua
3688 4147 3787 4204 vi-

278 4250 440 4293 versa
491 4234 712 4292 traham
753 4234 821 4290 ad
870 4233 1157 4307 meipsum
1199 4234 1371 4305 (Joan.
1416 4236 1538 4305 XII).
1587 4256 1612 4282 ι»
1655 4233 1778 4291 Non
1830 4234 1988 4292 enim
2070 4238 2275 4295 deliret
2306 4237 2492 4294 eidem
2520 4237 2790 4295 Ecclesiae
2815 4234 3123 4310 praesidere
3149 4251 3209 4294 se
3235 4250 3395 4309 posse
3419 4250 3530 4293 non
3562 4242 3785 4309 sperat.

274 4325 346 4382 ad
387 4339 448 4382 se
491 4323 701 4382 Judam
740 4322 1089 4396 proditorem
1137 4322 1331 4390 traxit,
1372 4339 1489 4381 non
1536 4322 1644 4381 sibi
1708 4324 1986 4382 latronem
2071 4326 2115 4383 E
2142 4332 2337 4384 contra
2362 4324 2728 4395 contenditis,
2750 4325 3028 4398 quoniam
3054 4324 3457 4382 investituram
3488 4323 3585 4381 ille
3607 4324 3792 4381 susci-

276 4413 526 4488 impium
561 4411 826 4480 sociavit;
864 4410 962 4469 sed
1000 4410 1217 4479 omnia,
1246 4408 1300 4467 id
1335 4418 1439 4482 est,
1476 4426 1676 4470 omnes
1706 4411 2048 4489 duntaxat“
2070 4417 2151 4489 pit
2181 4415 2581 4473 ecclesiasticae
2611 4414 2913 4482 facultatis,
2951 4429 3060 4472 non
3094 4414 3294 4471 minus
3315 4412 3555 4486 percipit
3580 4412 3793 4485 gratim

600 4468 826 4574 proprii
853 4468 1709 4575 contuberniiculme'n'evexit.
1737 4468 2409 4575 EtApo-Dspiritualis.
2458 4503 2722 4576 Acquirit
2768 4468 3035 4560 Ecclesiae
3077 4468 3383 4574 praedium,
3441 4468 3550 4559 non
3580 4468 3796 4560 ueccle-

277 4592 458 4651 stolus
511 4590 786 4664 perhibet,
835 4589 972 4662 quia
1017 4587 1175 4647 Deus
1218 4604 1420 4646 omnes
1466 4590 1591 4647 vult
1635 4590 1823 4648 salvos
1864 4590 1989 4649 fieri
2070 4592 2283 4651 siastici
2341 4591 2710 4649 charismatis
2768 4598 3216 4649 sacramentum.
3285 4588 3559 4663 Quisquis
3614 4589 3797 4663 plane

279 4686 328 4752 (Ι
353 4685 491 4738 Tim.
522 4683 604 4747 ll),
646 4685 701 4736 et
740 4677 1036 4734 neminem
1080 4676 1210 4734 vult
1252 4676 1457 4749 perire.
1510 4678 1618 4738 Sed
1666 4695 1798 4737 cum
1852 4679 1989 4737 Pro-
2073 4700 2173 4758 per
2206 4682 2561 4757 salsuginem
2594 4683 2773 4755 hujus
2814 4688 3073 4741 tartareae
3102 4679 3418 4753 sapientiae,
3457 4679 3576 4738 imo
3605 4694 3798 4737 vene-

277 4773 450 4845 pheta
491 4769 679 4826 dicat:
714 4791 733 4816 ι
785 4766 1073 4835 Quoniam
1133 4765 1329 4823 omnia
1386 4782 1751 4842 quaecunque
1804 4770 1992 4829 voluit
2073 4775 2225 4830 nata:
2254 4771 2525 4830 versutia;
2567 4769 2879 4828 Ecclesiam
2919 4767 3146 4837 dividit,
3186 4782 3319 4826 cum
3363 4783 3463 4841 per
3500 4764 3799 4826 venalita-

282 4858 565 4918 Dominus
588 4855 722 4915 fecit
750 4856 919 4924 (Psal.
948 4858 1242 4923 CXXXIV);
1296 4876 1315 4905 ι
1363 4869 1468 4912 cur
1509 4857 1778 4927 reprobos
1800 4860 1993 4931 perire
2076 4871 2189 4921 tem
2233 4861 2534 4919 haereticus
2574 4859 2667 4928 sit,
2711 4875 2810 4933 per
2847 4859 3197 4917 divisionem
3232 4873 3461 4932 quoque
3499 4857 3800 4916 schisma-

283 4952 601 5029 permittit?
632 4949 862 5010 Scilicet
897 4963 1030 5006 cum
1056 4954 1110 5005 et
1144 4947 1438 5005 neminem
1488 4948 1674 5020 perire
1721 4950 1882 5022 velit,
1938 4957 1994 5009 et
2076 4949 2170 5007 tici
2202 4949 2421 5006 crimen
2456 4949 2720 5005 incurrit.
2757 4947 3020 5006 Fuerunt
3055 4960 3193 5003 sane
3232 4944 3503 5004 nonnulli
3535 4947 3803 5003 sincerae

286 5045 485 5103 omnia
515 5054 880 5117 quiscunque
914 5038 1060 5107 vult,
1103 5036 1321 5109 absque
1355 5034 1532 5095 dubio
1578 5039 1773 5111 possit.
1829 5038 1994 5097 Unde
2076 5037 2231 5107 ﬁdei,
2275 5043 2332 5094 et
2364 5036 2661 5094 catholicae
2710 5033 3086 5092 confessionis
3126 5032 3334 5106 ignari,
3373 5033 3474 5108 qui
3513 5033 3596 5090 sic
3631 5032 3807 5092 inter

288 5148 421 5191 cum
446 5131 677 5200 dicitur,
710 5129 865 5204 quod
899 5125 1053 5184 Deus
1089 5140 1292 5184 omnes
1320 5124 1443 5182 ﬁeri
1476 5126 1664 5184 salvos
1694 5127 1848 5196 velit,
1891 5146 1990 5187 ne-
2079 5128 2392 5184 humanam
2435 5133 2607 5199 atque
2640 5123 2901 5182 divinam
2933 5122 3182 5180 divisere
3218 5131 3504 5191 naturam,
3541 5128 3605 5179 ut
3634 5120 3804 5181 duas

290 5238 446 5282 cesse
477 5227 582 5291 est,
608 5226 671 5278 ut
698 5220 768 5277 de
796 5219 934 5277 solis
972 5216 1332 5289 intelligatur
1361 5215 1575 5273 electis.
1609 5216 1790 5275 Juxta
1814 5234 1991 5291 quam
2075 5224 2395 5276 assererent
2445 5216 2503 5274 in
2549 5215 2861 5274 mediatore
2905 5212 3007 5271 Dei
3053 5221 3109 5270 et
3160 5211 3464 5271 hominum
3520 5220 3805 5299 constare

291 5311 571 5384 regulam,
589 5314 646 5367 et
664 5306 974 5380 Apostolus
992 5320 1124 5365 cum
1147 5302 1304 5376 dicit,
1339 5327 1363 5353 α
1393 5303 1807 5379 Unusquisque
1826 5322 1993 5365 suam
2079 5323 2371 5383 personas.
2405 5307 2451 5365 Ii
2484 5323 2638 5377 vero,
2667 5306 2884 5382 quibus
2912 5305 3113 5363 datum
3150 5312 3235 5363 est
3270 5303 3585 5378 perspicaci
3614 5319 3803 5363 men-

291 5415 539 5458 uxorem
579 5397 805 5463 habeat,
840 5416 869 5449 ι)
908 5410 1021 5454 non
1063 5410 1262 5453 omnes
1305 5393 1672 5469 amplectitur
1704 5394 1991 5467 homines,
2081 5398 2153 5457 tis
2180 5399 2401 5457 intuitu
2426 5397 2708 5456 incarnati
2739 5396 2913 5455 Verbi
2944 5400 3244 5469 penetrare
3283 5395 3650 5470 mysterium,
3684 5410 3807 5453 ve-

293 5490 393 5551 sed
439 5489 569 5547 illos
611 5495 857 5556 tantum,
906 5485 1122 5559 quibus
1159 5486 1327 5559 juxta
1368 5485 1642 5558 legitima:
1683 5488 1995 5546 sanctionis
2080 5487 2285 5546 raciter
2321 5492 2696 5545 astruxerunt
2740 5485 2802 5542 in
2855 5491 2967 5543 tam
3019 5483 3464 5557 inseparabilem
3502 5481 3810 5542 unionem

294 5594 558 5641 normam
589 5575 800 5635 habere
827 5574 957 5633 licet
985 5589 1216 5633 uxores.
1245 5574 1525 5647 Alioquin
1553 5591 1668 5649 quo
1694 5582 1856 5650 pacto
1883 5576 1995 5636 sibi
2080 5584 2389 5651 utramque
2424 5578 2784 5637 concurrisse
2832 5582 3120 5646 naturam,
3173 5580 3237 5633 ut
3294 5590 3370 5633 ne
3422 5572 3484 5632 in
3538 5579 3814 5634 mortem
