4024 6198
288 299 390 359 365

1494 288 1716 351 LIBER
1755 286 2103 366 QUINTUS,
2146 296 2382 358 EPIST.
2424 299 2582 361 XIII.

3678 316 3782 374 366

280 425 514 499 quidem
554 422 767 481 Christi
806 420 1081 480 divinitas
1117 437 1150 479 a
1187 434 1358 479 carne
1395 420 1672 493 potuisset
1702 418 1937 491 abjungi
1968 424 2368 498 ;Acontrarii,
2415 429 2606 488 alieno
2651 437 2825 506 atque
2870 434 3184 493 adventitio
3238 437 3390 497 inter
3442 455 3540 499 eos
3586 445 3783 504 animo

280 511 538 585 alioquin
581 526 695 568 nou
735 517 884 568 esset
923 525 1096 568 verus
1133 509 1306 579 Deus,
1342 509 1392 566 si
1422 510 1514 566 vel
1544 508 1603 566 in
1637 507 1760 580 ipso
1792 508 1990 565 mortis

278 600 523 660 articulo
547 600 833 658 desineret
861 613 984 656 esse
1006 596 1179 655 Deus.
1211 595 1362 653 Hinc
1382 600 1466 653 est
1486 594 1642 668 quod
1664 594 1743 652 ait
1766 594 1829 654 B.
1855 598 1992 653 Am-

281 688 555 747 brosius:
604 712 625 739 σ
669 687 812 745 Caro
864 684 1101 758 quidem
1156 683 1370 742 Christi
1421 684 1674 757 gustavit
1722 690 1987 755 mortem,

2075 523 2458 605 perseverant.
2505 516 2686 576 Gebal
2730 518 2942 578 dicitur
2970 526 3134 579 vallis
3169 542 3333 592 vana,
3366 543 3467 600 per
3495 532 3650 605 quod
3681 534 3784 592 de-

2074 601 2376 673 signantur
2423 605 2465 663 ii
2519 608 2620 681 qui
2670 608 2938 668 simulate
2989 621 3125 670 sunt
3170 616 3356 686 mites,
3404 625 3459 676 et
3514 601 3790 682 fallaciter

2075 691 2345 749 humiles.
2380 694 2634 753 Ammon
2664 696 3074 769 interpretatur
3108 706 3350 774 populus
3386 709 3659 776 turbidus,
3694 709 3787 769 vel

279 778 373 874 sed
414 776 791 874 impassibilis
828 774 933 832 Dei
972 775 1157 833 virtus
1193 789 1311 874 non
1348 772 1641 874 exivit-de
1671 788 1924 869 corpore.
1963 796 1986 825 ι
2069 782 2309 874 papulas
2347 785 2625 851 mceror-is;
2673 785 2887 857 quibus
2916 772 3133 848 scilicet
3164 772 3251 849 illi
3280 792 3489 853 debent
3516 772 3786 874 intelligi,

279 864 520 937 Magnus
548 864 723 921 etiam
752 863 869 921 Leo
899 877 1040 934 papa
1069 876 1181 919 non
1213 860 1501 934 disparem
1537 861 1713 935 hujus
1743 861 1826 917 rei
1856 874 1990 933 pro-

281 954 407 1012 tulit
431 952 489 1010 in
523 968 630 1010 suo
659 966 923 1009 sermone
947 949 1293 1007 sententiam
1322 973 1334 1007 :
1371 976 1395 999 α
1434 948 1558 1007 Nisi
1590 948 1863 1020 Verbum,
1895 948 1992 1005 in-

278 1042 422 1116 quit,
472 1056 605 1098 caro
652 1040 833 1108 ﬁeret,
885 1044 941 1096 et
991 1044 1108 1095 tam
1152 1037 1331 1096 solida
1377 1037 1648 1095 existeret
1686 1037 1883 1094 unitas
1928 1038 1990 1094 in

279 1139 522 1204 utraque
580 1136 807 1199 natura,
876 1134 936 1186 ut
988 1143 1021 1184 a
1081 1126 1430 1200 suscipiente
1484 1132 1825 1198 susceptam,
1888 1140 1993 1183 nec

280 1221 463 1293 ipsum
498 1218 671 1275 breve
702 1216 899 1275 mortis
933 1223 1157 1288 tempus
1182 1214 1542 1287 abjungeret,
1563 1228 1867 1286 nunquam
1902 1228 1993 1269 va-

285 1312 419 1369 leret
454 1310 527 1367 ad
566 1308 943 1366 aeternitatem
984 1306 1170 1364 redire
1210 1305 1546 1362 mortalitas.
1586 1327 1610 1353 n
1642 1302 1803 1361 Idem
1841 1319 1989 1376 quo«

282 1415 391 1472 que
426 1396 569 1455 alibi
603 1420 615 1452 :
654 1421 672 1445 -
713 1395 923 1465 Deitas,
964 1410 1099 1469 qua
1137 1393 1208 1451 ab
1256 1399 1501 1467 utraque
1527 1393 1774 1465 suscepti
1807 1392 1992 1450 homi-

287 1487 374 1544 nis
420 1486 744 1544 substantia
786 1501 901 1543 non
944 1484 1193 1555 recessit,
1244 1483 1400 1557 quod
1451 1488 1723 1556 potestate
1773 1482 1992 1551 divisit,

2074 872 2173 962 qui
2198 873 2343 962 dum
2377 889 2525 962 nova
2554 875 2811 935 doctrina
2842 881 3119 953 populum
3149 884 3364 950 scilicet
3392 887 3645 962 turbant,
3676 872 3790 950 Evc-

2074 958 2265 1048 clesia
2294 961 2397 1020 Dei
2425 978 2732 1023 marorem
2760 973 2931 1043 atque
2961 969 3249 1030 tristitiam
3280 983 3577 1048 generant.
3608 958 3788 1038 Ama-

2078 1047 2199 1105 lech
2232 1048 2441 1108 dicitur
2462 1054 2700 1123 populus
2730 1056 2960 1124 lingens,
2994 1073 3094 1130 per
3144 1047 3304 1132 quos"
3333 1062 3535 1136 utique
3573 1064 3790 1126 Christi

2075 1136 2454 1210 designantur
2482 1139 2726 1209 inimici,
2758 1141 2828 1200 de
2854 1143 3069 1216 quibus
3095 1147 3153 1203 in
3181 1149 3401 1220 psalmo
3424 1151 3642 1212 dictum
3664 1161 3785 1213 est:

2080 1245 2105 1275 ‹‹
2142 1224 2210 1282 Et
2238 1224 2463 1285 inimici
2492 1227 2618 1300 ejus
2650 1236 2856 1287 terram
2896 1229 3116 1304 lingent
3141 1237 3309 1302 (Psal.
3342 1243 3532 1309 LXXI).
3567 1260 3594 1293 »
3626 1242 3788 1301 Alie-

2079 1314 2305 1386 nigena
2344 1316 2612 1388 quamvis
2648 1322 2703 1374 et
2746 1318 2870 1389 ipso
2910 1320 3145 1379 nomine
3190 1322 3392 1382 Latino
3431 1343 3491 1384 se
3532 1328 3789 1389 indicent

2076 1401 2313 1467 alienos,
2350 1409 2405 1476 et
2449 1405 2523 1462 ob
2568 1406 2674 1463 hoc
2709 1415 3125 1480 consequenter
3162 1411 3448 1483 inimicos,
3494 1423 3683 1475 tamen
3725 1418 3791 1477 in

2080 1489 2328 1548 Hebrao
2361 1491 2638 1550 dicuntur
2667 1493 3041 1567 Philisthiim,
3076 1500 3229 1570 quod
3260 1501 3667 1576 interpretatur
3693 1524 3789 1562 ca-

286 1582 556 1651 potestatc
602 1575 929 1650 conjunxit.
990 1600 1017 1622 ι»
1074 1573 1247 1668 Porro
1297 1579 1489 1631 autem
1547 1587 1651 1630 vos
1701 1571 1994 1629 Christum
2079 1582 2263 1668 dentes
2312 1585 2611 1652 potatione.
2668 1582 2776 1641 Per
2826 1599 2972 1658 quos
3026 1571 3440 1660 exprimuntur
3491 1589 3598 1663 illi,
3644 1608 3790 1668 quos

285 1689 398 1732 non
440 1670 718 1740 dividitis,
760 1670 857 1727 sed
897 1667 1232 1738 Ecclesiam,
1273 1684 1406 1741 qua
1456 1684 1665 1741 corpus
1713 1667 1838 1742 ejus
1885 1676 1992 1736 est,
2080 1667 2317 1727 luxuria
2340 1670 2529 1727 carnis
2554 1671 2820 1738 inebriat,
2854 1681 2908 1731 et
2941 1676 3109 1748 quasi
3138 1693 3260 1751 pra
3295 1679 3474 1738 nimia
3499 1667 3791 1755 potatione

286 1760 544 1819 dividere
580 1774 699 1817 non
736 1757 966 1817 timetis.
1008 1756 1106 1815 Ait
1142 1757 1299 1815 enim
1338 1755 1645 1829 Apostolus
1677 1779 1689 1813 :
1730 1780 1749 1805 ν
1787 1755 2367 1841 Adim-Bcadentes,
2397 1759 2459 1817 in
2491 1761 2608 1818 ima
2633 1763 2970 1837 pracipitat.
3017 1766 3210 1839 Tyrus
3248 1768 3446 1837 etiam,
3491 1786 3624 1845 qua
3670 1771 3789 1830 He-

292 1850 415 1924 pieo
444 1865 511 1908 ea
539 1864 670 1921 qua
704 1847 913 1906 desunt
943 1847 1280 1920 passionum
1309 1845 1519 1904 Christi
1547 1846 1609 1903 in
1644 1861 1815 1903 carne
1845 1860 1993 1916 mea,
2082 1847 2273 1907 braice
2312 1864 2433 1907 sors
2470 1849 2703 1921 dicitur,
2745 1857 3004 1922 angustia
3040 1855 3164 1915 sive
3198 1861 3483 1917 tribulatio
3510 1861 3794 1936 interpre-

291 1957 390 2014 pro
426 1954 659 2028 corpore
696 1938 841 2028 ejus,
870 1937 1037 2028 quod
1065 1945 1149 2028 est
1178 1937 1431 2028 Ecclesia
1453 1940 1600 2028 ‘(CoL
1637 1940 1698 2005 ι).
1735 1960 1754 1984 ι
1789 1936 1997 2028 Enim-
2087 1942 2240 1995 tatur
2271 1957 2282 1995 :
2298 1954 2431 2028 _quo
2460 1939 2549 1997 illi
2580 1940 2853 2000 videntur
2882 1946 3183 2018 perspicue
3217 1947 3528 2022 designari,
3559 1950 3664 2025 qui
3696 1967 3795 2025 per

291 2044 425 2085 vero
463 2026 678 2085 milites
718 2026 879 2084 veriti
919 2032 1053 2085 sunt
1100 2026 1334 2084 Domini
1387 2024 1645 2084 scindere
1698 2024 1995 2115 tunicam;
2085 2024 2397 2101 impietatis
2436 2045 2607 2102 opera
2648 2042 2938 2106 perpetua
2976 2036 3334 2097 tribulationi
3376 2042 3466 2098 vel
3511 2024 3797 2115 angustia

292 2134 395 2177 vos
426 2117 748 2190 discerpere
785 2131 902 2174 non
947 2116 1263 2191 formidatis
1299 2116 1612 2175 Ecclesiam
1646 2134 1658 2173 :
1689 2114 1791 2189 qui
1831 2112 2003 2170 nimi-
2070 2119 2404 2192 ‘probantur
2456 2117 2716 2177 obnoxii.
2779 2120 3005 2180 Madian
3058 2124 3467 2197 interpretatur
3517 2112 3798 2185 declinans

293 2226 424 2269 rum
451 2223 565 2266 non
599 2207 810 2265 idcirco
842 2206 1227 2265 Ecclesiarum
1256 2206 1417 2265 lucra
1441 2204 1804 2277 conquiritis,
1840 2208 1903 2259 ut
1928 2200 2001 2259 ad
2081 2209 2378 2278 judicium.
2411 2207 2506 2266 Illi
2532 2208 2703 2280 plane
2722 2210 3011 2282 judicium
3038 2212 3349 2286 declinant,
3383 2217 3484 2289 qui
3514 2216 3799 2291 dogmati-

290 2297 737 2357 consecrationis
780 2296 1026 2368 gratiam
1079 2298 1474 2356 conscendatis
1528 2317 1543 2354 :
1602 2297 1699 2354 sed
1762 2292 2003 2353 necessi-
2091 2294 2271 2352 zando
2299 2309 2587 2367 perversa,
2614 2295 2832 2354 divina
2862 2297 3004 2372 legis
3023 2298 3308 2373 justitiam
3340 2300 3575 2361 violant.
3610 2303 3803 2362 Sisara

295 2394 408 2445 tate
446 2384 749 2458 compulsi,
791 2385 921 2442 ideo
956 2385 1226 2457 patimini
1265 2387 1775 2454 consecrationem,
1811 2391 1877 2441 ut
1911 2398 2004 2441 ec-
2091 2383 2304 2440 dicitur
2331 2386 2570 2439 emclusio
2599 2386 2834 2454 gaudii;
2873 2393 2928 2443 et
2967 2390 3318 2462 quicumque
3356 2405 3416 2449 se
3454 2389 3707 2450 lasciviis
3752 2396 3806 2449 et

298 2477 673 2537 clesiasticam
719 2491 820 2533 vos
857 2490 975 2535 non
1017 2477 1311 2550 contingat
1348 2476 1609 2534 amittere
1655 2475 2002 2532 facultatem.
2092 2473 2421 2532 carnalibus
2450 2474 2754 2535 lenociniis
2778 2476 3102 2550 petulanter
3125 2479 3499 2554 immergunt,
3525 2482 3806 2555 gaudium

297 2566 415 2624 Nec
446 2567 515 2623 ad
552 2566 659 2622 hoc
687 2563 989 2633 anhelatis,
1032 2573 1096 2623 ut
1133 2565 1467 2623 etiiciamini
1506 2564 1780 2623 Ecclesia
1819 2579 2006 2621 sacer-
2047 2638 2057 2645 _
2094 2579 2128 2621 a
2160 2578 2221 2620 se
2253 2576 2521 2635 superna
2563 2562 2844 2622 felicitatis
2880 2564 3219 2625 excludunt.
3260 2567 3432 2626 Jabin
3473 2568 3684 2627 dicitur
3722 2586 3811 2625 sa-

296 2658 457 2716 dotes
491 2676 504 2715 :
536 2656 635 2715 sed
664 2656 735 2714 ad
773 2656 881 2714 hoc
914 2662 1156 2725 tantum,
1192 2664 1255 2714 ut
1284 2656 1442 2715 velut
1473 2652 1840 2714 hareditario
1862 2668 2010 2727 quo-
2090 2656 2269 2725 piens,
2317 2651 2468 2725 quod
2518 2667 2616 2724 per
2661 2653 3044 2726 antiphrasim
3094 2655 3165 2714 de
3207 2655 3327 2715 illis
3363 2658 3808 2733 intelligendum

298 2748 432 2806 dam
474 2748 604 2821 jure
643 2746 772 2804 sitis
806 2747 1118 2805 sanctuarii
1160 2762 1529 2820 possessores.
1574 2745 1710 2802 Illos
1745 2742 2014 2801 videlicet
2097 2750 2199 2811 est,
2251 2740 2321 2798 de
2366 2740 2579 2812 quibus
2624 2740 2763 2799 dicit
2806 2742 3156 2815 Apostolus:
3198 2770 3218 2794 ι
3255 2744 3367 2803 Ubi
3414 2747 3663 2821 sapiens,
3708 2749 3811 2807 ubi

303 2838 615 2907 imitantes,
667 2839 770 2909 qui
813 2838 983 2910 juxta
1034 2836 1221 2894 David
1265 2835 1631 2893 vaticinantis
1683 2832 2009 2901 oraculum,
2098 2830 2304 2901 scriba,
2357 2829 2460 2889 ubi
2510 2829 2865 2902 conquisitor
2906 2831 3083 2905 hujus
3126 2832 3377 2892 saeculi?
3420 2862 3448 2885 »ι
3497 2837 3541 2909 (ι
3587 2839 3707 2895 Cor.
3755 2838 3815 2909 Ι.)

298 2927 577 2985 dixerunt
629 2949 641 2983 :
694 2948 721 2975 α
770 2924 1121 2983 Hareditate
1166 2926 1563 2998 possideamus
1617 2922 2014 2982 sanctuarium
2101 2920 2304 2978 Nonne
2336 2920 2570 2976 stultam
2605 2919 2735 2976 fecit
2773 2918 2926 2977 Deus
2964 2921 3305 2994 sapientiam
3345 2924 3521 2999 hujus
3559 2926 3815 2985 saculi?

303 3015 403 3073 Dei
428 3017 605 3085 (Psal.
632 3020 892 3082 LXXXII).
924 3034 951 3065 ι)
981 3012 1063 3071 De
1089 3013 1307 3087 quibus
1332 3014 1395 3072 in
1420 3014 1619 3071 eodem
1654 3013 1872 3084 psalmo
1900 3010 2016 3067 Deo
2101 3010 2249 3067 Oreb
2283 3010 2691 3079 interpretatur
2721 3012 2974 3076 siccitas;
3006 3017 3059 3067 et
3090 3010 3191 3084 qui
3220 3019 3367 3071 astu
3398 3012 3815 3088 concupiscen-

299 3106 516 3165 dicitur
570 3125 584 3163 :
651 3129 672 3155 ι
736 3103 1018 3173 Quoniam
1092 3103 1487 3176 cogitaverunt
1542 3116 1891 3161 consensum
1952 3102 2010 3157 iu
2039 3102 2201 3190 Otia
2229 3098 2476 3158 carnalis
2500 3100 2790 3171 exuritur,
2819 3100 3001 3159 imbre
3027 3101 3210 3159 sancti
3242 3100 3490 3175 Spiritus
3521 3104 3815 3164 madeﬁeri

303 3209 533 3264 unum,
607 3192 918 3251 adversum
992 3201 1043 3250 te
1124 3196 1531 3250 testamentum
1614 3189 2022 3263 disposuerunt

302 3283 518 3352 (Ibid.).
552 3303 579 3335 »
617 3280 730 3339 Vos
765 3281 925 3339 enim
968 3280 1093 3339 hac
1129 3280 1415 3339 sententia
1453 3279 1717 3353 percutit,
1758 3277 1859 3351 qui
1898 3291 2024 3333 con-

305 3385 544 3428 sensum
584 3371 646 3427 in
689 3385 877 3429 unum
912 3367 1193 3443 cogitatis,
1226 3369 1369 3427 dum
1420 3370 1480 3426 in
1527 3384 1593 3426 eo
1636 3366 1790 3443 quod
1829 3374 2024 3423 contra

303 3476 496 3519 sacros
532 3476 782 3518 canones
817 3460 1028 3531 dicitis,
1074 3475 1191 3519 non
1253 3460 1468 3534 dispari
1504 3458 1694 3517 studio
1734 3458 1885 3515 inter
1926 3471 2027 3513 vos

310 3549 667 3608 unanimiter
699 3549 1089 3620 concordatis;
1120 3557 1295 3622 atque
1322 3549 1603 3607 adversus
1641 3546 1822 3606 Deum
1854 3552 2025 3603 testa-

308 3645 573 3695 mentum
607 3637 911 3711 disponitis
939 3637 1079 3696 dum
1107 3652 1318 3695 novam
1347 3637 1554 3710 legem,
1585 3645 1757 3709 atque
1796 3643 2023 3692 contra-

308 3726 459 3783 riam
489 3724 905 3783 Ecclesiastica
929 3726 1147 3799 regula
1172 3725 1569 3799 promulgatis.
1602 3724 1714 3794 Qui
1744 3738 1877 3780 vero
1906 3721 2026 3779 sint

307 3813 423 3883 illi,
450 3814 555 3889 qui
588 3814 716 3871 hac
748 3821 945 3872 contra
974 3814 1290 3873 Dominum
1318 3815 1550 3885 faciant,
1583 3814 1858 3888 propheta
1885 3811 2028 3870 sub-

308 3908 621 3976 sequenter
671 3917 1039 3974 enumerans,
1093 3902 1427 3962 manifestat
1480 3926 1492 3959 :
1553 3924 1574 3952 α
1634 3898 2030 3959 Tabernacula

309 3989 737 4061 Idumaorum,
774 3997 829 4047 et
857 3990 1184 4061 Ismaelita,
1215 3989 1404 4060 Moab,
1434 3995 1490 4047 et
1516 3988 1793 4062 Agareni,
1826 3985 2027 4056 Gebal,

309 4082 372 4135 et
406 4080 687 4148 Ammon,
729 4078 1028 4150 Amalech,
1068 4085 1123 4136 et
1158 4078 1506 4152 alienigena
1541 4092 1673 4136 cum
1711 4075 2030 4134 habitanti-

311 4165 430 4224 bus
485 4166 728 4241 Tyrum.
786 4166 1019 4226 Etenim
1054 4170 1240 4226 Assur
1277 4166 1454 4225 simul
1501 4165 1662 4223 venit
1710 4181 1843 4229 cum
1891 4162 2027 4221 illis.

310 4255 476 4314 Facti
513 4262 650 4315 sunt
688 4256 762 4313 in
790 4254 931 4311 169
969 4257 1392 4331 susceptionem
1445 4254 1583 4313 filiis
1624 4255 1750 4313 Lot.
1804 4253 1911 4310 Fac
1958 4252 2033 4310 i1-

312 4343 391 4402 h's
435 4344 584 4403 sicut
622 4344 874 4416 Madian,
913 4351 970 4403 et
1010 4345 1238 4416 Sisara,
1282 4345 1433 4403 sicut
1471 4344 1643 4404 Jabin
1682 4343 1745 4401 in
1787 4348 2035 4400 torrente

2108 3205 2221 3247 non
2256 3195 2526 3247 meretur.
2563 3188 2678 3247 Zeb
2706 3189 2921 3247 dicitur
2948 3193 3148 3262 lupus;
3198 3190 3380 3249 Zebee
3414 3196 3663 3249 victima.
3701 3192 3815 3251 Re-

2109 3277 2269 3349 probi
2304 3293 2575 3351 namque,
2624 3278 2725 3351 qui
2771 3284 2908 3336 sunt
2946 3294 3176 3351 rapaces
3211 3279 3272 3337 in
3319 3280 3555 3353 saeculo,
3597 3289 3651 3340 et
3690 3280 3818 3355 lupi

2108 3373 2266 3433 sunt,
2318 3371 2375 3425 et
2420 3367 2531 3439 ipsi
2581 3374 2717 3424 sunt
2768 3366 3040 3435 victima;
3094 3367 3232 3440 quia
3283 3368 3423 3427 dum
3468 3368 3820 3427 infirmiores

2108 3469 2369 3528 quosque
2398 3455 2672 3512 devorare
2700 3453 3077 3526 contendunt,
3106 3464 3163 3512 et
3189 3456 3300 3528 ipsi
3325 3455 3645 3529 spiritualis
3672 3457 3820 3530 lupi,

2111 3546 2217 3604 hoc
2267 3552 2369 3611 est,
2426 3542 2642 3601 diaboli
2689 3542 2958 3601 dentibus
3000 3552 3394 3617 exponuntur.
3450 3545 3560 3605 Sed
3608 3553 3669 3604 ut
3716 3547 3824 3605 hu-

2104 3631 2365 3707 jusmodi
2400 3630 2709 3689 nominum
2748 3631 3032 3705 expositio
3075 3634 3147 3691 ab
3190 3634 3368 3705 hujus
3414 3634 3824 3708 disputationis

2110 3720 2314 3779 ordine
2346 3736 2463 3777 non
2492 3719 2808 3791 dissentiat,
2846 3722 3013 3795 quasi
3044 3722 3165 3796 lupi
3199 3728 3337 3780 sunt
3372 3722 3538 3782 silva
3566 3722 3828 3797 perversi.

2111 3806 2370 3865 doctores
2400 3807 2691 3866 Ecclesia.
2726 3808 2836 3879 Qui
2881 3811 3161 3870 nimirum
3198 3818 3253 3869 et
3291 3811 3413 3885 lupi
3456 3819 3613 3882 sunt,
3647 3812 3827 3871 simul

2111 3903 2167 3955 et
2191 3896 2445 3955 victima
2471 3917 2483 3955 :
2518 3900 2660 3973 quia
2684 3899 2829 3959 dum
2858 3904 3193 3960 inuocen‘tes
3220 3917 3486 3975 quosque
3512 3902 3826 3962 velutoves

2112 3987 2365 4045 cruentis
2401 4002 2594 4061 prava
2639 3989 3065 4061 pradicationis
3100 3990 3370 4049 dentibus
3413 3997 3682 4062 mactant,
3712 3992 3826 4066 ipsi

2112 4092 2346 4151 quoque
2372 4077 2574 4150 rapina
2603 4079 2756 4149 lacti,
2783 4079 2922 4137 etin
2956 4080 3169 4138 diaboli
3200 4080 3530 4141 devorantis
3555 4082 3829 4142 intestina

2114 4165 2353 4239 trajecti,
2401 4165 2792 4225 insatiabilem
2845 4169 2971 4243 ejus
3025 4170 3347 4245 ingluviem
3408 4180 3686 4232 recreant.
3746 4172 3830 4232 De

2114 4254 2331 4327 quibus
2378 4260 2434 4313 et
2480 4272 2580 4328 per
2629 4254 2995 4316 Psalmistam
3035 4258 3246 4317 dicitur
3276 4277 3290 4315 :
3317 4249 3359 4312 ἀ
3393 4257 3554 4320 Sicut
3593 4275 3730 4320 oves
3764 4261 3827 4320 in

2116 4345 2345 4409 inferno
2398 4344 2568 4418 positi
2620 4353 2796 4415 sunt,
2863 4355 2919 4404 et
2975 4362 3129 4406 mors
3185 4346 3451 4420 depascet
3508 4364 3605 4408 eos
3659 4351 3825 4418 (Psal.

311 4433 541 4494 Cisson.
572 4434 976 4510 Disperierunt
1000 4437 1062 4494 in
1086 4436 1281 4495 Eudor
1312 4438 1486 4506 (Psal.
1519 4438 1776 4504 Lxxxu),
1809 4456 1829 4483 ι
1855 4439 1911 4490 et
1942 4439 2345 4510 l‘e-nXLVlll).
2392 4456 2412 4486 υ
2465 4434 2746 4493 Diabolus
2798 4434 2938 4491 170
2986 4437 3141 4494 enim
3191 4454 3336 4493 mors
3381 4436 3630 4509 dicitur;
3681 4438 3831 4498 sicut

2052 4484 2102 4541 D

266 4552 271 4557 ‹
314 4524 500 4599 liqua.
531 4523 789 4594 Quorum
830 4524 1048 4582 scilicet
1087 4524 1398 4582 nominum
1441 4522 1487 4580 si
1538 4519 2035 4594 interpretationes
2054 4519 2102 4541 ν
2123 4522 2185 4580 in
2211 4521 2555 4595 Apocalypsi
2581 4522 2859 4595 scriptum
2888 4531 2973 4581 est
3004 4547 3016 4582 :
3054 4544 3082 4577 ‹‹
3113 4523 3262 4594 Quia
3293 4531 3415 4582 erat
3443 4539 3633 4600 equus
3660 4525 3832 4600 palli-

314 4614 694 4688 exponimus,
734 4613 939 4672 vestris
982 4614 1108 4672 hac
1144 4613 1493 4673 concordare
1542 4610 1801 4669 moribus
1837 4605 2032 4682 procul

315 4700 504 4758 dubio
522 4700 860 4773 reperimus.
887 4701 1134 4759 Idumai
1159 4715 1415 4775 namque
1434 4698 1709 4757 dicuntur
1728 4696 2037 4765 sanguinei,

314 4787 419 4845 vel
453 4792 674 4845 tmeni.
709 4787 871 4858 Quod
902 4790 1067 4848 vobis
1093 4790 1295 4863 utique
1325 4786 1610 4861 congruit,
1639 4784 1743 4859 qui
1768 4783 1906 4841 dum
1934 4782 2043 4839 ista

314 4877 690 4946 contenditis,
719 4893 950 4937 carnem
990 4887 1046 4937 et
1088 4878 1433 4952 sanguinem
1480 4890 1581 4934 vos
1628 4888 1772 4941 esse,
1814 4879 1869 4930 et
1915 4885 2043 4928 om-

315 4964 467 5022 nino
514 4972 771 5024 terrenos
807 4967 1167 5040 apertissime
1215 4965 1644 5025 demonstratis.
1678 4962 1829 5020 Estis
1870 4960 2044 5017 etiam

316 5051 658 5123 Ismaelita,
700 5053 756 5109 id
803 5060 905 5123 est,
951 5055 1274 5118 obedientes,
1317 5068 1432 5110 non
1477 5051 1613 5123 Deo,
1656 5052 1752 5109 sed
1788 5047 2041 5119 mundo;

322 5153 446 5197 non
492 5140 713 5199 divina
758 5140 891 5215 legi,
944 5143 1041 5201 sed
1093 5144 1274 5201 carni.
1327 5142 1493 5200 Moab
1542 5157 1677 5199 vero
1721 5139 1934 5198 dicitur
1979 5155 2046 5193 ea:

312 5236 506 5303 patre,
539 5247 642 5305 per
672 5230 849 5304 quod,
877 5230 1155 5304 quoniam
1202 5236 1480 5305 paternus
1524 5229 1781 5287 incestus
1824 5225 2049 5285 intelli-

317 5318 508 5392 gitur,
540 5325 730 5378 vestra
760 5334 991 5395 quoque
1021 5319 1260 5379 luxuria
1297 5318 1738 5377 condemnatur.
1770 5313 2046 5389 Agareni,

2124 4609 2254 4680 dus,
2308 4615 2364 4666 et
2410 4608 2512 4682 qui
2562 4608 2792 4666 sedebat
2838 4626 3011 4683 super
3056 4626 3213 4680 eum,
3274 4626 3487 4669 nomen
3534 4613 3621 4671 illi
3676 4628 3834 4672 mors

2126 4699 2312 4770 (Apoc.
2342 4700 2442 4766 VI).
2476 4715 2503 4748 »
2532 4695 2869 4753 Cavendum
2897 4711 3030 4769 ergo
3061 4698 3246 4769 vobis,
3277 4715 3345 4756 ne
3374 4698 3517 4757 dum
3549 4699 3834 4758 mortibus

2128 4785 2508 4860 parvulorum
2537 4790 2785 4843 vestram
2809 4783 3028 4843 satiatis
3057 4786 3332 4857 esuriem,
3381 4797 3437 4845 et
3476 4788 3586 4860 ipsi
3622 4787 3835 4846 occulti

2128 4873 2370 4949 raptoris
2395 4872 2727 4931 eﬂiciamini
2764 4874 3033 4945 victima,
3065 4889 3209 4946 quos
3243 4874 3341 4933 ille
3373 4891 3553 4935 vorax
3585 4883 3640 4935 et
3676 4876 3834 4935 insa-

2132 4962 2344 5021 tiabilis
2371 4960 2661 5020 homicida
2686 4962 2750 5019 in
2772 4977 2876 5020 sua
2908 4963 3207 5020 transferat
3233 4961 3526 5021 alimenta.
3561 4961 3836 5023 Salmana

2130 5051 2340 5109 dicitur
2369 5053 2563 5107 umbra
2601 5055 3004 5119 commotionis;
3035 5058 3090 5109 et
3114 5051 3358 5109 carnalis
3390 5052 3657 5127 quisquis
3690 5052 3837 5112 dum

2132 5140 2513 5200 umbraticam
2545 5140 2873 5198 felicitatem
2909 5140 3189 5214 sequitur,
3220 5141 3454 5200 veritate
3489 5149 3834 5218 contempta,

2134 5247 2233 5306 per
2252 5234 2440 5289 varias
2460 5232 2669 5290 mundi
2689 5230 3178 5303 coucupiscentias
3198 5240 3614 5293 commovetur.
3637 5232 3840 5293 Cisson

2132 5327 2345 5389 autem,
2402 5320 2467 5377 in
2515 5336 2632 5394 quo
2687 5318 2906 5378 scilicet
2947 5326 3194 5378 torrente
3239 5338 3443 5381 omnes
3488 5320 3579 5383 illi
3629 5323 3842 5384 devicti

322 5404 396 5463 id
441 5412 549 5478 est,
596 5410 885 5480 proselyti,
933 5407 1024 5465 vel
1072 5410 1313 5472 advena,
1360 5422 1478 5480 quo
1523 5406 1898 5480 designantur
1941 5419 2051 5461 no-
2136 5414 2293 5480 sunt,
2325 5409 2537 5465 duritia
2577 5425 2760 5465 eorum
2790 5408 3219 5481 interpretatur.
3262 5409 3329 5469 In
3375 5411 3589 5471 duritia
3628 5412 3842 5487 quippe

326 5496 520 5568 mine,
564 5498 666 5571 qui
708 5513 809 5571 per
848 5497 1192 5556 exteriorem
1242 5495 1479 5571 quidem
1523 5497 1846 5556 societatem
1892 5490 2054 5550 Chri-
2136 5515 2240 5556 sua
2271 5497 2610 5572 depereunt,
2654 5497 2758 5575 qui
2805 5514 2976 5571 prava
3014 5499 3301 5573 docentes,
3336 5502 3559 5561 veritati
3593 5502 3846 5574 pertina-

325 5583 533 5645 stiano
569 5586 783 5660 populo
818 5600 879 5644 se
912 5585 1180 5646 concives
1223 5585 1521 5658 simulant,
1550 5585 1649 5644 sed
1691 5582 1802 5657 legi
1841 5581 2054 5642 Christi
2137 5586 2279 5645 citer
2311 5593 2367 5645 et
2401 5586 2685 5647 obstinate
2721 5586 3015 5646 resistunt.
3058 5588 3254 5650 Eudor
3291 5590 3484 5660 etiam,
3527 5588 3626 5651 ubi
3661 5588 3851 5663 peric.
