4024 6198
206 282 306 344 367

730 278 789 337 S.
832 274 1057 335 PETRI
1097 271 1418 331 DAMlANl
1457 270 1613 332 OPP.
1659 270 1851 332 PARS
1893 271 2034 332 SEU
2075 273 2328 335 TOMUS
2366 277 2411 334 Ι.
2453 308 2521 319 --
2559 256 2795 338 EPIST.
2843 279 2981 338 LIB.
3028 278 3183 340 VIII.

2751 100 2779 133 Ι

3600 284 3706 341 368

130 416 131 419 ‘
207 412 365 477 runt,
395 405 803 479 interpretatur
841 403 967 469 fons
1011 401 1398 468 generationis,
1431 397 1529 457 sed
1561 399 1761 472 utique
1794 398 2103 458 car-Ama
2139 403 2312 474 possit
2350 404 2545 475 procul
2577 404 2752 462 dubio
2794 405 2964 471 Deus,
3008 414 3191 478 posset
3232 407 3430 480 utique
3463 408 3536 465 ab
3573 425 3706 480 agro

206 499 393 568 nalis,
469 497 565 556 cui
622 494 897 553 nimirum
949 489 1363 549 delectabiliter
1407 490 1625 561 dediti,
1693 492 1919 550 funesta

203 592 546 648 meruerunt
571 582 728 641 caede
750 579 1030 655 prosterni
1060 602 1069 633 :
1101 594 1217 636 non
1264 585 1592 651 quaerentes
1636 578 1758 638 illic
1787 596 1916 654 ger-

202 677 447 744 minare,
476 673 577 733 ubi
603 686 793 745 neque
817 669 1060 739 nubent,
1090 682 1280 741 neque
1308 683 1521 726 uxores
1546 668 1778 739 ducent,
1810 682 1919 727 nec

200 764 480 837 incipient
511 761 656 818 mori
685 777 698 815 :
732 758 829 815 sed
871 756 995 815 illic
1028 756 1238 829 potius,
1275 757 1377 815 ubi
1408 758 1692 832 quidquid
1723 758 1914 832 gigni-

199 861 314 923 tur,
350 853 410 913 in
451 855 693 909 mortem
734 861 966 907 necesse
1007 851 1091 904 est
1128 844 1462 904 resolvatur.
1495 844 1610 905 Vos
1640 846 1820 920 igitur
1852 847 1913 906 in

199 938 393 1001 Eudor
433 934 640 994 intima
679 932 867 991 divini
903 931 1081 1006 gladii
1117 931 1272 991 caede
1309 932 1599 1010 porruitis,
1635 933 1737 1007 qui
1765 935 1913 993 sacri

194 1026 494 1087 ministros
524 1022 720 1083 altaris
748 1021 953 1081 incesti
985 1021 1244 1094 conjugii
1272 1021 1625 1081 consciscere
1654 1023 1909 1096 copulas,

192 1122 249 1175 et
281 1113 511 1190 spurios
542 1112 777 1187 gignere
813 1111 962 1168 ﬁlios
999 1109 1263 1169 edocetis.
1302 1109 1596 1170 Postremo
1632 1113 1737 1184 qui
1777 1127 1908 1170 san-

192 1204 481 1267 ctuarium
526 1202 630 1261 Dei
674 1217 789 1259 non
830 1201 1117 1274 spirituali
1152 1201 1563 1271 moderamine,
1611 1209 1668 1260 et
1714 1203 1906 1275 provi-

191 1294 355 1353 sione
391 1290 735 1365 gerendum,
775 1289 875 1347 sed
916 1290 1079 1349 velut
1115 1290 1482 1349 haareditario
1532 1291 1664 1364 jure
1720 1292 1905 1364 possi-

190 1382 449 1443 dendum
499 1378 781 1449 asseritis,
835 1378 1113 1438 omnibus
1175 1379 1268 1438 his
1335 1380 1907 1453 interpretationibus

190 1471 521 1542 nominum,
545 1484 680 1545 quae
702 1469 991 1527 succincte
1013 1470 1286 1543 superius
1305 1477 1440 1527 sunt
1461 1472 1758 1544 eXpositaa,
1783 1487 1907 1545 per-

189 1561 389 1635 spicue
439 1556 766 1632 subjacetis.
814 1556 926 1616 Sed
974 1551 1115 1615 cum
1145 1558 1512 1616 revincendis
1550 1559 1905 1620 thematibus

191 1650 327 1721 illis,
384 1648 599 1723 quibus
637 1645 890 1705 breviter
925 1645 1303 1721 celeriterque
1338 1648 1760 1720 respondimus,
1796 1649 1901 1707 ad-

2000 487 2446 547 Mediolanensis
2498 490 2769 549 Ecclesiae
2838 493 3103 549 omnium
3175 494 3465 552 haereseon
3530 504 3709 568 pestes

1997 576 2198 648 procul
2235 576 2500 651 abjicere,
2541 586 2596 636 et
2647 578 2829 637 illaesa
2889 582 3182 638 vernantis
3236 582 3369 639 ﬁdei
3418 583 3707 642 frumenta

1997 668 2225 724 servare
2257 690 2269 724 :
2309 667 2406 724 sed
2446 667 2571 726 vult
2599 666 2859 725 fidelium
2896 683 3134 726 suorum
3172 670 3411 742 probare
3436 679 3706 730 constan-

1996 755 2156 825 tiam,
2184 770 2360 828 quam
2386 756 2670 815 violenter
2696 757 2961 816 videlicet
2984 774 3145 817 arma
3171 760 3503 833 corripiant,
3529 776 3701 834 quam

1994 843 2230 901 robuste
2260 859 2467 903 manus
2497 846 2768 905 manibus
2788 853 3112 919 conserant,
3142 862 3318 921 quam
3342 847 3593 923 denique
3620 849 3705 906 in-

1994 930 2274 1006 fatigabili
2312 938 2508 990 contra
2547 934 2866 1005 diabolum,
2900 934 3142 1009 ejusque
3170 936 3442 995 satellites
3473 937 3698 996 animo-

1992 1019 2159 1079 sitate
2179 1023 2507 1096 conﬂigant.
2534 1023 2799 1081 Poterant
2820 1024 2977 1081 enim
2999 1029 3054 1081 et
3073 1024 3316 1083 istorum
3340 1027 3698 1098 magistrum,

1990 1109 2257 1169 videlicet
2296 1110 2593 1170 Simonem
2631 1112 2767 1169 olim
2812 1112 2936 1170 suis
2973 1112 3243 1186 apostolis
3279 1112 3694 1186 adversantem,

1990 1215 2063 1257 ne
2102 1199 2165 1256 in
2205 1214 2337 1258 aera
2372 1200 2657 1260 levaretur
2690 1200 2964 1259 obsistere
3001 1222 3014 1258 :
3056 1203 3154 1259 sed
3187 1201 3259 1259 ad
3297 1202 3404 1260 hoc
3444 1203 3700 1276 permisit

1989 1288 2210 1359 extolli,
2243 1296 2306 1348 ut
2333 1290 2403 1347 ad
2436 1291 2528 1349 sui
2561 1292 2832 1366 majorem
2873 1292 3117 1365 gloriam
3156 1299 3210 1350 et
3247 1291 3408 1349 illius
3445 1292 3695 1365 ignomi-

1987 1381 2143 1440 niam
2186 1381 2551 1455 compelleret
2588 1382 2652 1440 in
2691 1382 2807 1440 ima
2845 1382 3099 1456 demergi
3132 1387 3210 1452 (In
3239 1386 3377 1439 actis
3406 1387 3471 1439 B.
3507 1385 3694 1454 Petri).

1987 1469 2395 1541 Quamobrem,
2456 1470 2837 1540 dilectissimi,
2886 1470 3224 1529 dimicantes
3271 1471 3547 1528 adversus
3599 1486 3695 1541 ge-

1985 1559 2211 1616 minam
2246 1558 2547 1617 diabolicae
2582 1559 2830 1633 legionis
2876 1560 3079 1628 aciem,
3114 1558 3291 1618 nolite
3315 1573 3554 1629 cessare,
3590 1573 3694 1616 no-

1984 1646 2084 1707 lite
2119 1648 2389 1721 degeneri
2438 1648 2908 1723 pusillanimitate
2952 1647 3196 1706 deﬁcere
3229 1667 3241 1705 :
3281 1648 3379 1706 sed
3423 1654 3692 1720 tanquam

189 1741 305 1801 huc
330 1744 669 1811 argumenta
701 1734 1057 1809 perplurima
1081 1742 1419 1808 suppetant;
1445 1749 1685 1796 manum
1711 1744 1897 1796 tamen
1922 1753 2122 1819 Bvere
2150 1737 2255 1795 ﬁlii
2286 1737 2612 1811 Benjamin,
2653 1736 2755 1812 qui
2789 1737 3044 1795 dexterae
3080 1736 3239 1795 ﬁlius
3275 1734 3504 1805 dicitur,
3536 1741 3693 1792 utra-

178 1829 298 1903 jam
337 1844 373 1887 a
410 1824 698 1885 scribendi
743 1823 1003 1883 libertate
1046 1824 1488 1896 compescimus,
1547 1833 1612 1884 ut
1660 1826 1898 1885 uberius

186 1915 441 1977 dictandi
480 1916 650 1985 vires,
702 1913 749 1972 si
800 1920 993 1973 tamen
1038 1913 1232 1972 adhuc
1275 1929 1505 1973 necesse
1554 1915 1749 1988 fuerit,
1799 1931 1900 1989 per

184 2006 522 2080 respirantis
551 2004 790 2077 spiritus
819 2004 1004 2062 otium
1043 2018 1397 2078 reparemus.
1440 2003 1661 2063 Parcite
1697 2021 1898 2079 proca-

184 2095 352 2155 cibus
399 2093 586 2163 labiis,
631 2091 1013 2162 dilectissimi,
1061 2098 1117 2149 et
1161 2091 1210 2150 si
1258 2108 1436 2166 quam
1482 2092 1788 2168 asperioris
1834 2095 1899 2153 in

185 2200 286 2244 vos
324 2181 489 2243 verbi
527 2182 886 2255 salsuginem
923 2182 1204 2243 scaturire
1241 2182 1593 2256 conspicitis,
1626 2199 1743 2242 non
1782 2200 1895 2259 me,

182 2274 283 2335 sed
339 2288 442 2337 vos
501 2272 694 2347 potius
751 2271 1092 2346 redarguite,
1146 2272 1248 2345 qui
1305 2273 1556 2332 scribere
1612 2276 1898 2350 compuli-

184 2372 305 2423 Μ’
602 2489 629 2505 .
769 2438 1316 2517 EPISTOLA,XIV.

184 2550 262 2599 AD
309 2547 693 2607 RODULPHUM,
731 2546 1014 2603 VITALEM,
1058 2545 1388 2607 ARIALDUM,
1434 2548 1894 2610 ERLEMBALDUM,

890 2634 1197 2690 ALIOSQUE.

184 2738 625 2811 ARGUMENTott.
666 2764 726 2811 «ﬁ
749 2731 1090 2811 Cratulatur
1135 2732 1393 2811 primum
1419 2736 1513 2811 _de
1562 2736 1895 2811 egrum.__ad

254 2821 400 2880 quos
433 2802 805 2880 spribittﬁde
845 2811 909 2880 e_t_
938 2800 1296 2880 fortitudine.
1334 2803 1549 2880 Deinde
1573 2804 1646 2862 de
1674 2806 1894 2880 Medio-

252 2873 507 2955 lanensis
532 2873 815 2955 Ecclesiae
855 2873 1155 2955 discordiis
1185 2879 1244 2955 _et
1274 2876 1557 2955 scandatis
1584 2879 1893 2955 conqueri-

256 2957 366 3007 tur.
412 2946 705 3006 Postremo
750 2946 1132 3004 constantiam
1180 2946 1245 3002 in
1292 2947 1505 3006 tuenda
1544 2946 1797 3016 veritate,
1840 2955 1895 3007 et

250 3019 566 3094 coelestem
590 3015 922 3094 felicitatem
961 3031 1077 3074 non
1091 3015 1292 3094 Amedo
1324 3019 1559 3094 precari,
1604 3018 1701 3076 sed
1742 3035 1892 3094 pm-

248 3092 440 3177 dicere
473 3088 906 3177 νίάβεωῖςΝὲφ
932 3086 1448 3177 reﬁaristifﬁse
1482 3086 1615 3170 eum
1658 3086 1890 3177 sirenae
1912 3115 1958 3177 c

250 3162 538 3241 plerique“
562 3174 764 3241 eorum
819 3166 1205 3241 pugnassent,
1266 3161 1541 3235 martyrio
1598 3163 1885 3237 coronati,

250 3230 466 3292 {eterna
496 3230 601 3291 Dei
628 3230 851 3290 visione
881 3231 1179 3290 fruuntur.

247 3348 472 3409 Sanctis
517 3346 793 3406 fratribus
836 3347 1181 3418 RonoLpao,
1220 3347 1454 3420 VITALI,
1500 3355 1554 3407 et
1600 3351 1885 3422 ARIALDO,

165 3444 343 3518 atque
371 3435 872 3521 ERLEMBALDOhet
907 3436 1129 3494 czeteris
1168 3451 1271 3509 pro
1307 3438 1507 3495 castris
1545 3436 1754 3496 Christi
1794 3439 1885 3497 in-

172 3529 321 3587 victa
372 3527 482 3585 ﬁde
533 3525 905 3595 certantibus,
964 3525 1198 3585 PETRUS
1251 3533 1511 3599 peccator
1568 3528 1888 3588 monachus

170 3618 418 3677 salutem
444 3617 505 3675 in
533 3614 777 3675 Christo.

239 3706 633 3781 Omnipotenti
661 3705 778 3764 Deo
808 3705 1021 3779 gratias
1047 3706 1296 3781 agimus,
1329 3706 1707 3777 dilectissimi,
1743 3708 1885 3782 quia

168 3811 289 3867 vos,
344 3796 498 3854 fama
544 3793 925 3864 discurrente,
973 3793 1305 3868 frequenter
1355 3796 1630 3853 audimus
1682 3796 1742 3853 in
1793 3810 1880 3868 eo,

166 3902 340 3961 quem
377 3886 448 3943 de
486 3884 740 3958 Spiritus
776 3885 959 3943 sancti
1003 3882 1136 3939 171
1180 3883 1362 3958 gratia
1397 3882 1757 3956 concepistis,
1788 3885 1884 3958 pio

166 3974 391 4034 fervore
430 3976 752 4047 persistere,
797 3980 852 4031 et
906 3972 1184 4031 adversus
1237 3972 1432 4030 hostes
1484 3971 1881 4031 ecclesiasticas

163 4064 489 4137 disciplinas
523 4063 908 4122 iudeﬁcientis
944 4062 1127 4120 animi
1165 4061 1388 4119 viribus
1422 4060 1715 4121 dimicare.
1750 4064 1879 4122 Non

162 4154 318 4211 enim
345 4157 527 4209 cessat
557 4151 824 4223 trapezita
852 4150 1250 4224 nequissimus
1278 4148 1573 4208 officinam
1598 4166 1720 4209 suae
1747 4167 1877 4224 per-

162 4239 451 4298 versitatis
488 4239 637 4296 intra
663 4238 937 4297 Ecclesia;
962 4246 1119 4312 septa
1138 4245 1492 4307 construere,
1526 4255 1642 4298 non
1665 4240 1878 4299 desinit

163 4336 424 4388 tartareai
473 4335 718 4386 monetw
770 4342 1045 4387 nummos
1103 4326 1330 4385 malleis
1380 4328 1730 4387 cudentibus
1789 4333 1874 4389 fa-
1958 4334 2164 4391 ﬂueret
2219 4328 2361 4387 172
2412 4331 2725 4404 puritatem
2781 4355 2792 4389 :

1986 1842 2101 1901 que
2137 1841 2316 1884 manu
2358 1825 2526 1884 solito
2568 1826 2789 1883 fervore
2817 1824 3127 1896 conﬂigite,
3158 1830 3214 1882 et
3242 1822 3493 1896 bicipitis
3526 1837 3690 1880 mon-

1985 1916 2089 1974 stri
2155 1921 2327 1989 caput
2397 1914 2582 1973 divini
2657 1914 2814 1972 verbi
2878 1913 3088 1987 gladiis
3142 1914 3495 1972 obtruncate.
3550 1912 3691 1970 Ecce

1987 2004 2267 2063 nimirum
2293 2004 2325 2063 J
2329 2019 2482 2075 esus,
2507 2019 2582 2062 ex
2607 2004 2775 2076 cujus
2796 2018 2893 2061 ore
2914 2003 3142 2076 gladius
3165 2018 3237 2060 ex
3264 2009 3505 2075 utraque
3532 2001 3691 2060 lima-

1984 2099 2099 2166 tus,
2133 2100 2188 2151 et
2224 2101 2427 2153 acutus
2459 2102 2617 2168 parte
2655 2094 2908 2167 procedit
2940 2118 2951 2153 :
2984 2101 3040 2152 et
3076 2094 3247 2153 obvia
3284 2108 3533 2169 quaeque
3572 2109 3687 2151 me-

1983 2188 2130 2254 tens,
2158 2190 2454 2242 cruentam
2486 2183 2742 2241 hostium
2770 2182 3091 2261 barbariem
3123 2184 3326 2242 sternit
3350 2185 3547 2253 (ludio.
3583 2187 3685 2254 lu).

1983 2271 2149 2342 Quod
2181 2272 2227 2330 si
2265 2272 2519 2331 fortassis
2556 2288 2630 2330 ex
2665 2273 2905 2331 adverso
2943 2272 3325 2346 multiplicata
3363 2272 3687 2346 malignano

1982 2361 2129 2420 tium
2156 2361 2331 2420 verba
2362 2361 2633 2420 videntur
2660 2362 2953 2436 ingruere,
2984 2361 3132 2421 illud
3158 2361 3334 2420 Elisei
3361 2361 3604 2421 verbum
3627 2361 3685 2419 ﬁ-

1981 2451 2283 2511 ducialiter
2316 2451 2622 2510 inclamate
2650 2474 2663 2508 :
2698 2471 2725 2504 «
2759 2450 2961 2510 Plures
2998 2450 3297 2510 nobiscum
3338 2458 3474 2511 sunt
3510 2467 3685 2525 quam

1980 2557 2113 2601 cum
2156 2540 2276 2599 illis
2318 2542 2419 2613 (IV
2460 2543 2591 2609 Reg.
2630 2542 2732 2611 VI).
2776 2560 2804 2593 ν
2845 2538 2995 2610 Quid
3038 2540 3206 2614 plura
3248 2540 3434 2600 dicam
3463 2543 3490 2598 ί]
3537 2541 3684 2601 Illud

1979 2632 2356 2707 apostolicum
2398 2632 2633 2690 insero:
2672 2653 2697 2685 ‹‹
2732 2631 2889 2690 Licet
2932 2631 3175 2705 angelus
3214 2631 3285 2689 de
3328 2632 3475 2690 cmlo
3510 2648 3684 2690 evan-

1978 2724 2181 2799 gelizet
2228 2723 2393 2783 vobis
2434 2729 2643 2796 praeter
2677 2739 2852 2798 quam
2898 2723 3054 2796 quod
3098 2722 3510 2795 evangelizavi,
3548 2738 3686 2781 ana-

1981 2816 2171 2872 thema
2222 2813 2297 2871 sit
2347 2815 2550 2883 (Galat.
2612 2819 2671 2874 ll.
2730 2833 2757 2865 »
2812 2811 2959 2870 Nam
3012 2827 3161 2882 ecce,
3208 2812 3311 2886 qui
3353 2814 3471 2885 jam
3530 2811 3687 2885 prius

1982 2904 2389 2962 Nicolaitarum
2419 2910 2475 2961 et
2502 2903 2846 2962 Simoniacm
2872 2903 3157 2960 haereseos
3177 2901 3400 2975 laqueis
3424 2901 3687 2959 teneban-

1981 3002 2073 3050 tur
2101 2992 2338 3062 astricti,
2367 3008 2527 3050 nunc
2560 2991 2632 3049 ad
2664 2990 3001 3064 perditionis
3031 3006 3154 3049 suae
3182 2989 3484 3049 cumulum
3515 2992 3684 3049 etiam

1973 3089 2101 3154 post
2150 3081 2357 3140 violata
2406 3080 2792 3155 jurisjurandi
2852 3089 2986 3138 sunt
3032 3087 3388 3138 sacramenta
3430 3080 3682 3153 perjuri;

1975 3176 2041 3231 ut
2076 3171 2137 3229 in
2177 3172 2261 3229 eis
2305 3171 2432 3229 luce
2470 3169 2682 3229 clarius
2722 3169 3029 3243 impleatur
3058 3170 3213 3242 quod
3246 3169 3306 3226 in
3340 3170 3683 3244 Apocalypsi

1970 3276 2071 3334 per
2106 3261 2392 3319 Joannem
2435 3260 2647 3318 dicitur
2680 3283 2693 3317 :
2738 3285 2762 3308 ει
2795 3259 2904 3328 Qui
2943 3265 3125 3328 nocet,
3158 3264 3357 3316 noceat
3389 3258 3597 3324 adhuc,
3625 3265 3682 3315 et

1969 3349 2073 3423 qui
2116 3348 2178 3407 in
2223 3348 2489 3407 sordibus
2525 3353 2629 3416 est,
2670 3347 2959 3406 sordescat
2992 3347 3183 3405 adhuc
3212 3349 3406 3420 (Apoc.
3442 3350 3613 3415 XXII).
3648 3365 3675 3397 ι

1967 3436 2038 3495 ΙΙΙ
2068 3436 2233 3495 vobis
2258 3446 2449 3496 autem
2473 3453 2505 3495 e
2524 3436 2772 3506 diverso,
2801 3436 2957 3512 quod
2982 3435 3278 3510 sequitur:
3302 3433 3464 3503 «Qui
3483 3433 3679 3507 justus

1967 3533 2070 3594 est,
2102 3526 2449 3600 justiﬁcetur
2478 3525 2687 3595 adhuc,
2728 3533 2783 3583 et
2825 3526 2929 3600 qui
2968 3531 3198 3583 sanctus
3227 3529 3331 3595 est,
3363 3521 3678 3581 sanctiﬁca-

1968 3623 2060 3675 tur
2101 3616 2291 3675 adhuc
2334 3618 2536 3689 (Ibid).
2577 3640 2604 3665 κ
2647 3616 2953 3674 Familiare
2996 3616 3215 3675 scilicet
3250 3622 3307 3673 et
3357 3613 3679 3689 genuinum

1966 3705 2385 3764 Mediolanensi
2424 3705 2537 3764 fuit
2580 3720 2809 3779 semper
2847 3703 3138 3774 Ecclesiae,
3172 3711 3236 3762 ut
3270 3705 3332 3763 in
3369 3720 3435 3763 ea
3464 3701 3680 3761 diversi

1964 3794 2248 3868 dogmatis
2296 3794 2563 3853 homines
2607 3800 2663 3853 et
2712 3794 3066 3866 Auxentius,
3109 3793 3287 3853 simul
3329 3800 3387 3852 et
3432 3791 3678 3851 Ambro-

1964 3885 2085 3943 sius
2145 3900 2260 3942 non
2317 3884 2581 3943 deessent
2638 3903 2649 3942 :
2710 3883 2811 3942 ille
2869 3884 3087 3942 scilicet
3147 3889 3416 3956 tanquam
3486 3879 3680 3939 rabida

1963 3973 2226 4032 canicula
2280 3972 2550 4031 fidelibus
2600 3972 2941 4041 oblatraret;
2996 3972 3101 4031 iste
3156 3970 3378 4030 Veteris
3424 3976 3481 4028 et
3534 3968 3679 4027 Novi

1963 4061 2316 4121 Testamenti
2372 4061 2716 4120 testimoniis
2772 4076 2907 4119 eum
2956 4067 3194 4120 cornuta
3252 4058 3681 4134 quodammodo

1961 4154 2123 4211 furca
2204 4150 2502 4224 repelleret
2573 4175 2584 4207 :
2669 4149 2768 4208 ille
2844 4148 3094 4224 viperini
3174 4148 3326 4208 fellis
3406 4149 3677 4223 propina-

1960 4249 2045 4302 ret
2127 4258 2419 4313 errorem;
2495 4242 2604 4300 iste
2662 4241 2899 4315 superni
2979 4240 3154 4299 fontis
3225 4239 3505 4313 irriguam
3583 4237 3680 4297 in-

2857 4329 2957 4388 ille
3009 4344 3281 4404 sequaces
3327 4343 3465 4388 suos
3516 4327 3678 4386 viru-

158 4420 398 4477 bricare.
433 4417 846 4478 Nicolaitarum
878 4433 1107 4494 quoque
1145 4418 1380 4476 haeresis
1408 4434 1542 4494 quia
1570 4420 1736 4478 nobis
1770 4421 2116 4494 vo-nlento
2159 4420 2297 4478 lacte
2340 4419 2607 4490 nutritas,
2649 4427 2704 4477 et
2745 4435 2846 4492 per
2883 4418 3155 4477 astutiam
3193 4417 3412 4477 fraudis
3455 4417 3681 4476 illectos

160 4508 383 4567 hiscum
414 4506 591 4566 simul
621 4507 1110 4568 collaborantibus
1139 4507 1437 4568 videbatur
1463 4511 1682 4580 evulsa,
1716 4511 1871 4569 redi-

156 4597 310 4656 vivis
342 4597 532 4656 adbuc
569 4598 932 4670 germinibus
969 4597 1238 4670 pullulat,
1280 4607 1335 4655 et
1371 4606 1619 4671 segetem
1659 4599 1871 4657 Christi

157 4694 388 4767 maturo
429 4689 550 4763 jam
596 4688 797 4746 decore
852 4689 1160 4747 ﬂaventem
1207 4688 1560 4747 zizaniorum
1619 4689 1873 4748 ieraliter

154 4778 578 4851 emergentium
621 4777 1060 4837 adumbratione
1108 4778 1370 4836 sutiocat.
1427 4777 1589 4836 Unde
1629 4778 1874 4853 procidi-

158 4882 288 4927 mus
324 4856 573 4925 Domitio
619 4866 865 4941 querula
913 4866 1324 4925 lamentatione
1365 4866 1619 4926 dicentes
1650 4889 1663 4924 :
1696 4888 1725 4920 ‹‹
1755 4866 1873 4925 Do-

156 4957 335 5027 mine,
376 4972 571 5015 nonne
608 4956 831 5015 bonum
870 4971 1068 5015 semen
1107 4956 1403 5015 seminasti
1444 4957 1505 5015 in
1547 4971 1685 5030 agro
1725 4955 1872 5014 tuo?

154 5047 310 5104 unde
338 5062 473 5120 ergo
506 5045 679 5104 habet
710 5045 926 5105 zizania
949 5045 978 5105 ?
1014 5069 1041 5098 η
1077 5047 1402 5119 Adjicimus
1430 5046 1604 5104 etiam
1633 5070 1646 5103 :
1683 5065 1711 5099 α
1746 5045 1866 5118 Vis,

156 5141 327 5209 imus,
361 5146 417 5197 et
454 5139 783 5213 colligimus
819 5140 938 5198 ea?
978 5160 1005 5191 »
1041 5138 1148 5197 Sed
1190 5137 1567 5197 consolatorie
1606 5138 1870 5211 protinus

158 5226 322 5285 nobis
372 5241 510 5285 voce
566 5228 870 5300 respondet
929 5246 943 5286 :
996 5247 1024 5281 α
1078 5226 1262 5285 Sinite
1316 5232 1561 5300 utraque
1614 5240 1869 5284 crescere

154 5324 339 5389 usque
364 5316 434 5373 ad
466 5331 732 5388 messem,
763 5324 818 5374 et
854 5317 912 5374 in
956 5323 1211 5390 tempore
1249 5315 1453 5374 messis
1490 5314 1678 5373 dicam
1715 5329 1867 5372 mes-

152 5403 422 5463 soribus:
458 5403 720 5475 Colligite
764 5406 1023 5478 primum
1071 5403 1308 5474 zizania,
1348 5409 1403 5460 et
1438 5401 1670 5476 alligata
1702 5417 1767 5461 ea
1807 5402 1866 5461 iu

152 5491 454 5551 fasciculos
481 5492 554 5549 ad
582 5491 1079 5565 comburendum;
1117 5492 1369 5551 triticum
1403 5499 1596 5551 autem
1629 5506 1866 5563 congre-

152 5589 279 5654 gata
311 5583 366 5642 in
402 5583 674 5642 horreum
706 5596 907 5642 meum
933 5584 1146 5655 (Matth.
1177 5584 1318 5654 xm).
1358 5603 1385 5634 ››
1416 5580 1561 5640 Nam
1588 5596 1723 5641 cum
1749 5594 1868 5639 om-

1893 4473 1943 4534 D

1959 4513 2018 4569 in
2060 4517 2335 4569 tartarum
2381 4517 2697 4583 mergeret;
2740 4510 2847 4568 iste
2889 4525 2989 4584 per
3024 4508 3351 4583 apostolicae
3398 4506 3685 4566 doctrinae
3728 4512 3741 4521 ‘

1958 4600 2327 4660 dulcedinem
2373 4601 2443 4658 ad
2485 4602 2733 4659 coelestia
2770 4600 2973 4674 gloria:
3016 4599 3258 4674 praemia
3305 4597 3672 4656 sublevaret:

1958 4692 2059 4750 ille
2119 4690 2229 4748 sibi
2278 4689 2644 4749 credentibus
2694 4692 2960 4749 tenebras
3010 4689 3282 4748 caecitatis
3336 4688 3673 4754 induceret;

1958 4784 2065 4841 iste
2111 4780 2562 4839 sacerdotalibus
2601 4779 2933 4839 obedientes
2970 4780 3248 4854 imperiis,
3290 4779 3361 4837 ad
3404 4774 3676 4850 splendo—

1959 4883 2077 4926 rem
2126 4884 2278 4927 verae
2322 4867 2456 4927 ﬁdei
2495 4875 2551 4926 et
2600 4867 2800 4927 lumen
2843 4874 3079 4927 :eternze
3119 4867 3319 4940 gratiae
3360 4871 3674 4923 revocaret.

1957 4959 2312 5033 Quapropter
2343 4958 2580 5018 libet.in
2612 4959 2737 5032 ejus
2766 4960 3127 5033 praeconium
3152 4957 3370 5032 quibus
3397 4971 3499 5030 pro
3529 4962 3676 5012 tem-

1956 5064 2091 5124 pore
2153 5048 2313 5107 valeo
2368 5049 2661 5122 gaudere,
2724 5048 2996 5108 laudibus
3067 5048 3391 5107 exclamare
3447 5064 3459 5102 :
3519 5043 3678 5101 Deus

1956 5137 2341 5210 omnipotens,
2378 5137 2760 5210 dilectissimi,
2798 5145 2853 5195 et
2894 5154 2994 5212 per
3021 5137 3211 5195 claves
3252 5134 3313 5192 Β.
3353 5133 3501 5192 Petri
3530 5148 3675 5205 apo-

1956 5226 2083 5284 stoli
2123 5225 2284 5284 vobis
2320 5227 2558 5299 jannam
2600 5226 2764 5301 regni
2794 5225 3042 5285 caelestis
3067 5223 3301 5298 aperiat,
3332 5229 3385 5279 et
3414 5236 3523 5295 per
3550 5236 3681 5279 ora-

1958 5318 2174 5374 tionem
2204 5314 2268 5375 B.
2306 5314 2599 5375 Ambrosii
2641 5314 2932 5389 pontiﬁcis
2963 5313 3137 5372 vestri
3167 5311 3475 5370 clementer
3502 5325 3537 5366 ει
3569 5323 3672 5366 vo-

1953 5404 2043 5461 bis
2089 5404 2285 5462 omnia
2329 5404 2614 5463 tenebrosi
2655 5404 2892 5478 spiritus
2922 5403 3362 5477 inquinamenta
3390 5399 3671 5472 detergat.

1955 5493 2057 5551 Det
2094 5492 2253 5552 vobis
2295 5493 2355 5551 iu
2392 5510 2478 5565 ea,
2514 5509 2688 5568 quam
2730 5494 2906 5551 semel
2937 5492 3211 5567 ccepistis,
3252 5488 3525 5549 inviolata
3565 5504 3677 5545 ve-

1955 5583 2116 5640 ritate
2157 5581 2459 5655 persistere
2501 5607 2512 5640 :
2549 5588 2603 5639 et
2642 5582 2701 5638 in
2735 5580 3063 5655 apostolicae
3103 5578 3234 5637 ﬁdei
3265 5583 3419 5652 petra
3451 5575 3677 5635 funda-
