4024 6198
361 255 465 315 369

1539 261 1764 322 LIBER
1799 261 2148 335 QUINTUS,
2189 264 2426 326 EPIST.
2467 267 2677 326 XVIII.

3751 262 3856 323 370

357 388 462 449 tos,
496 381 724 440 cunctis
751 397 1061 454 pravorum
1100 383 1431 456 dogmatum
1482 386 1778 446 erroribus
1825 388 2238 462 insupe-Ailli
2275 392 2479 450 merito
2525 396 2797 450 notantur
2827 390 3105 462 haeretici,
3146 391 3250 465 qui
3293 395 3656 463 praesumunt
3695 389 3849 462 quod

350 468 611 526 rabiliter
674 470 970 528 resultare.
1043 474 1286 531 Annuat
1343 474 1508 532 vobis
1572 475 1632 532 in
1698 476 1877 550 hujus
1930 476 2063 535 vitae

351 557 600 614 transitu
628 558 710 615 sic
734 574 836 632 per
875 561 1072 619 omnia
1104 563 1324 632 vivere,
1359 569 1596 629 ut,cum
1635 579 1702 622 eo
1732 564 1929 636 simul,
1961 564 2063 638 qui

349 652 549 704 auctor
587 654 670 703 est
696 647 852 718 vitae,
882 647 942 705 in
982 649 1083 706 illa
1122 651 1339 708 ccelesti
1367 651 1688 710 Jerusalem
1721 653 2061 711 mereamini

349 731 478 790 sine
501 733 619 790 ﬁne
643 733 918 805 gaudere.
946 736 1156 793 Amen.

938 850 1306 911 EPISTOLA
1340 854 1463 912 XV.

1027 955 1105 1000 AD
1143 957 1391 1005 EOSDEM.

346 1041 794 1100 ARGUMENTUM.
836 1073 886 1123 ῖ-
922 1043 1152 1124 Ea_dem_
1183 1046 1242 1103 in
1273 1047 1380 1104 hac
1402 1048 1681 1124 _cpislola,
1714 1067 1846 1124 qua)
1875 1053 1932 1110 in
1961 1069 2054 1112 su-

750 1115 963 1185 periori
993 1115 1230 1174 brevius
1261 1115 1654 1179 continentur.

421 1211 651 1270 Pramus
702 1213 1003 1286 DAMIANI,
1061 1215 1416 1288 Ronnwno,
1483 1220 1714 1292 VITALI,
1768 1225 2054 1296 ARIALDO,

347 1300 746 1360 EBLEMBALDO
776 1303 1051 1362 fratribus
1080 1306 1346 1364 salutem.

419 1390 642 1449 Gratias
687 1392 917 1465 agimus
960 1394 1094 1465 Deo,
1151 1396 1303 1470 quod
1349 1401 1632 1457 constanti
1686 1400 1856 1458 fama;
1898 1402 2060 1460 audi-

345 1495 478 1538 mus
550 1495 653 1537 vos
709 1487 1033 1540 constanter
1087 1484 1366 1544 adversus
1422 1487 1612 1545 hostes
1658 1488 2058 1549 ecclesiastica:

343 1567 675 1642 disciplinas
705 1575 938 1629 certare.
973 1571 1388 1633 Nicolaitarum
1431 1576 1690 1650 haeresis,
1725 1595 1859 1652 quae
1891 1581 2058 1639 vobis

343 1658 651 1716 nobiscum
722 1659 1138 1732 laborantibus,
1212 1663 1518 1724 videbatur
1577 1666 1796 1738 evulsa,
1863 1669 2056 1742 repul-

2145 476 2256 534 sibi
2295 479 2505 538 melius
2545 481 2773 540 videtur
2810 480 3062 553 eligere:
3113 479 3502 553 dedignantur
3551 485 3746 538 autem
3789 479 3851 536 in

2144 565 2255 637 his,
2297 583 2432 641 quae
2473 585 2507 627 a
2550 569 2762 628 sanctis
2808 575 2945 629 sunt
3005 567 3268 627 instituta
3317 567 3668 639 doctoribus,
3718 583 3850 640 per-

2144 671 2395 715 manere.
2443 658 2562 731 Ego
2601 667 2797 718 autem
2849 658 2988 731 quia
3037 673 3154 715 non
3199 659 3370 718 modo
3402 665 3662 717 veterum
3713 673 3851 716 san-

2047 811 2050 814 ,
2143 751 2386 816 ctorum,
2419 747 2515 804 sed
2545 754 2599 805 et
2624 748 3000 821 praesentium
3046 761 3140 803 me
3168 747 3520 821 discipulum
3559 762 3682 806 esse
3713 762 3851 820 pro-

2142 833 2327 903 ﬁteor,
2399 841 2455 894 et
2515 837 2764 895 doctoris
2819 838 2964 896 mihi
3025 839 3353 897 cathedram
3402 853 3519 896 non
3579 852 3798 911 usurpo
3838 882 3852 908 ,

2140 939 2258 983 non
2313 927 2413 985 tibi
2479 945 2692 988 novam
2742 946 2913 1004 super
2993 931 3106 1000 his,
3158 946 3293 1006 quae
3359 930 3634 1001 consulis,
3690 946 3854 1004 regu-

2140 1013 2257 1072 lam
2313 1017 2514 1086 condo,
2577 1035 2692 1077 non
2750 1019 2892 1093 legis
2924 1020 3057 1092 jura
3111 1019 3416 1094 promulgo
3475 1043 3487 1077 :
3544 1020 3642 1078 sed
3694 1019 3852 1093 quod

2141 1103 2230 1160 vel
2273 1103 2394 1178 ipse
2447 1105 2504 1164 in
2561 1107 2823 1166 Romana
2861 1106 3118 1165 Ecclesia
3160 1107 3301 1180 ipsis
3341 1108 3664 1181 apostolica:
3701 1106 3853 1166 sedis

2139 1191 2367 1250 tedituis
2393 1209 2484 1251 me
2512 1194 2848 1254 docentibus
2874 1196 3169 1268 consuevi,
3198 1195 3292 1253 vel
3323 1195 3383 1253 in
3421 1196 3552 1254 aliis
3583 1196 3854 1254 Ecclesiis

2139 1279 2358 1350 didici,
2420 1296 2487 1338 ac
2561 1283 2774 1356 saepius
2837 1283 3219 1358 frequentavi,
3283 1283 3620 1356 simpliciter
3680 1283 3854 1342 inno-

2140 1376 2309 1428 tesco.
2372 1370 2738 1432 Sacrosancto
2806 1376 3002 1448 itaque
3064 1374 3422 1448 baptismatis
3469 1375 3698 1433 lavacro
3748 1391 3852 1449 ego

2134 1459 2302 1533 juxta
2330 1477 2551 1520 morem
2577 1464 2857 1523 Romana)
2889 1464 3157 1524 Ecclesiae
3188 1464 3379 1522 solum
3419 1464 3670 1523 chrisma
3697 1480 3849 1523 sem-

2139 1567 2239 1624 per
2290 1552 2600 1622 immiscui,
2659 1553 2868 1612 vinum
2927 1569 3061 1612 vero
3110 1553 3463 1627 permisceri,
3515 1553 3608 1610 vel
3654 1555 3849 1612 oleum

2141 1655 2442 1714 nunquam
2492 1641 2628 1699 vidi.
2680 1640 2826 1698 Nam
2866 1646 2921 1699 et
2970 1640 3071 1698 illa
3118 1640 3432 1714 Scriptura,
3475 1654 3609 1713 quae
3649 1641 3711 1698 in
3758 1642 3851 1699 die

345 1747 506 1806 lulat.
551 1747 706 1806 Deus
745 1749 871 1807 vult
906 1728 1148 1823 probare
1175 1756 1554 1813 constantiam
1601 1728 1861 1816 suorum.
1894 1728 2058 1831 Ecce,
2086 1740 2332 1831 132‘an
2381 1729 2622 1831 Domini
2666 1729 2897 1831 193mm
2944 1745 3079 1831 9“?
3121 1730 3293 1831 eum?
3326 1729 3427 1831 ,δίο
3467 1728 3849 1831 ﬂammatur}

343 1835 446 1910 qui
495 1838 656 1910 prius
699 1838 1114 1898 Nicolaitarum
1162 1848 1216 1900 et
1266 1843 1598 1904 simoniacae
1645 1847 1930 1907 hmreseos
1978 1849 2060 1907 la-

343 1932 514 2006 queis
544 1932 905 2004 tenebantur,
938 1950 1098 1992 nunc
1123 1935 1192 1994 ad
1224 1937 1563 2009 perditionis
1589 1955 1714 1998 suae
1753 1940 2060 2000 cumulum

344 2026 480 2078 sunt
511 2020 684 2078 etiam
728 2022 942 2080 violato
990 2032 1348 2084 sacramento
1380 2027 1618 2100 perjuri.
1661 2027 1824 2098 Quod
1867 2034 2058 2088 tamen
2141 2020 2155 2097 ῗ

343 2109 402 2165 in
441 2107 857 2168 Mediolanensi
892 2112 1146 2170 Ecclesia
1186 2129 1302 2172 non
1333 2095 1419 2172 est
1443 2095 1709 2176 novum}
1745 2133 1878 2192 quae
1906 2134 2056 2176 sem-
2141 2095 2294 2192 Ψίθν
2346 2095 2557 2192 “me”.
2598 2107 2611 2144 ⁵

2142 1821 2326 1875 Sermo
2380 1823 2649 1888 generalis
2703 1822 2769 1875 de
2833 1823 3160 1888 confectione
3218 1821 3550 1885 chrismatis,
3600 1819 3706 1878 hoc
3760 1820 3851 1875 vi-

2143 1907 2313 1966 detur
2365 1907 2508 1963 174
2548 1911 2895 1983 exprimere,
2925 1917 2989 1967 ut
3024 1908 3107 1966 nil
3147 1916 3356 1982 praeter
3394 1915 3656 1968 sanctum
3701 1909 3851 1967 chri-

2141 2014 2266 2056 sma
2295 1999 2606 2058 debeamus
2638 2000 2780 2058 fonti
2809 1997 3169 2072 baptismatis
3191 1999 3524 2057 admiscere.
3566 1999 3665 2057 Ait
3690 1999 3847 2057 enim

2598 2107 2611 2144 :
2671 2112 2691 2140 α
2722 2088 2861 2146 Oleo
2905 2102 3042 2144 vero
3094 2087 3239 2145 sacri
3285 2087 3612 2145 chrismatis
3667 2089 3850 2146 conti-

339 2215 445 2272 per
497 2200 714 2259 diversi
763 2200 1048 2274 dogmatis
1124 2205 1392 2264 homines
1463 2207 1688 2278 habuit,
1986 2209 2060 2266 ab
2140 2177 2291 2278 ῩΠΨ
2343 2193 2493 2278 θαιῖίῖ
2545 2177 2920 2278 baptismag?’
2951 2181 3005 2233 et
3044 2175 3290 2276 enim!"
3325 2177 3454 2278 .fOPS
3501 2177 3701 2278 grati?
3730 2191 3849 2278 αφ’

339 2290 637 2348 Auxentio
663 2295 836 2365 atque
866 2291 1174 2350 Ambrosio
1203 2293 1492 2354 inchoato.

939 2407 1307 2467 EPISTOLA
1342 2411 1464 2468 XV.

503 2512 581 2557 AD
615 2511 1016 2560 LANDULI‘HUM
1045 2516 1340 2562 CLERICUM
1370 2516 1887 2564 MEDIOLANENSEM.

568 2592 836 2657 (Habetur
863 2600 988 2650 tom.
1021 2597 1119 2658 III,
1150 2601 1334 2664 estque
1369 2600 1685 2667 opusculum
1713 2595 1830 2666 42.)

903 2701 1270 2762 EPISTOLA
1309 2704 1493 2762 XVII.

873 2803 952 2848 AD
989 2806 1036 2850 S.
1072 2805 1516 2852 PRESBYTEBUM.

681 2882 946 2941 (Habetur
978 2887 1104 2939 tom.
1140 2887 1236 2948 III,
1273 2887 1331 2940 in
1356 2888 1612 2957 opusculo
1642 2886 1719 2956 8.)

782 2993 923 3051 173
969 2996 1336 3057 EPISTOLA
1383 2999 1593 3058 XVIII.

766 3098 799 3141 Α
811 3097 842 3141 D
872 3097 1146 3144 UBERTUM
1176 3099 1246 3144 PR
1255 3100 1615 3149 ESBYTERUM.

333 3185 781 3262 AnGUuENTUM.
808 3217 876 3228 --
897 3185 984 3242 Ad
1004 3188 1366 3262 quaestiones
1413 3188 1603 3262 Uberti
1629 3189 1944 3262 presbyteri
1974 3190 2046 3247 de

404 3255 767 3384 baptiésngate,
827 3263 880 3315 et
937 3255 1130 3317 missae
1183 3259 1463 3318 sacriﬁcio
1516 3255 1642 3318 hac'
1668 3255 1904 3334 epistola
1959 3277 2045 3319 re-

403 3342 548 3400 spon
591 3343 622 3385 e
655 3373 666 3385 .

405 3424 628 3483 Domno
669 3424 905 3486 UBEBTO
948 3427 1216 3500 religioso
1245 3428 1592 3503 presbytero,
1637 3429 1866 3488 PETnUS
1911 3444 2044 3503 pec-

327 3519 484 3570 cator
538 3515 862 3574 monachus
916 3515 1238 3575 individua)
1290 3517 1588 3591 glutinum
1627 3519 1920 3579 cbaritatis
1979 3519 2043 3578 in

328 3603 594 3663 Domino.

400 3694 853 3764 Questiunculas
923 3705 1070 3770 tuas,
1143 3697 1492 3758 venerabilis
1549 3698 1741 3770 frater,
1800 3698 1869 3757 de
1923 3701 2040 3773 spi-

330 3783 559 3844 ritualis
620 3786 824 3858 studii,
879 3788 1035 3861 quod
1085 3788 1149 3846 in
1206 3793 1261 3846 te
1313 3787 1586 3847 nobiliter
1643 3794 1867 3859 aestuat,
1922 3804 2040 3847 non

325 3873 560 3946 ambigo
609 3874 834 3933 fervore
881 3877 1228 3950 procedere:
1281 3878 1496 3950 quibus
1551 3879 1734 3938 latore
1795 3894 2044 3953 praesen-

328 3964 480 4022 tium
536 3966 786 4024 reditum
842 3967 1168 4039 festinante,
1220 3983 1451 4026 necesse
1504 3974 1589 4026 est
1640 3984 1732 4026 me
1786 3968 2042 4027 breviter

325 4054 702 4126 respondere;
754 4056 1074 4127 praesertim
1126 4073 1259 4116 cum
1301 4073 1500 4115 earum
1547 4057 1757 4117 solutio
1810 4059 2039 4131 prolixo

324 4155 591 4200 sermone
657 4158 771 4201 non
819 4152 998 4217 egeat,
1048 4145 1192 4202 dum
1258 4144 1339 4202 sic
1392 4149 1587 4217 aperta
1643 4145 1756 4202 sint
1817 4147 2034 4219 omnia,

323 4234 388 4287 ut
423 4230 482 4288 in
531 4231 627 4288 bis
665 4232 902 4290 omnino
941 4249 1059 4291 non
1100 4235 1309 4292 haereat
1355 4233 1624 4307 quisquis
1667 4234 2037 4297 ecclesiastici

321 4320 545 4378 ordinis
579 4322 838 4394 regulam
875 4338 994 4381 non
1031 4323 1272 4397 ignorat.
1317 4323 1434 4381 Nos
1462 4324 1622 4381 enim
1651 4339 1869 4382 novum
1903 4342 2032 4385 mo-

2141 2264 2317 2323 lestis.
2355 2288 2380 2314 n
2442 2265 2590 2323 Nam
2644 2281 2775 2324 cum
2827 2264 2930 2322 ille
2984 2266 3269 2324 sermonis
3320 2265 3489 2324 istius
3540 2271 3739 2325 auctor
3780 2265 3850 2323 de

2138 2355 2262 2414 oleo
2340 2356 2694 2414 sanctiticato
2765 2354 3117 2416 sufﬁcienter
3173 2356 3443 2428 superius
3520 2355 3847 2429 eloquatur,

2138 2443 2369 2517 quando
2429 2459 2566 2502 vero
2621 2445 2692 2502 ad
2753 2443 3044 2519 Baptisma
3099 2442 3414 2514 descendit,
3471 2443 3636 2501 tacito
3701 2443 3846 2514 oleo,

2139 2535 2259 2593 solo
2313 2534 2462 2592 illud
2519 2534 2782 2609 perhibet
2832 2535 3142 2594 chrismate
3201 2532 3446 2603 confici;
3507 2538 3658 2605 patet
3713 2549 3844 2606 pro-

2135 2624 2228 2683 cul
2260 2623 2437 2682 dubio
2461 2624 2596 2696 quia
2623 2623 2775 2696 quod
2812 2624 3154 2694 nominavit,
3182 2623 3240 2680 id
3271 2623 3462 2680 solum
3503 2621 3686 2682 voluit
3716 2639 3846 2697 per-

2137 2713 2388 2772 misceri.
2423 2713 2568 2771 Nam
2606 2712 2654 2770 si
2700 2712 2929 2784 vinum,
2963 2712 3053 2770 vel
3089 2711 3281 2771 oleum
3323 2711 3688 2771 fundendum
3723 2730 3848 2773 esse

2133 2801 2487 2872 decerneret,
2558 2801 2858 2860 nominato
2926 2800 3254 2872 chrismate,
3304 2801 3414 2862 hoc
3479 2801 3652 2862 etiam
3726 2820 3843 2864 non

2135 2896 2364 2950 taceret.

2205 2978 2286 3035 De
2320 2977 2681 3037 celebrandis
2711 2993 2848 3037 vero
2888 2979 3199 3038 missarum
3237 2980 3534 3040 solemniis
3557 2997 3663 3041 nos
3691 2983 3843 3042 hanc

2073 3067 2572 3160 Ccon_suetudinis
2623 3067 2885 3160 regulam
2934 3067 2998 3126 in
3041 3068 3744 3160 disciplinatisnEcclesiis
3786 3078 3839 3130 et

2132 3155 2461 3227 didicimus,
2515 3164 2571 3214 et
2625 3156 2908 3227 tenemus,
2963 3163 3028 3216 ut
3090 3157 3326 3217 calicem
3382 3157 3721 3219 differamus
3778 3161 3839 3219 in

2133 3245 2443 3304 missarum
2510 3247 2625 3305 tine
2682 3247 3045 3320 perfundere,
3109 3247 3158 3306 si
3211 3249 3589 3323 nosmetipsos
3639 3250 3840 3310 eodem

2131 3334 2224 3394 die
2281 3337 2625 3395 sacrificium
2675 3337 2866 3396 denuo
2920 3353 3219 3411 speramus
3271 3339 3518 3398 oﬂ’erre:
3573 3340 3835 3416 alioquin

2130 3425 2595 3498 quandocumque
2644 3442 2830 3484 sacras
2879 3415 3093 3484 bestias
3161 3427 3553 3499 immolamus,
3608 3429 3671 3487 in
3706 3415 3838 3489 iﬁne

2129 3513 2362 3571 calicem
2410 3529 2637 3588 semper
2688 3531 2762 3573 ex
2810 3530 2970 3573 more
3011 3516 3438 3589 perfundimus.
3491 3517 3668 3578 Porro
3715 3519 3838 3578 sive

2122 3605 2483 3680 jcjunamus,
2535 3606 2657 3664 sive
2729 3605 3044 3678 reﬁcimur,
3107 3606 3257 3664 hanc
3307 3607 3692 3680 perfundendi
3754 3625 3837 3667 re-

2128 3693 2324 3767 gulam
2378 3711 2495 3753 non
2537 3702 2849 3755 mutamus.
2892 3695 3053 3765 Quod
3091 3702 3284 3755 autem
3322 3697 3609 3770 perhibes,
3653 3713 3836 3770 quos-

2126 3786 2261 3844 dam
2295 3786 2485 3844 dicere
2531 3787 2667 3861 quia
2704 3793 3008 3860 postquam
3060 3785 3361 3860 perfundit
3396 3787 3685 3861 quispiam
3737 3803 3832 3845 ca-

2127 3875 2316 3946 licem,
2372 3892 2485 3935 non
2543 3883 2628 3934 est
2672 3876 2956 3934 dicendus
2990 3891 3115 3934 esse
3161 3875 3419 3949 jejunus,
3456 3881 3512 3933 et
3563 3892 3666 3951 per
3727 3878 3834 3937 has

2124 3964 2361 4023 frivolas
2412 3972 2696 4023 conantur
2742 3965 2987 4038 ineptias
3041 3964 3209 4038 quasi
3256 3965 3647 4038 quaestionum
3703 3981 3829 4025 mo-

2124 4070 2259 4114 vere
2311 4055 2604 4127 litigium:
2651 4054 2744 4112 hic
2795 4052 2941 4112 illud
2989 4053 3093 4111 tibi
3144 4053 3470 4112 cavendum
3519 4059 3626 4123 est,
3674 4056 3828 4130 quod

2124 4145 2263 4204 dicit
2306 4145 2617 4219 Apostolus
2650 4165 2661 4203 :
2715 4165 2740 4198 «
2772 4143 2990 4204 Stultas
3029 4150 3225 4204 autem
3255 4153 3310 4204 et
3352 4147 3480 4204 sine
3522 4145 3831 4220 disciplina

2121 4234 2471 4307 quaestiones
2515 4234 2723 4303 devita,
2759 4225 2944 4292 sciens
2984 4234 3124 4308 quia
3162 4242 3437 4308 generant
3480 4233 3608 4293 lites
3642 4253 3654 4294 :
3707 4251 3825 4296 ser-

2122 4339 2258 4381 vum
2305 4329 2497 4382 autem
2541 4322 2774 4380 Domini
2824 4338 2938 4381 non
2980 4327 3201 4396 oportet
3251 4322 3494 4396 litigare,
3528 4325 3626 4382 sed
3657 4340 3826 4383 man-

323 4426 446 4468 rem
507 4411 780 4471 Ecclesia:
833 4429 948 4472 non
1010 4413 1345 4472 inducimus
1376 4431 1391 4485 ;
1453 4414 1549 4472 sed
1600 4429 1666 4472 ea
1713 4429 1846 4487 quae
1899 4424 2095 4487 sunt“
2121 4417 2350 4468 suetum
2383 4426 2506 4468 esse
2535 4409 2608 4467 ad
2633 4425 2834 4468 omnes
2868 4413 2943 4478 (II
2969 4413 3108 4466 Tim.
3145 4414 3228 4479 Il).
3266 4435 3292 4459 »
3337 4410 3594 4469 Sufﬁciat
3629 4413 3824 4486 itaque

2046 4461 2098 4521 D

320 4515 357 4554 a
393 4498 659 4559 Patribus
703 4501 966 4560 instituta
1009 4517 1328 4560 servamus.
1377 4502 1448 4560 Et
1485 4503 1762 4576 quoniam
1794 4503 1866 4560 ab
1904 4497 2102 4578 apo-""
2124 4499 2224 4556 tibi
2283 4499 2567 4557 succincte
2623 4497 2900 4570 digestum
2958 4498 3179 4566 audire,
3231 4513 3408 4572 quam
3464 4514 3622 4558 nunc
3671 4507 3824 4560 tenet

319 4588 487 4646 stolis
529 4589 724 4660 ﬁdem,
773 4589 846 4646 ab
878 4589 1205 4662 apostolicis
1235 4596 1427 4648 autem
1474 4589 1616 4649 viris
1653 4593 2030 4650 conversandi

319 4678 380 4734 in
435 4677 686 4736 Ecclesia
735 4677 1095 4751 percepimus
1149 4678 1434 4749 ordinem,
1490 4679 1570 4736 ita
1614 4682 2030 4754 propemodum

320 4783 433 4825 non
483 4776 779 4828 mutamus
825 4768 1148 4841 disciplina:
1191 4769 1429 4826 modum
1470 4785 1502 4826 a
1555 4770 1871 4843 majoribus
1915 4777 2027 4829 tra-

315 4856 526 4926 ditum,
569 4857 715 4916 sicut
759 4857 1046 4915 illibatum
1081 4863 1346 4916 tenemus
1388 4859 1580 4932 ipsum
1615 4873 1847 4933 quoque
1891 4861 2029 4920 tidei

315 4944 784 5004 fundamentum.
848 4946 1012 5006 Unde
1056 4949 1126 5006 ad
1183 4947 1552 5017 Timotheum
1603 4947 1740 5006 dicit
1783 4950 2029 5022 Aposto-

312 5033 406 5091 lus
459 5058 474 5092 :
539 5060 561 5082 ι·
612 5033 684 5093 Ut
734 5036 880 5094 scias
937 5036 1226 5109 quomodo
1275 5042 1528 5108 oporteat
1579 5037 1638 5095 in
1687 5037 1858 5097 domo
1924 5040 2027 5098 Dei

310 5125 660 5194 conversari,
719 5142 854 5201 quae
911 5135 997 5186 est
1050 5128 1301 5186 Ecclesia
1356 5127 1456 5186 Dei
1536 5128 1677 5200 vivi,
1727 5130 2022 5203 columna,

307 5221 368 5270 et
419 5215 850 5276 ﬁrmamentum
900 5217 1156 5275 veritatis
1198 5222 1249 5287 (Ι
1288 5221 1426 5275 Tim.
1479 5223 1587 5287 Ill).
1625 5242 1647 5270 ι
1691 5218 1817 5278 Non
1865 5221 2025 5278 enim

298 5307 426 5378 jam
470 5305 598 5364 licet
637 5307 860 5365 ultimis
903 5308 1174 5367 Ecclesiae
1215 5310 1513 5380 membris,
1561 5311 1716 5384 quod
1761 5311 1870 5370 sibi
1919 5328 2026 5386 po-

307 5394 604 5452 tissimum
659 5395 912 5464 videtur,
971 5397 1225 5470 eligere;
1277 5399 1374 5456 sed
1430 5413 1662 5459 necesse
1727 5406 1811 5457 est
1868 5403 2024 5459 anti-

301 5483 511 5559 quitus
537 5484 818 5558 ordinata,
851 5489 1108 5546 maxime
1136 5496 1303 5562 prout
1333 5490 1594 5550 Romana
1633 5496 1786 5549 tenet
1828 5491 2024 5550 Eccle-

303 5576 416 5650 sia,
477 5591 839 5636 conservare.
893 5577 1146 5640 Haeresis
1199 5579 1362 5640 enim
1407 5580 1609 5642 electio
1663 5580 1898 5642 dicitur.
1956 5581 2026 5641 Et

2119 4587 2390 4655 Ecclesia,
2458 4586 2960 4656 consuetudinem,
3047 4601 3152 4644 nec
3220 4585 3325 4644 tibi
3403 4585 3565 4644 reddi
3629 4603 3824 4647 conse-

2117 4685 2361 4753 quenter
2406 4677 2606 4749 exigas
2660 4678 2940 4736 rationem
2969 4720 2983 4748 ,
3037 4676 3315 4750 quoniam
3367 4677 3664 4750 negotium
3715 4679 3824 4737 hoc

2116 4767 2386 4842 pluribus
2451 4766 2672 4840 indiget
2732 4767 2943 4834 verbis,
2997 4770 3052 4824 et
3102 4764 3331 4825 facilius
3377 4767 3442 4824 ﬁt
3483 4767 3822 4826 confabula-

2115 4859 2272 4918 tione
2314 4858 2640 4917 communis
2687 4857 2919 4932 eloquii,
2953 4873 3127 4932 quam
3172 4863 3236 4916 ut
3270 4857 3536 4917 dictantis
3577 4857 3822 4919 articulo

2115 4949 2291 5023 possit
2339 4947 2580 5022 expleri.
2623 4948 2738 5006 Nec
2783 4946 3030 5018 mireris,
3063 4946 3112 5005 si
3157 4962 3288 5005 cum
3337 4953 3491 5005 tanta
3535 4947 3822 5008 celeritate

2115 5040 2358 5097 decursa
2386 5037 2800 5113 scriptiuncula
2833 5037 2933 5096 tibi
2973 5037 3082 5095 ista
3112 5053 3229 5095 non
3256 5036 3486 5110 sufficit,
3524 5037 3614 5096 vel
3642 5039 3814 5098 etiam

2114 5127 2257 5187 vitio
2310 5126 2646 5185 rusticitatis
2715 5125 2981 5185 ostendit.
3041 5125 3334 5200 Interroga
3384 5125 3654 5197 gerulum
3724 5126 3818 5186 lit-

2115 5223 2388 5287 terarum,
2444 5215 2580 5288 quia
2635 5231 2766 5275 cum
2808 5231 2953 5289 pene
2996 5215 3284 5274 mediante
3321 5215 3441 5290 jam
3491 5215 3584 5275 die
3633 5219 3818 5279 nostri

2112 5306 2328 5363 montis
2377 5320 2654 5363 cacumen
2707 5303 3044 5376 ascenderit,
3093 5306 3243 5363 hanc
3312 5304 3636 5365 chartulam
3681 5317 3815 5368 ante

2112 5408 2378 5455 occasum
2433 5394 2570 5452 solis
2623 5393 2872 5467 accepit:
2922 5392 3130 5454 Adhuc
3195 5400 3386 5452 tamen
3442 5394 3674 5469 inquire
3742 5396 3816 5454 de

2111 5484 2415 5560 baptismo,
2468 5484 2516 5543 si
2567 5484 2706 5560 quid
2761 5483 2908 5542 mihi
2960 5484 3215 5544 fortassis
3259 5484 3498 5555 excidit,
3552 5484 3694 5559 quid
3748 5484 3814 5542 in

2111 5580 2371 5641 Romana
2415 5583 2674 5638 teneatur
2712 5576 2983 5637 Ecclesia.
3019 5575 3287 5636 Divinam
3311 5590 3511 5650 quaso
3555 5573 3813 5633 clemen-
