4018 6202
213 305 313 365 371

737 309 795 370 S.
838 311 1060 373 PETRI
1099 314 1421 375 DAMIANI
1461 317 1621 380 OPP.
1665 322 1857 383 PARS
1898 322 2037 384 SEU
2077 320 2330 383 TOMUS
2369 321 2414 380 Ι.
2458 351 2525 363 -
2563 317 2797 378 EPIST.
2842 318 2985 376 LIB.
3028 317 3184 377 VIII.

3605 318 3709 380 37?

218 430 378 504 tiam,
428 434 778 494 venerabilis
826 436 1014 508 frater,
1062 445 1127 497 ut
1174 440 1257 499 tui
1318 445 1563 515 pectoris
1610 447 2376 519 sacrarium'Aclauduntur,
2418 445 2634 519 aperiat
2672 468 2685 502 :
2739 452 2794 503 et
2846 460 2980 521 quae
3022 443 3199 518 ligata
3244 450 3404 517 sunt,
3449 450 3711 519 potenter

218 521 518 613 visitet,Aet
556 524 731 585 radiis
766 524 912 584 illud
955 543 1078 585 suae
1118 528 1394 589 claritatis
1437 532 1685 595 illustret
1721 561 1734 595 :
1784 554 1922 613 qua-

218 616 395 700 tenus
413 611 594 670 clavis
622 613 954 677 illeDavid.
984 616 1087 689 qui
1117 615 1327 676 librum
1362 620 1660 695 signatum
1702 611 1922 700 septem

216 697 430 771 sigillis
474 702 697 775 aperuit
740 703 929 775 (Apoc.
958 704 1037 776 v),
1091 703 1192 763 tibi
1245 722 1497 782 quoque,
1550 727 1684 785 quae
1733 697 1926 775 adhuc

2002 537 2282 595 absolvat.

2578 603 2947 673 EPISTOLA
2976 602 3107 663 XIX
3122 646 3134 659 .

2434 709 2510 756 AD
2535 709 2811 759 CLERICOS
2835 708 2908 755 ET
2935 708 3284 757 CANONICOS.

2223 788 2484 859 (Habetur
2509 792 2636 845 tom.
2681 790 2779 852 1H,
2808 792 2994 858 estque
3021 789 3340 859 opusculum
3372 786 3491 860 28.)

204 939 3719 970 ._____.________________________

1461 1130 1844 1219 LIBER
1929 1134 2481 1223 SEXTUS.

1399 1317 1501 1376 AD
1556 1316 1900 1381 ABBATES
1963 1320 2061 1380 ET
2120 1319 2551 1382 MONACHOS.

548 1683 867 1745 175-176
916 1690 1284 1752 EPISTOLA
1334 1692 1601 1753 PRIMA.

2011 1691 2361 1750 venerabilis
2411 1691 2595 1763 Pater,
2652 1691 2790 1766 quia
2841 1707 2975 1749 cum
3013 1692 3135 1766 jam
3187 1707 3281 1750 me
3327 1696 3595 1751 senectus
3622 1693 3711 1751 in-

221 1788 301 1836 AD
341 1787 658 1837 uouscaos
699 1790 864 1838 SACRI
905 1792 1261 1872 Moussfrsan
1298 1795 1346 1841 s.
1380 1794 1685 1843 BENEDICTI
1715 1794 1991 1872 MONTISB
2011 1796 2189 1840 curva
2240 1780 2607 1854 deprimeret,
2662 1786 2721 1838 et
2765 1780 2955 1838 εσσεῑο
3000 1779 3226 1838 viribus
3271 1795 3506 1854 corpore
3548 1788 3721 1841 nuta-

970 1863 1182 1913 CASINI.

524 1940 789 2008 (Habetur
814 1945 943 2001 tom.
970 1865 1281 2015 (ﬁgitque
1301 1961 1486 2017 opusc.
1515 1944 1629 2013 43.)

841 2029 1208 2091 EPISTOLA
1229 2031 1305 2091 II.

326 2130 403 2176 AD
433 2129 678 2178 UGONEM
701 2132 972 2178 ABBATEM
1001 2133 1359 2182 MONASTERII
1385 2134 1823 2184 CLUNIACENSIS.

222 2207 667 2266 ARGUMENTUM.
696 2239 764 2249 —
812 2209 1219 2270 Cluniacenses
1262 2213 1531 2271 monachi
1576 2213 1852 2271 maximis
1899 2228 1933 2269 a

297 2277 356 2337 S.
379 2278 611 2357 doctore
629 2279 926 2357 beneficiis
939 2281 1146 2349 affecti,
1171 2298 1307 2341 cum
1324 2299 1426 2357 pro
1450 2284 1931 2357 eoruIncausain

290 2365 396 2408 sua
429 2356 721 2409 senectute
748 2351 923 2424 Alpes
944 2351 1369 2424 transcendere,
1396 2362 1453 2413 et
1480 2354 1543 2413 in
1570 2353 1818 2413 Galliam
1847 2356 1932 2412 ire

294 2436 409 2505 non
451 2431 802 2505 recusasset,
826 2422 1022 2505 eidem
1061 2422 1478 2496 concesserant,
1510 2434 1575 2505 ut
1616 2426 1929 2505 i_n_pe_rpe:

294 2496 462 2573 tuum
488 2494 616 2565 ejus
633 2494 836 2573 mortis
864 2494 988 2573 dies
1007 2495 1066 2573 in
1095 2510 1201 2573 suo
1223 2494 1574 2573 monasterio
1590 2503 1657 2573 et
1685 2494 1928 2573 fusis'ad

292 2563 793 2643 Deumprecibus,
825 2565 1136 2643 e_t_f_unebri
1166 2568 1530 2643 solemnitate
1556 2567 1803 2643 singulis
1823 2584 1928 2643 an:

239 2704 242 2708 λ
294 2634 388 2715 n_is_
414 2632 821 2715 celebraretur.
847 2635 1110 2709 Idipsum
1152 2654 1317 2697 nunc
1348 2639 1533 2715 Ugoni
1560 2632 1932 2715 {lluniacensi

293 2704 487 2783 abbati
502 2706 567 2783 _i_n
585 2709 924 2783 memoriam
941 2704 1172 2783 revocat
1193 2734 1205 2767 :
1230 2717 1304 2783 et,
1329 2704 1475 2783 utin
1498 2710 1636 2783 reliq
1647 2711 1737 2783 uis
1756 2710 1930 2767 etiam

292 2775 986 2921 gegtglgitsurCluniacensi
1033 2775 1308 2855 subjectis
1357 2781 1512 2839 idem
1564 2775 1688 2838 ﬁeri
1746 2787 1929 2853 curet,

294 2938 521 2997 Domno
578 2937 648 2996 U.
688 2940 1035 2998 veneranda:
1081 2940 1398 3000 sanctitatis
1438 2940 1654 3013 abbati,
1704 2941 1933 3000 PETRUS

224 3030 486 3100 peccator
509 3026 830 3087 monachus
860 3027 1143 3102 quidquid
1187 3045 1409 3088 servus.

297 3116 448 3175 Dum
503 3128 688 3174 unum
749 3114 890 3189 quid
941 3118 1246 3190 quaeritur,
1300 3125 1357 3177 et
1411 3118 1569 3177 aliud
1612 3118 1929 3190 invenitur,

225 3221 598 3280 nequaquam
628 3212 833 3264 votum
860 3206 1107 3279 petentis
1135 3207 1428 3283 impletur.
1473 3209 1693 3267 Paulus
1726 3224 1933 3283 nempe

224 3293 647 3370 conqueritur:
690 3292 835 3364 Quia
877 3294 1019 3354 dum
1064 3296 1277 3355 auferri
1321 3297 1431 3356 sibi
1482 3298 1710 3358 Satanze
1753 3314 1931 3373 ange-

227 3385 353 3445 lum
396 3382 667 3457 postulat,
700 3400 820 3443 nou
866 3385 978 3443 sibi
1023 3386 1297 3446 stimulus
1340 3388 1551 3457 carnis,
1581 3396 1644 3445 ut
1688 3388 1930 3463 petebat,

223 3475 529 3534 aufertur:
571 3473 668 3531 sed
715 3473 855 3548 quia
893 3474 1075 3548 gratia
1117 3476 1227 3534 sibi
1273 3476 1475 3536 divina
1519 3478 1789 3552 sufﬁciat,
1829 3478 1933 3535 ad-

226 3570 497 3625 monetur
538 3568 619 3634 (H
653 3566 769 3623 Cor.
823 3571 951 3635 XII).
994 3565 1221 3642 Moyses
1258 3583 1490 3644 quoque
1537 3570 1719 3642 petiit,
1777 3575 1840 3627 ut
1878 3567 1932 3626 ei

224 3652 432 3713 faciem
517 3667 682 3711 suam
765 3653 1068 3727 Dominus,
1135 3656 1238 3729 qui
1307 3672 1500 3716 secum
1571 3657 1932 3734 loquebatur,

228 3745 571 3815 ostenderet,
602 3749 658 3801 et
685 3760 800 3803 non
827 3744 1078 3804 obtinuit
1104 3747 1303 3818 (Exod.
1333 3749 1568 3821 xxxm).
1599 3746 1756 3805 Alibi
1779 3762 1933 3817 vero,

230 3833 369 3907 quia
416 3832 700 3891 Dominus
734 3848 869 3891 eum
907 3833 968 3891 in
1018 3840 1246 3907 gentem
1295 3851 1563 3909 magnam
1615 3837 1843 3907 faceret,
1891 3836 1940 3892 si

230 3923 355 3996 ipse
397 3920 592 3992 vellet,
639 3920 864 3980 audivit
902 3941 914 3979 :
969 3947 995 3970 α
1026 3921 1261 3981 Dimitte
1312 3938 1425 3994 me,
1478 3924 1691 3998 inquit,
1735 3930 1800 3984 ut
1835 3924 1942 3981 ira-

235 4022 428 4076 scatur
452 4012 811 4075 furor'meus
848 4008 1043 4076 contra
1074 4015 1357 4091 populum
1397 4017 1601 4085 istum,
1631 4021 1687 4075 et
1719 4014 1940 4074 deleam

234 4120 353 4173 eos,
383 4103 707 4178 faciamque
736 4110 789 4161 te
809 4105 869 4161 in
890 4108 1121 4176 gentem
1146 4120 1415 4177 magnam
1444 4106 1640 4176 (Exod.
1676 4106 1892 4163 x-xxm.
1912 4128 1937 4153 ιι

236 4192 326 4252 Ad
367 4193 518 4267 quod
559 4190 787 4264 Moyses
830 4191 1006 4249 libera
1045 4207 1182 4251 voce
1222 4193 1515 4266 respondit
1566 4214 1578 4251 :
1629 4219 1655 4242 α
1687 4195 1805 4251 Aut
1851 4192 1945 4250 di-

239 4280 403 4339 mitte
444 4279 529 4338 eis
573 4280 724 4338 hanc
767 4294 1004 4351 noxam,
1057 4287 1175 4352 aut,
1222 4282 1271 4339 si
1315 4298 1429 4341 non
1478 4282 1637 4352 facis,
1675 4281 1800 4339 dele
1852 4295 1947 4339 me

240 4370 311 4428 de
358 4369 508 4428 libro
560 4372 680 4440 tuo,
722 4383 895 4443 quem
949 4369 1228 4443 scripsisti
1270 4372 1479 4445 (Ibid).
1517 4393 1544 4424 »
1581 4370 1690 4429 Hic
1730 4371 1944 4444 itaque,

241 4457 394 4533 quod
448 4456 674 4532 Moyses
728 4456 977 4529 nolebat,
1024 4458 1201 4533 gratis
1246 4458 1395 4516 illud
1438 4459 1639 4516 divina
1692 4458 1944 4516 liberali-

2012 1870 2211 1939 bunda
2246 1871 2560 1946 gradientis
2598 1870 2836 1943 vestigia
2874 1871 2983 1931 sub
3021 1870 3257 1930 incertis
3293 1873 3588 1946 gressibus
3616 1890 3721 1932 va-

2013 1961 2296 2035 cillarent,
2340 1979 2446 2037 ego
2497 1962 2571 2019 ad
2626 1966 2739 2019 tuae
2782 1960 3062 2035 jussionis
3106 1960 3411 2033 imperium
3462 1963 3719 2020 animam

2013 2068 2225 2125 meam,
2253 2057 2319 2112 ut
2345 2052 2422 2110 ita
2463 2052 2687 2126 loquar,
2722 2052 2781 2108 in
2811 2050 3082 2109 manibus
3112 2051 3257 2110 meis
3288 2052 3473 2126 posui,
3505 2053 3723 2111 aestivis

2014 2143 2284 2217 adoperta
2336 2142 2591 2200 nivibus.
2648 2140 2884 2215 Alpium
2939 2148 3228 2214 praerupta
3271 2142 3600 2211 conscendi,
3665 2147 3722 2200 et

2012 2246 2116 2306 pro
2167 2232 2419 2290 utilitate
2474 2229 2826 2289 venerabilis
2879 2230 3212 2288 monasterii
3261 2229 3344 2290 tui
3391 2230 3724 2307 propinqua

2014 2320 2151 2378 satis
2190 2319 2416 2379 Oceano
2448 2318 2768 2379 Galliarum
2809 2317 3015 2376 intima
3051 2318 3370 2392 penetravi.
3403 2318 3513 2376 Pro
3553 2319 3725 2391 cujus

2011 2409 2375 2481 impensione
2411 2407 2624 2465 laboris
2660 2408 2769 2465 hoc
2808 2406 3176 2480 potissimum
3220 2406 3382 2480 petii,
3435 2412 3727 2481 quatenus

2012 2494 2482 2568 incomparabilis
2532 2494 2633 2553 ille
2675 2500 2828 2564 tuus,
2882 2501 3232 2568 sanctusque
3271 2500 3596 2553 conventus
3640 2502 3727 2553 te-

2013 2601 2145 2645 cum
2178 2584 2357 2643 simul
2396 2598 2496 2657 per
2533 2583 2873 2642 litteralium
2902 2582 3381 2655 astipulationum
3418 2583 3559 2640 mihi
3602 2590 3729 2640 rata

2016 2675 2387 2750 promitteret,
2439 2673 2590 2747 quod
2647 2689 2748 2747 per
2801 2688 3002 2732 omnes
3062 2672 3496 2732 succedentium
3549 2673 3727 2731 vicis-

2015 2767 2298 2827 situdines
2345 2771 2668 2840 temporum
2713 2765 3181 2823 anniversarium
3234 2764 3349 2823 mei
3392 2763 3585 2823 obitus
3635 2778 3732 2821 re-

2011 2857 2210 2917 diviva
2261 2873 2487 2931 semper
2536 2856 2811 2915 memoria
2871 2855 3101 2926 coleret,
3162 2870 3372 2931 meque
3424 2852 3734 2912 tremendo

2007 2948 2189 3021 judici
2220 2948 2328 3022 piis
2356 2962 2589 3021 precum
2619 2946 2916 3020 exsequiis
2955 2945 3403 3003 commendaret.
3442 2944 3551 3003 Cui
3583 2950 3731 3002 tunc

2013 3036 2306 3111 sponsioni
2339 3041 2394 3093 et
2440 3036 2548 3094 hoc
2583 3035 2847 3093 additum
2887 3040 2990 3101 est,
3024 3040 3089 3092 ut
3120 3048 3305 3091 unum
3358 3033 3485 3090 sine
3543 3032 3729 3089 inter~

2013 3126 2291 3185 missione
2317 3140 2420 3198 pro
2451 3139 2544 3182 me
2590 3136 2901 3196 pauperem
2927 3128 2982 3180 et
3010 3120 3305 3180 alimentis
3331 3120 3509 3179 simul
3540 3127 3597 3178 et
3636 3120 3736 3177 in-

2013 3216 2304 3276 dumentis
2330 3214 2547 3288 jugiter
2569 3216 2928 3270 sustentaret.
2958 3211 3066 3269 Hic
3099 3211 3213 3268 mei
3242 3210 3456 3268 laboris
3500 3216 3584 3268 est
3613 3209 3737 3267 fru-

2014 3312 2159 3377 ctus,
2198 3306 2321 3363 base
2358 3318 2577 3362 merces
2604 3301 2812 3375 operis,
2838 3301 2961 3359 huic
2994 3300 3304 3359 redhibitio
3324 3300 3577 3359 talionis.
3612 3299 3732 3360 Sed

2015 3394 2156 3452 dum
2187 3398 2264 3451 tot
2290 3391 2534 3465 copiosis
2558 3406 2625 3447 ac
2645 3388 2907 3462 pretiosis
2934 3387 3282 3446 muneribus
3300 3387 3619 3446 liberalitas
3639 3403 3736 3446 me

2015 3491 2204 3542 vestra
2241 3479 2628 3555 prosequitur,
2682 3493 2797 3535 non
2845 3476 2972 3535 sine
3011 3492 3186 3534 causa
3216 3476 3420 3545 timeo;
3473 3491 3547 3533 ne
3588 3476 3736 3534 dum

2018 3571 2159 3628 177
2194 3575 2420 3644 peracto
2462 3567 2666 3639 labori,
2710 3566 2877 3641 quasi
2921 3566 3182 3638 praeﬁxae
3236 3572 3475 3624 terrente
3512 3579 3739 3623 merce-

2017 3661 2107 3720 dis
2131 3659 2422 3735 quantitas
2454 3656 2732 3727 redditur,
2766 3655 3015 3714 salutare
3044 3654 3191 3712 mihi
3220 3654 3496 3712 orationis
3526 3660 3741 3711 vestrae

2019 3748 2369 3810 beneficium
2390 3746 2782 3806 subtrahatur.
2800 3744 2944 3802 Nam
2958 3744 3058 3802 ubi
3077 3742 3291 3802 diurno
3302 3742 3458 3817 operi
3474 3742 3737 3801 diarium

2024 3838 2301 3907 redditur,
2344 3836 2428 3893 nil
2480 3839 2650 3893 restat
2693 3833 2845 3908 quod
2893 3833 3011 3906 spei
3057 3830 3345 3905 operantis
3396 3830 3468 3887 de
3532 3837 3743 3889 caetero

2025 3927 2428 4000 relinquatur;
2469 3923 2584 3982 nisi
2627 3923 2771 3981 forte
2812 3936 2945 3980 cum
2990 3919 3297 3979 Salomone
3337 3934 3431 3977 me
3465 3934 3590 3977 sors
3638 3918 3745 3977 illa

2024 4016 2335 4089 contingat.
2362 4030 2480 4088 qua
2500 4012 2780 4071 nimirum
2807 4018 2863 4068 et
2881 4010 2963 4082 id,
2993 4009 3149 4085 quod
3172 4008 3419 4083 optabat,
3448 4009 3739 4080 obtinuit;

2025 4115 2079 4168 et
2115 4110 2223 4167 hoc
2259 4108 2515 4180 insuper,
2549 4105 2701 4180 quod
2732 4120 2846 4161 non
2887 4103 3132 4176 petebat,
3160 4101 3374 4175 accepit
3413 4103 3566 4174 (Sap.
3612 4104 3741 4171 vn).

2027 4198 2247 4256 Verum
2294 4210 2398 4265 ego
2442 4201 2746 4253 contentus
2794 4207 2931 4262 uno,
2978 4204 3346 4264 nequaquam
3385 4188 3639 4247 delector
3684 4188 3742 4245 in

2027 4288 2204 4347 altero
2240 4306 2253 4345 :
2285 4292 2341 4344 et
2366 4285 2507 4344 dum
2547 4289 2758 4344 sanctae
2786 4282 3064 4341 orationis
3100 4287 3306 4339 vestrae
3335 4294 3554 4337 munus
3582 4278 3742 4337 efﬂa-

2029 4378 2174 4452 gito,
2244 4376 2492 4449 totisque
2567 4372 2868 4431 desideriis
2952 4369 3286 4428 avidissime
3363 4367 3739 4439 concupisco,

2030 4463 2406 4540 quantumvis
2430 4462 2703 4530 arduum,
2735 4456 3163 4532 quantumlibet
3188 4461 3593 4527 sumptuosum
3624 4461 3729 4510 ter-

242 4555 326 4608 tas
354 4546 565 4607 obtulit
601 4567 613 4605 :
648 4545 807 4617 illic;
829 4547 983 4621 quod
1019 4548 1199 4607 anxie
1236 4549 1614 4623 ﬂagitaverat.
1659 4547 1820 4606 nulla
1857 4534 2190 4612 ra-Drcnaa
2244 4550 2530 4610 facultatis
2584 4548 2950 4607 commodum
3014 4542 3386 4619 parvipendo.
3459 4540 3743 4611 Quamvis

244 4636 397 4697 tione
451 4634 761 4694 consensit.
814 4633 1087 4695 Salomon
1131 4643 1326 4695 autem
1387 4636 1446 4694 in
1512 4636 1787 4711 petitione
1848 4653 1952 4696 sua

241 4725 526 4784 duntaxat
561 4730 807 4798 utroque
847 4723 1068 4784 felicior
1104 4725 1344 4796 exstitit,
1387 4726 1490 4800 qui
1529 4731 1584 4783 et
1619 4739 1715 4783 cor
1746 4725 1946 4798 docile,

243 4812 397 4891 quod
441 4811 687 4883 volebat,
745 4817 800 4871 et
842 4811 1087 4885 gloriam
1128 4818 1302 4887 atque
1355 4812 1605 4882 divitias,
1650 4827 1793 4886 quas
1836 4828 1951 4871 non

243 4901 501 4977 petierat,
542 4900 894 4974 impetravit.
937 4899 1041 4959 Cui
1093 4899 1372 4959 nimirum
1424 4900 1626 4958 divina
1664 4915 1779 4959 vox
1815 4900 1895 4958 ait
1935 4925 1947 4957 :

251 5014 271 5039 ι
319 4991 459 5050 Ecce
507 4990 615 5050 feci
661 4991 766 5049 tibi
816 4990 1143 5049 secundum
1183 5005 1477 5049 sermones
1526 4995 1672 5059 tuos,
1722 4996 1778 5049 et
1824 4989 1956 5049 dedi

243 5082 353 5141 tibi
396 5097 494 5141 cor
530 5080 783 5157 sapiens,
815 5088 871 5140 et
908 5079 1272 5154 intelligens,
1307 5081 1366 5139 in
1404 5084 1625 5139 tantum
1655 5087 1720 5138 ut
1757 5078 1957 5138 nullus

144 5200 153 5205 ι
244 5183 379 5235 ante
429 5183 481 5234 te
528 5175 738 5233 similis
796 5177 878 5236 tui
942 5176 1138 5248 fuerit,
1190 5191 1295 5234 nec
1336 5182 1461 5246 post
1497 5180 1552 5233 te
1594 5178 1957 5233 surrecturus

253 5264 327 5324 sit
387 5290 400 5324 :
456 5264 556 5323 sed
613 5271 669 5323 et
720 5268 861 5337 haec,
918 5282 1054 5343 quae
1108 5282 1222 5325 non
1277 5264 1594 5341 postulasti,
1649 5263 1779 5323 dedi
1831 5263 1952 5336 tibi,

248 5354 480 5412 divitias
526 5354 741 5413 scilicet
788 5361 841 5413 et
878 5355 1156 5427 gloriam;
1207 5361 1268 5413 ut
1316 5369 1489 5413 nemo
1540 5353 1717 5412 fuerit
1747 5351 1956 5412 similis

250 5443 333 5503 tui
387 5441 446 5499 in
498 5440 733 5516 regibus
779 5443 1005 5502 cunctis
1056 5448 1220 5502 retro
1253 5442 1457 5502 diebus
1509 5445 1613 5513 (III
1660 5446 1791 5512 Reg.
1853 5453 1950 5510 IlI;

250 5538 387 5609 Sep.
422 5545 525 5605 vn,
570 5535 768 5593 Matth.
803 5539 905 5604 v1).
946 5557 966 5585 ι
1010 5531 1128 5592 Cur
1173 5538 1366 5592 autem
1404 5533 1511 5591 ista
1546 5531 1954 5607 prmmiserim,

250 5626 449 5700 paucis
494 5623 708 5700 aperio.
760 5623 889 5682 Non
936 5623 1153 5683 excidit
1203 5630 1417 5683 sanctae
1455 5623 1778 5697 prudentiae
1817 5629 1954 5697 tua),

2033 4642 2189 4700 enim
2231 4638 2478 4698 charitas
2524 4643 2711 4697 vestra
2759 4642 2871 4694 tam
2920 4633 3090 4708 plena
3138 4634 3209 4691 sit
3250 4636 3427 4704 atque
3468 4629 3740 4704 perfecta.

2034 4739 2099 4792 ut
2140 4731 2250 4797 his,
2280 4730 2376 4805 qui
2420 4730 2530 4787 sibi
2562 4726 2877 4787 familiares
2914 4741 3038 4785 esse
3079 4731 3395 4792 merentur,
3425 4730 3745 4796 utrumque

2036 4837 2256 4881 munus
2324 4820 2512 4878 libens
2578 4818 2885 4877 aﬂluenter
2949 4814 3281 4889 impertiat;
3342 4815 3485 4873 mihi
3548 4822 3740 4872 tamen

2040 4913 2180 4971 tanti
2222 4915 2307 4967 est
2340 4925 2550 4980 unum,
2580 4913 2644 4966 ut
2690 4907 2937 4966 alterum
2977 4922 3091 4965 non
3142 4905 3453 4980 requiram.
3493 4903 3744 4964 Sinistra

2039 4999 2255 5075 quippe
2308 4997 2557 5072 suspicio
2609 4997 2838 5071 pavidae
2894 4997 3104 5054 mentis
3155 5011 3364 5054 arcana
3417 4992 3742 5063 conturbat,

2037 5105 2112 5147 ne
2161 5088 2301 5147 dum
2361 5093 2585 5145 terrena
2637 5085 2783 5143 mihi
2845 5084 3085 5143 facultas
3129 5084 3385 5152 offertur,
3441 5083 3747 5156 spirituale

2037 5192 2256 5235 munus
2300 5176 2363 5234 in
2410 5174 2608 5248 aliquo
2657 5173 2978 5232 minuatur.
3032 5172 3175 5231 Nam
3222 5173 3282 5231 in
3342 5172 3747 5231 aestimationis

2040 5281 2186 5324 meae
2228 5264 2494 5323 lancibus
2531 5261 2768 5335 gravius
2804 5268 3002 5336 pensat
3031 5268 3244 5319 sanctae
3294 5261 3572 5319 orationis
3604 5260 3745 5320 obo-

2040 5354 2154 5425 lus,
2204 5369 2375 5427 quam
2435 5351 2563 5411 auri
2618 5350 2926 5419 talentum,
2978 5342 3065 5406 vel
3119 5348 3345 5423 copiosa
3399 5348 3743 5408 micantium

2040 5444 2350 5502 multitudo
2386 5455 2771 5517 gemmarum.
2813 5438 2967 5497 Illud
3015 5437 3232 5496 scilicet
3261 5454 3472 5497 aurum
3518 5453 3741 5513 quaero,

2039 5532 2183 5591 illud
2244 5531 2389 5589 mihi
2436 5530 2558 5590 dari
2609 5528 3062 5590 desiderabiliter
3107 5529 3469 5602 concupisco,
3508 5526 3580 5585 de
3629 5542 3743 5603 quo

2038 5622 2316 5697 scriptum
2352 5622 2440 5681 'est
2478 5639 2493 5679 :
2540 5643 2559 5672 ι
2602 5620 2745 5691 Quia
2785 5619 3041 5679 seniores
3067 5617 3357 5678 habebant
3384 5616 3611 5691 phialas
3633 5631 3740 5676 au-
