4024 6198
250 298 344 360 373

1487 304 1711 368 LIBER
1751 307 2060 386 SEXTUS,
2100 311 2336 371 EPIST.
2379 310 2479 371 IV.

3625 309 3728 368 374

251 439 364 483 reas
425 422 624 496 plenas
685 423 1208 498 odoramentorum,
1266 444 1400 502 quae
1462 440 1598 490 sunt
1652 435 2002 496 orationesA
2093 437 2432 508 nasterium,
2485 441 2541 508 et
2593 435 3001 508 Cluniacenses
3061 437 3372 494 monachos
3424 435 3722 508 beneficia

247 519 566 573 sanctorum
619 515 813 586 (Apoc.
868 517 975 586 VI).
1016 537 1036 566 ι
1093 517 1218 576 Hoc
1261 534 1469 578 aurum
1520 522 1762 594 cunctis,
1812 539 1943 594 quia

248 604 547 665 desiderari
590 611 844 678 possunt,
895 607 1380 681 acquisitionibus
1420 611 1681 684 prmfero,
1717 613 1822 671 hoc
1850 615 1944 672 in-

249 694 466 752 hianter
513 693 842 766 amplector,
902 694 960 750 in
1024 695 1200 768 hujus
1258 699 1682 771 comparatione
1741 709 1945 760 cuncta

250 780 451 840 terreni
513 788 769 854 quaestus
819 783 1119 840 commoda
1169 784 1540 858 ﬂoccipendo.
1594 789 1758 848 Unde
1809 806 1943 847 san-

250 876 345 926 cta:
403 867 696 926 charitatis
745 874 882 930 tuae.
911 871 1259 929 venerabilis
1315 873 1497 946 Pater,
1529 875 1777 949 imploro
1827 877 1945 936 cle-

251 958 538 1026 mentiam,
571 965 632 1016 nt
657 956 807 1016 illud
839 964 1045 1016 vestrae
1067 961 1395 1033 sponsionis
1422 964 1770 1037 indiculum,
1797 966 1946 1024 sicut

249 1048 304 1104 in
357 1052 555 1103 sancto
595 1045 958 1105 Cluniacensi
1010 1051 1357 1109 monasterio
1404 1053 1679 1126 scriptum
1730 1061 1832 1114 est.
1870 1055 1945 1113 ita

251 1136 651 1206 nihilominus,
701 1142 753 1194 et
790 1138 851 1194 in
896 1137 1153 1211 reliquis,
1182 1155 1314 1213 quae
1356 1143 1679 1216 disciplinae
1740 1150 1946 1202 vestra:

249 1224 634 1298 subjiciuntur
695 1225 956 1298 imperio,
1013 1230 1424 1290 conscribatur.
1486 1232 1692 1290 Adhuc
1751 1232 1946 1306 pietati

248 1323 354 1374 tum
403 1314 705 1374 humiliter
749 1317 948 1388 prodo,
1002 1319 1238 1392 vestigia
1290 1328 1386 1380 tua
1437 1329 1629 1380 sancta
1683 1323 1827 1381 fusis
1869 1324 1946 1382 la-

247 1407 457 1482 crymis
519 1407 860 1480 provolutus
934 1409 1266 1484 amplector,
1317 1419 1382 1471 ut
1436 1415 1588 1489 quod
1646 1415 1790 1472 mihi
1849 1430 1948 1488 per

247 1497 449 1555 seriem
521 1496 874 1556 memorialis
936 1500 1164 1557 articuli
1226 1502 1494 1576 dignatus
1547 1521 1608 1562 es
1663 1505 1945 1578 polliceri,

241 1587 441 1659 jubeas
485 1587 658 1645 etiam
691 1603 793 1661 per
819 1588 1041 1662 reliqua
1097 1595 1459 1664 monasteria,
1493 1611 1624 1669 quae
1662 1597 1777 1655 tuis
1811 1603 1947 1655 sunt

246 1677 468 1752 legibus
516 1679 790 1753 subjecta,
834 1681 1157 1741 transcribi.
1188 1683 1351 1753 Quod
1395 1686 1443 1743 si
1495 1687 1787 1760 petitionis
1830 1689 1947 1746 hu-

2097 506 2435 567 contulerat.
2497 507 2603 565 Pro
2663 506 2898 581 quibus,
2956 514 3019 567 ut
3068 508 3323 582 aliquam
3380 507 3435 565 ei
3475 506 3724 635 gratiam

2101 581 2397 635 referrent.
2429 594 2546 635 uno
2573 579 2837 635 omnium
2875 595 3158 635 consensu
3199 577 3436 635 nolliciti
3503 585 3723 635 nerant.

2101 581 2397 647 referrent,
2429 594 2546 652 uno
2573 577 2837 652 omnium
2875 577 3436 652 consensu'polliciti
3475 577 3723 652 fuerant,

2099 652 2206 708 sibi
2261 651 2616 723 posterisque
2665 650 2786 723 suis
2831 652 2954 722 ejus
3001 649 3414 723 obitus—diem,
3464 649 3728 723 precibus

2097 721 2473 795 apud—Deum
2511 721 2673 783 fusis.
2707 721 3026 795 solemnem
3064 722 3203 795 fore.
3236 722 3426 794 Hujus
3464 721 3726 792 promissi

2101 793 2257 868 (quia
2305 809 2642 868 supremum
2702 794 2810 850 sibi
2868 793 3021 850 diem
3077 793 3289 868 instare
3329 797 3725 866 praesenserat)

2103 863 2259 922 n'unc
2309 863 2405 922 eos
2455 865 2724 930 admonet
2774 882 2786 920 :
2846 871 2921 935 et,
2971 870 3034 921 ut
3085 863 3256 921 fidem
3291 863 3579 991 1praestare
3613 878 3728 920 non

2103 935 2396 991 negligant
2461 937 2830 991 vehementer
2901 937 3233 991 obtestatur.
3317 935 3431 991 1ch
3496 933 3728 991 epistola

2101 935 2396 1007 negligant
2461 937 2830 994 vehementer
2901 933 3233 993 Obtestatur.
3291 933 3431 1007 I-Izec
3496 933 3732 1004 epistola

2097 1005 2464 1086 potissimum
2502 1008 3114 1086 incommemorandis
3152 1005 3499 1086 eorumd‘em‘
3529 1020 3731 1062 mona-

2098 1078 2339 1136 Chorum
2401 1079 2692 1149 laudibus,
2751 1087 2805 1137 et
2861 1079 2965 1136 loci
3031 1078 3190 1136 illius
3242 1078 3540 1136 sanctitate
3599 1092 3729 1134 ver-

2100 1156 2276 1207 satur.

2100 1240 2324 1298 Domno
2388 1239 2455 1299 U.
2506 1240 2851 1314 archangelo
2919 1240 3355 1309 monachorum,
3421 1247 3734 1313 sanctoque

2027 1329 2360 1398 conventui,
2420 1329 2648 1388 PETBUS
2721 1336 2974 1402 peccator
3059 1328 3375 1386 monachus
3449 1325 3730 1403 quidquid

2028 1433 2253 1477 SBI‘VIIS.

2103 1506 2411 1580 Postquam
2493 1506 2675 1564 feram
2750 1506 2928 1563 semel
3014 1513 3249 1564 venator
3329 1504 3624 1578 illaqueat,
3686 1505 3736 1561 si

2031 1610 2250 1652 nexum
2283 1595 2407 1667 ejus
2444 1593 2687 1667 pedibus
2725 1593 2927 1668 injicit,
2965 1594 3085 1666 jam
3125 1595 3251 1652 sine
3305 1593 3578 1666 perdendi
3621 1593 3736 1650 for-

2032 1683 2250 1741 midine
2298 1682 2529 1756 longius
2580 1698 2707 1740 eam
2751 1683 2979 1754 evagari
3022 1682 3131 1740 sub
3177 1683 3425 1754 quadam
3479 1681 3738 1740 libertate

2035 1771 2331 1845 permittit.
2362 1771 2417 1829 Is
2458 1771 2652 1840 etiam,
2684 1770 2785 1845 qui
2824 1769 3071 1842 aucupio
3109 1769 3438 1839 delectatur,
3469 1769 3609 1827 dum
3649 1769 3742 1826 in-

243 1767 328 1840 jus
365 1768 638 1859 effectum
685 1769 934 1859 rusticus
985 1787 1171 1830 sermo
1214 1789 1331 1831 non
1376 1775 1659 1849 impetrat,
1696 1775 2007 1859 Spiritus];

246 1864 474 1916 sanctus
518 1858 620 1931 qui
666 1858 747 1918 tui
795 1859 1038 1932 pectoris
1084 1862 1400 1921 sacrarium
1449 1865 1719 1937 possidet,
1759 1866 1948 1940 preci-
1985 1858 1990 1859 ί
2028 1861 2177 1935 jecto
2217 1861 2476 1918 funiculo
2517 1859 2756 1933 pedibus
2797 1866 2946 1916 tenet
2974 1859 3290 1928 volucrem,
3324 1874 3561 1917 securus
3601 1874 3740 1917 avo-

245 1946 346 2005 bus
403 1955 459 2004 te
511 1947 656 2006 meis
707 1964 963 2008 annuere
1012 1950 1325 2010 clementer
1372 1953 1630 2028 inspiret.
1687 1955 1758 2012 Ut
1805 1956 1953 2014 sicut
2033 1950 2192 2008 landi
2256 1951 2447 2008 datam
2509 1949 2746 2006 simulat
2803 1947 3172 2018 facultatem;
3227 1955 3281 2006 et
3347 1948 3446 2006 illa
3508 1948 3742 2022 quidem

246 2050 340 2104 ego
372 2051 481 2108 pro
507 2037 672 2095 vobis
699 2053 814 2095 non
848 2038 1109 2097 dubitavi
1136 2055 1345 2113 corpus
1376 2056 1574 2099 meum
1619 2041 1952 2101 crudelibus
2035 2039 2230 2112 fugam
2271 2044 2467 2109 tentat,
2497 2038 2724 2097 alarum
2765 2037 2934 2095 librat
2956 2053 3032 2095 ex
3062 2053 3222 2096 moro
3261 2038 3571 2110 remigium
3599 2058 3609 2096 :
3645 2039 3743 2096 sed

244 2125 443 2182 offerre
490 2125 802 2197 periculis;
838 2125 915 2185 ita
960 2144 1060 2201 per
1088 2145 1190 2187 vos
1235 2146 1482 2204 superna
1518 2131 1822 2189 clementia
1872 2130 1956 2189 di-
2031 2129 2174 2187 dum
2213 2128 2452 2186 exsilire
2491 2134 2751 2196 conatur,
2793 2142 3014 2199 aucupe
3053 2126 3381 2185 funiculum
3431 2127 3745 2200 stringente

243 2221 448 2284 gnetur
488 2213 747 2273 animam
782 2232 970 2275 meam
998 2218 1070 2275 ab
1101 2219 1492 2279 infernalibus
1543 2220 1788 2280 liberare
1835 2227 1951 2277 tor-
2034 2218 2362 2275 retrahitur.
2398 2215 2512 2272 Vos
2569 2215 2738 2272 etiam
2796 2231 2886 2272 me
2948 2221 3071 2272 tuto
3118 2214 3190 2272 ad
3248 2215 3475 2287 propria
3525 2214 3746 2272 remisi-

246 2302 473 2371 mentis,
506 2310 561 2360 et
592 2319 694 2376 per
725 2311 926 2364 vestrae
952 2307 1280 2380 scriptionis
1316 2308 1628 2368 articulum
1666 2309 1952 2369 conscribi
2033 2307 2156 2377 stis,
2195 2321 2371 2379 quem
2412 2304 2678 2363 videlicet
2712 2303 2941 2376 glutino
2990 2311 3197 2360 vestrae
3233 2303 3528 2362 charitatis
3573 2304 3742 2361 astri-

245 2404 464 2448 merear
489 2391 552 2450 in
588 2401 740 2451 sorte
763 2393 1078 2466 justorum.
2032 2402 2190 2452 ctum
2235 2391 2626 2450 insolabiliter
2670 2389 2947 2449 retinetis.
2982 2389 3128 2447 Nam
3185 2390 3449 2448 recedere
3503 2389 3742 2465 quidem

830 2483 1194 2544 EPISTOLA
1251 2486 1351 2544 III.
2033 2499 2266 2556 corpore
2320 2482 2497 2556 potui,
2551 2481 2650 2539 sed
2698 2489 2889 2538 mente
2935 2480 3005 2537 de
3054 2481 3259 2538 vestris
3309 2481 3580 2539 manibus
3628 2496 3744 2539 non

617 2566 693 2612 AD
725 2567 973 2613 EUMDEM
1003 2568 1246 2616 UGONEM
1277 2572 1572 2618 ABBATEM.

2099 2571 2212 2629 Livi.
2246 2571 2331 2628 Ita
2367 2586 2572 2644 nempe
2606 2569 2884 2627 mirandae
2919 2569 3376 2628 conversationis
3413 2577 3618 2628 vestras
3652 2587 3746 2629 me

243 2644 684 2732 AliqghIFNTUi‘h‘l‘.
737 2675 779 2726 ἡ
829 2645 1110 2718 Ugoncm,
1168 2648 1442 2732 ut‘fucile
1491 2651 1697 2723 wnjici
1749 2656 1949 2732 potest,

2099 2676 2227 2718 scus
2276 2658 2612 2728 obstrinxit,
2661 2658 2939 2730 angelicae
2997 2657 3128 2715 vitm
3175 2657 3452 2731 coagulus
3499 2657 3744 2732 aggluti-

305 2715 576 2796 ab‘batern
615 2715 1050 2796 Qluniarensem
1087 2715 1534 2796 quantoamore
1561 2715 1950 2795 prosequitur,

305 2787 578 2856 ostendit,
610 2788 903 2862 simulque
932 2787 1119 2846 eidem
1159 2790 1509 2849 Damianum
1546 2787 1721 2851 suum
1748 2787 1824 2851 ex
1858 2787 1950 2850 so-l

307 2871 434 2940 rore
522 2861 823 2940 nepotem,
875 2875 1052 2940 quem
1115 2862 1172 2940 in
1242 2861 1485 2920 Galliam
1552 2865 1619 2921 ad
1665 2864 1952 2940 _liberales

305 2934 505 3009 artes.
555 2931 983 3012 perdiscendus
1049 2932 1304 3002 miserat,
1375 2936 1779 3012 commendat;
1888 2941 1952 2992 ut

306 3002 430 3069 ejus
491 3002 571 3082 in_
613 3002 907 3082 omnibus,
942 3010 1082 3082 ‘tam
1149 3020 1283 3082 quae
1336 3006 1408 3062 ad
1465 3008 1718 3080 corporis
1769 3002 1949 3080 quam

305 3085 443 3143 quae
502 3072 574 3128 ad
626 3073 808 3130 animi
866 3073 1089 3132 cultum
1145 3072 1456 3148 pertinent,
1515 3072 1715 3136 curam
1769 3072 1945 3152 gerat.

307 3160 724 3228 (94)....

239 3247 556 3318 obliterata,
616 3269 791 3326 quam
845 3270 919 3311 ex
974 3254 1218 3325 intimis,
1278 3262 1340 3313 ut
1392 3258 1468 3313 ita
1523 3258 1743 3331 loquar,
1800 3257 1946 3314 ceris

244 3337 376 3398 178
438 3343 550 3399 mei
607 3344 850 3414 pectoris
901 3345 1114 3402 abolita
1156 3369 1168 3404 :
1214 3346 1332 3404 imo
1387 3347 1445 3404 in
1491 3353 1707 3421 quanta
1766 3347 1946 3406 bene-

241 3434 490 3493 dictione
527 3448 743 3492 nomen
787 3441 954 3493 tuum
986 3435 1059 3492 sit
1091 3435 1152 3492 in
1182 3451 1280 3493 ore
1313 3451 1459 3505 meo,
1500 3435 1736 3510 quantis
1773 3435 1945 3493 etiam

239 3523 536 3595 angelicus
589 3529 724 3581 tuus
778 3522 875 3580 ille
928 3529 1249 3583 conventus
1299 3526 1451 3597 apud
1508 3541 1598 3582 me
1644 3523 1948 3597 praeconiis

242 3613 582 3682 celebretur,
616 3618 788 3672 testes
816 3619 952 3672 sunt
983 3619 1039 3671 et
1079 3613 1180 3687 qui
1225 3613 1370 3672 mihi
1413 3614 1474 3670 in
1520 3613 1732 3672 Christi
1767 3613 1948 3672 servi-

244 3705 356 3759 tute
396 3700 753 3771 cohabitant,
785 3707 839 3759 et
874 3701 976 3774 qui
1018 3716 1108 3758 me
1146 3717 1246 3773 pro
1284 3700 1409 3773 ejus
1446 3717 1640 3761 amore
1676 3702 1949 3777 frequen-

243 3793 376 3847 tant.
408 3790 573 3864 Bogo
628 3797 905 3862 praeterea
961 3791 1275 3848 sanctitatis
1325 3797 1530 3849 vestrae
1579 3791 1949 3849 clementiam

241 3891 410 3950 super
462 3877 888 3937 adolescentulo
957 3879 1087 3948 isto,
1158 3879 1401 3937 uterinaa
1466 3878 1732 3937 videlicet
1806 3894 1950 3936 meae

242 3969 452 4024 sororis
492 3966 633 4038 ﬁlio,
666 3975 728 4024 ut
765 3966 853 4024 illi
892 3967 1252 4041 magistrum,
1294 3966 1464 4027 simul
1498 3973 1552 4025 et
1593 3967 1807 4026 victum
1847 3983 1949 4041 pa-

241 4058 399 4112 terna
457 4055 666 4128 pietate
723 4056 1018 4128 provideat
1072 4080 1084 4113 :
1137 4064 1192 4115 et
1239 4057 1463 4126 rudem,
1495 4057 1951 4130 imperitumque

243 4145 582 4216 suscipiens,
631 4159 697 4201 ac
734 4145 893 4202 velut
936 4145 1110 4202 Jacob
1160 4145 1365 4203 baculo
1407 4143 1746 4219 simpliciter
1788 4146 1948 4204 inni-

792 3205 804 3220 .
868 3162 1148 3222 Sanctitas
1205 3165 1425 3236 intulit,
1488 3183 1664 3240 quam
1711 3153 2004 3240 prorsusC

2033 2750 2214 2821 navit,
2254 2750 2497 2808 sincerae
2553 2747 2846 2806 charitatis
2896 2747 3139 2821 laqueus
3186 2747 3455 2818 irrctivit,
3487 2756 3547 2807 ut
3602 2748 3744 2806 faci-

2033 2840 2150 2900 lius
2187 2840 2397 2898 suimet
2433 2837 2716 2908 oblivisci,
2770 2852 2946 2910 qnam
2984 2853 3017 2894 a
3048 2843 3235 2896 vestra
3268 2839 3546 2898 memoria
3583 2853 3746 2896 meus

2033 2947 2161 2988 mea
2225 2926 2364 2984 179
2423 2928 2600 3002 possit
2654 2927 2848 2984 avelli.
2884 2925 3017 2984 Vidi
3072 2925 3360 3001 siquidem
3414 2926 3743 3000 paradisum

2033 3027 2283 3094 quatuor
2320 3017 2772 3091 Evangeliorum
2822 3016 3058 3074 ﬂuentis
3102 3017 3410 3090 irriguum,
3455 3016 3573 3074 imo
3611 3017 3740 3074 toti-

2033 3112 2165 3168 dem
2223 3106 2611 3181 spiritualium
2666 3106 2808 3164 rivis
2861 3104 3181 3163 exuberare
3248 3105 3576 3163 virtutum:
3627 3103 3747 3162 vidi

2038 3199 2270 3256 hortum
2327 3195 2668 3253 deliciarum
2725 3194 2984 3252 diversas
3049 3207 3312 3251 rosarum
3365 3208 3430 3250 ac
3483 3192 3745 3252 liliorum

2036 3289 2247 3362 gratias
2299 3287 2743 3361 germinantem,
2816 3292 2870 3341 et
2931 3283 3241 3342 melliﬂuas
3303 3290 3626 3343 aromatum
3681 3300 3749 3342 ac

2038 3377 2462 3450 pigmentorum
2505 3373 2848 3447 fragrantias
2886 3372 3141 3430 suaviter
3177 3371 3551 3442 redolentem,
3582 3379 3647 3430 ut
3677 3373 3747 3430 de

2037 3465 2141 3523 illo
2195 3480 2326 3522 vere
2379 3463 2562 3520 valeat
2614 3462 2767 3519 Deus
2822 3461 3186 3533 omnipotens
3235 3459 3425 3516 dicere
3473 3481 3484 3516 :
3542 3483 3562 3509 ι
3604 3460 3747 3518 Ecce

2038 3554 2178 3612 odor
2234 3551 2342 3609 ﬁlii
2397 3551 2511 3608 mei
2560 3550 2708 3607 sicut
2761 3549 2901 3607 odor
2944 3549 3066 3620 agri
3110 3547 3286 3622 pleni,
3318 3547 3412 3607 cui
3447 3548 3747 3607 benedixit

2037 3642 2323 3701 Dominus
2373 3641 2524 3711 (Gen.
2563 3640 2777 3709 xxvu).
2813 3660 2833 3688 ι
2874 3637 2944 3694 Et
2988 3636 3127 3709 quid
3165 3635 3326 3695 aliud
3369 3637 3746 3696 Cluniacense

2038 3727 2475 3798 monasterium,
2527 3726 2639 3783 nisi
2678 3740 2882 3796 agrum
2920 3723 3152 3782 Domini
3194 3721 3433 3796 plenum
3470 3723 3744 3797 dixerim,

2037 3817 2142 3878 ubi
2195 3817 2356 3874 velut
2401 3831 2643 3873 acervus
2699 3823 2783 3872 est
2839 3813 3159 3872 caelestium
3212 3819 3491 3887 segetum,
3535 3813 3745 3873 chorus

2039 3915 2119 3969 tot
2160 3910 2220 3967 in
2259 3906 2534 3966 cliaritate
2571 3905 2904 3978 degentium
2955 3903 3414 3964 monachorum?
3443 3906 3598 3977 Ager
3643 3905 3745 3963 ille

2039 3999 2376 4077 quotidiano
2401 4005 2612 4056 sanctae
2636 3995 3062 4069 przedicationis
3100 3995 3293 4068 ligone
3321 3994 3743 4067 praescinditur,

2039 4099 2094 4148 et
2153 4090 2214 4147 in
2280 4103 2345 4145 eo
2399 4086 2646 4144 ccelestis
2701 4084 2918 4159 eloquii
2981 4083 3203 4142 semina
3262 4090 3744 4156 consperguntur.

2038 4179 2165 4238 Illic
2209 4177 2596 4251 spiritualium
2653 4176 2887 4248 frugum
2937 4180 3252 4248 proventus
3300 4173 3611 4247 aggeritur,
3683 4182 3748 4233 ut

242 4237 457 4340 £8}an
727 4235 943 4340 xjfxu)’
1107 4234 1338 4334 Propria
1395 4234 1759 4340 POSWPdPHI
1816 4251 1948 4340 ch
2039 4234 2664 4340 postmodum
2709 4234 3040 4322 ccuelestihus
3077 4234 3746 4322 inferaturfUnde'cum

240 4324 473 4427 gemina
509 4323 694 4420 trivii,
720 4323 814 4381 vel
843 4323 1166 4422 .quadrivii,
1205 4340 1387 4382 uxore
1423 4325 1693 4427 remittat.
1734 4325 1800 4383 In
1843 4326 1953 4386 hoc
2038 4323 2623 4426 ié',feli'x‘01uniace’
2663 4354 2984 4423 considero,
3026 4354 3130 4411 hoc
3168 4353 3274 4412 tibi
3310 4369 3523 4413 nomen
3562 4354 3748 4427 impo_

239 4419 420 4516 {31W
461 4427 642 4509 mero
683 4428 993 4516 3913?“,me
1022 4428 1236 4516 ,mean}
1289 4414 1776 4516 P€SP‘C‘?~,”L,_“°C_
1823 4414 2214 4516 fgpf‘_silum
2275 4460 2393 4501 non
2450 4445 2575 4501 sine
2631 4442 2817 4500 divini
2866 4441 3130 4515 praesagii
3191 4442 3563 4516 dispositione
3620 4414 3748 4515 per-

241 4502 384 4558 ciem
429 4502 543 4558 mei
599 4502 798 4560 vultus
847 4503 1074 4560 attende
1117 4526 1128 4558 :
1170 4509 1223 4560 et
1258 4502 1540 4577 quidquid
1589 4502 1672 4560 illi
1723 4503 2022 4576 pietatisD

242 4589 575 4664 impensum
609 4591 799 4661 fuerit,
831 4608 946 4650 non
975 4592 1104 4661 sibi,
1139 4594 1239 4650 sed
1270 4592 1414 4650 mihi
1447 4608 1681 4665 prorsus
1704 4594 1946 4651 ascribe.

241 4678 284 4736 Ο
345 4682 571 4738 utinam
632 4681 858 4738 mittere
916 4680 1020 4738 tibi
1075 4696 1319 4755 possem,
1364 4697 1500 4755 quae
1554 4681 1764 4740 sanctis
1811 4680 1949 4740 Clu-

242 4760 615 4827 niacensibus
694 4769 915 4842 scripsi,
993 4769 1083 4826 vel
1149 4770 1263 4827 alia
1341 4771 1543 4840 multa,
1619 4786 1754 4844 quae
1825 4775 1952 4844 post

239 4856 448 4914 Gallias
501 4857 752 4914 reditum
802 4873 874 4916 ex
937 4857 1182 4916 diversis
1247 4859 1594 4917 thematibus
1667 4857 1946 4916 exaravi!

241 4945 619 5019 Omnipotens
659 4946 814 5004 Deus
851 4952 922 5015 te,
955 4946 1303 5004 venerabilis
1333 4947 1517 5020 Pater,
1547 4948 1617 5004 ad
1647 4961 1952 5006 servorum

240 5051 485 5093 suorum
505 5035 823 5093 custodiam
847 5035 1072 5094 diutius
1097 5046 1286 5094 servet
1314 5037 1689 5106 incolumem,
1708 5043 1762 5094 et
1786 5052 1955 5108 ange-

242 5121 413 5181 licam
444 5124 642 5182 vultus
672 5124 754 5181 tni
783 5124 1027 5198 speciem
1053 5141 1144 5182 me
1173 5125 1340 5184 faciat
1369 5126 1562 5183 videre
1587 5131 1949 5200 praesentem.

854 5212 1219 5272 EPISTULA
1245 5214 1343 5272 IV.

240 5297 314 5342 AD
371 5297 620 5344 EUMDEM
675 5297 918 5343 UGONEM
971 5299 1241 5344 ABBATEM
1291 5300 1540 5354 EJUSQUE
1603 5298 1957 5346 MONASTERII

2035 4534 2242 4607 pendo.
2275 4533 2397 4590 Hoc
2451 4532 2663 4606 quippe
2719 4530 3064 4588 vocabulum
3110 4547 3183 4588 ex
3236 4531 3509 4590 clunibus
3543 4538 3597 4588 et
3640 4546 3748 4588 acu

2033 4621 2422 4695 componitur,
2480 4635 2580 4692 per
2643 4619 2795 4691 quod
2867 4616 3129 4675 videlicet
3201 4619 3493 4675 arantium
3569 4618 3747 4676 boum

2033 4710 2376 4768 exercitium
2417 4708 2768 4780 designatur.
2810 4705 2920 4764 Bos
2950 4706 3108 4764 enim
3142 4706 3202 4764 in
3231 4705 3508 4764 clunibus
3545 4706 3746 4764 aculeo

2036 4800 2314 4876 pungitur
2365 4805 2429 4857 ut
2485 4806 2744 4855 aratrum
2806 4797 3011 4866 trahat,
3069 4803 3122 4854 et
3180 4811 3318 4854 arva
3393 4795 3740 4868 proscindat.

2035 4889 2162 4947 Illic
2205 4887 2362 4946 enim
2387 4884 2628 4945 humani
2657 4884 2845 4944 cordis
2872 4901 3006 4959 ager
3034 4883 3338 4953 excolitur,
3396 4881 3552 4940 unde
3587 4897 3749 4956 seges

2036 4978 2137 5038 illa
2175 4977 2486 5051 colligitur,
2519 4991 2652 5050 quae
2691 4975 3068 5049 promptuarii
3108 4971 3353 5032 caelestis
3388 4971 3613 5030 aedibus
3654 4973 3748 5031 iu-

2037 5067 2376 5126 sarcinatur.
2411 5065 2539 5124 Illic
2576 5065 2811 5123 aculeus
2848 5063 2946 5120 ille
2978 5063 3166 5120 bobus
3204 5061 3504 5134 infligitur,
3534 5061 3606 5119 de
3633 5077 3752 5135 quo

2038 5154 2394 5229 superbienti
2440 5153 2632 5212 adhuc
2673 5152 2849 5212 Saulo
2885 5151 3102 5209 dictum
3134 5158 3217 5208 est
3257 5175 3267 5206 :
3319 5177 3345 5199 ιι
3381 5150 3609 5209 Durum
3667 5157 3753 5209 est

2039 5246 2144 5304 tibi
2190 5249 2385 5303 contra
2433 5242 2736 5301 stimulum
2786 5240 3081 5300 calcitrare
3132 5242 3273 5312 (Act.
3314 5242 3418 5312 IX).
3469 5262 3490 5290 ι
3529 5238 3636 5298 Ille
3676 5240 3752 5297 si-

937 5328 1540 5416 “ww”
1603 5328 1957 5346 “"“U‘w”
1993 5376 2000 5383 .
2041 5333 2275 5409 quidem
2336 5340 2612 5403 tanquam
2663 5330 2946 5403 superbus
3002 5336 3055 5387 et
3101 5328 3265 5388 ferox
3306 5329 3496 5390 adhuc
3550 5338 3751 5390 taurus

235 5447 692 5506 AHGUMENTUM.
726 5479 787 5488 —
821 5446 1022 5503 Doctor
1061 5444 1458 5504 sanctissimus
1502 5463 1633 5505 cum
1675 5445 1736 5505 in
1775 5445 1961 5506 Gallia
2041 5441 2234 5484 aream
2275 5423 2524 5493 Domini:
2558 5437 2690 5496 (ΙυίΒ
2720 5428 2802 5479 θεῖ
2843 5419 3114 5486 ΕεεῙθδίίι»
3157 5421 3443 5494 SuperbiEB
3475 5421 3750 5480 Cornibus

311 5518 470 5576 sedis
503 5518 827 5592 apostolica:
874 5519 1091 5588 legatus
1137 5525 1474 5592 versaretur,
1515 5519 1700 5578 multa
1738 5517 1801 5577 in
1836 5533 1960 5577 mo-
2044 5513 2399 5583 ventitabat;
2431 5511 2530 5571 sed
2553 5510 2695 5586 jugo
2720 5509 2859 5569 ﬁdei
2886 5509 3171 5571 divinitus
3203 5510 3496 5581 subditur,
3529 5517 3592 5570 ut
3622 5525 3751 5566 ara-

304 5617 762 5684 (9iLPrinciplnm
797 5622 1134 5671 desideratur
1156 5617 1213 5673 in
1235 5615 1356 5674 Mss.
