4024 6198
232 241 343 319 37s
612 235 617 249 '
755 239 814 298 s.
858 239 1079 299 PETRI
1118 235 1441 296 DAMIANI
1479 233 1636 317 ore.
1681 232 1873 319 PARS
1914 235 2055 317 seu
2094 238 2353 320 TOMUS,
2384 244 2431 323 1,
2480 276 2539 286 -
2581 246 2816 307 EPIST.
2862 245 3004 306 LIB.
3049 241 3205 302 v111.
3285 226 3291 232 '
3622 242 3738 311 δῖα

237 375 391 425 trum
447 367 509 424 in
562 381 698 441 agro
756 364 986 451 Domini
1045 364 1268 451 trahere
1321 360 1712 451 compellatur.
1774 360 1938 451 Unde
1961 362 2096 451 Alis
2125 364 2404 443 adversus
2433 375 2740 443 potestates
2769 384 2965 449 aereas
2990 368 3348 443 colluctatam
3376 392 3407 437 ᾳ
3433 367 3559 435 Non
3582 375 3669 427 est
3702 393 3724 419 ι

230 450 698 531 postmodum'de
730 448 1281 526 evangelizantibus,
1311 454 1590 524 tanquam
1618 448 1691 505 de
1720 449 1940 506 aranti-
1998 448 2178 511 enim
2222 478 2249 509 α
2282 457 2449 519 nobis
2478 459 2804 521 colluctatio
2835 462 3113 533 adversus
3150 473 3383 527 carnem
3409 466 3465 527 et
3492 459 3733 533 sanguis

155 552 161 565 '
232 544 345 617 bus
380 534 519 611 dicit
550 534 620 604 εἰ
659 540 834 613 Debet
862 540 1019 623 enim
1064 537 1127 597 in
1166 552 1282 615 spe,
1331 535 1433 609 qui
1471 540 1613 606 arat.
1652 542 1944 606 arare;et
2025 557 2189 617 nem,
2255 546 2350 603 sed
2425 547 2706 609 adversus
2771 549 2975 623 mundi
3046 554 3292 611 rectores
3366 548 3737 619 tenebrarum

231 632 334 708 qui
376 633 623 700 triturat,
655 630 716 687 in
756 645 854 702 spe
892 628 1112 699 fructus
1146 624 1497 699 percipiendi
1537 628 1589 692 (Ι
1620 626 1738 682 Cor.
1766 631 1877 682 1X).
1913 649 1939 677 ιο

236 722 317 780 De
365 721 474 778 hoc
524 725 711 777 aratro
760 718 1089 775 Dominus:
1125 714 1380 784 «Nemo,
1438 713 1649 787 inquit,
1711 713 1945 771 mittens

233 823 477 868 manum
514 821 675 866 suam
721 807 783 863 in
820 812 1098 874 aratrum,
1130 809 1185 861 et
1222 800 1532 875 respiciens
1570 809 1740 873 retro,
1781 810 1947 876 aptus

235 906 321 971 est
364 912 541 970 regno
585 893 689 954 Dei
736 897 887 963 (Luc.
930 898 1037 977 ut).
1078 912 1107 944 η
1159 890 1324 965 Legis
1374 896 1631 949 aratrum
1690 890 1947 948 trahebat

234 987 583 1049 Israeliticus
639 984 891 1059 populus
940 999 1038 1058 per
1092 983 1404 1053 desertum,
1436 997 1571 1039 cum
1627 982 1762 1040 hinc
1808 996 1945 1039 eum

236 1079 457 1138 Pharao
499 1075 830 1136 durissimae
877 1074 1172 1133 servitutis
1208 1072 1407 1131 aculeo
1448 1077 1749 1145 pungeret,
1782 1070 1946 1131 illinc

235 1177 431 1229 autem
476 1167 706 1241 Moyses
753 1163 1049 1237 praceptis
1100 1161 1449 1230 caelestibus,
1485 1161 1649 1235 quasi
1702 1159 1944 1234 quibus-

235 1258 370 1317 dam
417 1256 659 1316 funibus
712 1258 1061 1329 provocaret.
1094 1251 1201 1309 Ille
1256 1251 1640 1310 construendo
1695 1250 1816 1307 luto
1859 1257 1944 1308 at-

235 1364 349 1423 que
388 1345 663 1405 lateribus
700 1342 892 1414 urbes,
923 1357 1060 1401 eum
1099 1339 1262 1415 quasi
1299 1346 1422 1413 post
1452 1345 1609 1411 terga
1644 1339 1895 1398 czedebat
1928 1363 1940 1397 :

232 1437 343 1495 iste
399 1431 789 1510 promittendo
842 1438 1050 1490 terram
1103 1429 1263 1488 lactis
1314 1445 1382 1487 ac
1435 1428 1648 1498 mellis,
1691 1428 1947 1501 praevius

235 1524 555 1585 attrahebat
596 1542 610 1580 :
649 1539 756 1582 nos
794 1528 987 1580 autem
1027 1519 1128 1595 qui
1165 1519 1228 1576 in
1276 1535 1411 1593 agro
1448 1517 1740 1590 Ecclesia,
1780 1519 1947 1591 quasi

235 1614 523 1675 Dominici
570 1612 743 1672 boves
789 1627 1042 1682 aramus,
1078 1618 1213 1670 tunc
1256 1610 1319 1667 in
1362 1610 1774 1684 posterioribus
1808 1625 1946 1669 acu-

2028 633 2257 705 harum,
2311 643 2510 697 contra
2563 639 2884 713 spiritualia
2957 639 3237 713 nequitiae
3289 640 3352 698 in
3407 639 3739 707 caelestibus

2029 721 2246 793 (Ephes.
2277 724 2374 796 Vl).
2415 751 2432 772 ι»
2466 725 2593 786 Illic
2619 727 2795 787 Josue
2817 743 2931 787 non
2959 727 3061 791 ille
3085 727 3333 797 Benum,
3358 726 3458 784 sed
3487 724 3739 787 ccelestis

2027 809 2229 869 ductor
2279 814 2586 887 exercitus,
2619 822 2675 875 et
2720 818 2823 892 qui
2865 817 3255 889 spiritualium
3294 814 3607 875 instructor
3650 821 3739 881 est

2026 896 2394 971 bellatorum,
2446 919 2582 962 suos
2614 904 2811 963 edocet
2860 904 3097 977 milites,
3153 904 3431 978 superbas
3473 904 3740 977 quinque

2027 1003 2225 1062 regum
2304 990 2523 1051 calcare
2595 994 2848 1053 cervices
2904 1016 2916 1054 :
2977 1010 3149 1069 super
3216 1009 3364 1068 quos
3448 992 3737 1053 nimirum

2030 1080 2440 1155 triumphalem
2514 1093 2836 1147 noscuntur
2911 1086 3173 1145 obtinere
3247 1084 3569 1153 victoriam,
3629 1082 3738 1156 qui

2030 1171 2264 1229 totidem
2326 1188 2532 1233 sensus
2595 1191 2900 1250 corporum
2963 1191 3063 1249 per
3115 1173 3387 1233 districta
3458 1171 3741 1232 custodiae

2028 1261 2298 1321 cohibent
2348 1262 2735 1337 disciplinam.
2767 1264 2896 1325 Illic
2937 1263 3156 1331 moenia
3185 1262 3416 1331 Iericho
3459 1261 3742 1331 tubarum

2027 1349 2395 1423 clangoribus
2422 1359 2721 1425 corruunt,
2755 1361 2810 1412 et
2834 1353 3180 1421 habitatores
3203 1353 3331 1426 eius
3347 1350 3745 1424 Israelitarum.

2027 1438 2238 1513 gladiis
2288 1439 2678 1513 perimuntur.
2744 1439 2869 1500 Illic
2921 1438 3096 1500 Josue
3146 1439 3476 1499 terribiliter
3519 1439 3743 1512 impre-

2028 1530 2192 1585 catur
2247 1545 2259 1584 :
2321 1548 2343 1577 ι
2396 1525 2755 1600 Maledictus,
2816 1527 3031 1602 inquit,
3090 1527 3181 1587 vir
3233 1542 3424 1593 coram
3466 1526 3740 1596 Domino,

2029 1616 2132 1695 qui
2186 1616 2569 1690 suscitaverit,
2615 1624 2670 1679 et
2714 1617 3090 1679 aediﬁcaverit
3141 1618 3435 1680 civitatem
3484 1616 3737 1679 Jericho,

236 1706 326 1799 leo
364 1704 700 1779 pungimur,
741 1718 874 1799 cum
914 1701 1120 1799 ultima
1174 1699 1445 1799 postremi
1478 1699 1681 1799 judicii
1719 1698 2095 1799 discus-Bia
2140 1706 2524 1781 primogenito
2572 1724 2677 1766 suo
2723 1707 3101 1771 fundamenta
3145 1707 3307 1771 illius
3345 1706 3534 1782 jaeiat,
3566 1713 3621 1764 et
3679 1710 3743 1775 in

237 1790 400 1855 sione
443 1800 746 1853 terremur.
788 1790 855 1849 In
899 1788 1309 1863 posterioribus
1347 1804 1453 1847 nos
1489 1788 1730 1848 aculeus
1763 1795 1943 1847 terro-

235 1885 317 1944 ris
366 1883 638 1957 exagitat,
691 1888 757 1942 ut
806 1881 1005 1940 cervix
1060 1886 1254 1939 nostra
1310 1881 1453 1954 jugo
1519 1880 1739 1939 divinze
1804 1880 1948 1955 legis

234 1976 424 2035 attrita
468 1972 759 2049 [astricta],
799 1971 860 2029 in
906 1969 1199 2029 laboribus
1237 1984 1354 2028 non
1395 1969 1680 2029 lassescat.
1724 1969 1946 2028 Conve-

234 2064 461 2125 nienter
508 2064 702 2138 itaque
759 2059 1103 2121 Cluniacum
1154 2075 1381 2133 agrum,
1426 2058 1699 2130 dixerim,
1728 2059 1787 2117 in
1834 2074 1949 2141 quo

236 2153 506 2220 videlicet
555 2150 835 2211 Dominici
878 2149 1056 2209 boves
1107 2148 1541 2221 infatigabiliter
1575 2156 1761 2220 arant,
1805 2149 1947 2207 dum

234 2259 331 2302 eos
385 2242 570 2301 divini
628 2241 862 2300 terroris
911 2240 1148 2299 aculeus
1203 2240 1506 2299 stimulat:
1538 2246 1592 2298 et
1631 2238 1790 2298 velut
1837 2254 1945 2298 acu

232 2331 500 2419 clunium
549 2346 679 2404 pars
724 2336 1010 2429 postrema
1059 2329 1520 2404 transpungitur,
1565 2343 1698 2388 cum
1750 2328 1943 2387 ultimi

234 2412 447 2480 terrore
485 2418 695 2492 judicii
740 2412 905 2499 'mens
948 2418 1207 2475 humana
1255 2423 1517 2489 terretur.
1559 2416 1623 2474 In
1666 2419 1941 2491 posterio-

234 2511 397 2595 ribus
462 2509 761 2595 pungitur,
825 2515 890 2567 ut
943 2508 1005 2566 in
1057 2508 1343 2567 anteriora
1407 2510 1733 2575 contendat,
1803 2511 1943 2584 quia

2029 1796 2345 1871 novissimo
2390 1796 2707 1858 liberorum
2751 1803 2924 1871 ponat
2980 1803 3170 1872 portas
3218 1797 3345 1872 ejus
3404 1798 3527 1867 (Jos.
3575 1794 3677 1865 γι).
3712 1818 3738 1857 e

2029 1885 2135 1944 Ille
2192 1884 2410 1944 scilicet
2454 1887 2686 1953 Jericho
2732 1889 2793 1945 in
2845 1885 3225 1959 primogenito
3277 1899 3382 1943 suo
3433 1884 3747 1945 suscitator

2030 1975 2295 2046 aediﬁcat,
2330 1974 2434 2051 qui
2483 1976 2770 2053 mundum
2812 1975 2972 2049 hunc
3007 1973 3333 2048 apostolica:
3374 1972 3531 2032 tuba:
3574 1972 3742 2031 clan—

2030 2083 2166 2140 gore
2210 2065 2548 2141 collapsum,
2596 2066 2991 2141 principaliter
3028 2070 3201 2123 amat.
3231 2064 3337 2122 llle
3377 2079 3513 2122 vero
3548 2069 3745 2139 portas

2028 2159 2154 2234 ejus
2197 2159 2358 2233 ponit
2402 2158 2462 2235 in
2521 2158 2843 2217 novissimo.
2878 2156 3191 2223 liberorum
3238 2156 3386 2229 ejus,
3419 2154 3519 2229 qui
3565 2168 3744 2219 mun-

2027 2249 2171 2315 dum
2199 2247 2539 2322 despiciens,
2586 2246 2967 2323 parvipendit,
2998 2247 3100 2320 qui
3133 2260 3268 2305 eum
3304 2243 3579 2304 omnibus
3602 2258 3745 2317 quas

2024 2355 2160 2398 vere
2210 2343 2345 2397 sunt
2391 2336 2657 2405 amanda,
2686 2336 2990 2409 postponit.
3042 2334 3154 2415 Qui
3196 2334 3413 2395 scilicet
3462 2334 3573 2391 hoc
3628 2348 3743 2391 saa-

2024 2428 2223 2495 culum
2256 2427 2327 2485 ad
2360 2442 2532 2486 usum
2572 2425 2763 2495 habet,
2796 2424 2856 2482 in
2895 2440 3091 2484 amore
3128 2439 3242 2482 non
3283 2423 3473 2493 habet,
3505 2429 3560 2480 et
3595 2421 3744 2479 dum

2022 2534 2275 2575 amorem
2323 2517 2570 2587 caelestis
2608 2516 2771 2590 regni
2811 2524 3084 2590 tanquam
3128 2515 3574 2588 primogenitum
3626 2511 3745 2570 sibi

239 2607 520 2663 transacta
586 2616 682 2677 cor
744 2605 1005 2657 nostrum
1076 2598 1189 2656 vita
1251 2599 1538 2668 terriﬁcat,
1594 2607 1656 2659 ut
1718 2599 1941 2658 discus-
2023 2606 2209 2664 nutrit
2255 2607 2563 2677 hmredem,
2600 2607 2886 2667 mundum
2927 2606 3165 2682 despicit
3200 2607 3362 2665 velut
3415 2603 3744 2663 sordentem

234 2692 456 2751 sionem
542 2689 737 2749 ultimi
817 2688 1108 2749 examinis
1188 2697 1469 2764 pavescat.
1530 2689 1653 2749 Hoc
1728 2690 1943 2749 Paulus
2023 2710 2269 2768 puerum
2323 2695 2383 2753 in
2426 2695 2735 2754 cunabulis
2783 2696 3126 2770 vagientem.
3178 2721 3204 2744 «
3267 2693 3549 2761 Primum,
3597 2713 3619 2744 ι
3662 2690 3750 2749 ait

235 2780 438 2841 aculeo
516 2778 898 2863 pangebatur,
968 2784 1029 2837 ut
1098 2778 1156 2836 in
1227 2779 1946 2862 anteriora‘contenderet
2028 2782 2332 2853 Dominus,
2400 2804 2421 2832 α
2471 2783 2713 2857 quaerite
2767 2799 3011 2857 regnum
3068 2782 3195 2854 Dei,
3261 2790 3314 2853 et
3362 2782 3487 2839 hrec
3545 2776 3748 2837 omnia

237 2884 373 2930 cum
420 2865 645 2928 dicebat
705 2884 718 2923 :
786 2890 807 2918 ι
873 2865 1024 2939 Ergo
1082 2882 1176 2937 me
1226 2883 1341 2939 non
1392 2868 1641 2927 arbitror
1687 2884 1941 2943 compre-
2028 2870 2374 2945 adjicientur
2420 2869 2584 2929 vobis
2629 2875 2850 2941 (Matth.
2911 2876 3011 2939 v1).
3056 2896 3077 2924 ι»
3116 2872 3191 2935 Ut
3227 2886 3471 2945 regnum
3517 2868 3619 2927 Dei
3681 2867 3745 2925 in

239 2954 558 3045 hendisse:
593 2972 778 3017 unum
844 2964 1059 3029 autem,
1115 2974 1249 3039 quas
1300 2965 1452 3019 retro
1502 2961 1682 3034 [sunt]
1732 2961 1948 3020 oblitus
2029 2963 2198 3021 corde
2230 2968 2426 3022 nostro
2469 2963 2540 3021 sit
2579 2962 3053 3037 primogenitum,
3085 2971 3140 3025 et
3172 2963 3424 3022 mundus
3464 2960 3751 3020 habeatur

241 3063 454 3125 sequor
507 3047 589 3155 ad
635 3045 901 3155 bnavium
955 3061 1224 3121 supernas
1279 3048 1599 3107 vocationis
1650 3068 1663 3105 :
1716 3066 1946 3123 sequor,
1965 3050 2280 3155 C.lquadam
2348 3052 2729 3109 extremitatis
2791 3053 3107 3125 adjectione
3176 3051 3548 3110 novissimus.
3615 3048 3750 3106 Illic

239 3139 288 3196 si
325 3134 812 3223 comprehendam
846 3136 1010 3209 (Phil.
1046 3138 1143 3206 111).
1180 3161 1205 3186 π
1234 3135 1411 3196 Datus
1442 3136 1601 3209 enim
1632 3136 1718 3195 illi
1766 3134 2204 3196 fueratuetiam
2249 3138 2649 3197 Adonibezech
2694 3155 2976 3200 manuum
3025 3156 3091 3199 ac
3141 3141 3353 3215 pedum
3408 3136 3751 3197 summitate

237 3223 510 3285 stimulus
562 3223 773 3292 carnis,
821 3231 887 3291 ut
954 3239 1071 3297 non
1132 3225 1193 3283 in
1266 3225 1458 3283 labore
1529 3226 1947 3297 succumberet,

238 3310 337 3382 sed
392 3306 454 3391 in
515 3327 652 3387 agro
700 3311 1018 3391 Dominicae
1091 3314 1297 3387 segetis
1363 3313 1691 3375 indefessus
1740 3321 1944 3373 araret.

242 3401 383 3459 180
413 3388 527 3462 Hic
575 3396 680 3462 bos
722 3392 968 3489 insignis
1009 3409 1183 3493 atque
1236 3405 1520 3475 mirabilis
1570 3406 1685 3465 duo
1722 3405 1953 3480 gerebat

234 3493 296 3552 in
341 3492 522 3567 capite
565 3507 801 3562 cornua,
827 3492 962 3568 quia
1009 3493 1125 3552 duo
1174 3495 1486 3553 ventilabat
1534 3511 1634 3569 per
1672 3494 1951 3569 praedica-

239 3580 411 3661 tionis
477 3578 730 3640 oﬂicium
796 3587 1173 3651 testamenta;
1233 3583 1333 3655 qui
1389 3599 1525 3642 cum
1585 3582 1657 3643 ad
1723 3582 1957 3642 Galatas

235 3672 448 3731 diceret
477 3674 680 3746 (Galat.
710 3674 787 3741 1v)
824 3692 835 3730 :
872 3672 1066 3751 Unum
1107 3673 1356 3731 Abrahae
1394 3672 1586 3731 lilium
1629 3687 1701 3730 ex
1740 3671 1950 3731 ancilla

236 3769 462 3833 natum,
493 3761 742 3821 alterum
775 3778 849 3820 ex
883 3762 1062 3821 nobili
1109 3761 1352 3833 legitimi
1394 3762 1647 3836 conjugii
1690 3762 1950 3821 libertate

237 3849 629 3927 progenitum,
676 3851 945 3927 protinus
988 3850 1247 3909 addidit:
1281 3875 1307 3902 α
1339 3850 1479 3909 Haec
1504 3875 1525 3899 ι
1560 3851 1715 3910 enim
1753 3873 1774 3901 α
1813 3857 1951 3909 sunt

238 3941 355 3999 duo
384 3944 722 3999 testamenta
752 3941 912 4011 (Ibid.
945 3941 1002 4012 1).
1038 3961 1059 3990 ι
1087 3938 1196 3997 Hic
1225 3939 1396 3995 etiam
1430 3954 1587 3997 more
1617 3938 1779 3997 bovis
1806 3939 1950 4013 liga-

242 4043 337 4107 tus
358 4034 575 4107 arabat,
605 4034 709 4110 qui
742 4034 983 4111 vincula
1004 4050 1114 4117 sua|
1137 4050 1289 4107 saepe
1311 4040 1739 4093 commemorat.
1773 4034 1953 4105 Num-

242 4124 383 4211 quid
415 4125 575 4197 enim
602 4130 741 4192 tunc
766 4125 826 4181 in
854 4122 1108 4182 vinculis
1138 4139 1251 4182 non
1293 4123 1508 4194 arabat,
1544 4139 1677 4182 cum
1710 4123 1781 4182 ad
1816 4124 1950 4183 Phi-

246 4209 537 4293 lemonem
593 4216 791 4269 catena
844 4211 1189 4273 constrictus
1241 4209 1479 4270 aiebat:
1528 4233 1548 4259 κ
1603 4209 1847 4271 Obsecro
1903 4220 1955 4270 te

2032 3227 2383 3302 praeciditur,
2421 3229 2561 3286 dum
2610 3229 2905 3301 malignus
2943 3230 3092 3288 inter
3144 3236 3368 3288 sanctos
3414 3228 3570 3286 viros
3623 3227 3751 3300 spi-

2035 3317 2199 3386 ritus,
2255 3324 2310 3374 et
2360 3316 2683 3389 incedendi,
2737 3324 2792 3376 et
2845 3318 3118 3393 Operandi
3187 3318 3397 3376 virtute
3460 3315 3749 3390 privatur.

2034 3406 2144 3477 Qui
2186 3406 2467 3466 nimirum
2504 3406 2647 3466 dum
2684 3424 2791 3466 sua
2830 3410 3073 3467 vulnera
3108 3407 3341 3482 patitur,
3384 3408 3508 3465 haec
3542 3405 3750 3465 eadem

2034 3512 2157 3556 sese
2192 3495 2325 3555 aliis
2356 3496 2625 3555 intulisse
2660 3497 2946 3569 gloriatur
2976 3516 2987 3555 :
3028 3519 3055 3548 α
3093 3496 3488 3570 Septuaginta,
3530 3494 3747 3569 inquit,

2033 3599 2212 3658 reges,
2254 3583 2567 3655 amputatis
2604 3600 2887 3644 manuum
2933 3599 2999 3642 ac
3037 3584 3248 3658 pedum
3289 3580 3747 3649 summitatibus,

2032 3674 2371 3749 colligebant
2404 3673 2515 3732 sub
2543 3689 2742 3731 mensa
2771 3689 2899 3732 mea
2943 3672 3201 3732 ciborum
3244 3672 3557 3746 reliquias;
3599 3670 3755 3729 sicut

2034 3760 2258 3832 feci,ita
2279 3761 2531 3821 reddidit
2549 3763 2694 3820 mihi
2725 3762 3007 3821 Dominus
3027 3763 3221 3833 (Judic.
3256 3764 3315 3833 1).
3345 3784 3369 3812 ι
3405 3757 3752 3834 Septuagin-

2034 3860 2089 3912 ta
2116 3853 2334 3913 scilicet
2351 3868 2513 3927 reges
2533 3855 2893 3928 septuaginta
2907 3862 3043 3914 sunt
3061 3854 3393 3927 linguarum
3420 3853 3756 3925 discrepan-

2034 3944 2181 4002 tium
2210 3941 2346 4000 181
2380 3944 2664 4014 nationes,
2705 3944 2921 4019 quibus
2958 3961 3143 4019 usque.
3178 3944 3247 4001 ad
3294 3941 3607 4002 Salvatoris
3642 3940 3755 3998 ad-

2034 4041 2276 4093 ventum
2326 4033 2605 4106 antiquus
2642 4034 2823 4092 hostis
2859 4041 2915 4092 et
2954 4042 3103 4094 recte
3140 4033 3463 4107 gradiendi,
3505 4038 3559 4089 et
3597 4031 3755 4089 bona

2036 4123 2283 4182 faciendi
2313 4138 2553 4197 prorsus
2588 4122 2904 4182 abstulerat
2941 4123 3285 4181 facultatem.
3321 4122 3426 4181 Cui
3464 4120 3754 4179 nimirum

2040 4211 2273 4284 utrique
2303 4210 2534 4283 gemino
2563 4210 2791 4270 vulneri
2826 4210 3087 4269 medetur
3120 4211 3445 4269 animarum
3489 4205 3758 4266 medicus

245 4288 347 4389 pro
388 4288 522 4358 'tilio
576 4314 721 4368 meo,
782 4313 955 4370 quem
1012 4298 1187 4369 genui
1242 4300 1304 4356 in
1357 4297 1629 4369 vinculis,
1684 4298 1956 4375 Onesimo
2040 4300 2282 4372 Paulus,
2321 4316 2455 4359 cum
2492 4300 2675 4358 dicit:
2716 4324 2735 4353 ι
2778 4300 3068 4359 Remissas
3108 4314 3338 4369 manus,
3378 4306 3431 4356 et
3468 4296 3759 4355 dissoluta

245 4385 496 4457 (Philem.
538 4386 648 4457 10).
686 4410 707 4438 ιι
740 4385 851 4456 Qui
898 4387 1068 4444 etiam
1106 4392 1381 4462 tanquam
1425 4388 1527 4447 bos
1576 4389 1841 4464 egregius
1886 4390 2229 4465 ad-genua
2277 4391 2591 4465 erigite,.et
2638 4406 2867 4463 gressus
2917 4397 3099 4448 rectos
3149 4390 3316 4449 facite
3355 4389 3601 4464 pedi-bus
3649 4404 3759 4446 ve-

244 4477 539 4537 victimam
582 4474 918 4551 ducebatur,
950 4490 1083 4549 cum
1113 4474 1334 4535 dicebat
1366 4498 1377 4536 :
1413 4499 1439 4530 «
1484 4477 1600 4552 Ego
1649 4478 1805 4538 enim
1838 4456 2023 4552 jamD
2042 4484 2176 4541 stris
2200 4500 2215 4553 ;
2248 4498 2325 4540 ne
2356 4456 2689 4542 claudicans
2714 4481 2846 4556 quis
2876 4489 3043 4552 erret,
3080 4481 3262 4554 magis
3292 4456 3485 4539 autem
3515 4485 3762 4537 sanetur

247 4565 545 4638 immolor,
600 4571 654 4624 et
705 4572 932 4639 tempus
994 4581 1141 4625 meae
1218 4566 1588 4626 resolutionis
1656 4567 1831 4626 instat
1886 4572 1963 4638 (Η

253 4662 391 4741 Iim.
425 4660 527 4725 1v).
565 4680 586 4707 ι
621 4655 833 4739 Merito!
851 4671 987 4728 ergo
1015 4655 1364 4722 venerabilis
1410 4657 1568 4717 locus
1608 4658 1841 4717 sortitus
1873 4664 1957 4715 est

250 4744 621 4817 vocabulum,
653 4744 755 4802 ubi
790 4760 945 4802 nunc
972 4750 1028 4801 et
1054 4744 1444 4825 spiritualium
1488 4745 1663 4803 boum
1711 4747 1958 4806 trahitur

249 4842 526 4907 aratrum,
560 4842 615 4892 et
637 4833 961 4907 cmleslium
1012 4840 1271 4911 segetum
1301 4849 1482 4908 usque
1505 4833 1576 4892 ad
1606 4851 1792 4895 unum
1823 4853 1953 4907 gra-

249 4920 415 4995 num,
447 4923 601 4998 quod
652 4928 736 4982 est
780 4920 1044 4980 Christus
1094 4910 1282 4992 Jesus,
1320 4910 1717 4984 accuminatur
1768 4928 1953 4998 [accu-

251 5012 527 5086 mulatur]
578 5027 836 5071 acervus.
883 5009 995 5082 Qui
1057 5008 1129 5068 de
1178 5011 1482 5085 semetipso
1532 5012 1711 5072 dicit:
1747 5036 1775 5068 «
1835 5015 1960 5075 Nisi

249 5117 499 5174 granum
534 5103 804 5161 frumenti
835 5101 1046 5160 cadens
1072 5101 1135 5160 in
1161 5108 1369 5160 terram
1418 5110 1710 5165 mortuum
1764 5105 1954 5179 fuerit,

252 5194 447 5268 ipsum
470 5191 657 5261 solum
683 5198 903 5263 manet;
926 5193 976 5251 si
1001 5208 1136 5257 vero
1164 5202 1457 5254 mortuum
1483 5195 1676 5267 fuerit,
1703 5197 1958 5257 multum

255 5283 505 5341 fructum
535 5282 700 5359 ali'ert
719 5283 870 5354 (Joan
891 5290 1020 5349 X11).
1055 5305 1079 5331 η

327 5368 639 5428 Cluniacus
713 5378 1003 5453 praeterea
1063 5370 1382 5445 spiritualis
1436 5372 1673 5447 quidam
1724 5390 1961 5449 campus

257 5462 360 5531 est,
393 5456 495 5517 ubi
536 5456 750 5516 cmlum
781 5465 835 5516 et
872 5463 1019 5531 terra
1067 5460 1454 5543 congreditur,
1480 5478 1545 5521 ac
1585 5462 1746 5522 velut
1786 5479 1975 5537 arena,

254 5545 609 5620 certaminis,
643 5546 745 5606 ubi
791 5546 1109 5622 spiritualis
1144 5565 1303 5609 more
1330 5551 1593 5625 palestraa
1621 5568 1751 5613 caro
1783 5553 1960 5629 fragi-

2043 4574 2227 4641 (Hebr.
2286 4576 2415 4642 XII).
2478 4595 2498 4622 ι
2555 4570 2955 4629 Adonibezech
3001 4570 3214 4645 quippe
3256 4573 3516 4626 Dominus
3559 4570 3762 4635 fulmi-

2037 4665 2144 4726 m‘s,
2178 4660 2269 4718 vel
2302 4662 2562 4717 Dominus
2606 4664 2882 4716 contentus
2934 4661 3067 4715 vani
3125 4657 3545 4729 interpretatur.
3609 4656 3761 4714 Ful-

2040 4766 2171 4809 men
2205 4766 2341 4810 mox
2375 4756 2439 4809 ut
2469 4750 2679 4807 micare
2711 4749 2934 4823 incipit,
2966 4749 3157 4808 subito
3196 4748 3405 4808 deficit.
3443 4746 3548 4806 Per
3592 4747 3757 4822 quod

2035 4840 2312 4900 Iudaicus
2344 4846 2526 4914 potest
2553 4839 2801 4913 intelligi
2841 4840 3111 4913 populus,
3147 4840 3248 4914 qui
3278 4838 3557 4897 nimirum
3596 4853 3756 4912 quo-

2042 4931 2174 4989 dam
2218 4929 2384 5005 quasi
2421 4930 2646 5003 fulgore
2686 4929 2923 5001 micant,
2955 4946 3087 4989 cum
3133 4930 3389 4989 dicerent
3424 4949 3435 4988 :
3472 4950 3499 4983 ‹‹
3536 4927 3759 4988 Omnia

2041 5036 2177 5093 quae
2203 5020 2475 5093 praecepit
2511 5019 2679 5078 nobis
2717 5019 3018 5090 Dominus,
3049 5025 3103 5078 et
3131 5018 3460 5089 audiemus,
3491 5024 3545 5075 et
3568 5016 3757 5075 facie-

2042 5124 2171 5168 mus
2216 5112 2391 5178 (Deut.
2440 5113 2536 5178 V);
2592 5132 2619 5159 ιο
2666 5108 2763 5167 sed
2802 5123 2939 5167 mox
2979 5108 3253 5167 deﬁciens
3300 5107 3400 5165 lux
3436 5106 3542 5164 ista
3579 5104 3761 5163 cade-

2040 5197 2156 5270 bat,
2188 5215 2319 5258 cum
2351 5198 2602 5258 cervices
2639 5213 2772 5257 suas
2807 5197 3125 5257 tenebrosis
3165 5196 3529 5256 daemonibus
3574 5193 3765 5253 incli-

2047 5287 2277 5345 nabant.
2334 5287 2440 5346 Per
2493 5286 2552 5344 id
2606 5302 2760 5357 vero,
2790 5287 2938 5362 quod
2992 5286 3204 5346 dicitur
3249 5289 3551 5345 contentus
3592 5284 3762 5355 vani,

2042 5376 2331 5449 gentilitas
2380 5375 2732 5453 designatur,
2775 5391 2907 5449 quae
2948 5380 3214 5433 contenta
3254 5372 3587 5433 visibilibus
3625 5371 3767 5430 ido-

2048 5464 2135 5535 lis,
2176 5482 2290 5529 non
2326 5465 2601 5529 curabant
2645 5464 2859 5526 reverti
2903 5463 2973 5522 ad
3017 5464 3471 5527 misericordiam
3521 5462 3765 5523 Creato-

2043 5554 2159 5625 ris;
2190 5562 2244 5614 et
2270 5556 2413 5616 dum
2452 5555 2719 5625 veritatis.
2744 5554 3087 5635 ignprabant
3124 5553 3367 5627 cultum,
3396 5552 3565 5612 vanis
3603 5550 3766 5609 insi-

4022 4996 4024 5155 |
