4024 6198
1046 188 1073 219 \

181 295 269 355 377
1152 315 1183 343 \

1416 291 1638 355 LIBER
1681 289 1996 361 SEXTUS,
2036 289 2273 361 EPIST.
2322 290 2386 350 V.

3543 299 3653 365 378

176 422 377 497 stabant
409 417 770 487 emremouiis
806 416 1114 488 idolorum.
1156 418 1241 481 De
1278 417 1497 491 quibus
1536 420 1673 489 dicit
1707 419 2003 495 Apo-Aet
2032 418 2184 494 quod
2211 434 2244 476 a
2271 418 2435 485 vobis
2473 418 2619 479 mihi
2659 435 2761 493 per
2796 419 3235 491 intentationem
3268 424 3654 487 anathematis

174 510 335 572 stelas
356 528 369 567 :
394 532 419 560 α
450 506 597 579 Quia
625 507 809 566 Deum
841 521 955 566 non
982 503 1472 580 glorificaverunt,
1514 513 1613 566 aut
1651 508 1865 582 gratias

175 606 410 678 egerunt,
484 598 583 656 sed
650 602 1017 656 evanuerunt
1088 595 1152 661 in
1217 596 1664 670 cogitationibus
1740 596 1865 655 suis

176 698 327 764 (Itan.
380 698 444 760 ι).
492 707 520 741 ιι
560 687 787 746 Horum
835 684 1039 759 igiturs
1065 684 1318 744 duorum
1376 685 1719 759 populorum
1787 702 1861 745 ex

173 780 407 842 maxima
439 783 598 853 parte
626 776 958 836 dominatus
983 781 1065 834 est
1092 774 1521 849 Adonibezech,
1548 776 1605 836 id
1633 782 1737 847 est,
1766 793 1857 835 re-

171 869 362 945 probus
386 866 664 941 nequitiaa
694 865 972 940 spiritus;
1011 864 1150 938 quia
1188 870 1242 923 et
1279 866 1387 924 iste
1423 865 1590 940 quasi
1636 865 1859 934 fulmen

175 961 364 1019 micare
400 956 592 1030 erepit,
630 961 686 1013 et
729 953 935 1024 desiit;
975 958 1030 1012 et
1058 952 1156 1011 ille
1192 953 1349 1013 dum
1365 953 1616 1012 vanitate
1645 955 1860 1017 daemo-

178 1065 300 1110 num
337 1052 648 1106 contentus
689 1044 926 1113 exstitit,
978 1042 1193 1117 proprii
1240 1043 1521 1103 Creatoris
1571 1046 1861 1105 auxilium

176 1154 273 1199 non
316 1135 606 1211 quaesivit.
663 1135 753 1201 Et,
805 1140 871 1194 ut
919 1135 988 1203 ad
1037 1135 1394 1208 propositum
1438 1134 1687 1206 redeam,
1746 1135 1867 1193 illic

1947 508 2226 580 scriptum
2257 513 2358 576 est,
2403 507 2682 566 veraciter
2726 508 3036 581 impleatis,
3083 511 3259 584 quod,
3314 518 3375 571 ut
3407 512 3653 585 faciatis,

1946 596 2126 669 hujus
2181 594 2416 668 quidem
2460 595 2624 653 vobis
2677 596 3071 657 obtestationis
3112 599 3403 674 adjurium
3454 616 3650 676 pono:

1947 685 1996 743 si
2024 700 2163 743 vero
2186 698 2299 743 non
2332 683 2601 753 feceritis,
2627 700 2759 744 cum
2782 702 2884 760 per
2908 689 3303 748 auctoritatem
3328 691 3658 765 apostolicae

1946 773 2098 832 sedis
2130 778 2516 845 competenter
2558 772 2611 830 id
2649 788 2893 845 possem,
2936 780 3129 834 tamen
3166 791 3342 853 super
3377 779 3656 852 angelicas

1946 861 2175 923 militiai
2229 863 2469 919 chorum
2533 868 2644 917 tam
2710 862 2985 921 terribilis
3040 865 3342 931 sententiae
3389 866 3653 939 jaculum

1946 969 2064 1012 non
2117 954 2356 1011 intento.
2434 951 2520 1011 Sit
2587 956 2832 1023 tantum,
2884 952 2986 1027 qui
3036 953 3182 1013 mihi
3236 955 3299 1015 in
3354 957 3459 1016 hac
3504 956 3654 1030 peti-

1949 1044 2099 1102 tione
2154 1058 2281 1102 mea
2338 1042 2528 1100 favere
2570 1043 3138 1115 contempserit:sit,
3188 1044 3456 1119 inquam,
3514 1061 3649 1105 reus

1946 1130 2254 1204 mendacii,
2306 1131 2378 1189 sit
2415 1130 2637 1188 debitor
2679 1132 2907 1190 violata:
2960 1131 3285 1205 sponsionis
3331 1133 3397 1192 in
3449 1133 3656 1193 ultimo

176 1227 331 1301 Eglon
360 1226 425 1282 in
458 1231 592 1299 typo
621 1224 895 1289 luxuriae,
926 1222 1090 1282 fortis
1121 1223 1270 1281 Aoth
1305 1222 1490 1283 inﬁxa
1516 1225 1706 1284 ventri
1749 1225 1866 1287 sica
1941 1222 2158 1296 judicio
2198 1221 2472 1281 veritatis.
2513 1220 2756 1295 Titillat,
2804 1228 2866 1282 ut
2901 1222 3126 1293 addam,
3169 1224 3428 1287 deleatur
3462 1224 3533 1283 de
3577 1224 3653 1282 1i-

174 1314 468 1390 perfoditur
502 1313 696 1386 (Judz’c.
734 1316 855 1383 III);
896 1310 1020 1370 illic
1050 1311 1215 1372 clavo
1244 1302 1595 1373 tabernaculi
1628 1314 1863 1388 superbi

176 1402 365 1462 Sisara
394 1401 696 1461 cerebrum
733 1402 1056 1475 perforatur
1094 1404 1288 1473 (Judic.
1323 1405 1441 1475 1v);
1483 1402 1606 1462 illic
1631 1403 1693 1463 in
1722 1420 1863 1462 ava-

172 1490 298 1550 ritia
325 1491 589 1565 signum,
622 1490 813 1548 Achar
842 1489 1026 1548 tilium
1059 1489 1294 1549 Charmi
1325 1490 1544 1565 lapides
1576 1491 1855 1564 obruunt,

172 1580 535 1654 omniumque
567 1578 843 1638 vitiorum
896 1585 1102 1651 pestes,
1144 1585 1421 1652 tanquam
1460 1579 1703 1640 rebelles
1753 1582 1859 1641 bo-

172 1670 318 1729 stium
366 1668 542 1738 acies,
596 1667 832 1726 fortium
866 1666 1257 1728 Israelitarum
1298 1668 1519 1741 gladios
1563 1685 1678 1728 non
1726 1686 1857 1729 eva-

1946 1314 2084 1373 bro:
2111 1314 2211 1375 sed
2259 1314 2403 1372 dum
2444 1313 2826 1372 reverentiam
2874 1321 3122 1375 vestram
3160 1332 3278 1389 prae
3314 1315 3496 1377 oculis
3544 1316 3654 1374 ha-

1945 1403 2071 1475 beo,
2115 1405 2388 1477 proferre,
2433 1402 2587 1473 quod
2647 1417 2811 1459 mens
2851 1403 3130 1476 suggerit,
3179 1419 3295 1463 non
3343 1418 3651 1478 praesumo.

1944 1489 2106 1560 Quod
2154 1491 2202 1548 si
2249 1488 2511 1563 petitioni
2557 1504 2703 1547 mete
2744 1505 2858 1547 non
2912 1490 3207 1563 denegatis
3256 1491 3547 1562 effectum,
3599 1497 3657 1551 et

1944 1586 2069 1653 post
2096 1580 2317 1638 obitum
2353 1594 2548 1637 meum
2580 1594 2681 1651 per
2710 1576 3182 1637 anniversarium
3212 1594 3457 1653 semper,
3500 1580 3649 1639 sicut

1943 1672 2272 1731 condictum
2319 1677 2405 1729 est
2446 1676 2616 1743 atque
2655 1670 3074 1744 praescriptum,
3120 1677 3331 1728 sanctae
3378 1670 3657 1729 orationis

169 1758 295 1816 dunt
318 1760 456 1824 (los.
484 1758 633 1826 VII);
662 1755 786 1814 illic
823 1771 992 1859 verus
1018 1755 1225 1827 David,
1256 1756 1417 1815 velut
1443 1756 1504 1815 in
1535 1757 1684 1816 arcis
1717 1756 1853 1817 Sion
1876 1769 2147 1859 hvestrae
2186 1760 2333 1819 mihi
2362 1760 2727 1835 praebueritis
2758 1759 3073 1830 auxilium,
3109 1759 3519 1835 omnipotentis
3550 1760 3655 1820 Dei

169 1846 401 1905 culmine
450 1845 801 1905 constitutus
831 1844 1053 1919 bieipiti
1097 1845 1309 1919 gladio,
1348 1848 1450 1921 qui
1478 1864 1551 1905 ex
1592 1848 1719 1921 ejus
1756 1865 1856 1908 ore
1892 1844 2198 1910 "custodia
2241 1866 2412 1924 super
2458 1850 2567 1908 hoc
2613 1848 3034 1909 monasterium
3091 1864 3317 1923 semper
3364 1849 3655 1923 invigilet,

169 1935 419 2011 procedit,
445 1936 707 2011 undique
726 1935 835 1993 sibi
862 1935 1210 1995 reluctantes
1225 1936 1586 1997 adversarios
1600 1937 1852 2012 jugulat,

1940 1957 2073 2015 qum
2107 1947 2163 2000 et
2187 1956 2288 1998 vos
2318 1938 2390 1996 ab
2417 1937 2802 1995 invisibilium
2834 1937 3087 1996 hostium
3108 1937 3375 1998 defendat
3401 1937 3651 2011 insidiis,

167 2026 407 2087 omnium
456 2025 567 2083 sibi
600 2024 994 2083 resistentium
1021 2025 1272 2085 cervices
1310 2024 1648 2098 obtruncat;
1684 2027 1745 2084 in
1769 2027 1864 2085 his
1945 2037 2001 2087 et
2053 2031 2203 2088 bona
2268 2035 2459 2086 vestra
2516 2027 2588 2085 ab
2637 2027 3023 2085 exterioribus
3094 2032 3322 2087 tueatur
3370 2026 3647 2085 adversis.

167 2113 418 2187 Galgalis,
464 2129 599 2187 quae
643 2112 916 2172 revelatio
963 2113 1281 2186 [revolutio]
1323 2114 1554 2187 dicitur,
1611 2131 1644 2173 a
1695 2115 1862 2176 nobis

164 2200 418 2261 lsmelitis
438 2201 676 2276 rEgypti
691 2201 1059 2275 opprobrium
1080 2202 1318 2273 tollitur,
1331 2203 1472 2261 dum
1491 2218 1591 2276 per
1611 2203 1860 2277 lapideos

163 2289 353 2353 cultros
384 2290 641 2351 secunda
670 2290 1034 2351 circumcisio
1072 2291 1436 2364 celebratur;
1470 2291 1591 2351 illic
1614 2294 1858 2367 pascha-

166 2377 223 2435 lis
248 2378 585 2447 solemnitas
611 2378 843 2450 colitur,
873 2386 928 2438 et
952 2396 985 2437 a
1009 2380 1298 2441 velamine
1324 2380 1509 2455 Moysi
1537 2383 1611 2440 ad
1642 2383 1859 2442 revela-

164 2465 312 2526 tionis
337 2467 667 2542 speculum,
708 2467 845 2527 Jesu
871 2467 1037 2540 duce,
1078 2469 1356 2528 transitur
1386 2471 1580 2543 (Emod.
1616 2474 1850 2546 XXXIV).

221 2556 401 2621 Nostis
460 2564 757 2631 praeterea,
808 2557 1189 2629 dilectissimi,
1248 2576 1351 2632 pro
1413 2559 1629 2619 tuenda
1672 2560 1855 2621 salute

162 2653 321 2713 vestra
352 2654 614 2721 quantus
652 2664 745 2706 me
778 2647 939 2708 labor
980 2648 1283 2721 attriverit,
1333 2652 1486 2725 quod
1537 2651 1596 2722 in
1645 2650 1851 2711 ultima

161 2743 435 2809 senectute
484 2752 616 2797 mea
654 2744 735 2797 tot
775 2746 1067 2813 praerupta
1098 2740 1405 2812 montium,
1456 2746 1537 2800 tot
1581 2742 1851 2802 inhorre-

160 2826 427 2893 scentium
480 2826 721 2901 Alpium
748 2827 890 2902 jnga
927 2830 1409 2901 transcenderim;
1458 2835 1533 2902 et,
1573 2837 1638 2895 ut
1688 2833 1849 2891 brevi

160 2925 340 2985 cuncta
369 2919 740 2992 complectar,
779 2935 884 2994 ego
922 2920 1129 2980 mortis
1157 2921 1484 2981 acredinem
1519 2923 1752 2997 pertuli,
1786 2930 1853 2985 ut

162 3020 246 3067 vos
293 3009 554 3071 Suaviter
608 3008 902 3080 viveretis,
967 3008 1146 3067 vitam
1214 3025 1403 3073 meam
1458 3010 1520 3069 in
1577 3013 1851 3073 manibus

158 3096 285 3167 meis
332 3096 524 3171 posui,
570 3103 628 3154 et
672 3112 775 3157 vos
820 3113 922 3171 per
956 3098 1100 3171 ejus,
1139 3097 1235 3157 cui
1272 3099 1501 3158 servitis
1532 3101 1845 3173 auxilium,

159 3182 218 3242 de
264 3187 736 3260 persequentium
804 3187 1078 3246 manibus
1135 3187 1399 3246 liberavi.
1460 3188 1846 3259 Quamobrem

156 3285 337 3336 omnes
381 3276 453 3335 in
490 3276 744 3349 capitulo
784 3275 1105 3347 residentes
1147 3278 1444 3337 communi
1473 3278 1694 3352 judicio
1733 3287 1847 3338 sta-

158 3360 343 3434 tuistis,
373 3368 435 3421 et
460 3363 754 3431 schedulis
785 3364 963 3424 inseri
991 3380 1092 3437 per
1120 3366 1512 3438 rescriptionis
1536 3368 1850 3429 articulum

155 3447 472 3515 decrevistis
523 3475 536 3510 :
584 3458 650 3510 ut
721 3459 775 3511 et
837 3468 959 3522 vos,
1016 3458 1071 3510 et
1119 3454 1331 3527 posteri
1387 3455 1559 3514 vestri
1619 3472 1847 3530 semper

156 3538 211 3611 in,
233 3541 632 3615 anniversario
667 3543 783 3602 mei
812 3542 1004 3601 obitus
1034 3541 1263 3616 insigne
1299 3542 1519 3618 aliquid
1558 3546 1840 3617 ageretis:

156 3632 423 3701 quatenus
480 3635 538 3687 et
585 3629 739 3689 tubae
794 3644 999 3688 omnes
1061 3630 1329 3689 festivius
1378 3634 1731 3706 clangerent,
1793 3638 1846 3691 et

157 3712 338 3785 fratres
378 3733 487 3791 pro
536 3718 711 3776 fratre
747 3717 1033 3777 solemnes
1069 3718 1395 3778 orationum
1444 3728 1617 3791 atque
1666 3721 1846 3780 sacri-

159 3800 398 3866 ficiorum
447 3806 758 3881 exsequias
809 3806 1181 3867 celebrarent.
1244 3808 1369 3867 Hoc
1423 3808 1846 3882 astipulationis

156 3902 340 3963 Vestra:
370 3896 692 3971 decretum,
736 3912 810 3955 ne
846 3897 1225 3972 quandolibet
1275 3897 1615 3972 intercipere
1669 3900 1847 3973 possit

156 3980 372 4057 oblivio,
404 3985 474 4045 in
498 3985 675 4043 vestri
712 3986 900 4049 cordis
933 3987 1195 4062 margine
1224 3989 1508 4061 reperitur
1538 3990 1841 4049 insertum.

157 4066 303 4130 Unde
355 4081 574 4135 sancta:
627 4074 922 4135 cbaritatis
979 4082 1185 4135 vestrae
1239 4077 1608 4138 dulcedinem
1657 4079 1844 4156 lacry-

156 4160 425 4233 mabiliter
454 4163 712 4236 obsecro,
751 4179 961 4239 meque
988 4164 1196 4226 vestris
1233 4182 1416 4241 prono
1450 4168 1620 4228 corde
1668 4171 1841 4228 vesti-

152 4249 249 4319 giis
317 4258 640 4326 prostratus
700 4253 985 4327 advolvo;
1048 4260 1115 4312 ut
1187 4255 1339 4330 quod
1420 4270 1585 4314 servo
1658 4261 1845 4316 vestro

157 4334 285 4407 182
308 4342 676 4415 promisistis,
707 4357 846 4401 mox
868 4349 935 4402 ut
957 4342 1319 4402 vocationem
1348 4359 1535 4403 meam
1562 4360 1665 4418 pro
1690 4353 1843 4405 certo

1945 2118 2324 2192 Omnipotens
2369 2115 2619 2191 Spiritus
2655 2115 2822 2173 corda
2874 2120 3063 2173 vestra
3107 2116 3411 2189 possideat,
3450 2122 3506 2175 et
3534 2116 3654 2174 fer-

1943 2224 2082 2267 vore
2143 2207 2419 2271 continuo
2473 2220 2597 2264 sum
2653 2203 2979 2262 dilectionis
3033 2205 3650 2278 accendat:templum

1945 2298 2057 2357 sibi
2107 2308 2263 2355 nunc
2314 2296 2370 2352 in
2419 2295 2627 2353 vestris
2664 2292 2994 2368 pectoribus
3035 2300 3350 2366 construat,
3390 2301 3448 2353 et
3493 2301 3650 2369 post-

1941 2386 2180 2447 modum
2208 2400 2309 2443 vos
2338 2398 2608 2459 supernae
2635 2381 2953 2443 Jerusalem
2978 2381 3271 2442 moenibus
3299 2381 3644 2443 introducat.

1938 2477 2150 2535 Amen.

2567 2540 2935 2603 EPISTOLA
2959 2541 3027 2601 V.

2151 2628 2229 2674 AD
2258 2625 2576 2674 MONACHOS
2606 2625 2967 2674 MONASTEBII
2994 2624 3430 2673 CLUNIACENSIS.

1934 2706 2381 2763 ABGUMENTUM.
2410 2736 2477 2775 έ
2500 2702 2909 2775 Cluniacenses
2933 2701 3263 2775 monachos,
3294 2701 3647 2775 quibuscum

2006 2791 2221 2847 magna
2274 2781 2395 2833 erat
2466 2773 2868 2847 benevolentia
2925 2773 3644 2847 conjunctus,'pr0pterea

2004 2843 2170 2921 quod
2185 2846 2320 2921 illos
2346 2863 2383 2904 a
2424 2844 2902 2921 sede_apostoli_ca
2955 2843 3649 2921 in'GalliamJegatusa

2004 2915 2315 2991 cupiditate
2381 2915 2709 2994 cujusdam
2748 2915 2999 2994 episcopi
3057 2915 3521 2994 jurisdicti‘on’em
3582 2915 3647 2973 in

2005 2987 2102 3062 eos
2152 2987 3137 3062 usurpare'conantis,‘liberasset,
3195 2987 3535 3062 sanctitatis.
3571 2994 3648 3062 _et

2005 3060 2231 3136 pietatis
2283 3056 2518 3136 nomine
2550 3059 2630 3136 ‘in
2687 3060 2792 3116 hac
2846 3058 3085 3136 epistola
3142 3056 3648 3136 collaudat:ordi-

2007 3128 2256 3204 nemque
2284 3138 2339 3189 et
2367 3130 2752 3204 disciplinam,
2782 3128 2954 3203 quam
2979 3129 3040 3185 in
3070 3143 3273 3204 eorum
3297 3128 3649 3204 monasterio

2007 3198 2229 3261 servari
2279 3198 2534 3275 prmsens
2567 3200 2689 3273 ipse
2736 3198 3158 3273 aspexeranin
3202 3198 3418 3275 ccelum
3460 3200 3643 3269 effert,

2003 3271 2712 3345 tanquam'utilissimam,
2764 3271 3211 3345 sanctorumque
3273 3271 3528 3340 Patrum,
3578 3276 3646 3345 et

2002 3342 2177 3403 sacra;
2243 3344 2555 3422 Scripturaa
2632 3343 2934 3422 praeceptis
3009 3342 3474 3422 consentaneum.
3540 3342 3644 3422 _Ad

2002 3413 2599 3492 extremumu‘eosdem
2634 3413 2919 3492 obsecrat,
2960 3420 3024 3469 ut
3053 3413 3146 3492 sui
3183 3428 3468 3470 memores
3506 3413 3646 3481 siut,

2000 3493 2054 3545 et
2093 3502 2152 3544 se
2199 3486 2483 3555 precibus,
2536 3500 2604 3542 ac
2657 3485 2705 3541 si
2755 3489 2904 3541 esset
2950 3492 3023 3540 ex
3076 3485 3334 3555 ipsorum
3380 3496 3645 3553 numero,

2000 3503 2054 3545 et
2093 3503 2152 3544 se
2238 3503 2483 3553 recinus,
2536 3503 2604 3542 ac
2657 3503 2705 3541 Si
2755 3503 2904 3541 esset
2950 3503 3023 3540 ex
3076 3503 3091 3539 1

1998 3557 2155 3630 apud
2183 3503 2369 3616 Betim
2399 3557 2676 3630 adjuvare
2705 3569 2820 3612 non
2853 3558 3096 3616 cessent.

2015 3643 2156 3709 183
2186 3646 2332 3707 Vere
2358 3646 2591 3715 sanctis,
2621 3651 2675 3703 et
2707 3644 2967 3719 angelica
2996 3642 3365 3702 veneratione
3388 3640 3646 3701 colendis

1929 3735 2329 3795 Cluniacensis
2377 3734 2713 3794 monasterii
2764 3734 3060 3813 fratribus,
3113 3732 3347 3792 PETRUS
3387 3739 3644 3806 peccator

1928 3825 2250 3885 monachus
2268 3824 2469 3898 jugem
2492 3823 2550 3881 in
2577 3822 2824 3882 Domino
2844 3821 3202 3882 servitutem.

2001 3912 2146 3972 Nolo
2185 3927 2287 3970 vos
2334 3912 2524 3980 lateat,
2566 3909 2948 3981 dilectissimi,
2994 3908 3134 3984 quia
3180 3912 3562 3967 revertentem
3610 3923 3647 3966 a

1928 4001 2111 4071 vobis,
2156 4000 2350 4075 gravis
2388 4017 2481 4060 me
2520 4001 2676 4061 tmdii
2726 4014 2941 4059 mceror
2981 3995 3282 4057 absorbuit
3306 4019 3319 4053 :
3343 4010 3411 4053 ac
3454 3993 3643 4053 multa

1926 4089 2342 4163 cogitationum
2398 4088 2584 4162 caligo
2642 4084 3121 4162 pusillanimitate
3188 4083 3475 4157 dejectum
3543 4098 3644 4142 cor

1927 4178 2235 4251 impatiens
2276 4178 2557 4236 tabefecit.
2610 4177 2789 4236 Plane
2821 4175 2962 4233 dum
3002 4190 3097 4233 me
3132 4172 3439 4233 recolerem
3481 4173 3644 4233 velut

1927 4282 2176 4340 puerum
2207 4283 2317 4326 ovo
2346 4266 2669 4335 seductum,
2709 4272 2763 4325 et
2799 4264 2877 4323 ita
2915 4261 3238 4323 deleniﬁcis
3276 4261 3468 4321 verbis
3514 4267 3641 4319 tan-

1926 4371 2101 4427 quam
2132 4355 2410 4426 blattinis,
2449 4354 2540 4413 vel
2570 4354 2797 4413 delicati
2836 4352 3135 4428 hyacinthi
3168 4351 3442 4411 mollibus
3481 4352 3644 4409 insti-

154 4432 430 4506 noveritis,
464 4433 1427 4509 eﬁicaciterimpleatis:Dominus
1455 4436 1629 4496 etiam
1652 4454 1898 4516 meus,“
1924 4444 1999 4502 tis
2057 4444 2398 4515 obligatum,
2451 4443 2609 4502 aliud
2660 4443 2911 4516 denique
2957 4456 3222 4501 sermone
3267 4440 3639 4513 promissum,

151 4532 208 4574 ac
250 4521 598 4583 venerabilis
645 4522 811 4581 Pater
847 4508 1022 4583 abbas
1059 4532 1251 4583 vester
1300 4523 1442 4599 Ugo,
1492 4526 1640 4584 sicut
1694 4508 2083 4592 mihiDaliud
2126 4508 2582 4590 omnino-rebus
2618 4508 2969 4599 exhilii-tum,
3019 4508 3370 4586 ﬂuctuabam
3420 4527 3639 4596 animo,

151 4608 423 4679 pollicitus
466 4620 572 4682 est,
606 4613 765 4672 hunc
793 4614 1060 4673 eumdem
1099 4631 1224 4675 sum
1253 4616 1583 4689 sponsionis
1613 4617 1836 4677 indicu-

152 4699 257 4760 lum
285 4703 422 4763 vivo
445 4720 713 4764 sermone
738 4722 839 4779 per
867 4707 1096 4782 propria
1121 4708 1292 4771 faciat
1319 4710 1667 4768 monasteria
1692 4726 1841 4783 prae-

146 4787 332 4862 dicari,
386 4799 444 4852 et
493 4794 554 4852 in
611 4809 813 4853 eorum
859 4795 1083 4855 codices
1125 4796 1275 4869 stylo
1322 4797 1521 4869 jubeat
1576 4807 1843 4859 currente

150 4880 477 4952 transcribi;
520 4887 583 4941 ut
634 4882 889 4943 veritatis
931 4882 1174 4943 omnino
1203 4883 1526 4957 discipulus
1554 4891 1745 4946 teneat
1769 4888 1840 4946 ﬁ-

1924 4629 1980 4680 et
2014 4622 2344 4681 aberrantes
2394 4620 2637 4695 quilibet
2668 4635 2702 4676 a
2742 4617 2997 4676 veritatis
3036 4616 3190 4673 linea
3229 4622 3385 4686 tunc,
3439 4616 3638 4685 fateor,

1926 4710 2058 4783 plus
2086 4708 2256 4767 solito
2281 4706 2685 4781 displicebant.
2719 4705 2886 4775 Nam,
2920 4710 2987 4764 ut
3013 4719 3199 4763 unum
3228 4705 3513 4763 duntaxat
3532 4703 3638 4762 ad-

1926 4806 2123 4859 notare
2172 4796 2438 4867 suﬂiciat,
2479 4811 2594 4869 quo
2630 4801 2837 4854 caetera
2873 4792 3242 4865 colligantur,
3287 4793 3637 4865 promissum

1927 4887 2073 4945 mihi
2104 4893 2206 4957 est,
2239 4885 2393 4960 quod
2422 4885 2484 4943 in
2512 4882 2791 4944 Kalendis
2831 4882 3077 4956 Augusti
3118 4881 3301 4940 forem
3340 4895 3637 4953 regressus

149 4960 284 5037 dem,
332 4984 440 5028 nec
485 4969 743 5045 stipulati
787 4971 1020 5030 foederis
1065 4971 1243 5032 violet
1284 4974 1631 5035 cautionem.
1682 4975 1845 5049 Rogo
1923 4977 1995 5036 ad
2029 4976 2278 5052 propria,
2320 4975 2417 5034 sed
2462 4974 2763 5049 proﬂigato
2803 4971 3168 5046 postmodum
3209 4970 3481 5029 trimestri
3522 4969 3640 5028 fere

148 5069 239 5125 per
276 5058 498 5131 Iesum,
539 5062 642 5137 qui
686 5063 796 5122 sub
833 5062 1038 5122 Pontio
1074 5062 1257 5124 Pilato
1287 5065 1684 5126 testimonium
1716 5068 1840 5126 red-
1924 5066 2232 5134 curriculo.
2274 5072 2329 5125 et
2368 5070 2586 5142 quanta
2631 5062 2792 5137 potui
2827 5061 3112 5120 celeritate
3153 5057 3405 5128 cucurri,
3455 5065 3509 5116 et
3551 5063 3634 5116 ta-

150 5142 221 5201 dit
244 5149 290 5215 (Ι
318 5152 459 5213 Tim.
485 5154 566 5224 v1)
596 5176 610 5209 :
636 5167 739 5224 per
774 5151 1028 5211 terribile
1045 5152 1333 5225 judicium
1359 5153 1504 5226 ejus,
1535 5168 1651 5228 quo
1678 5155 1845 5214 vivos
1927 5171 2060 5214 men
2101 5155 2197 5213 vix
2233 5155 2438 5229 quinto
2473 5161 2605 5213 ante
2635 5151 2922 5212 Kalendas
2960 5145 3307 5208 Novembris
3342 5146 3457 5216 die,
3500 5148 3635 5205 fon-

146 5247 206 5290 θϐ
248 5244 505 5300 mortuos
540 5240 861 5315 judicabit;
914 5256 1016 5313 per
1065 5241 1299 5315 angelos
1343 5249 1401 5300 et
1448 5243 1839 5317 arehangelos,
1927 5245 1999 5305 tis
2046 5246 2333 5313 Avellani,
2395 5245 2549 5304 unde
2600 5254 2988 5316 processeram
3041 5251 3322 5295 cacumen
3377 5235 3630 5296 escendi.

148 5338 239 5395 per
264 5326 497 5389 Petrum
530 5336 589 5389 et
618 5330 886 5403 Paulum,
923 5337 977 5390 et
1005 5346 1207 5393 omnes
1245 5332 1533 5407 apostolos
1577 5348 1643 5392 ac
1686 5349 1841 5391 mar-
1927 5335 2094 5395 Unde
2140 5341 2331 5394 noster
2367 5335 2602 5393 animus
2644 5334 2787 5392 dum
2834 5347 2937 5404 per
2991 5336 3075 5388 tot
3124 5328 3632 5389 intumescentium

146 5416 289 5484 tyres
345 5417 620 5490 deprecor
662 5437 674 5477 :
711 5435 812 5493 per
881 5427 1094 5479 sanctae
1143 5421 1492 5481 homousion
1540 5421 1844 5481 Trinitatis
1925 5424 2072 5483 vada
2106 5423 2469 5494 torrentium,
2505 5439 2606 5496 per
2634 5426 2712 5480 tot
2736 5418 3025 5479 nivalium
3064 5418 3306 5491 Alpium
3337 5418 3633 5492 scopulosa

146 5513 348 5562 nomen
396 5504 665 5580 obtestor,
718 5513 785 5565 ut
835 5515 889 5568 et
942 5525 1063 5581 vos,
1117 5516 1173 5568 et
1226 5511 1437 5584 posteri
1500 5512 1674 5572 vestri
1726 5514 1841 5572 mei
1923 5511 2210 5586 prmripia,
2247 5527 2348 5585 per
2387 5517 2466 5570 tot
2508 5510 2701 5580 etiam,
2743 5508 2897 5584 quod
2940 5508 3107 5582 pejus
3159 5513 3299 5577 erat,
3346 5507 3632 5565 Cadaloici

146 5594 477 5655 memoriam
519 5598 580 5657 in
627 5600 835 5659 vestris
881 5601 1094 5661 sanctis
1132 5603 1497 5663 orationibus
1534 5603 1834 5663 habeatis:
1920 5603 2137 5663 furoris
2201 5600 2569 5677 conglobatae
2648 5600 2908 5671 insidias,
2971 5604 3269 5674 suspectus
3320 5596 3630 5666 incederet,
