4018 6202
387 299 494 360 379

910 299 970 360 S.
1013 299 1235 359 PETRI
1271 298 1597 359 DAMIANI
1635 298 1791 359 OPP.
1835 297 2027 359 PARS
2072 295 2212 358 SEU
2250 293 2501 356 TOMUS
2539 295 2590 354 Ι.
2638 328 2692 339 -
2736 293 2973 356 EPIST.
3015 292 3165 354 LIB.
3201 292 3361 354 VIII.

3773 301 3862 363 380

387 426 644 497 densam,
694 432 760 486 ut
790 426 869 485 ita
907 426 1129 499 loquar,
1176 425 1439 483 intestini
1483 425 1815 485 certaminis
1855 425 2231 499 grandi-Aet
2258 421 2473 495 gentile
2510 423 2917 497 prostibulum,
2962 423 3025 480 in
3053 422 3448 483 Israelitarum
3477 428 3566 480 est
3609 425 3862 488 translata

383 532 517 575 nem
559 515 815 591 pertulit.
864 515 934 573 Et
970 529 1301 589 quanquam
1352 514 1411 571 in
1451 514 1560 572 hoc
1596 514 1816 588 rigidus
1866 530 2090 588 semper

380 610 438 664 et
467 603 806 662 inﬂexibilis
849 609 1248 677 permaneret;
1286 610 1341 661 et
1381 604 1532 677 quod
1575 603 1854 662 nimirum
1892 602 2084 660 decre-

385 701 564 765 verat,
610 693 833 752 malum
883 707 985 766 pro
1034 692 1184 750 malo
1236 708 1349 751 non
1396 692 1669 761 reddere;
1732 691 2088 751 oblivionem

384 787 575 839 tamen
622 781 855 854 injuria
899 780 1327 853 quantumlibet
1374 782 1674 852 niteretur,
1731 796 1845 839 non
1902 780 2087 853 potuit

382 869 643 928 funditus
678 869 956 928 obtinere.
992 872 1066 927 At
1094 875 1395 942 postquam
1425 868 1497 926 ad
1526 868 1801 927 cellulam
1840 884 2086 942 perven-

383 962 509 1016 tum
566 963 670 1026 est,
724 958 843 1015 imo
908 966 1209 1032 postquam
1262 959 1323 1017 in
1374 974 1486 1029 me,
1543 959 1665 1033 ipse
1712 957 1814 1032 qui
1865 959 2086 1016 fueram

377 1046 675 1115 exclusus,
704 1045 937 1111 intravi,
969 1062 1106 1105 mox
1128 1046 1428 1105 astuantis
1452 1048 1636 1105 animi
1664 1047 1851 1105 fervor
1873 1046 2089 1104 exstin-

378 1137 610 1209 guitur;
658 1136 997 1196 contentiosi
1050 1137 1222 1211 litigii
1279 1138 1515 1212 querela
1576 1138 1823 1212 sopitur;
1874 1143 2085 1207 tumor,

377 1225 613 1292 clamor,
664 1230 719 1282 et
773 1224 1098 1298 indignatio
1138 1233 1345 1300 prasto
1401 1227 1731 1300 deponitur,
1787 1234 1842 1284 et
1893 1242 2084 1293 omne,

378 1315 531 1390 quod
568 1314 631 1371 in
668 1314 813 1372 meis
854 1314 1174 1375 visceribus
1224 1333 1490 1375 amarum
1549 1316 1754 1386 fuerat,
1808 1316 2089 1375 divinitus

377 1402 738 1462 obdulcatur.
781 1402 926 1461 Nam
962 1404 1124 1462 velut
1163 1404 1232 1462 ad
1291 1404 1541 1464 tribunal
1582 1406 1798 1479 judicis
1848 1413 2088 1465 conten-

377 1492 560 1552 tiosus
618 1493 870 1566 litigator
926 1493 1230 1563 adductus,
1297 1494 1592 1569 querelam
1649 1494 1920 1554 inutilem
1972 1510 2088 1552 non

377 1597 512 1640 sum
542 1597 721 1641 ausus
758 1597 1048 1656 exponere
1087 1589 1218 1641 ante
1256 1582 1529 1641 districta
1565 1584 1790 1644 cellula
1823 1584 2087 1657 majesta—

377 1675 515 1729 tem.
561 1670 629 1729 Et
666 1678 937 1747 tanquam
977 1673 1026 1729 si
1070 1672 1385 1744 languidus
1430 1673 1675 1748 quilibet
1719 1674 2086 1732 aromaticam

2170 509 2546 582 consortium,
2583 511 2725 570 dum
2754 527 2955 571 eorum
3000 511 3225 571 nuntiis
3253 510 3447 569 vitalis
3471 512 3700 586 aufugii
3730 531 3861 589 pra-

2169 599 2298 658 buit
2350 606 2760 674 argumentum
2816 604 2941 674 (Jos.
3006 604 3084 665 II).
3142 601 3259 675 Ego
3314 601 3511 667 etiam,
3577 608 3642 659 ut
3690 619 3859 681 spero,

2174 688 2394 746 meritis
2449 704 2542 746 me
2600 697 2806 747 vestra
2860 689 3177 748 sanctitatis
3236 690 3450 762 ingessi
3508 690 3647 749 dum
3710 692 3860 752 Mati-

2169 776 2357 833 censis
2380 776 2652 835 Ecclesia
2671 777 2905 850 jugum,
2929 778 3269 851 quodvobis
3292 777 3512 853 imponi
3537 780 3859 854 tentabatur,

2167 864 2362 938 abegi;
2420 865 2818 938 tuendumque
2863 882 2955 924 me
3004 866 3171 925 credo
3226 882 3327 940 per
3382 884 3484 926 vos
3527 884 3561 925 a
3608 872 3860 931 versutiis

2169 953 2524 1023 damonum,
2554 954 2658 1027 qui
2683 954 2965 1013 vibratam
2998 954 3055 1011 in
3100 971 3202 1013 vos
3235 955 3458 1013 clavam
3488 956 3756 1016 Herculis
3785 975 3862 1017 ra-

2168 1043 2271 1116 pui
2301 1040 2373 1098 de
2400 1042 2671 1101 manibus
2697 1042 3073 1111 clericorum;
3122 1050 3175 1102 et
3228 1050 3501 1119 tanquam
3532 1044 3863 1105 Jesbibenob

2169 1132 2229 1191 in
2284 1132 2461 1189 David
2506 1132 2904 1206 insurgentem
2946 1138 3017 1206 (Π
3054 1138 3183 1203 Reg.
3228 1136 3380 1203 XXI),
3413 1134 3652 1207 perculi,
3698 1152 3765 1194 ac
3803 1154 3863 1195 ne

2169 1220 2404 1281 lucerna
2430 1220 2607 1279 Israel
2636 1220 3123 1294 exstingueretur,
3156 1222 3401 1281 occurri.

2245 1310 2419 1369 Porro
2467 1316 2680 1381 autem,
2734 1311 2875 1370 dum
2926 1318 3038 1369 tam
3088 1310 3433 1382 districtum,
3488 1318 3723 1389 tamque
3765 1316 3860 1373 fre-

2171 1405 2447 1473 quentem
2494 1408 2708 1460 sancta
2749 1408 2955 1460 vestra
2989 1403 3440 1461 conversationis.
3477 1405 3744 1464 ordinem
3784 1422 3860 1464 re.

2170 1486 2314 1556 colo,
2345 1502 2459 1545 non
2487 1487 2923 1547 adinventionis
2950 1490 3229 1548 humana
3262 1490 3546 1562 studium,
3569 1493 3669 1551 sed
3697 1495 3860 1552 sancti

2174 1572 2423 1648 Spiritus
2476 1576 2875 1651 magisterium
2919 1577 3110 1636 inesse
3160 1578 3469 1651 perpendo.
3530 1580 3677 1640 Nam
3728 1589 3861 1640 tanta

2171 1671 2291 1723 erat
2325 1664 2384 1722 in
2411 1666 2679 1724 servandi
2707 1666 2931 1724 ordinis
2958 1666 3232 1725 continua
3258 1668 3503 1743 jugitate
3537 1668 3860 1742 prolixitas;

377 1760 713 1833 ingrediens
765 1760 1094 1830 ofﬁcinam;
1155 1768 1465 1836 antequam
1534 1762 1775 1820 antidoti
1834 1759 2327 1849 medica-Btanta
2373 1755 2693 1849 prasertim
2728 1756 2799 1849 in
2829 1754 3228 1849 ecclesiasticis
3261 1755 3470 1849 ciliciis
3492 1758 3865 1849 protelabatur

378 1855 575 1906 menta
652 1848 945 1921 percipiat,
1017 1849 1272 1923 deposita
1347 1850 1642 1925 languoris
1717 1842 2463 1925 {legitumum—instantia.
2528 1848 2591 1899 lli
2648 1843 2710 1900 ίῐι
2784 1844 2908 1917 ipso
2968 1845 3183 1913 cancri.
3260 1846 3384 1903 Sive
3459 1847 3641 1905 Ιθοῐιίε
3713 1856 3863 1920 ωεῐυν

374 1934 761 2007 convalescat;
791 1937 869 1994 ita
898 1953 1001 2010 ego
1030 1937 1316 2011 protinus,
1355 1947 1421 1997 ut
1457 1938 1685 1998 cellula
1724 1956 1867 1999 mea
1908 1942 2087 2000 limen

370 2024 555 2095 attigi,
606 2024 853 2082 necdum
904 2023 1115 2083 librum
1161 2026 1482 2100 quemlibet
1519 2043 1856 2101 aperueram
1889 2053 1901 2086 :
1932 2036 2006 2101 et,
2054 2044 2089 2088 o

372 2111 770 2170 benefactum!
808 2120 1085 2186 tanquam
1124 2115 1340 2174 virtute
1372 2115 1503 2185 loci,
1538 2132 1742 2175 sanum
1780 2133 1874 2175 me
1915 2124 2089 2192 atque

374 2199 751 2269 incolumem,
825 2203 1157 2276 compositis
1211 2204 1425 2263 anima
1488 2221 1634 2263 mea
1718 2206 2084 2278 vulneribus,

374 2290 820 2363 reperizsicque
868 2291 938 2348 ad
984 2290 1320 2351 divinorum
1377 2294 1680 2367 librorum,
1739 2296 1841 2370 qui
1898 2297 2089 2356 adhuc

356 2380 553 2443 clausi
602 2381 964 2449 tenebantur,
1021 2388 1335 2455 aspectum,
1385 2384 1548 2442 velut
1595 2391 1728 2442 ante
1784 2386 2088 2444 medicina

370 2471 668 2543 poculum,
709 2470 954 2529 salutem
996 2472 1186 2541 hausi,
1227 2473 1584 2546 spirantibus
1622 2474 1907 2535 duntaxat
1945 2478 2085 2536 odo-

374 2558 537 2617 ribus
580 2559 960 2632 fragrantium
1011 2560 1436 2632 pigmentorum
1494 2562 1853 2637 Quapropter
1895 2572 2089 2624 sancto

375 2649 577 2707 rectori
609 2656 798 2707 vestro
825 2650 960 2721 (95),
990 2651 1089 2723 qui
1124 2652 1270 2708 mihi
1302 2656 1477 2710 tanta
1504 2650 1843 2712 calamitatis
1864 2656 2088 2728 pondus

375 2738 623 2809 invexit,
645 2755 760 2798 non
789 2740 959 2799 modo
982 2740 1167 2798 vicem
1193 2740 1464 2811 Iasionis,
1489 2742 1587 2799 sed
1608 2758 1746 2801 eum
1767 2760 2001 2818 quoque
2020 2746 2084 2803 in

368 2832 471 2903 jus
525 2828 733 2887 veteris
788 2830 1063 2888 amicitia
1118 2846 1222 2904 pro
1275 2837 1463 2889 vestra
1518 2833 1796 2890 cbaritate
1853 2835 2081 2894 reduco.

373 2915 488 2985 Qui
526 2916 684 2975 enim
729 2932 841 2975 non
894 2919 1171 2979 absolute.
1226 2918 1324 2976 sed
1364 2920 1513 2978 sicut
1554 2920 1659 2993 ipsi
1710 2921 2082 2994 dimittimus,

375 3008 457 3065 ita
498 3006 666 3065 nobis
702 3023 733 3065 a
768 3007 882 3065 Deo
918 3008 1128 3066 dimitti
1171 3015 1392 3082 peccata
1438 3026 1707 3085 rogamus
1736 3014 1950 3085 (Matth.
1986 3026 2082 3085 VI;

376 3098 505 3152 Luc.
566 3096 670 3167 XI),
728 3095 872 3154 dum
923 3111 1029 3153 nos
1077 3112 1213 3156 cum
1264 3097 1620 3157 relaxatione
1690 3102 1926 3175 peccati,
1983 3102 2084 3160 Dei

374 3199 609 3258 quoque
647 3186 888 3256 gratiam
925 3186 1276 3257 quarimus;
1309 3186 1550 3258 dignum
1578 3194 1663 3246 est
1690 3196 1754 3247 ut
1779 3205 1887 3257 nos
1912 3190 2083 3249 etiam

378 3268 648 3330 inimicos
674 3277 900 3330 nostros
929 3280 1050 3346 post
1077 3274 1416 3332 offensionis
1445 3275 1699 3347 veniam,
1731 3277 1789 3334 in
1820 3279 2087 3351 pristina

379 3375 614 3435 prorsus
692 3361 964 3420 amicitia
1038 3362 1461 3437 plenitudinem
1525 3365 1862 3426 referamus.
1928 3366 2086 3429 Sicut

383 3450 541 3509 enim
569 3451 789 3511 oblivio
824 3452 1226 3511 mandatorum
1269 3453 1372 3512 Dei
1410 3456 1607 3528 procul
1648 3455 1827 3515 dubio
1875 3458 2082 3517 vitium

381 3547 486 3611 est,
541 3542 623 3600 sic
665 3542 844 3603 illata
898 3542 1040 3600 184
1088 3546 1431 3605 calamitatis
1477 3548 1695 3607 oblivio
1746 3566 1860 3609 non
1915 3567 2087 3625 parva

381 3631 565 3689 virtus
602 3639 704 3690 est.
742 3632 1025 3693 Praterea
1059 3635 1167 3706 illi,
1204 3636 1304 3711 qui
1344 3652 1435 3695 me
1466 3653 1733 3710 pressura
1760 3641 1898 3698 tanti
1929 3640 2087 3699 labo-

385 3718 465 3777 ris
502 3721 740 3789 attrivit,
780 3722 953 3782 etiam
989 3724 1189 3796 gratia
1237 3726 1554 3785 referenda
1604 3736 1761 3798 sunt,
1807 3729 1948 3802 quia
1986 3729 2088 3789 illo

381 3806 717 3880 disponente
750 3811 860 3884 qui
915 3813 1127 3871 nostris
1168 3813 1313 3871 bene
1356 3814 1539 3873 utitur
1581 3816 1770 3887 malis,
1819 3832 1920 3890 per
1963 3817 2088 3892 ejus

381 3894 655 3955 offensam
693 3899 752 3956 in
783 3901 1101 3959 sanctitatis
1139 3908 1345 3961 vestra
1391 3919 1483 3960 me
1531 3905 1770 3979 contigit
1811 3907 2086 3968 devenire

380 3984 766 4045 notitiamzet
820 3988 877 4045 in
906 3989 1014 4047 hoc
1062 3992 1402 4063 propensius
1445 3992 1682 4064 gaudeo,
1732 3994 1870 4068 quia
1918 4012 2085 4056 meus

381 4072 542 4131 labor
569 4074 752 4134 otium
784 4076 949 4134 vobis
982 4092 1229 4137 amana
1264 4080 1586 4137 securitatis
1616 4081 1911 4155 impertiit,
1956 4101 2085 4144 mea

380 4164 613 4220 vexatio
654 4163 952 4223 laboriosa
979 4165 1158 4238 quieti
1192 4173 1396 4226 vestra
1427 4167 1624 4227 dulces
1660 4171 1833 4229 ferias
1877 4188 2084 4245 procu-

380 4249 548 4309 ravit.
596 4250 719 4309 Hoc
758 4252 954 4327 itaque
981 4255 1149 4312 modo
1180 4270 1269 4312 me
1300 4256 1413 4329 piis
1449 4258 1722 4330 operibus
1752 4262 1957 4325 vestris
1990 4262 2084 4320 in-

380 4338 581 4408 seruit,
623 4355 873 4413 quorum
912 4342 1013 4400 etsi
1062 4352 1256 4402 sancte
1284 4345 1518 4405 vivendi
1552 4348 1786 4423 vestigia
1822 4366 1938 4409 non
1968 4351 2083 4409 eri-

378 4425 499 4498 pui,
543 4430 606 4485 ut
654 4435 844 4488 tamen
886 4430 1081 4490 vivere
1108 4439 1301 4491 sancte
1342 4436 1601 4508 possetis,
1634 4436 1923 4496 auxilium
1954 4439 2078 4498 tuli.

2170 1945 2303 1989 cum
2351 1929 2636 2003 longiores
2664 1937 2804 1989 sunt
2846 1933 2990 2003 dies,
3021 1932 3125 1990 vix
3155 1948 3256 2006 per
3284 1937 3465 1991 totum
3499 1933 3650 1993 diem
3701 1937 3865 1995 unius

2170 2018 2371 2077 saltem
2430 2027 2661 2081 vacaret
2714 2020 2874 2079 hora
2920 2021 3253 2092 dimidium,
3308 2037 3426 2096 quo
3486 2022 3765 2084 fratribus
3811 2025 3863 2083 in

2168 2110 2417 2169 claustro
2486 2111 2741 2170 licuisset
2787 2112 3030 2171 miscere
3076 2112 3452 2186 colloquium.
3504 2114 3627 2174 Hoc
3684 2123 3863 2175 autem

2169 2206 2283 2257 tam
2328 2202 2587 2260 continui
2628 2201 2846 2261 laboris
2888 2204 3232 2262 exercitium
3258 2204 3328 2260 ad
3363 2203 3472 2264 hoc
3494 2212 3598 2278 est,
3634 2212 3703 2264 ut
3734 2222 3863 2277 reor,

2168 2289 2364 2347 solerti
2421 2290 2558 2348 satis
2614 2305 2681 2348 ac
2725 2291 2965 2366 provida
3019 2293 3333 2366 magisterii
3384 2304 3507 2355 arte
3558 2297 3865 2370 provisum,

2170 2383 2234 2435 ut
2288 2378 2505 2436 levium
2565 2385 2739 2453 atque
2784 2381 3155 2440 infirmorum
3213 2383 3459 2443 fratrum
3514 2385 3862 2460 fragilitatem

2172 2466 2464 2539 reprimat,
2508 2473 2565 2525 et
2617 2468 2995 2543 delinquendi
3047 2472 3460 2545 propemodum
3518 2473 3866 2533 occasionem

2171 2555 2345 2622 tollat,
2387 2562 2673 2630 quatenus
2701 2557 2875 2616 etiam
2910 2558 2956 2615 si
2988 2559 3190 2632 velint,
3232 2570 3440 2634 prater
3472 2563 3863 2637 cogitationem

2169 2658 2403 2718 peccare
2452 2644 2550 2702 vix
2590 2644 2828 2717 possint.
2891 2646 3208 2720 Fragilium
3266 2648 3446 2722 igitur
3497 2650 3866 2709 imbecillitati

2171 2738 2514 2806 consulitur,
2571 2737 2719 2797 dum
2769 2740 2830 2796 in
2892 2740 3273 2812 persolvendo
3325 2742 3588 2802 continui
3657 2744 3869 2803 ordinis

2168 2843 2347 2903 penso
2399 2834 2607 2899 totum,
2671 2844 2787 2886 non
2841 2829 3014 2887 modo
3071 2829 3291 2901 diurni,
3341 2832 3439 2889 sed
3496 2839 3551 2891 et
3607 2834 3866 2894 nocturni

2170 2918 2444 2989 temporis
2487 2915 2741 2992 spatium
2773 2917 3127 2992 proﬂigatur.
3166 2918 3309 2976 Nam
3350 2925 3408 2978 et
3451 2920 3573 2995 ipse
3606 2923 3868 2996 omnipo-

2169 3011 2293 3064 tens
2323 3006 2474 3065 Deus
2505 3007 2611 3065 hoc
2639 3007 2915 3066 humana
2946 3008 3151 3067 salutis
3179 3010 3263 3067 uti
3287 3009 3558 3083 dignatus
3588 3020 3679 3071 est
3707 3028 3870 3086 argu-

2169 3100 2381 3164 mento,
2412 3111 2547 3154 cum
2573 3096 2784 3170 populo
2815 3112 2913 3170 per
2938 3098 3159 3157 deserta
3181 3100 3465 3172 gradienti
3497 3106 3575 3160 tot
3603 3103 3870 3162 mandata

2170 3184 2465 3258 proposuit
2512 3187 2705 3258 (Exod.
2755 3189 3013 3263 XXXVI):
3048 3204 3351 3263 operosum
3395 3191 3662 3251 videlicet
3711 3201 3871 3267 atque

2168 3271 2578 3346 inexplicabile
2629 3277 3069 3338 tabernaculum
3126 3278 3414 3352 fabricari,
3476 3280 3710 3342 diversa
3764 3282 3868 3343 sibi

2168 3361 2444 3420 sacriﬁcia
2513 3379 2615 3437 per
2692 3370 2772 3423 tot
2852 3368 3226 3426 caeremonias
3298 3383 3365 3427 ac
3440 3370 3586 3429 ritus
3662 3370 3868 3443 offerri,

2149 3450 2359 3525 ipsum
2409 3459 2727 3513 castrorum
2778 3452 3044 3514 ordinem
3102 3458 3226 3516 sive
3294 3458 3697 3530 residentium,
3755 3458 3869 3518 sive

2169 3543 2619 3600 commeantium
2677 3549 2792 3601 tam
2856 3544 3183 3618 artificiosa,
3242 3562 3415 3622 quam
3472 3548 3722 3621 mystica
3775 3562 3866 3606 va-

2169 3634 2365 3693 rietate
2402 3634 2704 3709 distingui,
2752 3642 3041 3709 quatenus
3078 3635 3220 3695 dum
3268 3653 3390 3697 sese
3437 3638 3500 3697 in
3546 3639 3641 3697 bis
3662 3639 3869 3714 jugiter

2169 3730 2480 3795 exerceret,
2529 3723 2741 3783 resolvi
2785 3724 3032 3783 carnalis
3088 3724 3249 3798 plebs
3304 3726 3372 3784 ad
3430 3726 3581 3786 idola
3632 3725 3867 3787 colenda

2169 3825 2282 3869 non
2314 3817 2518 3883 posset.
2551 3811 2701 3870 Sane
2728 3810 2869 3870 dum
2900 3811 3152 3886 p0pulus
3175 3812 3276 3871 ille
3304 3828 3422 3871 non
3447 3814 3723 3887 operibus
3751 3822 3869 3873 tex-

2171 3896 2336 3955 trinis
2379 3897 2688 3975 insisteret,
2739 3914 2855 3957 non
2900 3898 3201 3958 contraria
3241 3901 3349 3958 arti
3397 3916 3634 3975 operam
3693 3903 3865 3972 daret,

2171 3983 2313 4041 185
2344 3972 2473 4046 noﬁ
2501 3987 2752 4062 denique
2794 3989 3053 4048 studium
3090 3972 3464 4063 agricultura
3497 3991 3864 4067 dependeret,

2167 4093 2284 4136 non
2329 4076 2468 4136 ullis
2511 4079 2927 4153 prospicienda
2969 4080 3324 4139 necessitatis
3368 4081 3665 4141 laboribus
3718 4082 3867 4141 insu-

2169 4167 2347 4237 daret,
2423 4166 2845 4242 multiplicibus
2893 4170 3263 4243 occupandus
3314 4177 3451 4243 erat,
3513 4170 3633 4231 Deo
3689 4172 3869 4247 legem

2166 4255 2588 4330 promulgante,
2635 4257 2940 4329 mandatis,
2996 4264 3062 4316 ut
3116 4259 3255 4317 dum
3317 4260 3440 4318 hac
3492 4276 3628 4318 cum
3681 4259 3870 4318 labore

2165 4346 2532 4420 persolveret,
2582 4363 2949 4424 nequaquam
3005 4349 3122 4408 otio
3181 4349 3466 4408 resolutus
3520 4350 3582 4408 in
3639 4348 3871 4409 sacrile-

2164 4436 2327 4509 gium
2364 4436 2694 4496 declinaret.
2740 4438 2856 4496 Nec
2886 4439 3124 4512 mirum,
3159 4438 3413 4513 idipsum
3442 4439 3616 4497 etiam
3649 4439 3871 4499 Pharao

379 4513 475 4574 Sic
532 4515 630 4576 ille
681 4518 889 4579 domus
934 4522 1131 4580 Achab
1174 4500 1531 4597 dispensator
1568 4500 1802 4598 Abdias,
1860 4530 1998 4587 dum
2051 4500 2422 4587 antentabat
2481 4541 2778 4601 usurpare,
2832 4542 2963 4586 cum
3015 4500 3264 4585 diceret;
3296 4552 3317 4579 ι
3368 4526 3589 4587 Vacatis
3631 4528 3774 4599 otio,
3822 4530 3875 4584 et

377 4601 584 4676 gladiis
637 4606 862 4666 Jezabel
936 4609 1223 4683 fugientes
1291 4615 1594 4688 prophetas
1664 4616 1722 4674 in
1797 4617 2084 4690 specubus
2166 4613 2380 4672 idcirco
2453 4613 2665 4685 dicitis,
2740 4630 2960 4685 eamus,
3041 4622 3096 4674 et
3164 4617 3557 4676 sacriﬁcemus
3625 4615 3871 4676 Domino

377 4693 819 4770 quinquagenos
870 4698 1187 4772 abscondit,
1248 4701 1369 4774 ipse
1420 4704 1784 4776 postmodum
1835 4704 2085 4778 gloriosa
2167 4700 2362 4773 (Exod.
2419 4704 2497 4774 V).
2537 4728 2559 4752 ο
2612 4703 2779 4774 Nam,
2835 4703 2988 4779 quod
3051 4719 3165 4762 non
3230 4704 3524 4779 indigebat
3571 4710 3873 4763 terrenum

377 4783 775 4845 vicissitudine
810 4790 1127 4862 prophetici
1169 4791 1405 4864 spiritus
1446 4795 1690 4868 gratiam
1737 4796 1953 4855 meruit
1988 4799 2089 4864 (ΙΠ
2166 4789 2306 4863 quid
2339 4806 2527 4865 agere,
2563 4790 2677 4848 Ι)ίεὶ
2707 4790 2940 4851 indicta?
2970 4792 3373 4851 ῒᾶηῐιιῐηωοάο
3398 4791 3540 4867 legis
3585 4798 3873 4866 1)um

373 4874 503 4941 Reg.
534 4877 728 4940 XVIII).
769 4874 834 4932 Et
866 4891 1023 4935 nunc
1051 4876 1362 4936 Ecclesiam
1394 4879 1667 4954 spiritalis
1713 4882 1891 4940 edulii
1919 4882 2077 4958 dapi-
2166 4892 2413 4951 servare,
2461 4885 2699 4937 testatur
2754 4878 2999 4954 Moyses,
3049 4880 3150 4952 qui
3202 4896 3340 4939 eum
3385 4880 3730 4957 alloquitur,
3785 4878 3873 4937 di-

378 4957 488 5017 bus
532 4960 731 5029 reﬁcit,
765 4963 867 5038 qui
910 4971 1049 5024 tunc
1074 4981 1303 5039 panem,
1349 4974 1403 5026 et
1445 4983 1659 5045 aquam
1689 4957 2082 5029 esurientibus
2163 4982 2342 5026 cens:
2381 4992 2402 5020 ι
2449 4968 2617 5028 Dedit
2670 4969 2775 5030 tibi
2831 4970 3119 5031 Dominus
3170 4972 3362 5031 cibum
3425 4986 3660 5044 manna,
3712 4971 3871 5046 quod

376 5046 746 5107 ministravit.
794 5050 889 5111 Sic
938 5052 1168 5113 Eliseus
1215 5054 1354 5113 dum
1392 5056 1666 5130 magistro
1709 5073 1813 5116 suo
1861 5057 2082 5117 devota
2163 5055 2469 5129 ignorabas
2513 5062 2597 5130 tu,
2627 5061 2701 5117 “et
2740 5065 2929 5133 patres
2964 5060 3070 5130 tui,
3100 5066 3167 5118 ut
3190 5060 3515 5118 ostenderet
3538 5060 3666 5132 tibi,
3717 5058 3874 5135 quod

374 5135 695 5196 sedulitatis
730 5140 1032 5200 exhiberet
1059 5143 1425 5219 obsequium,
1467 5145 1757 5220 duplicem
1802 5161 2078 5205 consecu-
2161 5144 2363 5203 nonin
2384 5145 2503 5205 solo
2532 5161 2679 5220 pane
2704 5146 2849 5205 vivit
2880 5149 3072 5218 homo,
3095 5148 3194 5208 sed
3218 5148 3278 5206 in
3304 5149 3463 5206 omni
3492 5147 3689 5219 verbo,
3715 5145 3871 5224 quod

377 5231 467 5282 tus
493 5233 577 5283 est
603 5228 847 5301 gratiam
874 5229 934 5287 in
966 5231 1175 5290 virtute
1208 5233 1510 5307 signorum
1545 5238 1642 5308 (Ν
1680 5238 1814 5305 Reg.
1862 5236 1939 5307 II).
1984 5234 2079 5293 Sic
2159 5231 2453 5305 egreditur
2494 5249 2567 5291 ex
2605 5249 2703 5292 ore
2745 5234 2849 5293 Dei
2887 5239 3066 5305 (Deut.
3120 5248 3262 5305 VIII;
3313 5238 3513 5294 Matth.
3578 5245 3683 5307 IV;
3740 5237 3871 5293 Luc.

374 5313 597 5385 Bahab,
638 5316 914 5392 quoniam
944 5319 1333 5393 exploratores
1368 5323 1545 5382 Israel
1581 5341 1614 5382 a
1658 5324 1801 5382 facie
1841 5325 2074 5399 tyranni
2158 5322 2274 5393 IV);
2319 5347 2344 5371 »
2401 5322 2504 5382 ubi
2567 5330 2622 5382 et
2678 5330 2885 5398 prasto
2939 5324 3242 5400 subjungit
3287 5344 3298 5383 ε
3357 5345 3386 5377 α
3439 5324 3873 5384 Vestimentum

372 5403 615 5463 furentis
648 5406 920 5480 occuluit,
954 5407 1174 5481 gladios
1202 5410 1615 5473 Jericbontina
1643 5413 1819 5473 cadis
1857 5415 2072 5486 evasit;
2156 5416 2345 5484 tuum,
2379 5427 2496 5486 quo
2541 5412 2907 5488 operiebaris,
2955 5429 3324 5490 nequaquam
3367 5419 3652 5474 vetustate
3706 5414 3874 5473 defe-

435 5591 536 5658 (95)
566 5592 815 5646 Sanctum
847 5595 1127 5660 nugonem
1157 5597 1407 5653 abbatem
1438 5600 1629 5652 tnnutt.
