4018 6202
131 330 212 392 381
578 370 605 375 —
1360 331 1584 393 LIBER
1624 333 1935 405 SEXTUS,
1979 336 2215 397 EPIST.
2259 338 2331 397 V.

3491 344 3599 404 382

130 459 207 526 cit,
237 460 285 512 et
313 467 410 527 pes
439 457 576 511 tuus
603 466 722 509 non
760 458 845 509 est
878 452 1175 513 subtritus.
1210 454 1295 512 En
1327 457 2032 531 quadragesimusANaas
2080 463 2493 533 Ammonitem,
2525 462 2843 537 superbum
2902 463 3171 522 videlicet
3218 480 3436 538 regem,
3483 468 3595 527 nisi

128 559 288 604 annus
324 546 425 612 est,
459 547 524 599 ut
565 541 841 614 recogites
877 543 937 599 in
979 543 1148 601 corde
1182 550 1299 616 tuo,
1327 546 1466 619 quia
1493 547 1643 606 sicut
1669 564 1802 607 eru-
1887 549 1980 606 vel
2033 551 2319 609 mundum
2372 552 2619 609 Creatori
2674 568 2778 611 suo
2823 551 3118 620 rebellem,
3160 552 3251 609 vel
3294 553 3592 616 diabolum

128 634 194 692 dit
216 634 375 690 homo
412 630 605 689 ﬁlium
644 630 954 700 suum,-sic
984 630 1266 690 Dominus
1304 632 1456 693 Deus
1494 641 1633 694 tuus
1670 652 1802 696 eru-
1884 635 2013 709 ejus
2034 637 2418 711 intelligimus
2442 639 2757 712 principem
2776 637 2804 697 ἱ)
2823 638 2905 697 De
2924 654 3038 709 quo
3056 639 3338 699 nimirum
3357 642 3592 714 dicitur,

125 722 244 784 divit
288 731 375 793 te;
426 730 492 781 ut
533 722 822 780 custodias
865 723 1134 781 mandata
1176 723 1408 783 Domini
1459 726 1562 785 Dei
1617 728 1720 797 tui,
1749 732 1803 785 et
1884 727 2021 799 quia
2057 725 2236 801 «Ipse
2268 734 2353 784 est
2383 744 2485 785 rex
2517 743 2690 801 super
2735 744 2940 786 omnes
2968 728 3121 787 ﬁlios
3146 731 3434 802 superbiae
3477 736 3595 802 (Job

128 810 356 871 ambules
394 810 455 867 in
494 810 606 868 viis
654 810 803 883 ejus,
836 818 891 868 et
945 812 1146 869 timeas
1194 828 1328 871 eum
1378 819 1555 881 (Deut.
1588 820 1733 885 v1").
1770 838 1797 869 »
1883 820 2028 885 XLI).
2087 840 2113 863 »ι
2173 815 2243 872 Et
2297 816 2435 889 quia
2494 815 2641 873 Naas
2696 833 2915 888 serpens
2965 816 3396 891 interpretatur,
3438 827 3596 881 recte

126 901 175 959 In
217 898 417 972 quibus
465 898 656 956 verbis
702 897 843 957 illud
890 906 975 957 est
1022 900 1291 961 solertius
1344 903 1796 975 attendendum,
1836 932 1854 946 -
1880 920 1982 979 per
2035 906 2190 965 hunc
2236 921 2562 964 venenosus
2602 906 2718 976 ille,
2770 913 2825 963 et
2863 905 3123 966 lubricus
3156 908 3366 981 anguis
3395 910 3596 984 expri-

124 988 247 1063 quod
292 988 372 1046 ait
409 1012 423 1045 :
478 1010 505 1038 u
556 988 724 1046 Dedit
756 987 861 1046 tibi
895 1005 1130 1061 manna,
1170 998 1234 1050 ut
1271 993 1613 1069 ostenderet,
1642 997 1797 1069 quod
1880 997 2080 1054 mitur.
2115 997 2265 1067 Quid
2302 1014 2435 1056 vero
2471 1013 2571 1071 per
2606 997 2793 1068 Jabes,
2841 1012 2974 1072 qum
3003 998 3207 1057 civitas
3246 1004 3367 1058 erat
3408 1000 3592 1059 Israe~

122 1095 214 1138 non
258 1080 317 1138 in
372 1078 493 1138 solo
532 1094 682 1153 pane
733 1080 878 1137 vivit
928 1081 1120 1152 homo,
1156 1083 1256 1141 sed
1305 1083 1366 1141 in
1413 1086 1574 1143 omni
1622 1087 1797 1145 verbo
1878 1082 2051 1154 litica,
2082 1084 2196 1143 nisi
2244 1085 2439 1143 anima
2487 1084 2755 1143 innuitur
2799 1084 3125 1144 Christiana
3151 1087 3224 1145 ad
3271 1087 3589 1147 videndum

121 1169 246 1247 quod
288 1168 581 1242 egreditur
619 1185 693 1227 ex
731 1185 830 1228 ore
860 1170 984 1229 Dei.
1029 1192 1056 1224 »
1098 1172 1207 1231 Ubi
1250 1172 1379 1232 luce
1419 1172 1631 1234 clarius
1660 1192 1797 1235 con-
1884 1172 2068 1232 Deum
2108 1189 2208 1247 per
2234 1174 2494 1233 studium
2532 1175 3032 1249 contemplationis
3074 1176 3335 1235 intenta?
3358 1177 3428 1235 Et
3454 1179 3591 1253 quia

121 1265 207 1317 stat
228 1258 361 1330 quia
402 1257 556 1316 illud
598 1273 829 1329 manna,
862 1275 978 1332 quo
1016 1260 1104 1319 illi
1133 1262 1439 1322 carnaliter
1475 1262 1797 1337 alebantur,
1881 1263 2052 1322 Jabes
2111 1262 2518 1337 interpretatur
2564 1268 2858 1330 exsiccata,
2913 1264 3007 1322 vel
3053 1268 3293 1331 siccitas,
3340 1282 3594 1341 congrue

121 1348 205 1405 hoc
228 1345 411 1403 divini
457 1346 621 1404 verbi
661 1346 1020 1420 signiﬁcabat
1051 1350 1353 1423 pabulum,
1387 1367 1503 1425 quo
1542 1370 1701 1412 nunc
1736 1356 1798 1414 in
1881 1365 1982 1425 per
2008 1350 2179 1409 Jabes
2207 1350 2308 1408 illa
2345 1352 2694 1426 intelligitur
2723 1351 2938 1421 anima,
2972 1368 3108 1425 quae
3147 1369 3416 1426 supernae
3455 1372 3591 1428 gra-

122 1436 280 1494 anima
317 1450 669 1494 recreemur.
703 1436 773 1494 Et
806 1439 1127 1498 notandum
1161 1441 1316 1513 quod
1346 1440 1416 1497 de
1440 1442 1549 1500 hoc
1585 1459 1800 1502 manna
1883 1439 1979 1496 tite
2021 1438 2438 1512 pinguedinem
2483 1439 2711 1509 deserit,
2752 1447 2808 1497 et
2846 1441 2904 1498 in
2945 1448 3091 1500 aestu
3113 1443 3592 1516 concupiscentiae

119 1526 167 1582 in
206 1524 344 1583 libro
393 1524 581 1583 Exodi
626 1524 878 1598 legitur:
915 1552 940 1574 α
971 1526 1135 1596 Quod
1184 1544 1315 1587 cum
1367 1530 1664 1603 vidissent,
1708 1533 1799 1591 in-
1881 1527 2128 1585 carnalis
2155 1529 2397 1587 arescit:
2433 1529 2702 1588 recedens
2730 1530 2943 1603 quippe
2979 1529 3052 1586 ab
3089 1530 3372 1590 inhiaudo
3404 1532 3592 1591 divini

120 1614 236 1687 quit,
284 1613 393 1671 ﬁlii
444 1613 640 1685 Israel,
684 1615 962 1674 dixerunt
1013 1618 1084 1675 ad
1130 1617 1381 1677 invicem
1416 1644 1430 1678 ε
1464 1620 1685 1681 Manhu
1713 1621 1742 1681 ?
1771 1647 1792 1675 .
1880 1614 2141 1673 muneris
2179 1632 2304 1675 rore
2336 1617 2402 1675 ﬁt
2450 1617 2615 1688 sicca,
2648 1633 2823 1691 quem
2870 1622 3036 1675 antea
3075 1618 3215 1676 dum
3258 1620 3589 1694 perciperet,

119 1702 241 1775 quod
290 1702 602 1775 signiﬁcat,
640 1726 666 1753 α
695 1703 835 1778 quid
881 1711 967 1761 est
1013 1705 1169 1764 hoc?
1216 1729 1242 1759 »
1292 1710 1492 1778 (Exod.
1527 1718 1676 1777 XVI).
1704 1710 1797 1769 Illi
1880 1706 2111 1779 vigebat
2160 1705 2466 1763 salubriter
2522 1705 2777 1779 irrigata,
2813 1705 3059 1765 Domino
3108 1722 3211 1782 per
3254 1709 3463 1766 Isaiam
3499 1708 3593 1766 di-

120 1806 227 1865 ergo
270 1806 507 1881 manus,
540 1791 598 1881 id
647 1798 751 1881 est,
799 1818 824 1840 «
868 1794 1009 1868 quid
1042 1803 1125 1881 est
1166 1797 1291 1866 hoc,
1335 1821 1354 1848 ι
1397 1798 1675 1858 veraciter
1700 1815 1768 1859 co
1813 1801 2085 1881 Bcente:
2123 1794 2494 1851 «Effundam
2522 1810 2733 1868 aquam
2768 1810 2941 1868 super
2967 1795 3275 1866 sitientem,
3300 1798 3592 1857 etﬂuenta

120 1879 347 1946 medunt,
385 1877 488 1953 qui
536 1878 677 1937 dum
724 1879 949 1954 legunt,
983 1880 1073 1939 vel
1110 1883 1378 1956 audiunt,
1408 1885 1595 1944 divini
1636 1877 1852 1947 verbi—
1880 1898 2052 1957 super
2095 1882 2313 1940 aridam
2368 1886 2496 1952 (Isa.
2554 1887 2741 1951 XLIV).
2786 1903 2813 1934 ι)
2871 1883 2981 1943 Sed
3030 1883 3176 1942 Naas
3233 1900 3367 1943 cum
3422 1887 3592 1945 Jabes

122 1966 435 2040 mysterium
489 1966 725 2025 solerter
772 1968 1094 2042 inquirunt.
1152 1972 1263 2041 Qui
1319 1974 1599 2033 nimirum
1649 1976 1799 2035 intra
1880 1969 2071 2030 fmdus
2107 1971 2273 2028 aliter
2311 1970 2660 2044 dedignatur
2700 1969 2868 2037 inire,
2902 1971 3013 2030 nisi
3043 1972 3277 2032 oculum
3318 1974 3592 2034 dextrum

126 2057 355 2115 litteralis
380 2058 561 2130 palea:
588 2058 833 2129 thecam,
864 2059 1093 2119 dulcem
1134 2063 1536 2136 intelligentiae
1573 2066 1798 2139 spirita-
1883 2062 2201 2134 paciscatur
2244 2073 2448 2119 eruere
2482 2078 2494 2116 :
2533 2061 2669 2132 quia
2720 2060 2987 2134 quisquis
3026 2060 3116 2118 vel
3155 2063 3397 2138 antiquo
3444 2064 3594 2122 hosti

127 2144 181 2202 lis
203 2146 463 2204 ambiunt
502 2147 803 2207 enucleare
856 2150 1195 2209 medullam.
1235 2151 1345 2209 Hic
1383 2161 1550 2224 certe,
1592 2178 1610 2205 ι
1659 2155 1800 2231 quid
1882 2148 1943 2206 in
2003 2162 2268 2220 perversa
2322 2146 2689 2218 suggestione
2744 2146 3179 2216 substernitur,
3240 2149 3325 2207 vel
3384 2150 3592 2209 mundi

125 2234 327 2305 esthoc,
371 2261 396 2282 ιο
428 2236 704 2293 veraciter
726 2237 992 2310 vescitur,
1016 2241 1118 2314 qui
1155 2240 1216 2297 in
1241 2242 1472 2300 assidua
1498 2241 1712 2319 Scrith

2004 2253 2062 2295 us
2107 2236 2385 2309 inquietis
2430 2236 2755 2294 actionibus
2792 2236 3142 2310 implicatur,
3180 2239 3321 2297 dum
3363 2256 3423 2298 se
3464 2246 3591 2298 tan-

126 2338 272 2381 sacraa
330 2323 574 2382 solerter
622 2325 999 2398 inquisitione
1069 2336 1346 2387 versatur.
1406 2330 1579 2399 Quasi
1645 2334 1802 2390 enim
1884 2340 2059 2398 quam
2114 2325 2361 2397 superbo
2412 2323 2530 2397 regi
2587 2325 2831 2397 turpiter
2870 2325 3127 2397 fmderat,
3158 2342 3389 2387 necesse
3418 2335 3501 2386 est
3530 2334 3595 2387 ut

122 2414 473 2486 quastionem
525 2415 859 2488 quamdam,
894 2423 951 2473 et
1009 2442 1033 2464 ι(
1078 2418 1218 2490 quid
1271 2424 1356 2476 est
1410 2420 1518 2477 hoc
1557 2441 1583 2473 »
1633 2422 1803 2480 avido
1885 2415 2158 2473 dextrum
2202 2413 2455 2482 oculum,
2511 2414 2619 2471 hoc
2667 2421 2771 2485 est,
2820 2415 3019 2474 lumen
3072 2418 3592 2492 contemplationis,

117 2503 271 2560 mulis
302 2519 408 2561 ore
445 2503 819 2574 comedimus,
853 2520 987 2564 cum
1028 2505 1099 2563 ad
1134 2509 1483 2579 penetranda
1529 2513 1802 2585 mysteria
1882 2504 2136 2573 amittat;
2172 2510 2225 2561 et
2266 2503 2346 2560 Sic
2385 2502 2759 2576 OPPmbl'illm
2804 2504 2867 2561 in
2913 2502 3090 2563 Israel
3121 2506 3379 2576 Ῥοῐιίῐιπ
3410 2525 3424 2562 ³
3456 2509 3595 2580 αιιία

118 2588 518 2665 Scripturarum
563 2591 865 2666 vigilanter
900 2593 1246 2664 insistimus,
1290 2612 1422 2655 cum
1451 2599 1648 2671 epulas
1683 2616 1801 2659 cce-
1882 2592 2023 2651 dum
2074 2610 2108 2650 a
2164 2591 2663 2665 contemplationis
2714 2608 2844 2650 arce
2898 2593 2969 2650 ad
3032 2599 3274 2662 terrena,
3334 2596 3425 2653 V81
3478 2596 3593 2654 im-

117 2678 247 2737 lestis
293 2679 514 2755 eloquii
565 2680 857 2739 subtiliter
896 2683 1281 2743 ruminamus.
1318 2686 1383 2743 Et
1427 2702 1600 2760 quam
1656 2690 1799 2748 bene
1882 2681 2101 2739 munda
2137 2681 2406 2753 quaelibet
2438 2681 2807 2754 exsequenda
2844 2680 3194 2752 devolvitur,
3234 2698 3598 2756 consequens

116 2767 401 2827 Israelitico
457 2769 547 2828 illi
596 2770 806 2844 populo
854 2771 1188 2830 monachica
1230 2780 1513 2847 possessio
1560 2778 1703 2852 [prof

2031 2776 2097 2825 ut
2143 2769 2207 2826 in
2263 2767 2513 2826 Ecclesia
2561 2768 2849 2840 probrosae
2896 2769 3205 2827 derisionis
3233 2770 3592 2830 obtrectatio-

117 2856 197 2929 siol
236 2858 522 2931 congruit,
552 2858 690 2933 quia
743 2858 896 2917 unde
946 2858 1032 2916 illi
1086 2866 1220 2919 tunc
1255 2862 1559 2922 alebantur
1597 2865 1655 2923 in
1698 2867 1799 2925 de-
1883 2859 2061 2918 nibus
2107 2858 2450 2917 mordeatur.
2491 2857 2697 2915 Petunt
2742 2864 2937 2917 autem
2976 2858 3065 2916 illi
3108 2865 3323 2933 septem
3352 2860 3474 2919 dies
3502 2862 3594 2920 in-

118 2952 257 3017 serto,
288 2948 464 3006 modo
504 2963 609 3007 nos
654 2948 961 3022 epulamur
1009 2950 1069 3006 in
1117 2951 1412 3011 claustro?
1451 2953 1599 3023 Quid
1640 2955 1798 3013 enim
1882 2951 2098 3022 ducias,
2129 2957 2183 3008 et
2227 2952 2365 3025 quia
2417 2950 2569 3009 Deus
2610 2950 2853 3024 septimo
2891 2951 2984 3011 die
3014 2952 3368 3027 requievisse
3396 2970 3429 3012 a
3455 2970 3592 3013 con-

117 3035 399 3106 desertum,
434 3037 549 3095 nisi
587 3037 659 3096 ab
697 3038 950 3096 humana
984 3045 1151 3097 sonat
1188 3040 1543 3101 habitatione
1582 3042 1800 3101 discre-
1881 3040 2015 3099 ditis
2046 3040 2314 3113 operibus
2350 3039 2564 3112 legitur
2595 3042 2750 3109 (Gen.
2784 3049 2870 3110 II),
2900 3041 3041 3115 quid
3074 3057 3175 3115 per
3201 3044 3591 3116 septenarium

119 3128 260 3185 tum?
295 3129 449 3199 Quid
491 3130 667 3187 etiam
699 3128 1038 3201 claustrum,
1080 3130 1194 3188 nisi
1250 3132 1324 3189 ab
1374 3135 1535 3192 omni
1585 3136 1795 3209 negotii
1819 3178 1860 3209 ρ,
1881 3144 2215 3197 numerum,
2248 3127 2357 3185 nisi
2390 3128 2619 3200 requies
2640 3127 3022 3201 designatur?
3060 3129 3244 3189 Istum
3271 3147 3589 3190 numerum

115 3217 377 3275 saecularis
428 3218 651 3276 actione
704 3217 1087 3276 conclusum?
1126 3219 1195 3277 Et
1234 3220 1381 3279 sicut
1428 3238 1531 3295 per
1577 3216 2019 3283 deserta”Saul
2056 3216 2391 3281 inobediens
2423 3216 2732 3288 ignoravit,
2760 3231 2890 3274 cum
2934 3233 3034 3291 per
3068 3234 3199 3277 eum
3252 3235 3312 3277 se
3358 3218 3592 3279 Samuel

115 3304 485 3373 gradientibus
514 3304 619 3364 lux
661 3305 831 3379 ignea
868 3306 1020 3364 inter
1064 3314 1375 3367 nocturnas
1410 3311 1673 3369 tenebras
1701 3313 1794 3370 in-
1880 3306 2332 3382 praestolantium
2399 3323 2522 3366 esse
2584 3308 2853 3380 praecepit
2905 3332 2918 3365 :
2977 3332 2997 3357 τι
3053 3307 3320 3382 Septem,
3379 3310 3592 3384 inquit,

116 3390 366 3467 fulgebat,
429 3395 512 3452 sic
568 3394 743 3453 etiam
799 3404 1220 3454 commorantes
1282 3399 1339 3455 in
1399 3400 1799 3473 spiritualibus
1882 3397 2086 3455 diebus
2111 3395 2487 3468 exspectabis,
2520 3395 2703 3453 donec
2730 3396 2958 3454 veniam
3000 3396 3070 3453 ad
3107 3404 3178 3466 te,
3215 3405 3270 3454 et
3294 3398 3593 3456 ostendam

115 3479 348 3542 claustris
380 3499 656 3558 superna)
694 3482 840 3542 lucis
868 3500 1021 3558 saepe
1057 3485 1235 3544 radiis
1268 3486 1664 3560 illustrantur,
1698 3490 1798 3564 qui
1882 3484 1981 3542 tibi
2032 3499 2165 3555 quae
2214 3483 2386 3542 ἰθείᾶὲ
2433 3487 2487 3551 (Ι
2519 3488 2650 3552 Περι
2686 3489 2771 3550 X)-
2809 3505 2830 3534 υ
2881 3483 2989 3542 Sed
3041 3483 3177 3556 quia
3232 3484 3593 3557 spiritualem

113 3576 157 3623 et
202 3572 514 3631 carnalium
565 3573 899 3646 passionum
955 3574 1217 3633 tenebras
1264 3574 1533 3650 abigant,
1590 3594 1801 3652 eosque
1884 3569 2145 3643 requiem
2199 3570 2291 3627 vir
2346 3570 2623 3643 reprobus
2686 3570 2936 3642 sprevit,
2991 3570 3403 3643 exagitandum
3456 3586 3591 3629 eum

113 3659 587 3734 contemplationis
632 3662 858 3719 intimae
910 3662 1095 3721 nitore
1144 3665 1516 3736 perfundant.
1547 3667 1799 3740 Fugien-
1884 3662 2122 3735 spiritus
2172 3660 2360 3719 malus
2406 3661 2667 3735 arripuit.
2702 3661 2811 3718 Per
2839 3662 3228 3734 septenarium
3276 3677 3411 3734 ergo
3468 3661 3594 3721 die-

113 3745 204 3805 dus
232 3757 312 3808 est
339 3766 481 3823 ergo
522 3750 795 3820 mundus,
828 3751 929 3824 qui
968 3752 1230 3812 tenebras
1268 3756 1531 3827 parturit,
1562 3758 1801 3831 petenda
1885 3767 2011 3809 rum
2068 3766 2382 3809 numerum
2423 3751 2495 3808 ab
2543 3749 2748 3824 iniquo
2780 3766 2912 3824 rege
2949 3750 3117 3809 Jabes
3146 3751 3348 3809 civitas
3381 3751 3595 3809 libera-

115 3839 322 3898 remotio
352 3887 367 3910 ,
427 3839 531 3898 ubi
593 3846 868 3912 tanquam
921 3840 982 3898 in
1040 3841 1263 3900 deserto
1328 3860 1529 3902 verum
1599 3845 1795 3905 lumen
1885 3848 2027 3899 tur:
2062 3842 2197 3915 quia
2252 3840 2526 3914 quaelibet
2577 3840 2797 3911 anima,
2830 3856 3009 3914 quam
3049 3840 3328 3899 suadente
3364 3841 3594 3901 diabolo

113 3928 350 4001 erumpit.
382 3928 630 3988 Prorsus
680 3944 712 3986 a
760 3936 952 3988 nostra
999 3930 1365 4004 repellendus
1400 3940 1485 3991 est
1520 3933 1793 4007 amicitia,
1881 3931 2139 3990 mundus
2189 3932 2261 3988 ad
2320 3946 2379 3987 se
2429 3936 2671 3989 conatur
2725 3930 3008 3989 attrahere
3045 3973 3060 4001 ,
3113 3945 3180 3988 ac
3228 3933 3593 4004 negotiorum

112 4016 195 4087 qui
223 4019 505 4079 nimirum
537 4018 677 4078 dum
712 4020 1077 4080 tenebrarum
1106 4022 1165 4078 in
1197 4023 1412 4097 quibus
1441 4040 1666 4098 semper
1690 4032 1793 4097 est,
1878 4018 2252 4077 saecularium
2295 4018 2547 4078 tenebris
2590 4033 2898 4087 excaecare,
2947 4018 3193 4076 illmsum
3240 4018 3591 4092 contempla-

112 4105 354 4178 caligines
384 4109 613 4180 inserit,
651 4110 1141 4168 consentientibus
1179 4111 1287 4169 sibi
1320 4119 1492 4187 atque
1521 4114 1785 4172 obedien-
1879 4109 2053 4168 tionis
2098 4107 2335 4166 oculum
2379 4112 2595 4177 servat,
2636 4108 2684 4165 si
2725 4108 2966 4166 omnino
3011 4108 3302 4179 resistens,
3359 4108 3418 4166 in
3469 4123 3592 4169 suae

114 4192 244 4252 tibus
271 4199 468 4255 lumen
494 4196 987 4269 exstinguit;imo
1008 4198 1286 4258 debemus
1310 4202 1795 4275 eisemperiufoe-
1880 4200 2094 4275 quietis
2148 4198 2435 4272 proposito
2501 4206 2827 4273 perseverat
2876 4218 2888 4256 :
2948 4215 3194 4272 eamque
3244 4198 3594 4272 Redemptor

112 4279 338 4343 derabile
398 4284 617 4344 bellum
676 4288 841 4354 [deest
892 4287 1166 4360 indicere,
1208 4293 1293 4345 vel
1335 4293 1493 4347 aliud
1532 4293 1800 4362 ejusmodi
1882 4294 2075 4346 noster
2110 4289 2180 4344 de
2218 4286 2548 4357 tentatione,
2591 4301 2767 4360 quam
2806 4286 3037 4360 patitur,
3074 4287 3262 4361 eripit,
3296 4304 3433 4346 cum
3468 4302 3595 4345 eam

112 4374 732 4449 rerbum],quisuorum
754 4377 951 4436 oculos
970 4377 1165 4437 obruit
1186 4380 1693 4440 amicorum,Hinc
1716 4390 1799 4442 est
1880 4376 1940 4433 in
2000 4376 2503 4435 remotionis'sute
2552 4391 2797 4434 censura
2847 4375 3146 4449 quiescere
3194 4376 3589 4451 deprehendit.

111 4461 242 4531 quod
270 4478 431 4521 sacra
457 4463 682 4537 Regum
716 4465 952 4523 historia
992 4474 1261 4525 narrante
1299 4468 1629 4539 didicimus,
1661 4470 1855 4544 quia_
1886 4467 2045 4526 Unde
2099 4466 2221 4524 illic
2276 4465 2551 4538 scriptum
2604 4471 2689 4523 est
2736 4488 2749 4521 :
2797 4486 2823 4517 α
2853 4464 2997 4522 Cum
3050 4467 3322 4537 venisset,
3374 4466 3588 4541 inquit,

107 4563 223 4609 cum
242 4553 391 4611 Naas
411 4533 773 4613 Ammonites
792 4557 1393 4617 ascenderetutJabes
1422 4533 1636 4618 Galaad
1662 4533 2002 4617 cudeies
2046 4553 2348 4623 crastinus,
2380 4533 2674 4611 constituit
2722 4550 2859 4610 Saul
2895 4552 3171 4625 populum
3214 4552 3275 4610 in
3310 4533 3423 4609 tres
3457 4533 3594 4625 par-

109 4639 215 4697 suis
234 4639 378 4698 188
406 4645 745 4717 agminibus
776 4655 1157 4721 expugnaret,
1182 4664 1385 4707 omnes
1411 4649 1518 4707 viri
1537 4648 1706 4707 Jabes
1726 4648 1797 4706 ad
1879 4655 1985 4717 tes,
2012 4655 2067 4702 et
2104 4646 2399 4717 ingressus
2450 4648 2535 4700 est
2577 4641 2765 4698 media
2807 4649 2989 4699 castra
3033 4642 3095 4698 in
3144 4642 3343 4715 vigilia
3404 4649 3591 4700 mtu-

108 4724 256 4799 Naas,
286 4747 407 4789 una
462 4748 600 4790 voce
646 4732 965 4793 dixerunt:
1006 4762 1032 4783 «ι
1060 4736 1281 4796 Habeto
1326 4752 1430 4795 nos
1474 4736 1793 4808 fmderatos,
1882 4735 2021 4805 tina,
2064 4740 2117 4791 et
2166 4732 2446 4806 percussit
2497 4734 2744 4788 Ammon
2798 4744 2984 4803 usque
3037 4728 3174 4788 dum
3226 4729 3594 4788 incalesceret

105 4821 150 4870 et
176 4821 495 4880 serviemus
524 4822 649 4880 tibi.
686 4848 715 4872 ιι
749 4821 974 4893 Quibus
1008 4824 1106 4882 ille
1151 4825 1445 4898 respondit
1482 4845 1494 4884 :
1529 4847 1557 4877 «
1590 4825 1654 4883 In
1691 4826 1799 4883 hoc
1880 4826 2002 4884 dies
2032 4829 2081 4894 (Ι
2101 4828 2231 4893 Reg.
2268 4828 2373 4891 XI).
2416 4846 2436 4872 ι
2471 4820 2620 4891 Quid
2667 4819 2825 4878 enim
2879 4835 2979 4893 per
3011 4820 3171 4891 Saul,
3202 4820 3306 4894 qui
3345 4822 3591 4878 Christus

103 4902 285 4965 feriam
314 4910 617 4970 vobiscum
660 4912 869 4986 Icedus,
904 4921 969 4973 ut
1013 4929 1214 4973 eruam
1245 4913 1509 4973 omnium
1542 4919 1797 4972 vestrum
1880 4917 2099 4972 Domini
2147 4911 2460 4979 dicebatur,
2505 4910 2616 4968 nisi
2665 4910 2732 4979 is,
2775 4906 2915 4964 187
2965 4910 3067 4983 qui
3125 4924 3294 4967 verus
3350 4924 3453 4967 rex
3511 4914 3595 4966 est

104 4996 279 5055 oculos
332 4998 592 5071 dextros,
634 5017 963 5078 ponamque
989 5017 1091 5061 vos
1116 5002 1490 5076 Opprobrium
1523 5004 1800 5063 universo

106 5079 299 5144 Israeli.
348 5088 751 5163 Dixeruntque
801 5090 873 5148 ad
928 5107 1060 5150 eum
1111 5091 1367 5150 seniores
1412 5092 1580 5151 Jabes
1610 5117 1621 5150 :
1653 5092 1800 5152 Con-

1883 5002 2077 5073 Israel,
2115 5000 2219 5058 Dei
2278 4999 2706 5073 hominumque
2765 4996 3045 5055 mediator
3080 4996 3348 5055 innuitur
3373 4998 3401 5052 ?
3444 4995 3593 5065 Quid

1883 5096 1984 5157 est,
2027 5089 2182 5165 quod
2232 5087 2515 5162 populum
2580 5087 2637 5143 in
2699 5092 2813 5142 tres
2874 5083 3169 5142 constituit
3224 5090 3429 5157 partes,
3480 5085 3593 5143 uisi

104 5171 220 5229 cede
262 5175 435 5233 nobis
475 5184 691 5249 septem
720 5177 842 5236 dies
872 5188 932 5237 ut
970 5179 1271 5251 mittamus
1306 5180 1543 5238 nuntios
1567 5180 1626 5237 in
1664 5181 1802 5239 uni-

108 5273 279 5321 versos
310 5267 595 5324 terminos
630 5265 825 5338 Israel,
857 5275 911 5327 et
948 5270 996 5327 si
1030 5284 1145 5327 non
1178 5269 1373 5341 fuerit,
1403 5269 1506 5344 qui
1535 5268 1803 5328 defendat

103 5363 212 5419 nos,
256 5353 628 5427 egrediemur
666 5356 740 5414 ad
798 5362 849 5415 te
901 5359 948 5431 (Ι
974 5363 1105 5429 Reg.
1144 5359 1243 5431 x1).
1289 5384 1315 5407 ι»
1361 5358 1625 5418 Audiens
1678 5360 1803 5417 haec

103 5435 223 5499 Saul
252 5487 269 5514 ,
324 5445 619 5505 exercitus
682 5447 1113 5506 multitudinem
1171 5449 1589 5521 congregavit,
1644 5462 1804 5507 arma

101 5531 389 5607 corripuit,
440 5541 493 5592 et
529 5551 605 5593 ex
649 5538 1027 5608 Ammonitis,
1068 5538 1232 5612 gravi
1285 5536 1597 5596 admodum
1650 5537 1802 5595 caede

102 5620 407 5693 percussis,
436 5637 569 5682 cum
606 5623 789 5698 gloria
828 5625 1225 5700 triumphavit.
1267 5625 1415 5696 Quid
1450 5625 1664 5699 itaque,
1701 5640 1803 5699 per

1883 5181 2022 5255 quia
2069 5186 2184 5238 tres
2230 5186 2366 5237 sunt
2397 5174 2741 5252 principales
2773 5173 2986 5231 animm
3018 5173 3281 5243 virtutes,
3313 5172 3456 5232 fides
3487 5176 3595 5231 sci-

1884 5271 2032 5335 licet,
2067 5284 2195 5343 spes
2222 5275 2274 5325 et
2306 5264 2605 5324 Charitas?
2644 5264 2709 5322 In
2746 5263 2986 5321 trifariis
3018 5263 3211 5337 itaque
3249 5263 3593 5323 bellatorum

1884 5357 2143 5431 partibus
2199 5355 2437 5413 victoria
2492 5352 2820 5411 certaminis
2867 5350 3180 5423 obtinetur,
3232 5353 3371 5427 quia
3418 5352 3600 5412 tribus

1885 5448 1977 5506 his
2027 5446 2361 5516 virtutibus,
2393 5445 2537 5503 duce
2585 5444 2829 5516 Christo,
2862 5445 3052 5503 omnis
3091 5443 3375 5503 diabolica
3411 5449 3596 5502 tenta-

1886 5537 1964 5596 tio
1992 5535 2267 5595 vincitur.
2302 5533 2475 5592 Porro
2516 5550 2619 5592 nec
2660 5535 2781 5608 ipse
2805 5550 2837 5591 a
2870 5532 3142 5608 mysterio
3176 5542 3334 5593 vacat
3369 5549 3595 5608 pugna-

1884 5632 2074 5684 torum
2106 5638 2407 5695 numerus,
2439 5639 2612 5698 quem
2644 5621 2946 5696 Scriptura
2978 5624 3334 5697 pronuntiat.
3384 5643 3412 5675 α
3445 5622 3595 5680 Fue-
