4024 6198
389 323 499 383 383

911 323 968 383 S.
1011 322 1235 382 PETRI
1272 322 1594 381 DAMIANI
1632 318 1791 381 OPP.
1839 319 2027 380 PARS
2070 319 2210 381 SEU
2246 318 2500 380 TOMUS
2540 321 2591 380 Ι.
2636 352 2701 364 -—
2738 318 2976 379 EPIST.
3024 319 3167 378 LIB.
3212 318 3369 378 VIII.

3788 323 3891 383 38i

391 454 547 519 runt,
591 446 692 520 ait,
740 447 993 507 ﬁliorum
1045 447 1220 505 Israel
1265 452 1517 505 trecenta
1572 445 1755 503 millia
1788 464 1799 502 :
1839 446 2098 503 virorum
2119 449 2514 510 Asanctarum
2540 444 2810 504 fortitudo
2839 441 3172 503 virtutum?
3200 440 3342 516 quid
3359 442 3537 501 etiam
3564 459 3663 517 per
3681 452 3894 519 vestes,

388 545 582 598 autem
620 535 768 596 Juda
814 533 1041 609 triginta
1086 533 1270 592 millia
1302 535 1347 606 (Ι
1381 538 1510 604 Reg.
1544 537 1648 605 XI).
1682 560 1702 584 ιι
1737 534 2098 595 Millenarins

386 633 601 697 autem,
626 630 798 699 atque
848 622 1143 693 denarius,
1175 622 1312 696 quia
1368 624 1604 697 perfecti
1660 630 1794 682 sunt
1849 625 2097 695 numeri,

387 722 718 776 sanctorum
765 711 1218 786 perfectionem;
1257 714 1489 771 trecenti
1536 729 1671 771 vero
1708 713 1795 771 vel
1843 714 2094 787 triginta,

389 805 492 877 qui
520 819 555 860 a
574 802 760 860 tribus
785 801 1077 869 oriuntur,
1099 799 1362 858 divinam
1382 800 1712 873 significant
1736 801 2097 861 Trinitatem.

388 890 539 961 Quid
585 889 778 963 itaque
816 901 919 959 per
963 892 1209 945 trecenta
1258 887 1463 958 millia,
1495 888 1585 947 vel
1635 889 1866 961 triginta
1918 890 2099 949 millia

391 980 754 1051 bellatorum,
784 978 896 1037 nisi
942 978 1124 1038 sancti
1166 978 1424 1038 doctores
1462 980 1873 1054 intelliguntur
1901 981 2098 1040 Eccle-

390 1070 511 1139 size,
544 1068 647 1144 qui
675 1074 731 1125 et
756 1067 869 1125 fide
897 1074 1035 1126 sunt
1062 1066 1391 1137 orthodoxi,
1418 1073 1472 1125 et
1502 1068 1799 1143 religionis
1828 1071 2099 1141 operibus

389 1156 818 1217 consummati?
845 1154 989 1213 Cum
1022 1155 1112 1213 his
1138 1170 1273 1228 ergo
1314 1154 1451 1215 Saul
1500 1157 1731 1215 hostiles
1767 1158 1915 1231 regis
1951 1157 2101 1216 Naas

389 1246 541 1306 acies
593 1250 846 1320 superat,
892 1245 1027 1318 quia
1083 1260 1219 1303 cum
1272 1245 1606 1305 doctoribus
1655 1246 1927 1306 Ecclesia:
1976 1262 2098 1305 suae

389 1335 653 1395 Christus
682 1336 753 1394 de
785 1335 1070 1394 veternosi
1105 1337 1386 1408 serpentis
1415 1343 1647 1395 versuta
1676 1338 2098 1397 machinatione

389 1426 725 1499 triumphat.
760 1425 902 1484 Nam
937 1441 1069 1484 cum
1114 1441 1315 1484 eorum
1368 1434 1671 1501 praecepta,
1702 1428 1793 1487 vel
1830 1429 2098 1502 exempla

390 1514 680 1574 subtiliter
738 1515 1136 1587 attenduntur,
1187 1531 1326 1573 mox
1377 1517 1548 1576 corda
1604 1518 1903 1591 torpentia,
1964 1533 2096 1594 quas

380 1604 505 1677 jam
552 1602 767 1661 noxius
834 1608 992 1677 tepor
1046 1604 1381 1675 invaserat,
1435 1605 1792 1663 recalescunt
1847 1630 1859 1662 :
1912 1612 1967 1664 et
2023 1606 2096 1664 ad

387 1693 819 1753 obtruncandas
867 1694 1341 1767 impugnantium
1395 1695 1667 1754 vitiorum
1725 1696 1877 1754 acies
1938 1695 2097 1755 velut

2181 532 2295 591 nisi
2340 534 2656 593 sanctitatis
2698 534 3043 605 intelligitur
3091 532 3552 593 indumentum?
3594 534 3899 596 Psalmista

2180 623 2535 697 perhibente,
2565 625 2667 698 qui
2714 624 2832 682 ait:
2872 646 2892 676 ι
2926 622 3261 681 Sacerdotes
3314 623 3398 682 tui
3440 624 3765 685 induantur
3795 628 3900 701 ju—

2182 710 2395 769 stitiam
2425 714 2587 784 (Psal.
2625 715 2857 781 CXXXI).
2894 732 2921 764 »
2958 710 3166 769 Hauon
3212 727 3348 785 ergo
3394 712 3583 773 ftedus
3623 714 3898 774 amicitiae

2181 802 2609 873 reposcentibus
2654 802 2904 860 mediam
2958 800 3152 859 barbae
3176 806 3394 874 partem
3422 803 3591 875 radit,
3623 804 3763 877 quia
3790 805 3894 863 ho~

2141 889 2282 947 .stis
2316 890 2591 964 antiquus
2620 890 2935 964 aliquando
2992 888 3212 948 fortiter
3254 889 3544 962 operantis
3570 892 3752 951 robur
3778 892 3897 951 im-

2179 980 2434 1053 minuit;
2490 981 2589 1039 sed
2628 991 2932 1056 postquam
2985 981 3225 1041 barbam
3280 980 3440 1050 rasit,
3485 981 3659 1040 etiam
3713 987 3895 1042 vesti-

2178 1076 2369 1127 menta
2425 1070 2737 1142 przescidit,
2789 1071 2928 1146 quia
2987 1086 3126 1129 mox
3185 1075 3250 1128 ut
3304 1070 3598 1142 malignus
3654 1070 3897 1146 spiritus

2178 1158 2512 1219 interiorem
2561 1162 2763 1221 adimit
2816 1162 3241 1227 fortitudinem.
3267 1168 3691 1235 consequenter
3716 1163 3895 1222 etiam

2177 1250 2523 1310 exteriorem
2562 1252 2895 1324 conspicuze
2923 1250 3377 1310 conversationis
3410 1250 3577 1308 exuit
3617 1251 3896 1309 honesta-

2177 1344 2310 1395 tem.
2346 1338 2497 1408 Quid
2523 1346 2607 1398 est
2644 1341 2800 1398 enim
2845 1348 3030 1399 vestes
3071 1339 3373 1397 hominum
3412 1338 3483 1396 ad
3523 1346 3683 1397 nates
3706 1356 3895 1414 usque

2176 1429 2578 1500 praescindere,
2608 1430 2723 1487 nisi
2745 1445 2842 1487 eos
2867 1445 2900 1487 a
2929 1428 3275 1502 superducto
3299 1427 3625 1486 velamento
3647 1428 3896 1501 justitiai

2176 1531 2360 1588 usque
2383 1517 2456 1575 ad
2486 1517 2741 1576 obscceni
2769 1525 2823 1576 et
2850 1516 3228 1575 iuverecundi
3253 1516 3443 1591 Operis
3470 1516 3895 1589 turpitudinem

2175 1605 2471 1665 deuudare
2497 1605 2524 1664 ?
2553 1607 2767 1665 Audiat
2797 1607 2906 1665 hoc
2931 1607 3213 1676 Andreas,
3240 1606 3341 1678 qui
3374 1620 3555 1677 nuper
3583 1603 3656 1663 de
3684 1611 3893 1663 contu-

2178 1692 2379 1753 bernio
2406 1700 2613 1753 vestras
2646 1696 2960 1755 sanctitatis
2998 1694 3317 1767 egrediens,
3349 1708 3481 1753 cum
3519 1692 3891 1752 Ammouita-

387 1784 535 1873 elato
592 1799 868 1843 mucrone
914 1784 1152 1857 spiritus
1198 1786 1609 1845 inﬂammatur.
1649 1786 1815 1844 Unde
1872 1792 1926 1845 et
1982 1787 2307 1873 ipsiBrum
2364 1797 2495 1856 rege
2548 1783 2738 1841 foedus
2795 1782 3065 1841 amicitiae
3119 1781 3411 1873 contulit;
3467 1788 3544 1873 et_
3581 1797 3738 1841 nunc
3794 1798 3893 1855 per

384 1871 686 1931 bellatores
730 1872 929 1942 Israel,
965 1880 1021 1930 et
1062 1874 1215 1932 Juda
1258 1876 1501 1944 nuntiis,
1545 1876 1645 1949 qui
1691 1876 1761 1934 ad
1810 1891 1871 1934 se
1923 1871 2095 1933 veué-

383 1968 534 2032 rant,
564 1960 766 2020 dicunt
798 1985 809 2018 :
846 1982 874 2015 «
906 1960 1000 2020 Sic
1051 1961 1250 2020 dicetis
1305 1964 1467 2033 viris,
1499 1965 1603 2036 qui
1634 1970 1773 2022 sunt
1818 1964 1878 2021 in
1924 1964 2095 2022 .labes

385 2048 644 2108 Galaad:
692 2048 830 2107 Cras
881 2050 988 2106 erit
1040 2049 1204 2107 vobis
1252 2050 1408 2108 salus
1463 2067 1593 2109 cum
1656 2050 1961 2109 incaluerit
2008 2050 2093 2108 sol

383 2138 590 2209 (Ibid.).
627 2163 653 2185 ››
685 2137 831 2195 Nam
856 2153 987 2195 cum
1013 2153 1175 2196 mens
1200 2155 1302 2212 per
1326 2139 1604 2198 desidiam
1632 2140 1902 2213 primitus
1934 2140 2093 2198 tabe-

384 2226 551 2299 facta,
582 2233 638 2285 et
675 2228 796 2300 jam
826 2227 885 2284 in
918 2242 1240 2286 se-reversa
1268 2229 1337 2287 ad
1371 2229 1696 2288 Conditoris
1737 2230 1827 2288 sui
1867 2229 2090 2288 deside-

384 2313 541 2374 rium
581 2316 875 2374 recalescit
906 2339 919 2374 :
952 2331 1084 2374 cum
1126 2323 1411 2391 torporem
1453 2318 1822 2391 negligentia;
1860 2318 2089 2389 deserit,

383 2409 438 2465 et
488 2404 675 2477 frigus
751 2406 1216 2464 insensibilitatis
1291 2407 1553 2479 pristinae
1621 2409 1855 2466 ﬂamma
1911 2408 2091 2466 sancti

382 2493 598 2552 amoris
640 2494 916 2566 accendit,
952 2501 1088 2553 tunc
1124 2495 1285 2554 velut
1331 2497 1713 2555 incalescente
1749 2497 1887 2566 sole,
1918 2498 2092 2555 victo-

381 2581 469 2639 ria
496 2582 568 2640 de
589 2583 851 2643 hostibus
889 2585 1160 2655 sumitur,
1191 2593 1248 2643 et
1273 2585 1501 2644 obsessa
1532 2587 1734 2645 civitas
1759 2586 1829 2644 de
1857 2585 2091 2659 superbi

380 2668 534 2743 regis
566 2671 837 2730 manibus
868 2672 1161 2731 liberatur.
1204 2673 1356 2732 Hinc
1385 2682 1469 2732 est
1497 2674 1653 2749 quod
1689 2676 1758 2734 de
1797 2676 2088 2733 Abraham

383 2759 660 2832 scriptum
702 2765 787 2817 est
818 2779 829 2817 :
867 2781 895 2814 ‹‹
933 2760 1081 2830 Quia
1123 2762 1388 2835 apparuit
1433 2763 1485 2820 ei
1536 2762 1820 2822 Dominus
1854 2764 1917 2821 in
1952 2778 2088 2822 cou-

382 2848 531 2908 valle
584 2849 844 2908 Mambre
894 2851 951 2908 in
1008 2852 1133 2925 ipso
1189 2853 1413 2911 fervore
1466 2852 1579 2911 diei
1638 2855 1786 2925 (Gen.
1814 2858 2005 2922 XVIII).
2058 2879 2084 2903 ››

382 2938 535 2996 Hinc
584 2944 688 3008 est,
742 2940 899 3013 quod
944 2940 1014 3000 de
1061 2941 1206 2999 Loth
1257 2965 1269 2998 :
1317 2962 1343 2994 «
1388 2942 1506 3014 Sol,
1547 2943 1762 3018 inquit,
1802 2951 1966 3003 ortus
2006 2949 2090 3003 est

382 3042 553 3099 super
613 3032 843 3097 terram,
896 3035 948 3087 et
1005 3029 1148 3087 Loth
1212 3029 1508 3103 ingressus
1556 3038 1641 3091 est
1696 3031 1874 3107 Segor
1929 3035 2082 3103 (Gen.

382 3122 533 3186 XIX).
571 3139 591 3169 ι
628 3116 802 3175 Recte
830 3117 1008 3192 igitur
1050 3119 1173 3177 sive
1213 3121 1441 3193 mundi,
1484 3122 1606 3179 sive
1652 3122 1932 3197 principis
1960 3125 2087 3196 ejus

380 3205 666 3264 amicitias
708 3206 1109 3280 dedignamur,
1152 3216 1208 3265 et
1260 3226 1392 3268 cum
1444 3211 1528 3269 eis
1575 3212 1752 3270 simul
1800 3211 2086 3271 societatis

381 3294 574 3353 fmdus
617 3293 826 3353 habere
875 3297 1345 3357 contemnimus:
1384 3314 1457 3357 ne
1482 3300 1622 3358 dum
1653 3300 1905 3358 tenebris
1943 3302 2083 3374 jun-

377 3386 591 3458 gimur,
624 3384 752 3443 luce
801 3385 1119 3458 privamur.
1155 3388 1223 3445 Et
1266 3387 1606 3459 notandum,
1638 3389 1791 3462 quod
1846 3388 2088 3462 iniquus

375 3489 479 3533 rex
531 3488 644 3532 non
700 3474 845 3533 duos
877 3475 1132 3535 inimicis
1169 3492 1388 3546 eruere,
1438 3479 1534 3536 sed
1578 3492 1763 3538 unum
1804 3480 2087 3538 duntaxat

375 3562 610 3622 oculum
639 3563 873 3637 ﬂagitat,
906 3571 969 3623 ut
999 3581 1094 3624 eos
1128 3566 1187 3623 in
1244 3565 1416 3625 Israel
1447 3569 1816 3642 cpprobrium
1867 3576 2040 3643 ponat
2070 3594 2081 3628 :

375 3652 513 3725 quia
543 3667 693 3725 sape
740 3653 1034 3729 malignus
1071 3656 1250 3714 hostis
1287 3657 1667 3715 consentienti
1707 3658 1819 3717 sibi
1850 3659 2089 3717 cuilibet

284 3797 291 3803 .
374 3741 616 3815 reprobo
664 3742 886 3801 homini
935 3745 1207 3816 potiorem
1244 3751 1463 3819 partem
1500 3748 1833 3817 sanctitatis,
1882 3763 1948 3806 ac
1988 3748 2088 3806 lu-

374 3827 487 3888 cidi
530 3828 718 3902 operis
760 3831 980 3899 adimit,
1014 3831 1299 3890 minorem
1328 3848 1462 3891 vero
1492 3834 1799 3893 artificiosa
1835 3834 2085 3909 quadam

375 3932 496 3975 suae
532 3917 863 3977 calliditatis
910 3919 1196 3977 industria
1238 3921 1629 3995 derelinquit;
1661 3922 1807 3981 utin
1841 3938 1907 3981 eo
1932 3923 2086 3996 quod

375 4004 610 4074 tollitur,
656 4006 732 4063 sit
776 4006 993 4065 occasio
1052 4007 1440 4067 damnationis
1491 4017 1554 4068 ut
1609 4017 1846 4085 pereat:
1899 4011 1961 4070 in
2019 4028 2086 4071 eo

373 4107 509 4152 vero
562 4094 716 4167 quod
768 4101 1045 4164 remanet,
1094 4098 1166 4154 de
1220 4113 1318 4170 spe
1372 4098 1600 4157 ﬁduciae
1656 4108 2079 4173 praesumatur:

374 4185 439 4238 ut
480 4186 735 4252 peccator
781 4182 851 4239 ad
901 4184 1301 4255 paenitentiam
1352 4202 1469 4245 non
1524 4197 1795 4259 recurrat,
1857 4190 1956 4248 sed
2010 4207 2086 4249 ex

374 4267 514 4340 ipsis
553 4268 868 4327 sanctitatis
925 4272 1156 4330 amissaa
1210 4274 1497 4348 reliquiis,
1545 4276 1761 4350 quibus
1810 4284 2084 4353 tauquam

368 4353 575 4413 baculo
641 4362 1027 4428 transgressor
1105 4359 1400 4432 innititur,
1470 4362 1544 4419 ab
1612 4363 1725 4435 his,
1779 4365 1883 4438 qui
1948 4382 2085 4426 eum

2181 1870 2441 1930 Romana
2472 1872 2690 1931 mmnia
2723 1880 2995 1947 tauquam
3021 1887 3186 1930 rasus
3209 1871 3406 1942 barba,
3433 1879 3488 1929 et
3514 1871 3896 1929 detruncatus

2179 1960 2403 2033 habitu,
2444 1978 2563 2020 non
2591 1963 2718 2020 sine
2749 1962 2929 2021 David
2964 1962 3181 2035 pudore
3216 1961 3505 2020 discurrit.
3556 1960 3815 2019 Audiant
3839 1966 3895 2018 et

2178 2048 2243 2118 ii,
2277 2049 2381 2123 qui
2422 2050 2652 2122 prodire
2689 2052 2947 2110 fortassis
2974 2052 3166 2109 adhuc
3190 2050 3250 2107 in
3280 2049 3583 2124 publicum
3611 2047 3892 2121 concupi-

2179 2144 2390 2208 scunt,
2452 2153 2524 2196 ne
2577 2139 2717 2197 dum
2772 2139 2970 2198 inania
3041 2154 3274 2197 cernere
3348 2138 3544 2195 liberis
3590 2136 3891 2196 obtutibus

2178 2223 2427 2296 inhiant,
2455 2226 2727 2285 dextrum
2774 2227 3163 2297 oculum,hoc
3209 2230 3293 2283 est
3334 2226 3454 2283 vim
3495 2224 3717 2283 intimae
3747 2238 3893 2282 con-

2181 2314 2566 2388 templationis
2611 2316 3005 2389 exstinguant.
3060 2317 3176 2375 Nec
3229 2315 3452 2388 pruriat
3500 2330 3701 2373 eorum
3754 2314 3891 2387 gula

2178 2418 2310 2461 cum
2365 2403 2466 2462 illo
2509 2405 2727 2464 carnali
2776 2405 2951 2463 Israel
2999 2406 3181 2477 (Num.
3216 2406 3318 2475 x1),
3362 2418 3579 2477 porros,
3610 2417 3808 2476 cepas,
3835 2410 3893 2461 et

2176 2491 2333 2563 allia,
2348 2509 2597 2566 quarum
2620 2494 2885 2554 videlicet
2905 2494 3212 2554 herbarum
3233 2494 3551 2552 vehemens
3570 2492 3895 2551 acrimonia

2175 2581 2371 2638 oculos
2402 2582 2606 2651 turbat,
2627 2589 2682 2640 et
2707 2582 2777 2639 ad
2802 2583 3082 2657 lacrymas
3108 2590 3415 2655 provocat:
3441 2581 3577 2655 quia
3601 2581 3889 2639 nimirum

2175 2670 2469 2727 saecularis
2518 2671 2685 2739 actio,
2722 2670 2864 2728 dum
2903 2670 3103 2729 multis
3155 2684 3558 2745 pressurarum
3596 2669 3894 2743 angustiis

2173 2757 2601 2831 cingitur,jdum
2626 2760 2890 2820 laborum
2928 2760 3333 2833 ingruentium
3363 2759 3561 2818 crebra
3592 2759 3895 2832 perturba-

2176 2847 2330 2906 tione
2364 2856 2630 2921 vexatur,
2670 2851 2886 2923 quibus
2922 2851 3176 2925 gaudere
3221 2848 3503 2923 promisit,
3541 2864 3696 2922 stepe
3750 2848 3894 2907 ﬂere

2172 2936 2481 3009 compellit.
2514 2937 2688 2997 Plane
2734 2938 2784 2998 si
2835 2939 3048 2998 laboris
3088 2938 3330 2998 delectat
3374 2938 3747 3009 exercitium,
3779 2938 3888 2996 ha-

2176 3024 2265 3081 bet
2309 3032 2502 3083 sancta
2538 3026 2704 3099 quies
2754 3027 3011 3087 laborem
3044 3043 3237 3086 suum.
3278 3025 3446 3085 Unde
3489 3025 3780 3086 Dominus
3814 3028 3887 3086 ad

2173 3112 2408 3189 Moysen
2443 3132 2453 3170 :
2494 3141 2519 3165 «ι
2565 3115 2742 3185 Vade,
2781 3116 2991 3190 inquit,
3023 3121 3078 3174 et
3113 3116 3206 3174 dic
3243 3115 3328 3174 eis
3358 3134 3371 3172 :
3403 3114 3790 3175 Revertimiui
3821 3114 3884 3175 in

2170 3205 2409 3262 tentoria
2451 3212 2678 3275 vestra;
2725 3211 2786 3264 tu
2841 3221 2976 3264 vero
3026 3205 3120 3264 hic
3163 3213 3248 3263 sta
3294 3219 3542 3273 mecum,
3582 3210 3639 3263 et
3678 3203 3889 3278 loquar

2168 3291 2274 3350 tibi
2298 3294 2494 3351 omnia
2525 3295 2813 3364 mandata,
2844 3294 3218 3352 caeremonias
3259 3300 3440 3366 atque
3456 3292 3677 3365 judicia
3701 3296 3883 3360 (Deut.

2167 3384 2253 3448 v).
2289 3404 2310 3431 ιι
2342 3380 2576 3440 Caeteris
2608 3383 2822 3455 quippe
2867 3383 2927 3440 in
2966 3382 3157 3442 carnis
3203 3397 3326 3442 suae
3371 3380 3613 3439 tentorio
3641 3380 3887 3441 delecta-

2166 3467 2361 3527 biliter
2387 3470 2820 3544 quiescentibus
2842 3486 3044 3531 servus
3065 3471 3166 3530 Dei
3194 3486 3309 3529 non
3337 3469 3587 3529 residere
3616 3469 3881 3542 jubetur,

2167 3559 2265 3617 sed
2295 3568 2443 3619 stare
2472 3578 2609 3620 cum
2638 3563 2903 3633 Domino,
2935 3570 3000 3622 ut
3036 3578 3152 3637 quo
3180 3563 3457 3622 remotius
3487 3576 3521 3619 a
3549 3559 3759 3619 mundi
3793 3558 3882 3615 la-

2165 3648 2405 3708 boribus
2460 3660 2661 3723 cessat,
2703 3669 2770 3711 eo
2809 3653 3145 3725 vigilantius
3198 3652 3260 3711 in
3313 3651 3531 3711 divinis
3581 3647 3880 3722 obsequiis

2166 3736 2287 3810 ipse
2315 3755 2376 3798 se
2404 3749 2616 3799 sanctae
2642 3742 2857 3815 quietis
2886 3742 3076 3799 fervor
3103 3746 3383 3800 exerceat.

2241 3826 2349 3885 Sed
2373 3829 2490 3902 jam
2524 3830 2593 3897 ad
2630 3845 2722 3887 me
2750 3829 2939 3901 redeo,
2968 3845 3062 3888 me
3105 3829 3366 3902 vestigiis
3410 3832 3614 3886 vestrae
3661 3825 3879 3884 sancti-

2168 3914 2296 3973 tatis
2316 3916 2585 3988 advolvo,
2618 3926 2681 3977 ut
2711 3919 2857 3977 sicut
2884 3918 2947 3975 in
2986 3933 3050 3977 os
3089 3917 3235 3975 mihi
3266 3914 3621 3975 unanimiter
3654 3914 3879 3989 promi-

2166 4006 2339 4077 sistis,
2370 4007 2433 4065 in
2464 4007 2722 4067 hiantem
2770 4015 3131 4082 peccatorum
3177 4007 3510 4082 voraginem
3562 4020 3758 4065 merso
3788 4022 3878 4064 se-

2165 4095 2323 4153 dulae
2349 4096 2626 4155 orationis
2664 4096 2967 4156 brachium
3019 4096 3340 4171 porrigatis.
3375 4096 3521 4153 Nam
3565 4093 3673 4152 etsi
3711 4092 3879 4151 vobis

2163 4184 2492 4242 cohabitare
2523 4200 2640 4244 non
2668 4186 2850 4257 potui,
2878 4184 3216 4244 habitationi
3252 4190 3441 4242 tamen
3470 4190 3681 4241 vestrae
3706 4181 3878 4255 quie-

2167 4272 2423 4331 tudinem
2447 4273 2773 4346 procuravi.
2801 4272 3079 4333 Berzellai
3111 4287 3247 4331 sane
3275 4271 3597 4330 Galaadites
3633 4271 3879 4330 descen-

2162 4361 2304 4419 dens
2355 4363 2425 4421 de
2482 4363 2766 4436 Rogelim,
2825 4363 3073 4437 praebuit
3135 4362 3413 4421 alimenta
3470 4360 3678 4433 David,
3732 4360 3875 4421 dum

366 4440 639 4501 cecidisse
688 4452 1017 4517 noverunt,
1075 4447 1319 4506 infamia
1372 4450 1696 4524 laceretur;
1752 4453 1948 4527 sicque
2000 4456 2141 4528 pii_
2169 4448 2388 4521 fugeret
2439 4466 2473 4508 ἃ
2524 4452 2668 4510 faeie
2713 4452 2970 4511 Absalon
3005 4455 3078 4523 (Π
3103 4456 3235 4521 Βεσ-
3267 4453 3433 4521 XV“)-
3483 4449 3668 4521 Ουθω
3713 4465 3874 4520 Cum,

369 4529 560 4603 operis
585 4530 999 4592 detrimentum
1036 4536 1232 4609 dignm
1259 4537 1333 4595 sit
1359 4538 1646 4599 irrisionis
1678 4518 2069 4614 opprobrium.
2096 4518 2387 4611 l3‘peracta
2433 4540 2688 4609 victoria,
2751 4556 2853 4597 rex
2895 4518 3282 4598 invitaret'ut
3330 4518 3406 4596 ad
3451 4518 3876 4612 quiescendum

371 4617 523 4677 Huic
577 4620 750 4679 etiam
807 4622 952 4682 illud
1015 4640 1129 4683 non
1187 4626 1471 4685 dissimile
1523 4634 1626 4699 est,
1681 4630 1833 4704 quod
1891 4630 2075 4689 David

372 4710 595 4769 nuntiis
648 4712 903 4785 contigit,
959 4728 1094 4772 cum
1151 4715 1339 4774 eidem
1400 4717 1550 4775 Naas
1614 4724 1863 4789 mortuo,
1920 4720 2077 4779 filius

366 4800 493 4874 ejus
544 4800 615 4859 ad
661 4801 974 4863 obtinenda
1025 4806 1186 4879 regni
1242 4814 1462 4881 sceptra
1512 4810 1786 4868 successit
1830 4833 1841 4867 :
1900 4832 1924 4860 α
1966 4811 2076 4868 Fa-

366 4891 515 4949 ciam
544 4939 558 4962 ,
611 4892 847 4966 inquit,
902 4895 1354 4956 misericordiam
1446 4914 1580 4957 cum
1657 4899 1862 4958 Hauon
1953 4901 2076 4959 lilio

365 4981 533 5050 Naas,
583 4982 729 5043 sicut
766 4984 899 5044 fecit
956 4991 1112 5056 pater
1164 4986 1289 5060 ejus
1336 5002 1564 5049 mecum
1621 4988 2074 5049 misericordiam

363 5071 439 5139 (II
484 5072 615 5139 Reg.
672 5073 758 5140 Χ).
829 5095 850 5122 ο
913 5071 1071 5130 Misit
1124 5088 1259 5147 ergo
1311 5074 1496 5133 David
1566 5076 1871 5135 consolans
1940 5094 2075 5137 eum

363 5170 467 5227 per
513 5172 707 5217 servos
759 5173 934 5233 super
988 5162 1167 5232 patris
1222 5162 1486 5235 interitu,
1538 5170 1717 5236 utque
1774 5165 2073 5226 historiam

369 5240 511 5301 188.
550 5246 955 5318 compendiosa
984 5248 1261 5308 relatione
1297 5252 1648 5325 succingam,
1684 5253 1814 5311 tulit
1861 5254 2070 5314 Hauon

361 5347 557 5391 servos
584 5332 784 5404 David,
815 5337 1069 5412 rasitque
1096 5339 1346 5399 mediam
1373 5347 1593 5414 partem
1624 5341 1815 5400 barbae
1844 5359 2069 5417 eorum,

362 5425 417 5478 et
464 5421 725 5493 praecidit
761 5430 947 5483 vestes
981 5441 1186 5486 eorum
1224 5431 1445 5488 medias
1483 5445 1668 5505 usque
1704 5431 1776 5489 ad
1805 5440 1986 5503 nates,
2017 5441 2075 5491 et

360 5509 583 5569 dimisit
606 5526 721 5571 eos.
737 5513 888 5582 Quid
913 5517 1069 5576 enim
1092 5534 1193 5592 per
1216 5520 1450 5594 Hauon,
1478 5522 1587 5581 nisi
1611 5524 1889 5599 nequitiae
1910 5525 2073 5599 spiri-

364 5600 505 5661 tus?
535 5602 677 5676 quid
702 5619 805 5677 per
826 5604 1087 5681 barbam,
1117 5625 1251 5685 quas
1277 5612 1541 5673 virorum
1571 5620 1655 5673 est
1678 5615 1927 5690 propria,
1960 5616 2069 5675 nisi

2161 4642 2295 4686 cum
2339 4644 2407 4687 eo
2444 4628 2505 4685 in
2556 4627 2874 4687 Jerusalem
2912 4627 3012 4686 ille
3049 4629 3333 4697 transiret,
3367 4626 3737 4699 acquiescere
3769 4640 3879 4683 no-

2163 4716 2290 4788 luit,
2304 4715 2403 4775 sed
2423 4716 2609 4776 tilium
2628 4732 2803 4776 suum
2818 4715 2907 4774 illi
2932 4732 3037 4776 sua
3054 4717 3178 4775 vice
3191 4716 3478 4775 commisit
3504 4740 3516 4773 :
3547 4737 3574 4768 ί(
3595 4713 3874 4785 Obsecro,

2160 4808 2370 4881 inquit,
2403 4814 2465 4867 ut
2490 4813 2809 4867 revertatur
2829 4823 3033 4866 servus
3060 4815 3214 4878 tuus,
3241 4813 3296 4864 et
3324 4805 3535 4865 moriar
3556 4805 3617 4863 in
3639 4804 3880 4863 civitate

2162 4913 2323 4961 mea,
2354 4905 2408 4955 et
2458 4896 2706 4970 sepeliar
2745 4897 2919 4969 juxta
2979 4894 3306 4968 sepulcrum
3362 4891 3539 4966 patris
3591 4892 3754 4961 mei,
3824 4900 3881 4950 et

2160 4987 2361 5046 matris
2406 5002 2570 5046 meae.
2607 4986 2704 5045 Est
2752 4994 2948 5045 autem
2995 5002 3198 5046 servus
3236 4993 3369 5043 tuus
3404 4983 3676 5042 Chanaan
3704 5005 3720 5039 :
3753 4983 3881 5057 ipse

2158 5077 2327 5135 vadat
2381 5084 2588 5147 tecum,
2638 5076 2882 5136 Domine
2925 5075 3007 5135 mi
3044 5076 3193 5147 Rex,
3227 5083 3282 5134 et
3326 5075 3412 5132 fac
3460 5073 3514 5131 ei
3562 5072 3717 5147 quod
3770 5074 3877 5133 tibi

2159 5166 2376 5226 bonum
2423 5166 2653 5226 videtur
2691 5169 2764 5238 (II
2789 5172 2921 5237 Reg.
2969 5170 3116 5240 xxx).
3154 5190 3176 5218 ιν
3213 5165 3333 5239 Ego
3372 5164 3548 5223 etiam
3594 5163 3877 5223 Berzollai

2158 5272 2272 5316 nou
2291 5273 2355 5316 su
2368 5274 2423 5314 in
2450 5257 2636 5331 impar
2653 5256 2955 5331 exemplo;
2980 5257 3040 5315 in
3071 5256 3268 5315 hostili
3294 5255 3457 5314 vobis
3472 5256 3879 5328 persecutione

2157 5346 2435 5417 succurri,
2464 5346 2561 5404 sed
2589 5347 2705 5404 Deo
2733 5346 3011 5419 largiente
3031 5344 3421 5417 triumphum,
3443 5343 3514 5402 ad
3536 5343 3772 5417 propria
3796 5359 3884 5403 re-

2157 5436 2392 5509 pedavi;
2455 5432 2596 5491 189
2626 5437 2731 5493 hoc
2765 5434 3242 5494 Cluniacensibus
3267 5434 3547 5507 inquiens
3567 5433 3725 5507 quod
3769 5433 3885 5493 Co-

2155 5523 2506 5585 lossensibus
2532 5522 2748 5583 Paulus
2788 5523 3007 5583 dicebat
3043 5541 3055 5581 :
3085 5543 3113 5577 ‹‹
3147 5522 3293 5582 Nam
3327 5522 3437 5582 etsi
3485 5537 3725 5597 corpore
3775 5522 3882 5583 ab-

2156 5631 2289 5675 sens
2340 5631 2493 5686 sum,
2537 5614 2635 5673 sed
2686 5612 2889 5686 spiritu
2950 5609 3249 5671 vobiscum
3302 5626 3452 5680 sum,
3494 5610 3783 5685 gaudens,
3824 5618 3883 5671 et
