  <div class='ocr_page' id='page_1' title='image "/cluster/home/n/w/nwhite01/storage/ocr_20150623/144/hvd.32044054760046/198.png"; bbox 0 0 4024 6198; ppageno 0'>
   <div class='ocr_carea' id='block_1_1' title="bbox 163 298 275 355">
    <p class='ocr_par' dir='ltr' id='par_1_1' title="bbox 163 298 275 355">
     <span class='ocr_line' id='line_1_1' title="bbox 163 298 275 355; baseline -0.018 0"><span class='ocrx_word' id='word_1_1' title='bbox 163 298 275 355; x_wconf 82' lang='grc'><strong>385</strong></span> 
     </span>
    </p>
   </div>
   <div class='ocr_carea' id='block_1_2' title="bbox 1405 254 2433 359">
    <p class='ocr_par' dir='ltr' id='par_1_2' title="bbox 1405 254 2433 359">
     <span class='ocr_line' id='line_1_2' title="bbox 1405 254 2433 359; baseline -0.002 -12"><span class='ocrx_word' id='word_1_2' title='bbox 1405 286 1633 347; x_wconf 81' lang='lat' dir='ltr'><strong>LIBER</strong></span> <span class='ocrx_word' id='word_1_3' title='bbox 1672 254 1981 359; x_wconf 75' lang='lat' dir='ltr'><strong>SEXTUS,</strong></span> <span class='ocrx_word' id='word_1_4' title='bbox 2027 286 2264 347; x_wconf 87' lang='lat' dir='ltr'><strong>EPIST.</strong></span> <span class='ocrx_word' id='word_1_5' title='bbox 2306 284 2433 346; x_wconf 88' lang='lat' dir='ltr'><strong>vn.</strong></span> 
     </span>
    </p>
   </div>
   <div class='ocr_carea' id='block_1_3' title="bbox 3567 293 3678 354">
    <p class='ocr_par' dir='ltr' id='par_1_3' title="bbox 3567 293 3678 354">
     <span class='ocr_line' id='line_1_3' title="bbox 3567 293 3678 354; baseline 0.018 -2"><span class='ocrx_word' id='word_1_6' title='bbox 3567 293 3678 354; x_wconf 84' lang='lat'><strong>386</strong></span> 
     </span>
    </p>
   </div>
   <div class='ocr_carea' id='block_1_4' title="bbox 163 411 3675 491">
    <p class='ocr_par' dir='ltr' id='par_1_4' title="bbox 163 411 3675 491">
     <span class='ocr_line' id='line_1_4' title="bbox 163 411 3675 491; baseline -0.002 -10"><span class='ocrx_word' id='word_1_7' title='bbox 163 423 375 481; x_wconf 90' lang='lat' dir='ltr'><strong>videns</strong></span> <span class='ocrx_word' id='word_1_8' title='bbox 410 417 676 477; x_wconf 84' lang='lat' dir='ltr'><strong>ordinem</strong></span> <span class='ocrx_word' id='word_1_9' title='bbox 725 422 981 475; x_wconf 88' lang='lat' dir='ltr'><strong>vestrum</strong></span> <span class='ocrx_word' id='word_1_10' title='bbox 1029 416 1166 484; x_wconf 79' lang='grc' dir='ltr'><strong>(σοι.</strong></span> <span class='ocrx_word' id='word_1_11' title='bbox 1212 416 1290 485; x_wconf 71' lang='grc' dir='ltr'><strong>ιι).</strong></span> <span class='ocrx_word' id='word_1_12' title='bbox 1327 439 1355 462; x_wconf 88' lang='grc'><strong>››</strong></span> <span class='ocrx_word' id='word_1_13' title='bbox 1405 413 1569 473; x_wconf 81' lang='lat' dir='ltr'><strong>Sicut</strong></span> <span class='ocrx_word' id='word_1_14' title='bbox 1609 429 1744 489; x_wconf 79' lang='lat' dir='ltr'><strong>ergo</strong></span> <span class='ocrx_word' id='word_1_15' title='bbox 1783 414 1945 472; x_wconf 87' lang='lat' dir='ltr'><strong>illeA</strong></span> <span class='ocrx_word' id='word_1_16' title='bbox 1965 428 2095 470; x_wconf 92' lang='lat' dir='ltr'><strong>rum</strong></span> <span class='ocrx_word' id='word_1_17' title='bbox 2117 427 2358 472; x_wconf 90' lang='lat' dir='ltr'><strong>suorum</strong></span> <span class='ocrx_word' id='word_1_18' title='bbox 2387 411 2538 471; x_wconf 90' lang='lat' dir='ltr'><strong>Petri</strong></span> <span class='ocrx_word' id='word_1_19' title='bbox 2567 418 2623 470; x_wconf 92' lang='lat' dir='ltr'><strong>et</strong></span> <span class='ocrx_word' id='word_1_20' title='bbox 2652 411 2927 485; x_wconf 89' lang='lat' dir='ltr'><strong>Pauli,ab</strong></span> <span class='ocrx_word' id='word_1_21' title='bbox 2949 414 3224 474; x_wconf 85' lang='lat' dir='ltr'><strong>omnibus</strong></span> <span class='ocrx_word' id='word_1_22' title='bbox 3255 422 3397 480; x_wconf 86' lang='lat'><strong>190</strong></span> <span class='ocrx_word' id='word_1_23' title='bbox 3428 432 3525 475; x_wconf 90' lang='lat' dir='ltr'><strong>vos</strong></span> <span class='ocrx_word' id='word_1_24' title='bbox 3550 431 3675 491; x_wconf 89' lang='lat' dir='ltr'><strong>pec-</strong></span> 
     </span>
    </p>
   </div>
   <div class='ocr_carea' id='block_1_5' title="bbox 160 502 1879 581">
    <p class='ocr_par' dir='ltr' id='par_1_5' title="bbox 160 502 1879 581">
     <span class='ocr_line' id='line_1_5' title="bbox 160 502 1879 581; baseline -0.004 -14"><span class='ocrx_word' id='word_1_25' title='bbox 160 509 288 581; x_wconf 84' lang='lat' dir='ltr'><strong>regi</strong></span> <span class='ocrx_word' id='word_1_26' title='bbox 341 504 574 565; x_wconf 82' lang='lat' dir='ltr'><strong>tradidit</strong></span> <span class='ocrx_word' id='word_1_27' title='bbox 620 504 830 573; x_wconf 87' lang='lat' dir='ltr'><strong>ﬁlium,</strong></span> <span class='ocrx_word' id='word_1_28' title='bbox 881 503 958 562; x_wconf 88' lang='lat' dir='ltr'><strong>ita</strong></span> <span class='ocrx_word' id='word_1_29' title='bbox 1005 509 1061 560; x_wconf 90' lang='lat' dir='ltr'><strong>et</strong></span> <span class='ocrx_word' id='word_1_30' title='bbox 1113 517 1218 575; x_wconf 87' lang='lat' dir='ltr'><strong>ego</strong></span> <span class='ocrx_word' id='word_1_31' title='bbox 1273 502 1563 575; x_wconf 90' lang='lat' dir='ltr'><strong>propriam</strong></span> <span class='ocrx_word' id='word_1_32' title='bbox 1622 505 1879 563; x_wconf 90' lang='lat' dir='ltr'><strong>animam</strong></span> 
     </span>
    </p>
   </div>
   <div class='ocr_carea' id='block_1_6' title="bbox 164 591 1881 671">
    <p class='ocr_par' dir='ltr' id='par_1_6' title="bbox 164 591 1881 671">
     <span class='ocr_line' id='line_1_6' title="bbox 164 591 1881 671; baseline -0.002 -18"><span class='ocrx_word' id='word_1_33' title='bbox 164 596 374 654; x_wconf 87' lang='lat' dir='ltr'><strong>vestris</strong></span> <span class='ocrx_word' id='word_1_34' title='bbox 421 593 693 653; x_wconf 90' lang='lat' dir='ltr'><strong>manibus</strong></span> <span class='ocrx_word' id='word_1_35' title='bbox 734 592 911 663; x_wconf 89' lang='lat' dir='ltr'><strong>trado,</strong></span> <span class='ocrx_word' id='word_1_36' title='bbox 936 598 1117 671; x_wconf 87' lang='lat' dir='ltr'><strong>atque</strong></span> <span class='ocrx_word' id='word_1_37' title='bbox 1154 599 1217 650; x_wconf 88' lang='lat' dir='ltr'><strong>ut</strong></span> <span class='ocrx_word' id='word_1_38' title='bbox 1246 591 1318 650; x_wconf 91' lang='lat' dir='ltr'><strong>ad</strong></span> <span class='ocrx_word' id='word_1_39' title='bbox 1362 608 1622 650; x_wconf 86' lang='lat' dir='ltr'><strong>mensam</strong></span> <span class='ocrx_word' id='word_1_40' title='bbox 1675 600 1881 652; x_wconf 60' lang='lat' dir='ltr'><strong>vestrae</strong></span> 
     </span>
    </p>
   </div>
   <div class='ocr_carea' id='block_1_7' title="bbox 160 681 1881 756">
    <p class='ocr_par' dir='ltr' id='par_1_7' title="bbox 160 681 1881 756">
     <span class='ocr_line' id='line_1_7' title="bbox 160 681 1881 756; baseline -0.002 -11"><span class='ocrx_word' id='word_1_41' title='bbox 160 686 445 745; x_wconf 89' lang='lat' dir='ltr'><strong>orationis</strong></span> <span class='ocrx_word' id='word_1_42' title='bbox 500 683 711 752; x_wconf 83' lang='lat' dir='ltr'><strong>alatur,</strong></span> <span class='ocrx_word' id='word_1_43' title='bbox 752 681 1019 756; x_wconf 81' lang='lat' dir='ltr'><strong>imploro.</strong></span> <span class='ocrx_word' id='word_1_44' title='bbox 1061 681 1378 740; x_wconf 83' lang='lat' dir='ltr'><strong>Enimvero</strong></span> <span class='ocrx_word' id='word_1_45' title='bbox 1415 697 1552 740; x_wconf 87' lang='lat' dir='ltr'><strong>cum</strong></span> <span class='ocrx_word' id='word_1_46' title='bbox 1590 682 1741 740; x_wconf 89' lang='lat' dir='ltr'><strong>bona</strong></span> <span class='ocrx_word' id='word_1_47' title='bbox 1778 698 1881 755; x_wconf 91' lang='lat' dir='ltr'><strong>pro</strong></span> 
     </span>
    </p>
   </div>
   <div class='ocr_carea' id='block_1_8' title="bbox 163 770 1881 848">
    <p class='ocr_par' dir='ltr' id='par_1_8' title="bbox 163 770 1881 848">
     <span class='ocr_line' id='line_1_8' title="bbox 163 770 1881 848; baseline -0.004 -14"><span class='ocrx_word' id='word_1_48' title='bbox 163 774 341 834; x_wconf 90' lang='lat' dir='ltr'><strong>malis</strong></span> <span class='ocrx_word' id='word_1_49' title='bbox 373 773 574 848; x_wconf 88' lang='lat' dir='ltr'><strong>jubeat</strong></span> <span class='ocrx_word' id='word_1_50' title='bbox 608 771 698 830; x_wconf 86' lang='lat' dir='ltr'><strong>lex</strong></span> <span class='ocrx_word' id='word_1_51' title='bbox 733 770 934 829; x_wconf 88' lang='lat' dir='ltr'><strong>divina</strong></span> <span class='ocrx_word' id='word_1_52' title='bbox 970 770 1217 841; x_wconf 81' lang='lat' dir='ltr'><strong>restitui,</strong></span> <span class='ocrx_word' id='word_1_53' title='bbox 1255 777 1470 844; x_wconf 86' lang='lat' dir='ltr'><strong>quanto</strong></span> <span class='ocrx_word' id='word_1_54' title='bbox 1510 771 1692 843; x_wconf 88' lang='lat' dir='ltr'><strong>magis</strong></span> <span class='ocrx_word' id='word_1_55' title='bbox 1725 770 1881 830; x_wconf 89' lang='lat' dir='ltr'><strong>bona</strong></span> 
     </span>
    </p>
   </div>
   <div class='ocr_carea' id='block_1_9' title="bbox 163 858 1883 937">
    <p class='ocr_par' dir='ltr' id='par_1_9' title="bbox 163 858 1883 937">
     <span class='ocr_line' id='line_1_9' title="bbox 163 858 1883 937; baseline -0.002 -15"><span class='ocrx_word' id='word_1_56' title='bbox 163 862 338 923; x_wconf 90' lang='lat' dir='ltr'><strong>bonis</strong></span> <span class='ocrx_word' id='word_1_57' title='bbox 366 861 632 937; x_wconf 75' lang='lat' dir='ltr'><strong>praecepit</strong></span> <span class='ocrx_word' id='word_1_58' title='bbox 669 859 1010 919; x_wconf 83' lang='lat' dir='ltr'><strong>redhiberi?</strong></span> <span class='ocrx_word' id='word_1_59' title='bbox 1048 858 1200 928; x_wconf 87' lang='lat' dir='ltr'><strong>Quid</strong></span> <span class='ocrx_word' id='word_1_60' title='bbox 1228 859 1386 917; x_wconf 90' lang='lat' dir='ltr'><strong>enim</strong></span> <span class='ocrx_word' id='word_1_61' title='bbox 1419 859 1656 928; x_wconf 90' lang='lat' dir='ltr'><strong>mirum,</strong></span> <span class='ocrx_word' id='word_1_62' title='bbox 1688 860 1737 918; x_wconf 91' lang='lat' dir='ltr'><strong>si</strong></span> <span class='ocrx_word' id='word_1_63' title='bbox 1777 860 1883 919; x_wconf 92' lang='lat' dir='ltr'><strong>hoc</strong></span> 
     </span>
    </p>
   </div>
   <div class='ocr_carea' id='block_1_10' title="bbox 169 949 1884 1022">
    <p class='ocr_par' dir='ltr' id='par_1_10' title="bbox 169 949 1884 1022">
     <span class='ocr_line' id='line_1_10' title="bbox 169 949 1884 1022; baseline -0.003 -10"><span class='ocrx_word' id='word_1_64' title='bbox 169 954 428 1013; x_wconf 89' lang='lat' dir='ltr'><strong>humana</strong></span> <span class='ocrx_word' id='word_1_65' title='bbox 480 953 626 1011; x_wconf 83' lang='lat' dir='ltr'><strong>ratio</strong></span> <span class='ocrx_word' id='word_1_66' title='bbox 679 967 755 1009; x_wconf 82' lang='lat' dir='ltr'><strong>ex</strong></span> <span class='ocrx_word' id='word_1_67' title='bbox 806 949 1023 1008; x_wconf 86' lang='lat' dir='ltr'><strong>indicta</strong></span> <span class='ocrx_word' id='word_1_68' title='bbox 1054 950 1186 1008; x_wconf 84' lang='lat' dir='ltr'><strong>‘sibi</strong></span> <span class='ocrx_word' id='word_1_69' title='bbox 1236 949 1364 1022; x_wconf 86' lang='lat' dir='ltr'><strong>lege</strong></span> <span class='ocrx_word' id='word_1_70' title='bbox 1415 949 1721 1022; x_wconf 83' lang='lat' dir='ltr'><strong>persolvat,</strong></span> <span class='ocrx_word' id='word_1_71' title='bbox 1750 965 1884 1007; x_wconf 92' lang='lat' dir='ltr'><strong>cum</strong></span> 
     </span>
    </p>
   </div>
   <div class='ocr_carea' id='block_1_11' title="bbox 164 1039 1883 1117">
    <p class='ocr_par' dir='ltr' id='par_1_11' title="bbox 164 1039 1883 1117">
     <span class='ocr_line' id='line_1_11' title="bbox 164 1039 1883 1117; baseline -0.001 -18"><span class='ocrx_word' id='word_1_72' title='bbox 164 1042 428 1117; x_wconf 88' lang='lat' dir='ltr'><strong>idipsum</strong></span> <span class='ocrx_word' id='word_1_73' title='bbox 467 1041 782 1116; x_wconf 82' lang='lat' dir='ltr'><strong>aliquando</strong></span> <span class='ocrx_word' id='word_1_74' title='bbox 823 1040 998 1099; x_wconf 88' lang='lat' dir='ltr'><strong>etiam</strong></span> <span class='ocrx_word' id='word_1_75' title='bbox 1052 1039 1217 1098; x_wconf 92' lang='lat' dir='ltr'><strong>bruta</strong></span> <span class='ocrx_word' id='word_1_76' title='bbox 1254 1039 1531 1097; x_wconf 86' lang='lat' dir='ltr'><strong>animalia</strong></span> <span class='ocrx_word' id='word_1_77' title='bbox 1567 1040 1746 1099; x_wconf 91' lang='lat' dir='ltr'><strong>nullis</strong></span> <span class='ocrx_word' id='word_1_78' title='bbox 1788 1041 1883 1098; x_wconf 66' lang='lat' dir='ltr'><strong>ob</strong></span> 
     </span>
    </p>
   </div>
   <div class='ocr_carea' id='block_1_12' title="bbox 167 1128 1883 1204">
    <p class='ocr_par' dir='ltr' id='par_1_12' title="bbox 167 1128 1883 1204">
     <span class='ocr_line' id='line_1_12' title="bbox 167 1128 1883 1204; baseline -0.001 -14"><span class='ocrx_word' id='word_1_79' title='bbox 167 1132 349 1190; x_wconf 87' lang='lat' dir='ltr'><strong>noxia</strong></span> <span class='ocrx_word' id='word_1_80' title='bbox 411 1131 636 1204; x_wconf 80' lang='lat' dir='ltr'><strong>legibus</strong></span> <span class='ocrx_word' id='word_1_81' title='bbox 683 1128 1006 1202; x_wconf 83' lang='lat' dir='ltr'><strong>impleant?</strong></span> <span class='ocrx_word' id='word_1_82' title='bbox 1042 1129 1186 1187; x_wconf 89' lang='lat' dir='ltr'><strong>Nam</strong></span> <span class='ocrx_word' id='word_1_83' title='bbox 1235 1129 1383 1188; x_wconf 85' lang='lat' dir='ltr'><strong>sicut</strong></span> <span class='ocrx_word' id='word_1_84' title='bbox 1432 1130 1682 1189; x_wconf 90' lang='lat' dir='ltr'><strong>fraterna</strong></span> <span class='ocrx_word' id='word_1_85' title='bbox 1736 1130 1883 1189; x_wconf 91' lang='lat' dir='ltr'><strong>mihi</strong></span> 
     </span>
    </p>
   </div>
   <div class='ocr_carea' id='block_1_13' title="bbox 162 1218 1883 1292">
    <p class='ocr_par' dir='ltr' id='par_1_13' title="bbox 162 1218 1883 1292">
     <span class='ocr_line' id='line_1_13' title="bbox 162 1218 1883 1292; baseline 0 -13"><span class='ocrx_word' id='word_1_86' title='bbox 162 1228 390 1279; x_wconf 85' lang='lat' dir='ltr'><strong>constat</strong></span> <span class='ocrx_word' id='word_1_87' title='bbox 421 1219 697 1278; x_wconf 82' lang='lat' dir='ltr'><strong>relatione</strong></span> <span class='ocrx_word' id='word_1_88' title='bbox 734 1218 1056 1292; x_wconf 88' lang='lat' dir='ltr'><strong>vulgatum,</strong></span> <span class='ocrx_word' id='word_1_89' title='bbox 1092 1218 1294 1276; x_wconf 90' lang='lat' dir='ltr'><strong>Veneti</strong></span> <span class='ocrx_word' id='word_1_90' title='bbox 1323 1218 1562 1291; x_wconf 88' lang='lat' dir='ltr'><strong>quidam</strong></span> <span class='ocrx_word' id='word_1_91' title='bbox 1591 1219 1883 1279; x_wconf 83' lang='lat' dir='ltr'><strong>institores</strong></span> 
     </span>
    </p>
   </div>
   <div class='ocr_carea' id='block_1_14' title="bbox 164 1306 1882 1382">
    <p class='ocr_par' dir='ltr' id='par_1_14' title="bbox 164 1306 1882 1382">
     <span class='ocr_line' id='line_1_14' title="bbox 164 1306 1882 1382; baseline 0.001 -17"><span class='ocrx_word' id='word_1_92' title='bbox 164 1309 397 1366; x_wconf 86' lang='lat' dir='ltr'><strong>marina</strong></span> <span class='ocrx_word' id='word_1_93' title='bbox 425 1308 763 1367; x_wconf 86' lang='lat' dir='ltr'><strong>discrimina</strong></span> <span class='ocrx_word' id='word_1_94' title='bbox 790 1307 1020 1381; x_wconf 81' lang='lat' dir='ltr'><strong>remigii</strong></span> <span class='ocrx_word' id='word_1_95' title='bbox 1048 1306 1240 1365; x_wconf 90' lang='lat' dir='ltr'><strong>labore</strong></span> <span class='ocrx_word' id='word_1_96' title='bbox 1267 1307 1604 1366; x_wconf 88' lang='lat' dir='ltr'><strong>sulcabant:</strong></span> <span class='ocrx_word' id='word_1_97' title='bbox 1632 1324 1882 1382; x_wconf 90' lang='lat' dir='ltr'><strong>cumque</strong></span> 
     </span>
    </p>
   </div>
   <div class='ocr_carea' id='block_1_15' title="bbox 162 1397 1878 1472">
    <p class='ocr_par' dir='ltr' id='par_1_15' title="bbox 162 1397 1878 1472">
     <span class='ocr_line' id='line_1_15' title="bbox 162 1397 1878 1472; baseline 0.001 -17"><span class='ocrx_word' id='word_1_98' title='bbox 162 1398 603 1471; x_wconf 79' lang='lat' dir='ltr'><strong>applicuissent,</strong></span> <span class='ocrx_word' id='word_1_99' title='bbox 643 1398 1080 1456; x_wconf 86' lang='lat' dir='ltr'><strong>formidolosum</strong></span> <span class='ocrx_word' id='word_1_100' title='bbox 1128 1397 1594 1471; x_wconf 89' lang='lat' dir='ltr'><strong>stupendumque</strong></span> <span class='ocrx_word' id='word_1_101' title='bbox 1649 1400 1878 1472; x_wconf 88' lang='lat' dir='ltr'><strong>conspi-</strong></span> 
     </span>
    </p>
   </div>
   <div class='ocr_carea' id='block_1_16' title="bbox 166 1485 1880 1560">
    <p class='ocr_par' dir='ltr' id='par_1_16' title="bbox 166 1485 1880 1560">
     <span class='ocr_line' id='line_1_16' title="bbox 166 1485 1880 1560; baseline 0.001 -16"><span class='ocrx_word' id='word_1_102' title='bbox 166 1487 333 1546; x_wconf 88' lang='lat' dir='ltr'><strong>ciunt</strong></span> <span class='ocrx_word' id='word_1_103' title='bbox 365 1503 483 1545; x_wconf 91' lang='lat' dir='ltr'><strong>non</strong></span> <span class='ocrx_word' id='word_1_104' title='bbox 533 1485 732 1560; x_wconf 87' lang='lat' dir='ltr'><strong>procul</strong></span> <span class='ocrx_word' id='word_1_105' title='bbox 778 1486 850 1545; x_wconf 90' lang='lat' dir='ltr'><strong>ab</strong></span> <span class='ocrx_word' id='word_1_106' title='bbox 892 1485 1016 1559; x_wconf 90' lang='lat' dir='ltr'><strong>ipsa</strong></span> <span class='ocrx_word' id='word_1_107' title='bbox 1066 1485 1307 1544; x_wconf 68' lang='lat' dir='ltr'><strong>littoreaa</strong></span> <span class='ocrx_word' id='word_1_108' title='bbox 1348 1485 1663 1559; x_wconf 90' lang='lat' dir='ltr'><strong>crepidinis</strong></span> <span class='ocrx_word' id='word_1_109' title='bbox 1705 1503 1880 1546; x_wconf 89' lang='lat' dir='ltr'><strong>arena</strong></span> 
     </span>
    </p>
   </div>
   <div class='ocr_carea' id='block_1_17' title="bbox 162 1574 1874 1650">
    <p class='ocr_par' dir='ltr' id='par_1_17' title="bbox 162 1574 1874 1650">
     <span class='ocr_line' id='line_1_17' title="bbox 162 1574 1874 1650; baseline 0 -15"><span class='ocrx_word' id='word_1_110' title='bbox 162 1582 547 1650; x_wconf 86' lang='lat' dir='ltr'><strong>portentum;</strong></span> <span class='ocrx_word' id='word_1_111' title='bbox 610 1575 835 1634; x_wconf 87' lang='lat' dir='ltr'><strong>leonem</strong></span> <span class='ocrx_word' id='word_1_112' title='bbox 882 1574 1100 1633; x_wconf 88' lang='lat' dir='ltr'><strong>scilicet</strong></span> <span class='ocrx_word' id='word_1_113' title='bbox 1147 1574 1402 1645; x_wconf 83' lang='lat' dir='ltr'><strong>trabalis,</strong></span> <span class='ocrx_word' id='word_1_114' title='bbox 1451 1582 1515 1633; x_wconf 88' lang='lat' dir='ltr'><strong>ut</strong></span> <span class='ocrx_word' id='word_1_115' title='bbox 1557 1575 1874 1648; x_wconf 82' lang='lat' dir='ltr'><strong>videbatur,</strong></span> 
     </span>
    </p>
   </div>
   <div class='ocr_carea' id='block_1_18' title="bbox 160 1663 1879 1740">
    <p class='ocr_par' dir='ltr' id='par_1_18' title="bbox 160 1663 1879 1740">
     <span class='ocr_line' id='line_1_18' title="bbox 160 1663 1879 1740; baseline 0.001 -17"><span class='ocrx_word' id='word_1_116' title='bbox 160 1666 432 1725; x_wconf 78' lang='lat' dir='ltr'><strong>draconis</strong></span> <span class='ocrx_word' id='word_1_117' title='bbox 453 1665 627 1740; x_wconf 86' lang='lat' dir='ltr'><strong>spiris</strong></span> <span class='ocrx_word' id='word_1_118' title='bbox 655 1666 1006 1727; x_wconf 90' lang='lat' dir='ltr'><strong>obeuntibus</strong></span> <span class='ocrx_word' id='word_1_119' title='bbox 1032 1665 1392 1723; x_wconf 89' lang='lat' dir='ltr'><strong>involutum.</strong></span> <span class='ocrx_word' id='word_1_120' title='bbox 1423 1663 1684 1739; x_wconf 86' lang='lat' dir='ltr'><strong>Cumque</strong></span> <span class='ocrx_word' id='word_1_121' title='bbox 1714 1665 1879 1725; x_wconf 92' lang='lat' dir='ltr'><strong>illinc</strong></span> 
     </span>
    </p>
   </div>
   <div class='ocr_carea' id='block_1_19' title="bbox 1960 502 3672 575">
    <p class='ocr_par' dir='ltr' id='par_1_19' title="bbox 1960 502 3672 575">
     <span class='ocr_line' id='line_1_19' title="bbox 1960 502 3672 575; baseline 0.002 -16"><span class='ocrx_word' id='word_1_122' title='bbox 1960 502 2100 560; x_wconf 90' lang='lat' dir='ltr'><strong>catis</strong></span> <span class='ocrx_word' id='word_1_123' title='bbox 2137 502 2415 575; x_wconf 88' lang='lat' dir='ltr'><strong>absolvat,</strong></span> <span class='ocrx_word' id='word_1_124' title='bbox 2444 508 2502 562; x_wconf 91' lang='lat' dir='ltr'><strong>et</strong></span> <span class='ocrx_word' id='word_1_125' title='bbox 2536 504 2851 562; x_wconf 86' lang='lat' dir='ltr'><strong>electorum</strong></span> <span class='ocrx_word' id='word_1_126' title='bbox 2891 520 3128 565; x_wconf 89' lang='lat' dir='ltr'><strong>suorum</strong></span> <span class='ocrx_word' id='word_1_127' title='bbox 3166 514 3360 565; x_wconf 80' lang='lat' dir='ltr'><strong>seCum</strong></span> <span class='ocrx_word' id='word_1_128' title='bbox 3391 506 3517 565; x_wconf 91' lang='lat' dir='ltr'><strong>sine</strong></span> <span class='ocrx_word' id='word_1_129' title='bbox 3556 507 3672 563; x_wconf 88' lang='lat' dir='ltr'><strong>ﬁne</strong></span> 
     </span>
    </p>
   </div>
   <div class='ocr_carea' id='block_1_20' title="bbox 1960 593 3675 665">
    <p class='ocr_par' dir='ltr' id='par_1_20' title="bbox 1960 593 3675 665">
     <span class='ocr_line' id='line_1_20' title="bbox 1960 593 3675 665; baseline 0.002 -14"><span class='ocrx_word' id='word_1_130' title='bbox 1960 593 2331 665; x_wconf 85' lang='lat' dir='ltr'><strong>regnantium</strong></span> <span class='ocrx_word' id='word_1_131' title='bbox 2370 594 2637 653; x_wconf 81' lang='lat' dir='ltr'><strong>consives</strong></span> <span class='ocrx_word' id='word_1_132' title='bbox 2677 593 2913 653; x_wconf 79' lang='lat' dir='ltr'><strong>efﬁciat.</strong></span> <span class='ocrx_word' id='word_1_133' title='bbox 2955 597 3159 655; x_wconf 83' lang='lat' dir='ltr'><strong>Arnen.</strong></span> <span class='ocrx_word' id='word_1_134' title='bbox 3203 596 3533 655; x_wconf 86' lang='lat' dir='ltr'><strong>Benedictio</strong></span> <span class='ocrx_word' id='word_1_135' title='bbox 3569 596 3675 655; x_wconf 88' lang='lat' dir='ltr'><strong>Dei</strong></span> 
     </span>
    </p>
   </div>
   <div class='ocr_carea' id='block_1_21' title="bbox 1962 683 3670 760">
    <p class='ocr_par' dir='ltr' id='par_1_21' title="bbox 1962 683 3670 760">
     <span class='ocr_line' id='line_1_21' title="bbox 1962 683 3670 760; baseline 0.001 -17"><span class='ocrx_word' id='word_1_136' title='bbox 1962 683 2146 743; x_wconf 82' lang='lat' dir='ltr'><strong>Patris</strong></span> <span class='ocrx_word' id='word_1_137' title='bbox 2177 686 2605 758; x_wconf 89' lang='lat' dir='ltr'><strong>omnipotentis,</strong></span> <span class='ocrx_word' id='word_1_138' title='bbox 2642 690 2698 741; x_wconf 91' lang='lat' dir='ltr'><strong>et</strong></span> <span class='ocrx_word' id='word_1_139' title='bbox 2732 685 2888 756; x_wconf 91' lang='lat' dir='ltr'><strong>Filii,</strong></span> <span class='ocrx_word' id='word_1_140' title='bbox 2920 692 2974 743; x_wconf 91' lang='lat' dir='ltr'><strong>et</strong></span> <span class='ocrx_word' id='word_1_141' title='bbox 3010 686 3261 760; x_wconf 86' lang='lat' dir='ltr'><strong>Spiritus</strong></span> <span class='ocrx_word' id='word_1_142' title='bbox 3299 687 3482 746; x_wconf 79' lang='lat' dir='ltr'><strong>sancti</strong></span> <span class='ocrx_word' id='word_1_143' title='bbox 3538 687 3670 745; x_wconf 87' lang='lat' dir='ltr'><strong>des-</strong></span> 
     </span>
    </p>
   </div>
   <div class='ocr_carea' id='block_1_22' title="bbox 1965 772 3099 846">
    <p class='ocr_par' dir='ltr' id='par_1_22' title="bbox 1965 772 3099 846">
     <span class='ocr_line' id='line_1_22' title="bbox 1965 772 3099 846; baseline 0 -17"><span class='ocrx_word' id='word_1_144' title='bbox 1965 772 2187 843; x_wconf 92' lang='lat' dir='ltr'><strong>cendat,</strong></span> <span class='ocrx_word' id='word_1_145' title='bbox 2210 778 2265 830; x_wconf 91' lang='lat' dir='ltr'><strong>et</strong></span> <span class='ocrx_word' id='word_1_146' title='bbox 2290 780 2519 831; x_wconf 89' lang='lat' dir='ltr'><strong>maneat</strong></span> <span class='ocrx_word' id='word_1_147' title='bbox 2547 788 2719 846; x_wconf 90' lang='lat' dir='ltr'><strong>super</strong></span> <span class='ocrx_word' id='word_1_148' title='bbox 2746 788 2863 832; x_wconf 93' lang='lat' dir='ltr'><strong>vos.</strong></span> <span class='ocrx_word' id='word_1_149' title='bbox 2892 774 3099 832; x_wconf 85' lang='lat' dir='ltr'><strong>Amen.</strong></span> 
     </span>
    </p>
   </div>
   <div class='ocr_carea' id='block_1_23' title="bbox 2556 861 3066 921">
    <p class='ocr_par' dir='ltr' id='par_1_23' title="bbox 2556 861 3066 921">
     <span class='ocr_line' id='line_1_23' title="bbox 2556 861 3066 921; baseline 0 -1"><span class='ocrx_word' id='word_1_150' title='bbox 2556 861 2924 921; x_wconf 78' lang='lat' dir='ltr'><strong>EPISTULA</strong></span> <span class='ocrx_word' id='word_1_151' title='bbox 2968 861 3066 920; x_wconf 91' lang='lat' dir='ltr'><strong>VI.</strong></span> 
     </span>
    </p>
   </div>
   <div class='ocr_carea' id='block_1_24' title="bbox 2213 954 3412 1003">
    <p class='ocr_par' dir='ltr' id='par_1_24' title="bbox 2213 954 3412 1003">
     <span class='ocr_line' id='line_1_24' title="bbox 2213 954 3412 1003; baseline -0.003 0"><span class='ocrx_word' id='word_1_152' title='bbox 2213 957 2290 1003; x_wconf 80' lang='lat' dir='ltr'><strong>AD</strong></span> <span class='ocrx_word' id='word_1_153' title='bbox 2320 954 2637 1003; x_wconf 77' lang='lat' dir='ltr'><strong>MONACHOS</strong></span> <span class='ocrx_word' id='word_1_154' title='bbox 2664 955 3018 1002; x_wconf 80' lang='lat' dir='ltr'><strong>MONASTERII</strong></span> <span class='ocrx_word' id='word_1_155' title='bbox 3046 955 3412 1002; x_wconf 79' lang='lat' dir='ltr'><strong>POMPOSIANI.</strong></span> 
     </span>
    </p>
   </div>
   <div class='ocr_carea' id='block_1_25' title="bbox 1964 1030 3673 1104">
    <p class='ocr_par' dir='ltr' id='par_1_25' title="bbox 1964 1030 3673 1104">
     <span class='ocr_line' id='line_1_25' title="bbox 1964 1030 3673 1104; baseline -0.004 -10"><span class='ocrx_word' id='word_1_156' title='bbox 1964 1031 2861 1104; x_wconf 78' lang='lat' dir='ltr'><strong>ARGUMENTUM.-—P0mposiani</strong></span> <span class='ocrx_word' id='word_1_157' title='bbox 2891 1031 3223 1089; x_wconf 88' lang='lat' dir='ltr'><strong>monasterii</strong></span> <span class='ocrx_word' id='word_1_158' title='bbox 3246 1030 3543 1104; x_wconf 82' lang='lat' dir='ltr'><strong>monachis</strong></span> <span class='ocrx_word' id='word_1_159' title='bbox 3573 1046 3673 1088; x_wconf 84' lang='lat' dir='ltr'><strong>ne-</strong></span> 
     </span>
    </p>
   </div>
   <div class='ocr_carea' id='block_1_26' title="bbox 2036 1102 3671 1179">
    <p class='ocr_par' dir='ltr' id='par_1_26' title="bbox 2036 1102 3671 1179">
     <span class='ocr_line' id='line_1_26' title="bbox 2036 1102 3671 1179; baseline -0.004 -14"><span class='ocrx_word' id='word_1_160' title='bbox 2036 1108 2153 1166; x_wconf 92' lang='lat' dir='ltr'><strong>scio</strong></span> <span class='ocrx_word' id='word_1_161' title='bbox 2183 1105 2341 1179; x_wconf 84' lang='lat' dir='ltr'><strong>quod</strong></span> <span class='ocrx_word' id='word_1_162' title='bbox 2373 1119 2587 1179; x_wconf 80' lang='lat' dir='ltr'><strong>munus</strong></span> <span class='ocrx_word' id='word_1_163' title='bbox 2626 1102 2837 1173; x_wconf 79' lang='lat' dir='ltr'><strong>mittit,</strong></span> <span class='ocrx_word' id='word_1_164' title='bbox 2870 1119 3153 1179; x_wconf 82' lang='lat' dir='ltr'><strong>suamque</strong></span> <span class='ocrx_word' id='word_1_165' title='bbox 3190 1118 3323 1179; x_wconf 77' lang='lat' dir='ltr'><strong>erga</strong></span> <span class='ocrx_word' id='word_1_166' title='bbox 3361 1117 3456 1159; x_wconf 89' lang='lat' dir='ltr'><strong>eos</strong></span> <span class='ocrx_word' id='word_1_167' title='bbox 3495 1102 3671 1179; x_wconf 47' lang='lat' dir='ltr'><strong>bene:</strong></span> 
     </span>
    </p>
   </div>
   <div class='ocr_carea' id='block_1_27' title="bbox 2036 1173 3675 1245">
    <p class='ocr_par' dir='ltr' id='par_1_27' title="bbox 2036 1173 3675 1245">
     <span class='ocr_line' id='line_1_27' title="bbox 2036 1173 3675 1245; baseline -0.003 -10"><span class='ocrx_word' id='word_1_168' title='bbox 2036 1173 2348 1237; x_wconf 77' lang='lat' dir='ltr'><strong>volentiam</strong></span> <span class='ocrx_word' id='word_1_169' title='bbox 2402 1173 2648 1232; x_wconf 83' lang='lat' dir='ltr'><strong>declarat</strong></span> <span class='ocrx_word' id='word_1_170' title='bbox 2705 1193 2718 1232; x_wconf 89' lang='lat'>:</span> <span class='ocrx_word' id='word_1_171' title='bbox 2772 1175 3002 1233; x_wconf 90' lang='lat' dir='ltr'><strong>eosdem</strong></span> <span class='ocrx_word' id='word_1_172' title='bbox 3050 1173 3223 1232; x_wconf 80' lang='lat' dir='ltr'><strong>etiam</strong></span> <span class='ocrx_word' id='word_1_173' title='bbox 3258 1173 3558 1245; x_wconf 72' lang='lat' dir='ltr'><strong>obsecrat,</strong></span> <span class='ocrx_word' id='word_1_174' title='bbox 3611 1178 3675 1232; x_wconf 91' lang='lat' dir='ltr'><strong>ut</strong></span> 
     </span>
    </p>
   </div>
   <div class='ocr_carea' id='block_1_28' title="bbox 2035 1246 3670 1318">
    <p class='ocr_par' dir='ltr' id='par_1_28' title="bbox 2035 1246 3670 1318">
     <span class='ocr_line' id='line_1_28' title="bbox 2035 1246 3670 1318; baseline -0.004 -10"><span class='ocrx_word' id='word_1_175' title='bbox 2035 1249 2127 1308; x_wconf 86' lang='lat' dir='ltr'><strong>sui</strong></span> <span class='ocrx_word' id='word_1_176' title='bbox 2164 1246 2505 1306; x_wconf 85' lang='lat' dir='ltr'><strong>memoriam</strong></span> <span class='ocrx_word' id='word_1_177' title='bbox 2549 1250 2671 1318; x_wconf 88' lang='lat' dir='ltr'><strong>post</strong></span> <span class='ocrx_word' id='word_1_178' title='bbox 2702 1254 2943 1318; x_wconf 86' lang='lat' dir='ltr'><strong>mortem</strong></span> <span class='ocrx_word' id='word_1_179' title='bbox 2979 1246 3211 1318; x_wconf 86' lang='lat' dir='ltr'><strong>faciant,</strong></span> <span class='ocrx_word' id='word_1_180' title='bbox 3237 1260 3434 1317; x_wconf 86' lang='lat' dir='ltr'><strong>preces</strong></span> <span class='ocrx_word' id='word_1_181' title='bbox 3466 1258 3566 1315; x_wconf 91' lang='lat' dir='ltr'><strong>pro</strong></span> <span class='ocrx_word' id='word_1_182' title='bbox 3604 1258 3670 1301; x_wconf 90' lang='lat' dir='ltr'><strong>eo</strong></span> 
     </span>
    </p>
   </div>
   <div class='ocr_carea' id='block_1_29' title="bbox 2033 1315 3669 1389">
    <p class='ocr_par' dir='ltr' id='par_1_29' title="bbox 2033 1315 3669 1389">
     <span class='ocr_line' id='line_1_29' title="bbox 2033 1315 3669 1389; baseline -0.006 -9"><span class='ocrx_word' id='word_1_183' title='bbox 2033 1319 2362 1388; x_wconf 86' lang='lat' dir='ltr'><strong>fundentes,</strong></span> <span class='ocrx_word' id='word_1_184' title='bbox 2392 1315 2682 1389; x_wconf 47' lang='lat' dir='ltr'><strong>sicut‘pro</strong></span> <span class='ocrx_word' id='word_1_185' title='bbox 2718 1316 2839 1375; x_wconf 85' lang='lat' dir='ltr'><strong>suis</strong></span> <span class='ocrx_word' id='word_1_186' title='bbox 2887 1315 3184 1375; x_wconf 83' lang='lat' dir='ltr'><strong>monachis</strong></span> <span class='ocrx_word' id='word_1_187' title='bbox 3233 1315 3669 1373; x_wconf 84' lang='lat' dir='ltr'><strong>consueverant.</strong></span> 
     </span>
    </p>
   </div>
   <div class='ocr_carea' id='block_1_30' title="bbox 2032 1400 3672 1480">
    <p class='ocr_par' dir='ltr' id='par_1_30' title="bbox 2032 1400 3672 1480">
     <span class='ocr_line' id='line_1_30' title="bbox 2032 1400 3672 1480; baseline -0.005 -13"><span class='ocrx_word' id='word_1_188' title='bbox 2032 1403 2510 1480; x_wconf 83' lang='lat' dir='ltr'><strong>Beligiosissimis</strong></span> <span class='ocrx_word' id='word_1_189' title='bbox 2536 1411 2591 1461; x_wconf 89' lang='lat' dir='ltr'><strong>et</strong></span> <span class='ocrx_word' id='word_1_190' title='bbox 2621 1404 2831 1462; x_wconf 88' lang='lat' dir='ltr'><strong>sanctis</strong></span> <span class='ocrx_word' id='word_1_191' title='bbox 2870 1404 3009 1462; x_wconf 90' lang='lat' dir='ltr'><strong>viris</strong></span> <span class='ocrx_word' id='word_1_192' title='bbox 3046 1403 3339 1472; x_wconf 88' lang='lat' dir='ltr'><strong>omnibus,</strong></span> <span class='ocrx_word' id='word_1_193' title='bbox 3366 1403 3469 1474; x_wconf 89' lang='lat' dir='ltr'><strong>qui</strong></span> <span class='ocrx_word' id='word_1_194' title='bbox 3500 1400 3672 1459; x_wconf 88' lang='lat' dir='ltr'><strong>Pom-</strong></span> 
     </span>
    </p>
   </div>
   <div class='ocr_carea' id='block_1_31' title="bbox 1964 1489 3671 1572">
    <p class='ocr_par' dir='ltr' id='par_1_31' title="bbox 1964 1489 3671 1572">
     <span class='ocr_line' id='line_1_31' title="bbox 1964 1489 3671 1572; baseline -0.005 -16"><span class='ocrx_word' id='word_1_195' title='bbox 1964 1497 2139 1572; x_wconf 77' lang='lat' dir='ltr'><strong>posias</strong></span> <span class='ocrx_word' id='word_1_196' title='bbox 2175 1496 2286 1554; x_wconf 88' lang='lat' dir='ltr'><strong>Deo</strong></span> <span class='ocrx_word' id='word_1_197' title='bbox 2319 1493 2677 1564; x_wconf 88' lang='lat' dir='ltr'><strong>deserviunt,</strong></span> <span class='ocrx_word' id='word_1_198' title='bbox 2704 1492 2935 1551; x_wconf 76' lang='lat' dir='ltr'><strong>Psrnus</strong></span> <span class='ocrx_word' id='word_1_199' title='bbox 2961 1492 3349 1551; x_wconf 62' lang='lat' dir='ltr'><strong>devotissimus</strong></span> <span class='ocrx_word' id='word_1_200' title='bbox 3377 1489 3671 1550; x_wconf 86' lang='lat' dir='ltr'><strong>servitutis</strong></span> 
     </span>
    </p>
   </div>
   <div class='ocr_carea' id='block_1_32' title="bbox 1959 1583 2329 1644">
    <p class='ocr_par' dir='ltr' id='par_1_32' title="bbox 1959 1583 2329 1644">
     <span class='ocr_line' id='line_1_32' title="bbox 1959 1583 2329 1644; baseline -0.008 0"><span class='ocrx_word' id='word_1_201' title='bbox 1959 1583 2329 1644; x_wconf 82' lang='lat' dir='ltr'><strong>obsequium.</strong></span> 
     </span>
    </p>
   </div>
   <div class='ocr_carea' id='block_1_33' title="bbox 2036 1600 3667 1743">
    <p class='ocr_par' dir='ltr' id='par_1_33' title="bbox 2036 1600 3667 1743">
     <span class='ocr_line' id='line_1_33' title="bbox 2036 1600 2329 1643; baseline -0.007 0"><span class='ocrx_word' id='word_1_202' title='bbox 2036 1601 2097 1643; x_wconf 90' lang='lat' dir='ltr'><strong>se</strong></span> <span class='ocrx_word' id='word_1_203' title='bbox 2141 1600 2329 1642; x_wconf 81' lang='lat' dir='ltr'><strong>uium.</strong></span> 
     </span>
     <span class='ocr_line' id='line_1_34' title="bbox 2036 1600 3667 1743; baseline -0.004 -12"><span class='ocrx_word' id='word_1_204' title='bbox 2036 1600 2400 1731; x_wconf 56' lang='lat' dir='ltr'><strong>Dillectissimi</strong></span> <span class='ocrx_word' id='word_1_205' title='bbox 2441 1670 2635 1728; x_wconf 91' lang='lat' dir='ltr'><strong>Patres</strong></span> <span class='ocrx_word' id='word_1_206' title='bbox 2666 1675 2721 1726; x_wconf 88' lang='lat' dir='ltr'><strong>et</strong></span> <span class='ocrx_word' id='word_1_207' title='bbox 2759 1668 3000 1740; x_wconf 91' lang='lat' dir='ltr'><strong>domini,</strong></span> <span class='ocrx_word' id='word_1_208' title='bbox 3034 1667 3284 1743; x_wconf 89' lang='lat' dir='ltr'><strong>qualiter</strong></span> <span class='ocrx_word' id='word_1_209' title='bbox 3324 1682 3420 1726; x_wconf 94' lang='lat' dir='ltr'><strong>cor</strong></span> <span class='ocrx_word' id='word_1_210' title='bbox 3472 1682 3667 1726; x_wconf 88' lang='lat' dir='ltr'><strong>meum</strong></span> 
     </span>
    </p>
   </div>
   <div class='ocr_carea' id='block_1_34' title="bbox 160 1751 3671 1834">
    <p class='ocr_par' dir='ltr' id='par_1_34' title="bbox 160 1751 3671 1834">
     <span class='ocr_line' id='line_1_35' title="bbox 160 1751 3671 1834; baseline 0.001 -23"><span class='ocrx_word' id='word_1_211' title='bbox 160 1754 334 1813; x_wconf 86' lang='lat' dir='ltr'><strong>draco</strong></span> <span class='ocrx_word' id='word_1_212' title='bbox 378 1762 608 1828; x_wconf 87' lang='lat' dir='ltr'><strong>captum</strong></span> <span class='ocrx_word' id='word_1_213' title='bbox 657 1755 729 1814; x_wconf 90' lang='lat' dir='ltr'><strong>ad</strong></span> <span class='ocrx_word' id='word_1_214' title='bbox 777 1753 1112 1828; x_wconf 87' lang='lat' dir='ltr'><strong>speluncam</strong></span> <span class='ocrx_word' id='word_1_215' title='bbox 1162 1767 1325 1811; x_wconf 91' lang='lat' dir='ltr'><strong>suam</strong></span> <span class='ocrx_word' id='word_1_216' title='bbox 1372 1751 1655 1812; x_wconf 86' lang='lat' dir='ltr'><strong>violenter</strong></span> <span class='ocrx_word' id='word_1_217' title='bbox 1699 1760 1933 1834; x_wconf 79' lang='lat' dir='ltr'><strong>attra-B</strong></span> <span class='ocrx_word' id='word_1_218' title='bbox 1964 1766 2167 1820; x_wconf 67' lang='lat' dir='ltr'><strong>vestra:</strong></span> <span class='ocrx_word' id='word_1_219' title='bbox 2242 1759 2537 1819; x_wconf 88' lang='lat' dir='ltr'><strong>charitatis</strong></span> <span class='ocrx_word' id='word_1_220' title='bbox 2605 1756 2873 1815; x_wconf 90' lang='lat' dir='ltr'><strong>incendio</strong></span> <span class='ocrx_word' id='word_1_221' title='bbox 2945 1756 3183 1827; x_wconf 87' lang='lat' dir='ltr'><strong>ferveat,</strong></span> <span class='ocrx_word' id='word_1_222' title='bbox 3237 1755 3454 1829; x_wconf 88' lang='lat' dir='ltr'><strong>quibus</strong></span> <span class='ocrx_word' id='word_1_223' title='bbox 3521 1755 3671 1814; x_wconf 87' lang='lat' dir='ltr'><strong>circa</strong></span> 
     </span>
    </p>
   </div>
   <div class='ocr_carea' id='block_1_35' title="bbox 158 1839 1869 1917">
    <p class='ocr_par' dir='ltr' id='par_1_35' title="bbox 158 1839 1869 1917">
     <span class='ocr_line' id='line_1_36' title="bbox 158 1839 1869 1917; baseline 0.002 -18"><span class='ocrx_word' id='word_1_224' title='bbox 158 1842 341 1911; x_wconf 85' lang='lat' dir='ltr'><strong>heret,</strong></span> <span class='ocrx_word' id='word_1_225' title='bbox 388 1841 523 1900; x_wconf 91' lang='lat' dir='ltr'><strong>hinc</strong></span> <span class='ocrx_word' id='word_1_226' title='bbox 558 1842 907 1901; x_wconf 87' lang='lat' dir='ltr'><strong>miserabilis</strong></span> <span class='ocrx_word' id='word_1_227' title='bbox 941 1843 1052 1915; x_wconf 90' lang='lat' dir='ltr'><strong>leo,</strong></span> <span class='ocrx_word' id='word_1_228' title='bbox 1093 1840 1311 1917; x_wconf 91' lang='lat' dir='ltr'><strong>quibus</strong></span> <span class='ocrx_word' id='word_1_229' title='bbox 1349 1839 1574 1900; x_wconf 88' lang='lat' dir='ltr'><strong>valebat</strong></span> <span class='ocrx_word' id='word_1_230' title='bbox 1616 1843 1869 1915; x_wconf 89' lang='lat' dir='ltr'><strong>nisibus,</strong></span> 
     </span>
    </p>
   </div>
   <div class='ocr_carea' id='block_1_36' title="bbox 153 1931 1875 2007">
    <p class='ocr_par' dir='ltr' id='par_1_36' title="bbox 153 1931 1875 2007">
     <span class='ocr_line' id='line_1_37' title="bbox 153 1931 1875 2007; baseline 0.002 -19"><span class='ocrx_word' id='word_1_231' title='bbox 153 1933 463 1990; x_wconf 84' lang='lat' dir='ltr'><strong>reluctaret</strong></span> <span class='ocrx_word' id='word_1_232' title='bbox 484 1952 500 2003; x_wconf 86' lang='lat'><strong>;</strong></span> <span class='ocrx_word' id='word_1_233' title='bbox 542 1931 773 1991; x_wconf 83' lang='lat' dir='ltr'><strong>tandem</strong></span> <span class='ocrx_word' id='word_1_234' title='bbox 811 1949 926 2006; x_wconf 91' lang='lat' dir='ltr'><strong>quo</strong></span> <span class='ocrx_word' id='word_1_235' title='bbox 966 1933 1053 1991; x_wconf 92' lang='lat' dir='ltr'><strong>leo</strong></span> <span class='ocrx_word' id='word_1_236' title='bbox 1088 1933 1260 2006; x_wconf 75' lang='lat' dir='ltr'><strong>coepit</strong></span> <span class='ocrx_word' id='word_1_237' title='bbox 1290 1933 1588 2007; x_wconf 89' lang='lat' dir='ltr'><strong>desperata</strong></span> <span class='ocrx_word' id='word_1_238' title='bbox 1624 1933 1875 1991; x_wconf 89' lang='lat' dir='ltr'><strong>relucta-</strong></span> 
     </span>
    </p>
   </div>
   <div class='ocr_carea' id='block_1_37' title="bbox 150 2020 1873 2096">
    <p class='ocr_par' dir='ltr' id='par_1_37' title="bbox 150 2020 1873 2096">
     <span class='ocr_line' id='line_1_38' title="bbox 150 2020 1873 2096; baseline 0.002 -19"><span class='ocrx_word' id='word_1_239' title='bbox 150 2020 315 2078; x_wconf 89' lang='lat' dir='ltr'><strong>tione</strong></span> <span class='ocrx_word' id='word_1_240' title='bbox 366 2020 631 2093; x_wconf 88' lang='lat' dir='ltr'><strong>deﬁcere,</strong></span> <span class='ocrx_word' id='word_1_241' title='bbox 684 2028 839 2080; x_wconf 87' lang='lat' dir='ltr'><strong>tanto</strong></span> <span class='ocrx_word' id='word_1_242' title='bbox 896 2022 1082 2096; x_wconf 87' lang='lat' dir='ltr'><strong>magis</strong></span> <span class='ocrx_word' id='word_1_243' title='bbox 1137 2022 1309 2080; x_wconf 89' lang='lat' dir='ltr'><strong>draco</strong></span> <span class='ocrx_word' id='word_1_244' title='bbox 1370 2021 1873 2080; x_wconf 84' lang='lat' dir='ltr'><strong>inextricabilibus</strong></span> 
     </span>
    </p>
   </div>
   <div class='ocr_carea' id='block_1_38' title="bbox 149 2107 1869 2169">
    <p class='ocr_par' dir='ltr' id='par_1_38' title="bbox 149 2107 1869 2169">
     <span class='ocr_line' id='line_1_39' title="bbox 149 2107 1869 2169; baseline 0.002 -4"><span class='ocrx_word' id='word_1_245' title='bbox 149 2122 292 2167; x_wconf 90' lang='lat' dir='ltr'><strong>eum</strong></span> <span class='ocrx_word' id='word_1_246' title='bbox 325 2107 491 2167; x_wconf 91' lang='lat' dir='ltr'><strong>nodis</strong></span> <span class='ocrx_word' id='word_1_247' title='bbox 519 2108 819 2168; x_wconf 89' lang='lat' dir='ltr'><strong>innectens</strong></span> <span class='ocrx_word' id='word_1_248' title='bbox 845 2108 1215 2168; x_wconf 90' lang='lat' dir='ltr'><strong>animabatur</strong></span> <span class='ocrx_word' id='word_1_249' title='bbox 1253 2108 1551 2167; x_wconf 87' lang='lat' dir='ltr'><strong>victoriam</strong></span> <span class='ocrx_word' id='word_1_250' title='bbox 1590 2109 1869 2169; x_wconf 84' lang='lat' dir='ltr'><strong>obtinere.</strong></span> 
     </span>
    </p>
   </div>
   <div class='ocr_carea' id='block_1_39' title="bbox 152 2196 1873 2274">
    <p class='ocr_par' dir='ltr' id='par_1_39' title="bbox 152 2196 1873 2274">
     <span class='ocr_line' id='line_1_40' title="bbox 152 2196 1873 2274; baseline 0 -17"><span class='ocrx_word' id='word_1_251' title='bbox 152 2196 267 2257; x_wconf 85' lang='lat' dir='ltr'><strong>Sed</strong></span> <span class='ocrx_word' id='word_1_252' title='bbox 332 2198 641 2268; x_wconf 88' lang='lat' dir='ltr'><strong>Pandoces,</strong></span> <span class='ocrx_word' id='word_1_253' title='bbox 679 2200 781 2274; x_wconf 91' lang='lat' dir='ltr'><strong>qui</strong></span> <span class='ocrx_word' id='word_1_254' title='bbox 832 2207 1066 2273; x_wconf 88' lang='lat' dir='ltr'><strong>repente</strong></span> <span class='ocrx_word' id='word_1_255' title='bbox 1114 2200 1250 2259; x_wconf 90' lang='lat' dir='ltr'><strong>huic</strong></span> <span class='ocrx_word' id='word_1_256' title='bbox 1301 2198 1621 2274; x_wconf 87' lang='lat' dir='ltr'><strong>spectaculo</strong></span> <span class='ocrx_word' id='word_1_257' title='bbox 1668 2215 1873 2273; x_wconf 91' lang='lat' dir='ltr'><strong>super-</strong></span> 
     </span>
    </p>
   </div>
   <div class='ocr_carea' id='block_1_40' title="bbox 151 2289 1874 2361">
    <p class='ocr_par' dir='ltr' id='par_1_40' title="bbox 151 2289 1874 2361">
     <span class='ocr_line' id='line_1_41' title="bbox 151 2289 1874 2361; baseline 0.001 -15"><span class='ocrx_word' id='word_1_258' title='bbox 151 2296 456 2361; x_wconf 82' lang='lat' dir='ltr'><strong>venerant,</strong></span> <span class='ocrx_word' id='word_1_259' title='bbox 490 2289 826 2348; x_wconf 89' lang='lat' dir='ltr'><strong>miserantes</strong></span> <span class='ocrx_word' id='word_1_260' title='bbox 856 2289 1154 2349; x_wconf 88' lang='lat' dir='ltr'><strong>infelicem</strong></span> <span class='ocrx_word' id='word_1_261' title='bbox 1194 2291 1379 2349; x_wconf 90' lang='lat' dir='ltr'><strong>leonis</strong></span> <span class='ocrx_word' id='word_1_262' title='bbox 1409 2290 1616 2361; x_wconf 88' lang='lat' dir='ltr'><strong>vicem,</strong></span> <span class='ocrx_word' id='word_1_263' title='bbox 1648 2291 1874 2349; x_wconf 89' lang='lat' dir='ltr'><strong>auden-</strong></span> 
     </span>
    </p>
   </div>
   <div class='ocr_carea' id='block_1_41' title="bbox 154 2380 1874 2455">
    <p class='ocr_par' dir='ltr' id='par_1_41' title="bbox 154 2380 1874 2455">
     <span class='ocr_line' id='line_1_42' title="bbox 154 2380 1874 2455; baseline 0.002 -18"><span class='ocrx_word' id='word_1_264' title='bbox 154 2387 243 2438; x_wconf 86' lang='lat' dir='ltr'><strong>ter</strong></span> <span class='ocrx_word' id='word_1_265' title='bbox 276 2395 439 2438; x_wconf 91' lang='lat' dir='ltr'><strong>arma</strong></span> <span class='ocrx_word' id='word_1_266' title='bbox 476 2380 819 2454; x_wconf 88' lang='lat' dir='ltr'><strong>corripiunt,</strong></span> <span class='ocrx_word' id='word_1_267' title='bbox 851 2381 1161 2441; x_wconf 86' lang='lat' dir='ltr'><strong>draconem</strong></span> <span class='ocrx_word' id='word_1_268' title='bbox 1197 2381 1514 2455; x_wconf 91' lang='lat' dir='ltr'><strong>perimunt,</strong></span> <span class='ocrx_word' id='word_1_269' title='bbox 1548 2382 1775 2441; x_wconf 89' lang='lat' dir='ltr'><strong>leonem</strong></span> <span class='ocrx_word' id='word_1_270' title='bbox 1803 2381 1874 2440; x_wconf 91' lang='lat' dir='ltr'><strong>de</strong></span> 
     </span>
    </p>
   </div>
   <div class='ocr_carea' id='block_1_42' title="bbox 159 2468 1868 2545">
    <p class='ocr_par' dir='ltr' id='par_1_42' title="bbox 159 2468 1868 2545">
     <span class='ocr_line' id='line_1_43' title="bbox 159 2468 1868 2545; baseline 0.002 -18"><span class='ocrx_word' id='word_1_271' title='bbox 159 2468 429 2528; x_wconf 80' lang='lat' dir='ltr'><strong>faucibus</strong></span> <span class='ocrx_word' id='word_1_272' title='bbox 475 2471 680 2529; x_wconf 89' lang='lat' dir='ltr'><strong>mortis</strong></span> <span class='ocrx_word' id='word_1_273' title='bbox 723 2478 986 2545; x_wconf 91' lang='lat' dir='ltr'><strong>ereptum</strong></span> <span class='ocrx_word' id='word_1_274' title='bbox 1026 2470 1186 2529; x_wconf 91' lang='lat' dir='ltr'><strong>abire</strong></span> <span class='ocrx_word' id='word_1_275' title='bbox 1218 2472 1575 2545; x_wconf 91' lang='lat' dir='ltr'><strong>permittunt.</strong></span> <span class='ocrx_word' id='word_1_276' title='bbox 1609 2471 1720 2531; x_wconf 88' lang='lat' dir='ltr'><strong>Sed</strong></span> <span class='ocrx_word' id='word_1_277' title='bbox 1761 2472 1868 2545; x_wconf 89' lang='lat' dir='ltr'><strong>leo,</strong></span> 
     </span>
    </p>
   </div>
   <div class='ocr_carea' id='block_1_43' title="bbox 156 2558 1869 2633">
    <p class='ocr_par' dir='ltr' id='par_1_43' title="bbox 156 2558 1869 2633">
     <span class='ocr_line' id='line_1_44' title="bbox 156 2558 1869 2633; baseline 0.002 -17"><span class='ocrx_word' id='word_1_278' title='bbox 156 2566 223 2616; x_wconf 87' lang='lat' dir='ltr'><strong>ut</strong></span> <span class='ocrx_word' id='word_1_279' title='bbox 250 2559 335 2616; x_wconf 88' lang='lat' dir='ltr'><strong>ita</strong></span> <span class='ocrx_word' id='word_1_280' title='bbox 357 2560 477 2631; x_wconf 86' lang='lat' dir='ltr'><strong>jam</strong></span> <span class='ocrx_word' id='word_1_281' title='bbox 506 2558 695 2617; x_wconf 91' lang='lat' dir='ltr'><strong>dicam</strong></span> <span class='ocrx_word' id='word_1_282' title='bbox 717 2559 1118 2619; x_wconf 89' lang='lat' dir='ltr'><strong>nobilissimus</strong></span> <span class='ocrx_word' id='word_1_283' title='bbox 1141 2560 1458 2619; x_wconf 88' lang='lat' dir='ltr'><strong>bestiarum</strong></span> <span class='ocrx_word' id='word_1_284' title='bbox 1486 2564 1660 2632; x_wconf 79' lang='lat' dir='ltr'><strong>(Prov.</strong></span> <span class='ocrx_word' id='word_1_285' title='bbox 1694 2564 1869 2633; x_wconf 82' lang='lat' dir='ltr'><strong>xxx),</strong></span> 
     </span>
    </p>
   </div>
   <div class='ocr_carea' id='block_1_44' title="bbox 151 2648 1875 2726">
    <p class='ocr_par' dir='ltr' id='par_1_44' title="bbox 151 2648 1875 2726">
     <span class='ocr_line' id='line_1_45' title="bbox 151 2648 1875 2726; baseline 0.003 -20"><span class='ocrx_word' id='word_1_286' title='bbox 151 2655 359 2721; x_wconf 81' lang='lat' dir='ltr'><strong>gratus</strong></span> <span class='ocrx_word' id='word_1_287' title='bbox 408 2648 549 2706; x_wconf 63' lang='lat' dir='ltr'><strong>vitae</strong></span> <span class='ocrx_word' id='word_1_288' title='bbox 601 2663 726 2708; x_wconf 65' lang='lat' dir='ltr'><strong>suae</strong></span> <span class='ocrx_word' id='word_1_289' title='bbox 769 2650 1103 2708; x_wconf 90' lang='lat' dir='ltr'><strong>auctoribus</strong></span> <span class='ocrx_word' id='word_1_290' title='bbox 1145 2651 1381 2723; x_wconf 78' lang='lat' dir='ltr'><strong>exstitit,</strong></span> <span class='ocrx_word' id='word_1_291' title='bbox 1412 2656 1466 2710; x_wconf 90' lang='lat' dir='ltr'><strong>et</strong></span> <span class='ocrx_word' id='word_1_292' title='bbox 1510 2667 1609 2725; x_wconf 90' lang='lat' dir='ltr'><strong>per</strong></span> <span class='ocrx_word' id='word_1_293' title='bbox 1648 2652 1875 2726; x_wconf 90' lang='lat' dir='ltr'><strong>aliquos</strong></span> 
     </span>
    </p>
   </div>
   <div class='ocr_carea' id='block_1_45' title="bbox 154 2736 1874 2814">
    <p class='ocr_par' dir='ltr' id='par_1_45' title="bbox 154 2736 1874 2814">
     <span class='ocr_line' id='line_1_46' title="bbox 154 2736 1874 2814; baseline 0.003 -20"><span class='ocrx_word' id='word_1_294' title='bbox 154 2736 305 2806; x_wconf 90' lang='lat' dir='ltr'><strong>dies,</strong></span> <span class='ocrx_word' id='word_1_295' title='bbox 336 2736 551 2811; x_wconf 86' lang='lat' dir='ltr'><strong>quibus</strong></span> <span class='ocrx_word' id='word_1_296' title='bbox 589 2737 711 2797; x_wconf 90' lang='lat' dir='ltr'><strong>illic</strong></span> <span class='ocrx_word' id='word_1_297' title='bbox 745 2739 1016 2797; x_wconf 89' lang='lat' dir='ltr'><strong>remorati</strong></span> <span class='ocrx_word' id='word_1_298' title='bbox 1053 2745 1208 2809; x_wconf 91' lang='lat' dir='ltr'><strong>sunt,</strong></span> <span class='ocrx_word' id='word_1_299' title='bbox 1242 2755 1420 2798; x_wconf 90' lang='lat' dir='ltr'><strong>unam</strong></span> <span class='ocrx_word' id='word_1_300' title='bbox 1461 2739 1581 2798; x_wconf 90' lang='lat' dir='ltr'><strong>illic</strong></span> <span class='ocrx_word' id='word_1_301' title='bbox 1616 2742 1874 2814; x_wconf 90' lang='lat' dir='ltr'><strong>quotidie</strong></span> 
     </span>
    </p>
   </div>
   <div class='ocr_carea' id='block_1_46' title="bbox 150 2824 1874 2902">
    <p class='ocr_par' dir='ltr' id='par_1_46' title="bbox 150 2824 1874 2902">
     <span class='ocr_line' id='line_1_47' title="bbox 150 2824 1874 2902; baseline 0.003 -21"><span class='ocrx_word' id='word_1_302' title='bbox 150 2824 370 2898; x_wconf 87' lang='lat' dir='ltr'><strong>pellem</strong></span> <span class='ocrx_word' id='word_1_303' title='bbox 406 2827 556 2900; x_wconf 85' lang='lat' dir='ltr'><strong>capti</strong></span> <span class='ocrx_word' id='word_1_304' title='bbox 600 2842 635 2884; x_wconf 92' lang='lat' dir='ltr'><strong>a</strong></span> <span class='ocrx_word' id='word_1_305' title='bbox 682 2843 743 2885; x_wconf 87' lang='lat' dir='ltr'><strong>se</strong></span> <span class='ocrx_word' id='word_1_306' title='bbox 784 2825 1056 2886; x_wconf 89' lang='lat' dir='ltr'><strong>animalis</strong></span> <span class='ocrx_word' id='word_1_307' title='bbox 1098 2828 1351 2886; x_wconf 88' lang='lat' dir='ltr'><strong>advexit.</strong></span> <span class='ocrx_word' id='word_1_308' title='bbox 1386 2828 1535 2897; x_wconf 90' lang='lat' dir='ltr'><strong>Quid</strong></span> <span class='ocrx_word' id='word_1_309' title='bbox 1579 2843 1715 2902; x_wconf 90' lang='lat' dir='ltr'><strong>ergo</strong></span> <span class='ocrx_word' id='word_1_310' title='bbox 1760 2830 1874 2887; x_wconf 85' lang='lat' dir='ltr'><strong>mi-</strong></span> 
     </span>
    </p>
   </div>
   <div class='ocr_carea' id='block_1_47' title="bbox 150 2918 1871 2993">
    <p class='ocr_par' dir='ltr' id='par_1_47' title="bbox 150 2918 1871 2993">
     <span class='ocr_line' id='line_1_48' title="bbox 150 2918 1871 2993; baseline 0.001 -17"><span class='ocrx_word' id='word_1_311' title='bbox 150 2933 313 2986; x_wconf 90' lang='lat' dir='ltr'><strong>rum,</strong></span> <span class='ocrx_word' id='word_1_312' title='bbox 343 2918 391 2976; x_wconf 87' lang='lat' dir='ltr'><strong>si</strong></span> <span class='ocrx_word' id='word_1_313' title='bbox 434 2919 618 2975; x_wconf 85' lang='lat' dir='ltr'><strong>sancti</strong></span> <span class='ocrx_word' id='word_1_314' title='bbox 662 2918 949 2989; x_wconf 90' lang='lat' dir='ltr'><strong>homines,</strong></span> <span class='ocrx_word' id='word_1_315' title='bbox 1004 2925 1061 2977; x_wconf 90' lang='lat' dir='ltr'><strong>et</strong></span> <span class='ocrx_word' id='word_1_316' title='bbox 1100 2918 1317 2978; x_wconf 90' lang='lat' dir='ltr'><strong>divinis</strong></span> <span class='ocrx_word' id='word_1_317' title='bbox 1366 2918 1593 2993; x_wconf 84' lang='lat' dir='ltr'><strong>legibus</strong></span> <span class='ocrx_word' id='word_1_318' title='bbox 1637 2920 1871 2992; x_wconf 90' lang='lat' dir='ltr'><strong>eruditi,</strong></span> 
     </span>
    </p>
   </div>
   <div class='ocr_carea' id='block_1_48' title="bbox 147 3003 1868 3082">
    <p class='ocr_par' dir='ltr' id='par_1_48' title="bbox 147 3003 1868 3082">
     <span class='ocr_line' id='line_1_49' title="bbox 147 3003 1868 3082; baseline 0.002 -20"><span class='ocrx_word' id='word_1_319' title='bbox 147 3012 421 3079; x_wconf 85' lang='lat' dir='ltr'><strong>percepto</strong></span> <span class='ocrx_word' id='word_1_320' title='bbox 469 3005 766 3064; x_wconf 87' lang='lat' dir='ltr'><strong>charitatis</strong></span> <span class='ocrx_word' id='word_1_321' title='bbox 815 3003 1004 3064; x_wconf 76' lang='lat' dir='ltr'><strong>ofﬁcio</strong></span> <span class='ocrx_word' id='word_1_322' title='bbox 1059 3012 1219 3079; x_wconf 88' lang='lat' dir='ltr'><strong>grata</strong></span> <span class='ocrx_word' id='word_1_323' title='bbox 1272 3006 1398 3064; x_wconf 89' lang='lat' dir='ltr'><strong>vice</strong></span> <span class='ocrx_word' id='word_1_324' title='bbox 1450 3009 1868 3082; x_wconf 86' lang='lat' dir='ltr'><strong>respondeant;</strong></span> 
     </span>
    </p>
   </div>
   <div class='ocr_carea' id='block_1_49' title="bbox 1960 1845 3666 1925">
    <p class='ocr_par' dir='ltr' id='par_1_49' title="bbox 1960 1845 3666 1925">
     <span class='ocr_line' id='line_1_50' title="bbox 1960 1845 3666 1925; baseline -0.004 -16"><span class='ocrx_word' id='word_1_325' title='bbox 1960 1850 2278 1925; x_wconf 71' lang='lat' dir='ltr'><strong>Pomposize</strong></span> <span class='ocrx_word' id='word_1_326' title='bbox 2327 1847 2739 1908; x_wconf 90' lang='lat' dir='ltr'><strong>monasterium</strong></span> <span class='ocrx_word' id='word_1_327' title='bbox 2787 1845 3000 1905; x_wconf 90' lang='lat' dir='ltr'><strong>amoris</strong></span> <span class='ocrx_word' id='word_1_328' title='bbox 3047 1845 3270 1903; x_wconf 83' lang='lat' dir='ltr'><strong>facibus</strong></span> <span class='ocrx_word' id='word_1_329' title='bbox 3329 1845 3666 1918; x_wconf 89' lang='lat' dir='ltr'><strong>inardescat,</strong></span> 
     </span>
    </p>
   </div>
   <div class='ocr_carea' id='block_1_50' title="bbox 1955 1933 3667 2010">
    <p class='ocr_par' dir='ltr' id='par_1_50' title="bbox 1955 1933 3667 2010">
     <span class='ocr_line' id='line_1_51' title="bbox 1955 1933 3667 2010; baseline -0.004 -13"><span class='ocrx_word' id='word_1_330' title='bbox 1955 1940 2090 1999; x_wconf 91' lang='lat' dir='ltr'><strong>nolo</strong></span> <span class='ocrx_word' id='word_1_331' title='bbox 2140 1939 2417 2010; x_wconf 90' lang='lat' dir='ltr'><strong>scribere,</strong></span> <span class='ocrx_word' id='word_1_332' title='bbox 2459 1953 2529 1995; x_wconf 91' lang='lat' dir='ltr'><strong>ne</strong></span> <span class='ocrx_word' id='word_1_333' title='bbox 2567 1937 2804 1995; x_wconf 90' lang='lat' dir='ltr'><strong>fortasse</strong></span> <span class='ocrx_word' id='word_1_334' title='bbox 2856 1934 3048 1991; x_wconf 89' lang='lat' dir='ltr'><strong>videar</strong></span> <span class='ocrx_word' id='word_1_335' title='bbox 3093 1933 3525 1993; x_wconf 89' lang='lat' dir='ltr'><strong>adulationibus</strong></span> <span class='ocrx_word' id='word_1_336' title='bbox 3564 1934 3667 1991; x_wconf 84' lang='lat' dir='ltr'><strong>de-</strong></span> 
     </span>
    </p>
   </div>
   <div class='ocr_carea' id='block_1_51' title="bbox 1955 2021 3665 2100">
    <p class='ocr_par' dir='ltr' id='par_1_51' title="bbox 1955 2021 3665 2100">
     <span class='ocr_line' id='line_1_52' title="bbox 1955 2021 3665 2100; baseline -0.003 -14"><span class='ocrx_word' id='word_1_337' title='bbox 1955 2029 2193 2086; x_wconf 91' lang='lat' dir='ltr'><strong>servire.</strong></span> <span class='ocrx_word' id='word_1_338' title='bbox 2255 2027 2435 2100; x_wconf 87' lang='lat' dir='ltr'><strong>Cujus</strong></span> <span class='ocrx_word' id='word_1_339' title='bbox 2486 2024 2568 2083; x_wconf 89' lang='lat' dir='ltr'><strong>rei</strong></span> <span class='ocrx_word' id='word_1_340' title='bbox 2620 2025 2777 2082; x_wconf 89' lang='lat' dir='ltr'><strong>testis</strong></span> <span class='ocrx_word' id='word_1_341' title='bbox 2824 2027 2908 2082; x_wconf 87' lang='lat' dir='ltr'><strong>est</strong></span> <span class='ocrx_word' id='word_1_342' title='bbox 2953 2021 3074 2095; x_wconf 86' lang='lat' dir='ltr'><strong>ipsa</strong></span> <span class='ocrx_word' id='word_1_343' title='bbox 3125 2021 3665 2081; x_wconf 54' lang='lat' dir='ltr'><strong>Conscientiadllis</strong></span> 
     </span>
    </p>
   </div>
   <div class='ocr_carea' id='block_1_52' title="bbox 1954 2111 3666 2189">
    <p class='ocr_par' dir='ltr' id='par_1_52' title="bbox 1954 2111 3666 2189">
     <span class='ocr_line' id='line_1_53' title="bbox 1954 2111 3666 2189; baseline -0.004 -14"><span class='ocrx_word' id='word_1_344' title='bbox 1954 2117 2126 2175; x_wconf 89' lang='lat' dir='ltr'><strong>etiam</strong></span> <span class='ocrx_word' id='word_1_345' title='bbox 2160 2132 2277 2175; x_wconf 91' lang='lat' dir='ltr'><strong>non</strong></span> <span class='ocrx_word' id='word_1_346' title='bbox 2307 2122 2393 2174; x_wconf 89' lang='lat' dir='ltr'><strong>est</strong></span> <span class='ocrx_word' id='word_1_347' title='bbox 2421 2126 2653 2189; x_wconf 84' lang='lat' dir='ltr'><strong>prorsus</strong></span> <span class='ocrx_word' id='word_1_348' title='bbox 2692 2111 3001 2181; x_wconf 90' lang='lat' dir='ltr'><strong>occultum,</strong></span> <span class='ocrx_word' id='word_1_349' title='bbox 3032 2111 3135 2185; x_wconf 88' lang='lat' dir='ltr'><strong>qui</strong></span> <span class='ocrx_word' id='word_1_350' title='bbox 3166 2126 3396 2169; x_wconf 90' lang='lat' dir='ltr'><strong>mecum</strong></span> <span class='ocrx_word' id='word_1_351' title='bbox 3428 2116 3666 2185; x_wconf 88' lang='lat' dir='ltr'><strong>possunt</strong></span> 
     </span>
    </p>
   </div>
   <div class='ocr_carea' id='block_1_53' title="bbox 1958 2200 3660 2281">
    <p class='ocr_par' dir='ltr' id='par_1_53' title="bbox 1958 2200 3660 2281">
     <span class='ocr_line' id='line_1_54' title="bbox 1958 2200 3660 2281; baseline -0.002 -18"><span class='ocrx_word' id='word_1_352' title='bbox 1958 2208 2289 2281; x_wconf 89' lang='lat' dir='ltr'><strong>frequenter</strong></span> <span class='ocrx_word' id='word_1_353' title='bbox 2336 2205 2547 2263; x_wconf 89' lang='lat' dir='ltr'><strong>habere</strong></span> <span class='ocrx_word' id='word_1_354' title='bbox 2594 2202 2971 2274; x_wconf 89' lang='lat' dir='ltr'><strong>colloquium.</strong></span> <span class='ocrx_word' id='word_1_355' title='bbox 3024 2200 3138 2258; x_wconf 89' lang='lat' dir='ltr'><strong>Vos</strong></span> <span class='ocrx_word' id='word_1_356' title='bbox 3182 2202 3376 2270; x_wconf 88' lang='lat' dir='ltr'><strong>etiam,</strong></span> <span class='ocrx_word' id='word_1_357' title='bbox 3406 2200 3660 2259; x_wconf 89' lang='lat' dir='ltr'><strong>dilectis-</strong></span> 
     </span>
    </p>
   </div>
   <div class='ocr_carea' id='block_1_54' title="bbox 1956 2288 3665 2367">
    <p class='ocr_par' dir='ltr' id='par_1_54' title="bbox 1956 2288 3665 2367">
     <span class='ocr_line' id='line_1_55' title="bbox 1956 2288 3665 2367; baseline -0.005 -11"><span class='ocrx_word' id='word_1_358' title='bbox 1956 2296 2111 2367; x_wconf 92' lang='lat' dir='ltr'><strong>simi,</strong></span> <span class='ocrx_word' id='word_1_359' title='bbox 2152 2296 2283 2354; x_wconf 90' lang='lat' dir='ltr'><strong>licet</strong></span> <span class='ocrx_word' id='word_1_360' title='bbox 2322 2292 2575 2367; x_wconf 91' lang='lat' dir='ltr'><strong>corporis</strong></span> <span class='ocrx_word' id='word_1_361' title='bbox 2621 2290 2973 2348; x_wconf 85' lang='lat' dir='ltr'><strong>habitatione</strong></span> <span class='ocrx_word' id='word_1_362' title='bbox 3014 2296 3318 2360; x_wconf 90' lang='lat' dir='ltr'><strong>semotum,</strong></span> <span class='ocrx_word' id='word_1_363' title='bbox 3356 2288 3532 2349; x_wconf 89' lang='lat' dir='ltr'><strong>nolite</strong></span> <span class='ocrx_word' id='word_1_364' title='bbox 3573 2303 3665 2347; x_wconf 89' lang='lat' dir='ltr'><strong>me</strong></span> 
     </span>
    </p>
   </div>
   <div class='ocr_carea' id='block_1_55' title="bbox 1954 2377 3664 2444">
    <p class='ocr_par' dir='ltr' id='par_1_55' title="bbox 1954 2377 3664 2444">
     <span class='ocr_line' id='line_1_56' title="bbox 1954 2377 3664 2444; baseline -0.005 0"><span class='ocrx_word' id='word_1_365' title='bbox 1954 2393 2299 2444; x_wconf 77' lang='lat' dir='ltr'><strong>extraneum</strong></span> <span class='ocrx_word' id='word_1_366' title='bbox 2325 2398 2448 2441; x_wconf 90' lang='lat' dir='ltr'><strong>esse</strong></span> <span class='ocrx_word' id='word_1_367' title='bbox 2474 2383 2780 2440; x_wconf 89' lang='lat' dir='ltr'><strong>decernere</strong></span> <span class='ocrx_word' id='word_1_368' title='bbox 2818 2402 2830 2436; x_wconf 91' lang='lat'>:</span> <span class='ocrx_word' id='word_1_369' title='bbox 2871 2377 3047 2437; x_wconf 89' lang='lat' dir='ltr'><strong>nolite</strong></span> <span class='ocrx_word' id='word_1_370' title='bbox 3076 2394 3169 2436; x_wconf 91' lang='lat' dir='ltr'><strong>me</strong></span> <span class='ocrx_word' id='word_1_371' title='bbox 3201 2378 3375 2436; x_wconf 91' lang='lat' dir='ltr'><strong>etiam</strong></span> <span class='ocrx_word' id='word_1_372' title='bbox 3404 2379 3664 2436; x_wconf 86' lang='lat' dir='ltr'><strong>amicum</strong></span> 
     </span>
    </p>
   </div>
   <div class='ocr_carea' id='block_1_56' title="bbox 1956 2469 3664 2549">
    <p class='ocr_par' dir='ltr' id='par_1_56' title="bbox 1956 2469 3664 2549">
     <span class='ocr_line' id='line_1_57' title="bbox 1956 2469 3664 2549; baseline -0.005 -14"><span class='ocrx_word' id='word_1_373' title='bbox 1956 2475 2293 2549; x_wconf 90' lang='lat' dir='ltr'><strong>quemlibet,</strong></span> <span class='ocrx_word' id='word_1_374' title='bbox 2339 2471 2427 2531; x_wconf 88' lang='lat' dir='ltr'><strong>vel</strong></span> <span class='ocrx_word' id='word_1_375' title='bbox 2469 2472 2936 2547; x_wconf 87' lang='lat' dir='ltr'><strong>qualemcunque</strong></span> <span class='ocrx_word' id='word_1_376' title='bbox 2974 2469 3195 2528; x_wconf 88' lang='lat' dir='ltr'><strong>socium</strong></span> <span class='ocrx_word' id='word_1_377' title='bbox 3236 2469 3531 2542; x_wconf 91' lang='lat' dir='ltr'><strong>deputare,</strong></span> <span class='ocrx_word' id='word_1_378' title='bbox 3566 2469 3664 2527; x_wconf 88' lang='lat' dir='ltr'><strong>sed</strong></span> 
     </span>
    </p>
   </div>
   <div class='ocr_carea' id='block_1_57' title="bbox 1955 2558 3664 2637">
    <p class='ocr_par' dir='ltr' id='par_1_57' title="bbox 1955 2558 3664 2637">
     <span class='ocr_line' id='line_1_58' title="bbox 1955 2558 3664 2637; baseline -0.004 -13"><span class='ocrx_word' id='word_1_379' title='bbox 1955 2572 2012 2624; x_wconf 89' lang='lat' dir='ltr'><strong>et</strong></span> <span class='ocrx_word' id='word_1_380' title='bbox 2058 2582 2182 2637; x_wconf 91' lang='lat' dir='ltr'><strong>nos,</strong></span> <span class='ocrx_word' id='word_1_381' title='bbox 2224 2572 2278 2624; x_wconf 88' lang='lat' dir='ltr'><strong>et</strong></span> <span class='ocrx_word' id='word_1_382' title='bbox 2322 2571 2503 2623; x_wconf 87' lang='lat' dir='ltr'><strong>totum</strong></span> <span class='ocrx_word' id='word_1_383' title='bbox 2548 2570 2813 2622; x_wconf 89' lang='lat' dir='ltr'><strong>nostrum</strong></span> <span class='ocrx_word' id='word_1_384' title='bbox 2850 2566 3200 2618; x_wconf 85' lang='lat' dir='ltr'><strong>conventum</strong></span> <span class='ocrx_word' id='word_1_385' title='bbox 3236 2558 3404 2634; x_wconf 90' lang='lat' dir='ltr'><strong>quasi</strong></span> <span class='ocrx_word' id='word_1_386' title='bbox 3449 2559 3664 2634; x_wconf 89' lang='lat' dir='ltr'><strong>proprii</strong></span> 
     </span>
    </p>
   </div>
   <div class='ocr_carea' id='block_1_58' title="bbox 1956 2646 3660 2728">
    <p class='ocr_par' dir='ltr' id='par_1_58' title="bbox 1956 2646 3660 2728">
     <span class='ocr_line' id='line_1_59' title="bbox 1956 2646 3660 2728; baseline -0.004 -16"><span class='ocrx_word' id='word_1_387' title='bbox 1956 2654 2131 2713; x_wconf 88' lang='lat' dir='ltr'><strong>vestri</strong></span> <span class='ocrx_word' id='word_1_388' title='bbox 2176 2652 2326 2728; x_wconf 90' lang='lat' dir='ltr'><strong>juris</strong></span> <span class='ocrx_word' id='word_1_389' title='bbox 2384 2649 2803 2724; x_wconf 90' lang='lat' dir='ltr'><strong>possessionem</strong></span> <span class='ocrx_word' id='word_1_390' title='bbox 2860 2662 2983 2705; x_wconf 91' lang='lat' dir='ltr'><strong>esse</strong></span> <span class='ocrx_word' id='word_1_391' title='bbox 3034 2646 3429 2706; x_wconf 89' lang='lat' dir='ltr'><strong>indubitanter</strong></span> <span class='ocrx_word' id='word_1_392' title='bbox 3481 2661 3660 2721; x_wconf 89' lang='lat' dir='ltr'><strong>agno-</strong></span> 
     </span>
    </p>
   </div>
   <div class='ocr_carea' id='block_1_59' title="bbox 1954 2734 3665 2815">
    <p class='ocr_par' dir='ltr' id='par_1_59' title="bbox 1954 2734 3665 2815">
     <span class='ocr_line' id='line_1_60' title="bbox 1954 2734 3665 2815; baseline -0.004 -14"><span class='ocrx_word' id='word_1_393' title='bbox 1954 2743 2112 2813; x_wconf 86' lang='lat' dir='ltr'><strong>scite,</strong></span> <span class='ocrx_word' id='word_1_394' title='bbox 2146 2748 2200 2800; x_wconf 92' lang='lat' dir='ltr'><strong>et</strong></span> <span class='ocrx_word' id='word_1_395' title='bbox 2256 2738 2539 2815; x_wconf 91' lang='lat' dir='ltr'><strong>quidquid</strong></span> <span class='ocrx_word' id='word_1_396' title='bbox 2591 2737 2756 2797; x_wconf 89' lang='lat' dir='ltr'><strong>vobis</strong></span> <span class='ocrx_word' id='word_1_397' title='bbox 2801 2734 3097 2810; x_wconf 91' lang='lat' dir='ltr'><strong>placuerit,</strong></span> <span class='ocrx_word' id='word_1_398' title='bbox 3139 2741 3414 2808; x_wconf 88' lang='lat' dir='ltr'><strong>tanquam</strong></span> <span class='ocrx_word' id='word_1_399' title='bbox 3460 2736 3665 2795; x_wconf 87' lang='lat' dir='ltr'><strong>vestris</strong></span> 
     </span>
    </p>
   </div>
   <div class='ocr_carea' id='block_1_60' title="bbox 1956 2823 3668 2905">
    <p class='ocr_par' dir='ltr' id='par_1_60' title="bbox 1956 2823 3668 2905">
     <span class='ocr_line' id='line_1_61' title="bbox 1956 2823 3668 2905; baseline -0.004 -15"><span class='ocrx_word' id='word_1_400' title='bbox 1956 2832 2228 2905; x_wconf 90' lang='lat' dir='ltr'><strong>subjectis</strong></span> <span class='ocrx_word' id='word_1_401' title='bbox 2276 2836 2450 2905; x_wconf 83' lang='lat' dir='ltr'><strong>atque</strong></span> <span class='ocrx_word' id='word_1_402' title='bbox 2492 2825 2840 2895; x_wconf 86' lang='lat' dir='ltr'><strong>domesticis,</strong></span> <span class='ocrx_word' id='word_1_403' title='bbox 2872 2825 3090 2899; x_wconf 90' lang='lat' dir='ltr'><strong>absque</strong></span> <span class='ocrx_word' id='word_1_404' title='bbox 3135 2823 3255 2882; x_wconf 87' lang='lat' dir='ltr'><strong>ulla</strong></span> <span class='ocrx_word' id='word_1_405' title='bbox 3302 2825 3668 2884; x_wconf 90' lang='lat' dir='ltr'><strong>cunctatione</strong></span> 
     </span>
    </p>
   </div>
   <div class='ocr_carea' id='block_1_61' title="bbox 1949 2913 3664 2993">
    <p class='ocr_par' dir='ltr' id='par_1_61' title="bbox 1949 2913 3664 2993">
     <span class='ocr_line' id='line_1_62' title="bbox 1949 2913 3664 2993; baseline -0.003 -14"><span class='ocrx_word' id='word_1_406' title='bbox 1949 2921 2165 2993; x_wconf 74' lang='lat' dir='ltr'><strong>iubete.</strong></span> <span class='ocrx_word' id='word_1_407' title='bbox 2217 2917 2376 2978; x_wconf 90' lang='lat' dir='ltr'><strong>Unde</strong></span> <span class='ocrx_word' id='word_1_408' title='bbox 2427 2934 2551 2987; x_wconf 88' lang='lat' dir='ltr'><strong>vos,</strong></span> <span class='ocrx_word' id='word_1_409' title='bbox 2585 2914 2967 2985; x_wconf 91' lang='lat' dir='ltr'><strong>dilectissimi,</strong></span> <span class='ocrx_word' id='word_1_410' title='bbox 2995 2913 3443 2987; x_wconf 80' lang='lat' dir='ltr'><strong>lacrymabiliter</strong></span> <span class='ocrx_word' id='word_1_411' title='bbox 3497 2914 3664 2974; x_wconf 89' lang='lat' dir='ltr'><strong>obse-</strong></span> 
     </span>
    </p>
   </div>
   <div class='ocr_carea' id='block_1_62' title="bbox 1954 3004 3667 3080">
    <p class='ocr_par' dir='ltr' id='par_1_62' title="bbox 1954 3004 3667 3080">
     <span class='ocr_line' id='line_1_63' title="bbox 1954 3004 3667 3080; baseline -0.002 -13"><span class='ocrx_word' id='word_1_412' title='bbox 1954 3026 2049 3069; x_wconf 91' lang='lat' dir='ltr'><strong>cro</strong></span> <span class='ocrx_word' id='word_1_413' title='bbox 2075 3056 2090 3080; x_wconf 90' lang='lat'><strong>,</strong></span> <span class='ocrx_word' id='word_1_414' title='bbox 2147 3016 2203 3067; x_wconf 92' lang='lat' dir='ltr'><strong>et</strong></span> <span class='ocrx_word' id='word_1_415' title='bbox 2253 3008 2324 3066; x_wconf 92' lang='lat' dir='ltr'><strong>ad</strong></span> <span class='ocrx_word' id='word_1_416' title='bbox 2378 3014 2573 3066; x_wconf 90' lang='lat' dir='ltr'><strong>sancta</strong></span> <span class='ocrx_word' id='word_1_417' title='bbox 2644 3004 2883 3077; x_wconf 89' lang='lat' dir='ltr'><strong>vestigia</strong></span> <span class='ocrx_word' id='word_1_418' title='bbox 2954 3011 3141 3062; x_wconf 90' lang='lat' dir='ltr'><strong>vestra</strong></span> <span class='ocrx_word' id='word_1_419' title='bbox 3194 3018 3283 3062; x_wconf 92' lang='lat' dir='ltr'><strong>me</strong></span> <span class='ocrx_word' id='word_1_420' title='bbox 3352 3010 3667 3076; x_wconf 88' lang='lat' dir='ltr'><strong>prostratus</strong></span> 
     </span>
    </p>
   </div>
   <div class='ocr_carea' id='block_1_63' title="bbox 146 3092 3665 3193">
    <p class='ocr_par' dir='ltr' id='par_1_63' title="bbox 146 3092 3665 3193">
     <span class='ocr_line' id='line_1_64' title="bbox 146 3092 3665 3193; baseline -0 -41"><span class='ocrx_word' id='word_1_421' title='bbox 146 3109 291 3152; x_wconf 87' lang='lat' dir='ltr'><strong>cum</strong></span> <span class='ocrx_word' id='word_1_422' title='bbox 331 3094 586 3167; x_wconf 55' lang='lat' dir='ltr'><strong>idipsum</strong></span> <span class='ocrx_word' id='word_1_423' title='bbox 624 3102 680 3152; x_wconf 90' lang='lat' dir='ltr'><strong>et</strong></span> <span class='ocrx_word' id='word_1_424' title='bbox 714 3095 953 3153; x_wconf 90' lang='lat' dir='ltr'><strong>brutum</strong></span> <span class='ocrx_word' id='word_1_425' title='bbox 995 3092 1212 3152; x_wconf 89' lang='lat' dir='ltr'><strong>animal</strong></span> <span class='ocrx_word' id='word_1_426' title='bbox 1244 3095 1511 3155; x_wconf 88' lang='lat' dir='ltr'><strong>videatur</strong></span> <span class='ocrx_word' id='word_1_427' title='bbox 1548 3097 1817 3170; x_wconf 88' lang='lat' dir='ltr'><strong>implesse</strong></span> <span class='ocrx_word' id='word_1_428' title='bbox 1843 3097 1872 3157; x_wconf 72' lang='grc' dir='ltr'><strong><em>Ῥ</em></strong></span> <span class='ocrx_word' id='word_1_429' title='bbox 1892 3099 2218 3193; x_wconf 73' lang='lat' dir='ltr'><strong>Cadvolvo,</strong></span> <span class='ocrx_word' id='word_1_430' title='bbox 2249 3104 2313 3156; x_wconf 93' lang='lat' dir='ltr'><strong>ut</strong></span> <span class='ocrx_word' id='word_1_431' title='bbox 2350 3111 2451 3169; x_wconf 90' lang='lat' dir='ltr'><strong>pro</strong></span> <span class='ocrx_word' id='word_1_432' title='bbox 2483 3110 2581 3152; x_wconf 89' lang='lat' dir='ltr'><strong>me</strong></span> <span class='ocrx_word' id='word_1_433' title='bbox 2603 3108 2769 3151; x_wconf 92' lang='lat' dir='ltr'><strong>servo</strong></span> <span class='ocrx_word' id='word_1_434' title='bbox 2798 3096 2987 3150; x_wconf 86' lang='lat' dir='ltr'><strong>vestro</strong></span> <span class='ocrx_word' id='word_1_435' title='bbox 3017 3107 3241 3193; x_wconf 73' lang='lat' dir='ltr'><strong>semper</strong></span> <span class='ocrx_word' id='word_1_436' title='bbox 3269 3107 3432 3188; x_wconf 80' lang='lat' dir='ltr'><strong>orare</strong></span> <span class='ocrx_word' id='word_1_437' title='bbox 3461 3093 3665 3167; x_wconf 86' lang='lat' dir='ltr'><strong>digne-</strong></span> 
     </span>
    </p>
   </div>
   <div class='ocr_carea' id='block_1_64' title="bbox 149 3183 1867 3259">
    <p class='ocr_par' dir='ltr' id='par_1_64' title="bbox 149 3183 1867 3259">
     <span class='ocr_line' id='line_1_65' title="bbox 149 3183 1867 3259; baseline 0.003 -19"><span class='ocrx_word' id='word_1_438' title='bbox 149 3183 225 3240; x_wconf 82' lang='lat' dir='ltr'><strong>Et</strong></span> <span class='ocrx_word' id='word_1_439' title='bbox 253 3185 365 3242; x_wconf 88' lang='lat' dir='ltr'><strong>hoc</strong></span> <span class='ocrx_word' id='word_1_440' title='bbox 404 3184 666 3243; x_wconf 82' lang='lat' dir='ltr'><strong>fortassis</strong></span> <span class='ocrx_word' id='word_1_441' title='bbox 704 3187 1041 3258; x_wconf 81' lang='lat' dir='ltr'><strong>exemplum</strong></span> <span class='ocrx_word' id='word_1_442' title='bbox 1072 3187 1322 3259; x_wconf 89' lang='lat' dir='ltr'><strong>quadam</strong></span> <span class='ocrx_word' id='word_1_443' title='bbox 1358 3187 1521 3245; x_wconf 89' lang='lat' dir='ltr'><strong>vobis</strong></span> <span class='ocrx_word' id='word_1_444' title='bbox 1562 3188 1746 3246; x_wconf 88' lang='lat' dir='ltr'><strong>valeat</strong></span> <span class='ocrx_word' id='word_1_445' title='bbox 1776 3204 1867 3245; x_wconf 84' lang='lat' dir='ltr'><strong>ra-</strong></span> 
     </span>
    </p>
   </div>
   <div class='ocr_carea' id='block_1_65' title="bbox 149 3273 1868 3349">
    <p class='ocr_par' dir='ltr' id='par_1_65' title="bbox 149 3273 1868 3349">
     <span class='ocr_line' id='line_1_66' title="bbox 149 3273 1868 3349; baseline 0.003 -18"><span class='ocrx_word' id='word_1_446' title='bbox 149 3273 316 3333; x_wconf 85' lang='lat' dir='ltr'><strong>tione</strong></span> <span class='ocrx_word' id='word_1_447' title='bbox 344 3287 680 3348; x_wconf 87' lang='lat' dir='ltr'><strong>oongruere.</strong></span> <span class='ocrx_word' id='word_1_448' title='bbox 717 3273 830 3333; x_wconf 91' lang='lat' dir='ltr'><strong>Vos</strong></span> <span class='ocrx_word' id='word_1_449' title='bbox 866 3275 1025 3333; x_wconf 89' lang='lat' dir='ltr'><strong>enim</strong></span> <span class='ocrx_word' id='word_1_450' title='bbox 1058 3275 1144 3333; x_wconf 84' lang='lat' dir='ltr'><strong>leo</strong></span> <span class='ocrx_word' id='word_1_451' title='bbox 1174 3291 1288 3333; x_wconf 92' lang='lat' dir='ltr'><strong>non</strong></span> <span class='ocrx_word' id='word_1_452' title='bbox 1321 3277 1448 3334; x_wconf 89' lang='lat' dir='ltr'><strong>sine</strong></span> <span class='ocrx_word' id='word_1_453' title='bbox 1475 3292 1645 3335; x_wconf 90' lang='lat' dir='ltr'><strong>causa</strong></span> <span class='ocrx_word' id='word_1_454' title='bbox 1684 3277 1868 3349; x_wconf 89' lang='lat' dir='ltr'><strong>signi-</strong></span> 
     </span>
    </p>
   </div>
   <div class='ocr_carea' id='block_1_66' title="bbox 148 3360 1870 3440">
    <p class='ocr_par' dir='ltr' id='par_1_66' title="bbox 148 3360 1870 3440">
     <span class='ocr_line' id='line_1_67' title="bbox 148 3360 1870 3440; baseline 0.002 -19"><span class='ocrx_word' id='word_1_455' title='bbox 148 3360 309 3431; x_wconf 83' lang='lat' dir='ltr'><strong>ﬁcat,</strong></span> <span class='ocrx_word' id='word_1_456' title='bbox 339 3364 439 3437; x_wconf 89' lang='lat' dir='ltr'><strong>qui</strong></span> <span class='ocrx_word' id='word_1_457' title='bbox 467 3363 553 3421; x_wconf 91' lang='lat' dir='ltr'><strong>sic</strong></span> <span class='ocrx_word' id='word_1_458' title='bbox 585 3360 859 3421; x_wconf 87' lang='lat' dir='ltr'><strong>dormitis</strong></span> <span class='ocrx_word' id='word_1_459' title='bbox 880 3379 915 3420; x_wconf 90' lang='lat' dir='ltr'><strong>a</strong></span> <span class='ocrx_word' id='word_1_460' title='bbox 945 3364 1176 3435; x_wconf 69' lang='lat' dir='ltr'><strong>saeculo,</strong></span> <span class='ocrx_word' id='word_1_461' title='bbox 1211 3371 1274 3422; x_wconf 91' lang='lat' dir='ltr'><strong>ut</strong></span> <span class='ocrx_word' id='word_1_462' title='bbox 1303 3366 1611 3439; x_wconf 83' lang='lat' dir='ltr'><strong>pervigiles</strong></span> <span class='ocrx_word' id='word_1_463' title='bbox 1642 3382 1870 3440; x_wconf 89' lang='lat' dir='ltr'><strong>semper</strong></span> 
     </span>
    </p>
   </div>
   <div class='ocr_carea' id='block_1_67' title="bbox 150 3449 1863 3526">
    <p class='ocr_par' dir='ltr' id='par_1_67' title="bbox 150 3449 1863 3526">
     <span class='ocr_line' id='line_1_68' title="bbox 150 3449 1863 3526; baseline 0.003 -18"><span class='ocrx_word' id='word_1_464' title='bbox 150 3450 357 3508; x_wconf 86' lang='lat' dir='ltr'><strong>oculos</strong></span> <span class='ocrx_word' id='word_1_465' title='bbox 380 3451 643 3509; x_wconf 87' lang='lat' dir='ltr'><strong>habeatis</strong></span> <span class='ocrx_word' id='word_1_466' title='bbox 667 3450 731 3509; x_wconf 94' lang='lat' dir='ltr'><strong>in</strong></span> <span class='ocrx_word' id='word_1_467' title='bbox 757 3449 893 3521; x_wconf 90' lang='lat' dir='ltr'><strong>Deo,</strong></span> <span class='ocrx_word' id='word_1_468' title='bbox 925 3451 1073 3510; x_wconf 90' lang='lat' dir='ltr'><strong>illud</strong></span> <span class='ocrx_word' id='word_1_469' title='bbox 1111 3468 1248 3510; x_wconf 91' lang='lat' dir='ltr'><strong>cum</strong></span> <span class='ocrx_word' id='word_1_470' title='bbox 1282 3468 1489 3526; x_wconf 89' lang='lat' dir='ltr'><strong>sponsa</strong></span> <span class='ocrx_word' id='word_1_471' title='bbox 1526 3462 1821 3513; x_wconf 89' lang='lat' dir='ltr'><strong>cantantes</strong></span> <span class='ocrx_word' id='word_1_472' title='bbox 1849 3478 1863 3513; x_wconf 87' lang='lat'><strong>:</strong></span> 
     </span>
    </p>
   </div>
   <div class='ocr_carea' id='block_1_68' title="bbox 153 3541 1868 3618">
    <p class='ocr_par' dir='ltr' id='par_1_68' title="bbox 153 3541 1868 3618">
     <span class='ocr_line' id='line_1_69' title="bbox 153 3541 1868 3618; baseline 0.004 -20"><span class='ocrx_word' id='word_1_473' title='bbox 153 3568 185 3590; x_wconf 68' lang='grc' dir='ltr'>κ</span> <span class='ocrx_word' id='word_1_474' title='bbox 214 3541 336 3612; x_wconf 66' lang='lat' dir='ltr'><strong>Ego</strong></span> <span class='ocrx_word' id='word_1_475' title='bbox 369 3542 618 3613; x_wconf 89' lang='lat' dir='ltr'><strong>dormio,</strong></span> <span class='ocrx_word' id='word_1_476' title='bbox 647 3549 701 3600; x_wconf 89' lang='lat' dir='ltr'><strong>et</strong></span> <span class='ocrx_word' id='word_1_477' title='bbox 739 3558 834 3601; x_wconf 92' lang='lat' dir='ltr'><strong>cor</strong></span> <span class='ocrx_word' id='word_1_478' title='bbox 872 3558 1067 3602; x_wconf 90' lang='lat' dir='ltr'><strong>meum</strong></span> <span class='ocrx_word' id='word_1_479' title='bbox 1109 3543 1309 3616; x_wconf 83' lang='lat' dir='ltr'><strong>vigilat</strong></span> <span class='ocrx_word' id='word_1_480' title='bbox 1349 3548 1526 3615; x_wconf 83' lang='lat' dir='ltr'><strong>(Cant.</strong></span> <span class='ocrx_word' id='word_1_481' title='bbox 1563 3547 1643 3618; x_wconf 85' lang='lat' dir='ltr'><strong>v).</strong></span> <span class='ocrx_word' id='word_1_482' title='bbox 1685 3572 1710 3595; x_wconf 85' lang='grc'><strong>››</strong></span> <span class='ocrx_word' id='word_1_483' title='bbox 1755 3546 1868 3616; x_wconf 87' lang='lat' dir='ltr'><strong>Qui</strong></span> 
     </span>
    </p>
   </div>
   <div class='ocr_carea' id='block_1_69' title="bbox 148 3631 1869 3705">
    <p class='ocr_par' dir='ltr' id='par_1_69' title="bbox 148 3631 1869 3705">
     <span class='ocr_line' id='line_1_70' title="bbox 148 3631 1869 3705; baseline 0.002 -16"><span class='ocrx_word' id='word_1_484' title='bbox 148 3645 335 3704; x_wconf 81' lang='lat' dir='ltr'><strong>super</strong></span> <span class='ocrx_word' id='word_1_485' title='bbox 357 3631 616 3705; x_wconf 88' lang='lat' dir='ltr'><strong>aspidem</strong></span> <span class='ocrx_word' id='word_1_486' title='bbox 638 3638 692 3690; x_wconf 87' lang='lat' dir='ltr'><strong>et</strong></span> <span class='ocrx_word' id='word_1_487' title='bbox 715 3631 1051 3690; x_wconf 89' lang='lat' dir='ltr'><strong>basiliscum</strong></span> <span class='ocrx_word' id='word_1_488' title='bbox 1080 3632 1410 3702; x_wconf 88' lang='lat' dir='ltr'><strong>ambulatis,</strong></span> <span class='ocrx_word' id='word_1_489' title='bbox 1436 3639 1491 3690; x_wconf 92' lang='lat' dir='ltr'><strong>et</strong></span> <span class='ocrx_word' id='word_1_490' title='bbox 1522 3634 1869 3693; x_wconf 89' lang='lat' dir='ltr'><strong>conculcatis</strong></span> 
     </span>
    </p>
   </div>
   <div class='ocr_carea' id='block_1_70' title="bbox 146 3719 1868 3796">
    <p class='ocr_par' dir='ltr' id='par_1_70' title="bbox 146 3719 1868 3796">
     <span class='ocr_line' id='line_1_71' title="bbox 146 3719 1868 3796; baseline 0.004 -20"><span class='ocrx_word' id='word_1_491' title='bbox 146 3719 383 3777; x_wconf 90' lang='lat' dir='ltr'><strong>leonem</strong></span> <span class='ocrx_word' id='word_1_492' title='bbox 418 3728 475 3778; x_wconf 91' lang='lat' dir='ltr'><strong>et</strong></span> <span class='ocrx_word' id='word_1_493' title='bbox 523 3721 833 3780; x_wconf 88' lang='lat' dir='ltr'><strong>draconem</strong></span> <span class='ocrx_word' id='word_1_494' title='bbox 866 3724 1033 3789; x_wconf 83' lang='lat' dir='ltr'><strong>(Psal.</strong></span> <span class='ocrx_word' id='word_1_495' title='bbox 1078 3727 1179 3789; x_wconf 77' lang='lat' dir='ltr'><strong>xc)</strong></span> <span class='ocrx_word' id='word_1_496' title='bbox 1200 3740 1218 3793; x_wconf 83' lang='lat'><strong><em>;</em></strong></span> <span class='ocrx_word' id='word_1_497' title='bbox 1258 3721 1361 3795; x_wconf 92' lang='lat' dir='ltr'><strong>qui</strong></span> <span class='ocrx_word' id='word_1_498' title='bbox 1398 3722 1653 3796; x_wconf 88' lang='lat' dir='ltr'><strong>denique</strong></span> <span class='ocrx_word' id='word_1_499' title='bbox 1683 3728 1746 3781; x_wconf 89' lang='lat' dir='ltr'><strong>ut</strong></span> <span class='ocrx_word' id='word_1_500' title='bbox 1779 3724 1868 3783; x_wconf 90' lang='lat' dir='ltr'><strong>leo</strong></span> 
     </span>
    </p>
   </div>
   <div class='ocr_carea' id='block_1_71' title="bbox 148 3809 1864 3880">
    <p class='ocr_par' dir='ltr' id='par_1_71' title="bbox 148 3809 1864 3880">
     <span class='ocr_line' id='line_1_72' title="bbox 148 3809 1864 3880; baseline 0.002 -13"><span class='ocrx_word' id='word_1_501' title='bbox 148 3809 281 3867; x_wconf 89' lang='lat' dir='ltr'><strong>sine</strong></span> <span class='ocrx_word' id='word_1_502' title='bbox 331 3816 543 3869; x_wconf 88' lang='lat' dir='ltr'><strong>terrore</strong></span> <span class='ocrx_word' id='word_1_503' title='bbox 587 3811 899 3880; x_wconf 87' lang='lat' dir='ltr'><strong>conﬁditis,</strong></span> <span class='ocrx_word' id='word_1_504' title='bbox 926 3818 982 3869; x_wconf 89' lang='lat' dir='ltr'><strong>et</strong></span> <span class='ocrx_word' id='word_1_505' title='bbox 1022 3825 1327 3870; x_wconf 91' lang='lat' dir='ltr'><strong>occursum</strong></span> <span class='ocrx_word' id='word_1_506' title='bbox 1366 3812 1724 3871; x_wconf 88' lang='lat' dir='ltr'><strong>adversantis</strong></span> <span class='ocrx_word' id='word_1_507' title='bbox 1759 3830 1864 3871; x_wconf 78' lang='lat' dir='ltr'><strong>ne-</strong></span> 
     </span>
    </p>
   </div>
   <div class='ocr_carea' id='block_1_72' title="bbox 143 3897 1867 3974">
    <p class='ocr_par' dir='ltr' id='par_1_72' title="bbox 143 3897 1867 3974">
     <span class='ocr_line' id='line_1_73' title="bbox 143 3897 1867 3974; baseline 0.003 -19"><span class='ocrx_word' id='word_1_508' title='bbox 143 3897 359 3974; x_wconf 70' lang='lat' dir='ltr'><strong>quitite</strong></span> <span class='ocrx_word' id='word_1_509' title='bbox 384 3914 499 3956; x_wconf 90' lang='lat' dir='ltr'><strong>non</strong></span> <span class='ocrx_word' id='word_1_510' title='bbox 532 3900 752 3972; x_wconf 90' lang='lat' dir='ltr'><strong>pavetis</strong></span> <span class='ocrx_word' id='word_1_511' title='bbox 777 3902 954 3973; x_wconf 82' lang='lat' dir='ltr'><strong>(Prov.</strong></span> <span class='ocrx_word' id='word_1_512' title='bbox 982 3906 1161 3967; x_wconf 80' lang='lat' dir='ltr'><strong>xxx).</strong></span> <span class='ocrx_word' id='word_1_513' title='bbox 1195 3900 1410 3959; x_wconf 89' lang='lat' dir='ltr'><strong>Pellem</strong></span> <span class='ocrx_word' id='word_1_514' title='bbox 1437 3908 1630 3960; x_wconf 90' lang='lat' dir='ltr'><strong>autem</strong></span> <span class='ocrx_word' id='word_1_515' title='bbox 1656 3901 1867 3961; x_wconf 86' lang='lat' dir='ltr'><strong>Michol</strong></span> 
     </span>
    </p>
   </div>
   <div class='ocr_carea' id='block_1_73' title="bbox 142 3986 1865 4063">
    <p class='ocr_par' dir='ltr' id='par_1_73' title="bbox 142 3986 1865 4063">
     <span class='ocr_line' id='line_1_74' title="bbox 142 3986 1865 4063; baseline 0.003 -19"><span class='ocrx_word' id='word_1_516' title='bbox 142 3986 219 4045; x_wconf 88' lang='lat' dir='ltr'><strong>ad</strong></span> <span class='ocrx_word' id='word_1_517' title='bbox 260 3994 436 4060; x_wconf 85' lang='lat' dir='ltr'><strong>caput</strong></span> <span class='ocrx_word' id='word_1_518' title='bbox 479 3988 662 4047; x_wconf 89' lang='lat' dir='ltr'><strong>David</strong></span> <span class='ocrx_word' id='word_1_519' title='bbox 708 3988 917 4062; x_wconf 90' lang='lat' dir='ltr'><strong>posuit,</strong></span> <span class='ocrx_word' id='word_1_520' title='bbox 949 4004 1051 4062; x_wconf 88' lang='lat' dir='ltr'><strong>per</strong></span> <span class='ocrx_word' id='word_1_521' title='bbox 1092 4004 1267 4062; x_wconf 93' lang='lat' dir='ltr'><strong>quam</strong></span> <span class='ocrx_word' id='word_1_522' title='bbox 1312 3989 1410 4047; x_wconf 88' lang='lat' dir='ltr'><strong>ille</strong></span> <span class='ocrx_word' id='word_1_523' title='bbox 1450 3990 1672 4063; x_wconf 79' lang='lat' dir='ltr'><strong>gladios</strong></span> <span class='ocrx_word' id='word_1_524' title='bbox 1726 3990 1865 4049; x_wconf 89' lang='lat' dir='ltr'><strong>Saul</strong></span> 
     </span>
    </p>
   </div>
   <div class='ocr_carea' id='block_1_74' title="bbox 146 4078 1869 4153">
    <p class='ocr_par' dir='ltr' id='par_1_74' title="bbox 146 4078 1869 4153">
     <span class='ocr_line' id='line_1_75' title="bbox 146 4078 1869 4153; baseline 0.002 -18"><span class='ocrx_word' id='word_1_525' title='bbox 146 4078 305 4153; x_wconf 85' lang='lat' dir='ltr'><strong>regis</strong></span> <span class='ocrx_word' id='word_1_526' title='bbox 330 4078 512 4135; x_wconf 91' lang='lat' dir='ltr'><strong>evasit</strong></span> <span class='ocrx_word' id='word_1_527' title='bbox 553 4082 605 4147; x_wconf 89' lang='lat'><strong>(1</strong></span> <span class='ocrx_word' id='word_1_528' title='bbox 644 4083 774 4149; x_wconf 79' lang='lat' dir='ltr'><strong>Reg.</strong></span> <span class='ocrx_word' id='word_1_529' title='bbox 822 4083 1025 4151; x_wconf 81' lang='lat' dir='ltr'><strong>XVIII);</strong></span> <span class='ocrx_word' id='word_1_530' title='bbox 1080 4078 1333 4152; x_wconf 82' lang='lat' dir='ltr'><strong>pelliceis</strong></span> <span class='ocrx_word' id='word_1_531' title='bbox 1379 4094 1609 4153; x_wconf 90' lang='lat' dir='ltr'><strong>quoque</strong></span> <span class='ocrx_word' id='word_1_532' title='bbox 1657 4081 1869 4139; x_wconf 89' lang='lat' dir='ltr'><strong>tunicis</strong></span> 
     </span>
    </p>
   </div>
   <div class='ocr_carea' id='block_1_75' title="bbox 140 4169 1868 4258">
    <p class='ocr_par' dir='ltr' id='par_1_75' title="bbox 140 4169 1868 4258">
     <span class='ocr_line' id='line_1_76' title="bbox 140 4169 1868 4258; baseline 0.001 -32"><span class='ocrx_word' id='word_1_533' title='bbox 140 4169 371 4243; x_wconf 84' lang='lat' dir='ltr'><strong>primos</strong></span> <span class='ocrx_word' id='word_1_534' title='bbox 430 4177 696 4241; x_wconf 88' lang='lat' dir='ltr'><strong>parentes</strong></span> <span class='ocrx_word' id='word_1_535' title='bbox 766 4177 990 4229; x_wconf 90' lang='lat' dir='ltr'><strong>nostros</strong></span> <span class='ocrx_word' id='word_1_536' title='bbox 1055 4169 1207 4229; x_wconf 90' lang='lat' dir='ltr'><strong>Deus</strong></span> <span class='ocrx_word' id='word_1_537' title='bbox 1265 4170 1630 4244; x_wconf 91' lang='lat' dir='ltr'><strong>omnipotens</strong></span> <span class='ocrx_word' id='word_1_538' title='bbox 1677 4171 1868 4258; x_wconf 74' lang='lat' dir='ltr'><strong>induit</strong></span> 
     </span>
    </p>
   </div>
   <div class='ocr_carea' id='block_1_76' title="bbox 142 4261 1883 4336">
    <p class='ocr_par' dir='ltr' id='par_1_76' title="bbox 142 4261 1883 4336">
     <span class='ocr_line' id='line_1_77' title="bbox 142 4261 1883 4336; baseline 0.002 -19"><span class='ocrx_word' id='word_1_539' title='bbox 142 4262 308 4330; x_wconf 77' lang='lat' dir='ltr'><strong>(Gen.</strong></span> <span class='ocrx_word' id='word_1_540' title='bbox 360 4267 448 4329; x_wconf 84' lang='lat' dir='ltr'><strong>III)</strong></span> <span class='ocrx_word' id='word_1_541' title='bbox 482 4307 497 4329; x_wconf 92' lang='lat'><strong>,</strong></span> <span class='ocrx_word' id='word_1_542' title='bbox 548 4261 764 4335; x_wconf 89' lang='lat' dir='ltr'><strong>quibus</strong></span> <span class='ocrx_word' id='word_1_543' title='bbox 816 4264 1017 4336; x_wconf 88' lang='lat' dir='ltr'><strong>utique</strong></span> <span class='ocrx_word' id='word_1_544' title='bbox 1067 4263 1333 4320; x_wconf 89' lang='lat' dir='ltr'><strong>mortales</strong></span> <span class='ocrx_word' id='word_1_545' title='bbox 1383 4263 1650 4333; x_wconf 86' lang='lat' dir='ltr'><strong>eﬁ‘ectos,</strong></span> <span class='ocrx_word' id='word_1_546' title='bbox 1707 4269 1883 4321; x_wconf 85' lang='lat' dir='ltr'><strong>reatu</strong></span> 
     </span>
    </p>
   </div>
   <div class='ocr_carea' id='block_1_77' title="bbox 144 4349 1864 4424">
    <p class='ocr_par' dir='ltr' id='par_1_77' title="bbox 144 4349 1864 4424">
     <span class='ocr_line' id='line_1_78' title="bbox 144 4349 1864 4424; baseline 0.001 -17"><span class='ocrx_word' id='word_1_547' title='bbox 144 4349 629 4422; x_wconf 81' lang='lat' dir='ltr'><strong>transgressionis</strong></span> <span class='ocrx_word' id='word_1_548' title='bbox 661 4351 930 4423; x_wconf 79' lang='lat' dir='ltr'><strong>exigente</strong></span> <span class='ocrx_word' id='word_1_549' title='bbox 967 4351 1237 4424; x_wconf 86' lang='lat' dir='ltr'><strong>signavit.</strong></span> <span class='ocrx_word' id='word_1_550' title='bbox 1280 4350 1393 4409; x_wconf 91' lang='lat' dir='ltr'><strong>Vos</strong></span> <span class='ocrx_word' id='word_1_551' title='bbox 1430 4351 1627 4423; x_wconf 88' lang='lat' dir='ltr'><strong>itaque</strong></span> <span class='ocrx_word' id='word_1_552' title='bbox 1663 4351 1864 4409; x_wconf 87' lang='lat' dir='ltr'><strong>draco-</strong></span> 
     </span>
    </p>
   </div>
   <div class='ocr_carea' id='block_1_78' title="bbox 138 4439 1865 4513">
    <p class='ocr_par' dir='ltr' id='par_1_78' title="bbox 138 4439 1865 4513">
     <span class='ocr_line' id='line_1_79' title="bbox 138 4439 1865 4513; baseline 0.001 -18"><span class='ocrx_word' id='word_1_553' title='bbox 138 4439 272 4496; x_wconf 84' lang='lat' dir='ltr'><strong>neis</strong></span> <span class='ocrx_word' id='word_1_554' title='bbox 305 4453 411 4511; x_wconf 89' lang='lat' dir='ltr'><strong>per</strong></span> <span class='ocrx_word' id='word_1_555' title='bbox 452 4454 543 4497; x_wconf 92' lang='lat' dir='ltr'><strong>me</strong></span> <span class='ocrx_word' id='word_1_556' title='bbox 584 4440 831 4498; x_wconf 82' lang='lat' dir='ltr'><strong>nexibus</strong></span> <span class='ocrx_word' id='word_1_557' title='bbox 866 4440 1138 4513; x_wconf 81' lang='lat' dir='ltr'><strong>expediti,</strong></span> <span class='ocrx_word' id='word_1_558' title='bbox 1181 4439 1394 4513; x_wconf 80' lang='lat' dir='ltr'><strong>pellem</strong></span> <span class='ocrx_word' id='word_1_559' title='bbox 1451 4455 1552 4513; x_wconf 91' lang='lat' dir='ltr'><strong>pro</strong></span> <span class='ocrx_word' id='word_1_560' title='bbox 1587 4439 1865 4498; x_wconf 83' lang='lat' dir='ltr'><strong>beneﬁcio</strong></span> 
     </span>
    </p>
   </div>
   <div class='ocr_carea' id='block_1_79' title="bbox 132 4616 1865 4690">
    <p class='ocr_par' dir='ltr' id='par_1_79' title="bbox 132 4616 1865 4690">
     <span class='ocr_line' id='line_1_80' title="bbox 132 4616 1865 4690; baseline 0 -16"><span class='ocrx_word' id='word_1_561' title='bbox 132 4617 509 4675; x_wconf 75' lang='lat' dir='ltr'><strong>orationibus</strong></span> <span class='ocrx_word' id='word_1_562' title='bbox 555 4616 879 4690; x_wconf 88' lang='lat' dir='ltr'><strong>impetrate,</strong></span> <span class='ocrx_word' id='word_1_563' title='bbox 915 4632 988 4673; x_wconf 89' lang='lat' dir='ltr'><strong>ne</strong></span> <span class='ocrx_word' id='word_1_564' title='bbox 1034 4616 1181 4675; x_wconf 91' lang='lat' dir='ltr'><strong>mihi</strong></span> <span class='ocrx_word' id='word_1_565' title='bbox 1230 4616 1300 4674; x_wconf 92' lang='lat' dir='ltr'><strong>de</strong></span> <span class='ocrx_word' id='word_1_566' title='bbox 1343 4624 1550 4675; x_wconf 66' lang='lat' dir='ltr'><strong>caetero</strong></span> <span class='ocrx_word' id='word_1_567' title='bbox 1604 4616 1865 4675; x_wconf 87' lang='lat' dir='ltr'><strong>mundus</strong></span> 
     </span>
    </p>
   </div>
   <div class='ocr_carea' id='block_1_80' title="bbox 129 4703 1856 4779">
    <p class='ocr_par' dir='ltr' id='par_1_80' title="bbox 129 4703 1856 4779">
     <span class='ocr_line' id='line_1_81' title="bbox 129 4703 1856 4779; baseline -0.001 -17"><span class='ocrx_word' id='word_1_568' title='bbox 129 4703 405 4774; x_wconf 82' lang='lat' dir='ltr'><strong>advivat,</strong></span> <span class='ocrx_word' id='word_1_569' title='bbox 437 4705 536 4762; x_wconf 88' lang='lat' dir='ltr'><strong>sed</strong></span> <span class='ocrx_word' id='word_1_570' title='bbox 569 4704 617 4762; x_wconf 87' lang='lat' dir='ltr'><strong>si</strong></span> <span class='ocrx_word' id='word_1_571' title='bbox 650 4704 791 4778; x_wconf 88' lang='lat' dir='ltr'><strong>quid</strong></span> <span class='ocrx_word' id='word_1_572' title='bbox 830 4704 1018 4761; x_wconf 92' lang='lat' dir='ltr'><strong>adhuc</strong></span> <span class='ocrx_word' id='word_1_573' title='bbox 1050 4705 1228 4777; x_wconf 89' lang='lat' dir='ltr'><strong>hujus</strong></span> <span class='ocrx_word' id='word_1_574' title='bbox 1255 4704 1401 4761; x_wconf 91' lang='lat' dir='ltr'><strong>mihi</strong></span> <span class='ocrx_word' id='word_1_575' title='bbox 1432 4704 1722 4779; x_wconf 89' lang='lat' dir='ltr'><strong>reliquum</strong></span> <span class='ocrx_word' id='word_1_576' title='bbox 1753 4712 1856 4770; x_wconf 80' lang='lat' dir='ltr'><strong>est.</strong></span> 
     </span>
    </p>
   </div>
   <div class='ocr_carea' id='block_1_81' title="bbox 130 4789 1857 4864">
    <p class='ocr_par' dir='ltr' id='par_1_81' title="bbox 130 4789 1857 4864">
     <span class='ocr_line' id='line_1_82' title="bbox 130 4789 1857 4864; baseline 0.001 -17"><span class='ocrx_word' id='word_1_577' title='bbox 130 4793 206 4848; x_wconf 85' lang='lat' dir='ltr'><strong>in</strong></span> <span class='ocrx_word' id='word_1_578' title='bbox 264 4789 621 4862; x_wconf 87' lang='lat' dir='ltr'><strong>acquirenda</strong></span> <span class='ocrx_word' id='word_1_579' title='bbox 670 4790 876 4848; x_wconf 88' lang='lat' dir='ltr'><strong>salutis</strong></span> <span class='ocrx_word' id='word_1_580' title='bbox 927 4796 1159 4848; x_wconf 62' lang='lat' dir='ltr'><strong>aeterna:</strong></span> <span class='ocrx_word' id='word_1_581' title='bbox 1208 4791 1366 4849; x_wconf 90' lang='lat' dir='ltr'><strong>lucra</strong></span> <span class='ocrx_word' id='word_1_582' title='bbox 1408 4791 1687 4864; x_wconf 88' lang='lat' dir='ltr'><strong>proﬁciat.</strong></span> <span class='ocrx_word' id='word_1_583' title='bbox 1748 4791 1857 4849; x_wconf 84' lang='lat' dir='ltr'><strong>Sed</strong></span> 
     </span>
    </p>
   </div>
   <div class='ocr_carea' id='block_1_82' title="bbox 126 4878 1860 4954">
    <p class='ocr_par' dir='ltr' id='par_1_82' title="bbox 126 4878 1860 4954">
     <span class='ocr_line' id='line_1_83' title="bbox 126 4878 1860 4954; baseline 0.003 -19"><span class='ocrx_word' id='word_1_584' title='bbox 126 4894 485 4953; x_wconf 81' lang='lat' dir='ltr'><strong>quanquam</strong></span> <span class='ocrx_word' id='word_1_585' title='bbox 511 4880 820 4953; x_wconf 86' lang='lat' dir='ltr'><strong>Apostolus</strong></span> <span class='ocrx_word' id='word_1_586' title='bbox 848 4879 999 4937; x_wconf 88' lang='lat' dir='ltr'><strong>dicat</strong></span> <span class='ocrx_word' id='word_1_587' title='bbox 1031 4904 1042 4936; x_wconf 90' lang='lat'><strong>:</strong></span> <span class='ocrx_word' id='word_1_588' title='bbox 1079 4900 1105 4931; x_wconf 85' lang='grc'><em>‹‹</em></span> <span class='ocrx_word' id='word_1_589' title='bbox 1137 4878 1283 4949; x_wconf 90' lang='lat' dir='ltr'><strong>Quia</strong></span> <span class='ocrx_word' id='word_1_590' title='bbox 1312 4880 1530 4954; x_wconf 88' lang='lat' dir='ltr'><strong>absque</strong></span> <span class='ocrx_word' id='word_1_591' title='bbox 1565 4880 1687 4939; x_wconf 92' lang='lat' dir='ltr'><strong>ulla</strong></span> <span class='ocrx_word' id='word_1_592' title='bbox 1721 4896 1860 4940; x_wconf 90' lang='lat' dir='ltr'><strong>con-</strong></span> 
     </span>
    </p>
   </div>
   <div class='ocr_carea' id='block_1_83' title="bbox 128 4968 1861 5041">
    <p class='ocr_par' dir='ltr' id='par_1_83' title="bbox 128 4968 1861 5041">
     <span class='ocr_line' id='line_1_84' title="bbox 128 4968 1861 5041; baseline 0.001 -16"><span class='ocrx_word' id='word_1_593' title='bbox 128 4968 505 5037; x_wconf 84' lang='lat' dir='ltr'><strong>tradictione,</strong></span> <span class='ocrx_word' id='word_1_594' title='bbox 557 4968 661 5041; x_wconf 92' lang='lat' dir='ltr'><strong>qui</strong></span> <span class='ocrx_word' id='word_1_595' title='bbox 718 4969 916 5026; x_wconf 90' lang='lat' dir='ltr'><strong>minus</strong></span> <span class='ocrx_word' id='word_1_596' title='bbox 966 4977 1072 5033; x_wconf 89' lang='lat' dir='ltr'><strong>est,</strong></span> <span class='ocrx_word' id='word_1_597' title='bbox 1128 4984 1160 5025; x_wconf 89' lang='lat' dir='ltr'><strong>a</strong></span> <span class='ocrx_word' id='word_1_598' title='bbox 1216 4968 1452 5027; x_wconf 85' lang='lat' dir='ltr'><strong>meliore</strong></span> <span class='ocrx_word' id='word_1_599' title='bbox 1498 4969 1861 5027; x_wconf 86' lang='lat' dir='ltr'><strong>benedicitur</strong></span> 
     </span>
    </p>
   </div>
   <div class='ocr_carea' id='block_1_84' title="bbox 128 5057 1860 5131">
    <p class='ocr_par' dir='ltr' id='par_1_84' title="bbox 128 5057 1860 5131">
     <span class='ocr_line' id='line_1_85' title="bbox 128 5057 1860 5131; baseline 0.001 -17"><span class='ocrx_word' id='word_1_600' title='bbox 128 5060 335 5126; x_wconf 82' lang='lat' dir='ltr'><strong>(Hebr.</strong></span> <span class='ocrx_word' id='word_1_601' title='bbox 366 5062 468 5125; x_wconf 87' lang='lat' dir='ltr'><strong>vn)</strong></span> <span class='ocrx_word' id='word_1_602' title='bbox 502 5081 514 5113; x_wconf 87' lang='lat'><strong>:</strong></span> <span class='ocrx_word' id='word_1_603' title='bbox 558 5078 579 5107; x_wconf 59' lang='grc' dir='ltr'><strong>ρ</strong></span> <span class='ocrx_word' id='word_1_604' title='bbox 609 5062 801 5115; x_wconf 89' lang='lat' dir='ltr'><strong>tamen</strong></span> <span class='ocrx_word' id='word_1_605' title='bbox 833 5057 971 5131; x_wconf 86' lang='lat' dir='ltr'><strong>quia</strong></span> <span class='ocrx_word' id='word_1_606' title='bbox 1007 5057 1282 5115; x_wconf 87' lang='lat' dir='ltr'><strong>charitate</strong></span> <span class='ocrx_word' id='word_1_607' title='bbox 1319 5057 1649 5130; x_wconf 89' lang='lat' dir='ltr'><strong>compellor,</strong></span> <span class='ocrx_word' id='word_1_608' title='bbox 1684 5058 1860 5116; x_wconf 89' lang='lat' dir='ltr'><strong>bene-</strong></span> 
     </span>
    </p>
   </div>
   <div class='ocr_carea' id='block_1_85' title="bbox 127 5145 1861 5221">
    <p class='ocr_par' dir='ltr' id='par_1_85' title="bbox 127 5145 1861 5221">
     <span class='ocr_line' id='line_1_86' title="bbox 127 5145 1861 5221; baseline 0.002 -17"><span class='ocrx_word' id='word_1_609' title='bbox 127 5145 455 5204; x_wconf 86' lang='lat' dir='ltr'><strong>dictionem</strong></span> <span class='ocrx_word' id='word_1_610' title='bbox 484 5145 786 5219; x_wconf 86' lang='lat' dir='ltr'><strong>prohibere</strong></span> <span class='ocrx_word' id='word_1_611' title='bbox 836 5162 952 5204; x_wconf 90' lang='lat' dir='ltr'><strong>non</strong></span> <span class='ocrx_word' id='word_1_612' title='bbox 1010 5147 1187 5205; x_wconf 87' lang='lat' dir='ltr'><strong>valeo.</strong></span> <span class='ocrx_word' id='word_1_613' title='bbox 1221 5146 1595 5221; x_wconf 88' lang='lat' dir='ltr'><strong>Omnipotens</strong></span> <span class='ocrx_word' id='word_1_614' title='bbox 1634 5148 1786 5207; x_wconf 91' lang='lat' dir='ltr'><strong>Deus</strong></span> <span class='ocrx_word' id='word_1_615' title='bbox 1826 5164 1861 5207; x_wconf 91' lang='lat' dir='ltr'><strong>a</strong></span> 
     </span>
    </p>
   </div>
   <div class='ocr_carea' id='block_1_86' title="bbox 130 5235 1856 5313">
    <p class='ocr_par' dir='ltr' id='par_1_86' title="bbox 130 5235 1856 5313">
     <span class='ocr_line' id='line_1_87' title="bbox 130 5235 1856 5313; baseline 0.001 -19"><span class='ocrx_word' id='word_1_616' title='bbox 130 5235 374 5295; x_wconf 88' lang='lat' dir='ltr'><strong>cunctis</strong></span> <span class='ocrx_word' id='word_1_617' title='bbox 401 5236 650 5309; x_wconf 89' lang='lat' dir='ltr'><strong>improbi</strong></span> <span class='ocrx_word' id='word_1_618' title='bbox 682 5235 910 5295; x_wconf 70' lang='lat' dir='ltr'><strong>Satanae</strong></span> <span class='ocrx_word' id='word_1_619' title='bbox 948 5251 1051 5295; x_wconf 90' lang='lat' dir='ltr'><strong>vos</strong></span> <span class='ocrx_word' id='word_1_620' title='bbox 1080 5236 1544 5297; x_wconf 85' lang='lat' dir='ltr'><strong>infestationibus</strong></span> <span class='ocrx_word' id='word_1_621' title='bbox 1581 5246 1856 5313; x_wconf 84' lang='lat' dir='ltr'><strong>protegat,</strong></span> 
     </span>
    </p>
   </div>
   <div class='ocr_carea' id='block_1_87' title="bbox 131 5323 1863 5401">
    <p class='ocr_par' dir='ltr' id='par_1_87' title="bbox 131 5323 1863 5401">
     <span class='ocr_line' id='line_1_88' title="bbox 131 5323 1863 5401; baseline 0.003 -21"><span class='ocrx_word' id='word_1_622' title='bbox 131 5330 197 5380; x_wconf 87' lang='lat' dir='ltr'><strong>et</strong></span> <span class='ocrx_word' id='word_1_623' title='bbox 238 5326 446 5383; x_wconf 69' lang='lat' dir='ltr'><strong>omnia</strong></span> <span class='ocrx_word' id='word_1_624' title='bbox 493 5323 684 5383; x_wconf 88' lang='lat' dir='ltr'><strong>carnis</strong></span> <span class='ocrx_word' id='word_1_625' title='bbox 729 5341 796 5383; x_wconf 92' lang='lat' dir='ltr'><strong>ac</strong></span> <span class='ocrx_word' id='word_1_626' title='bbox 841 5326 1079 5398; x_wconf 87' lang='lat' dir='ltr'><strong>spiritus</strong></span> <span class='ocrx_word' id='word_1_627' title='bbox 1121 5342 1154 5383; x_wconf 95' lang='lat' dir='ltr'><strong>a</strong></span> <span class='ocrx_word' id='word_1_628' title='bbox 1208 5326 1368 5384; x_wconf 86' lang='lat' dir='ltr'><strong>vobis</strong></span> <span class='ocrx_word' id='word_1_629' title='bbox 1418 5327 1863 5401; x_wconf 88' lang='lat' dir='ltr'><strong>inquinamenta</strong></span> 
     </span>
    </p>
   </div>
   <div class='ocr_carea' id='block_1_88' title="bbox 128 5414 1861 5488">
    <p class='ocr_par' dir='ltr' id='par_1_88' title="bbox 128 5414 1861 5488">
     <span class='ocr_line' id='line_1_89' title="bbox 128 5414 1861 5488; baseline 0.002 -16"><span class='ocrx_word' id='word_1_630' title='bbox 128 5414 425 5487; x_wconf 85' lang='lat' dir='ltr'><strong>detergat.</strong></span> <span class='ocrx_word' id='word_1_631' title='bbox 485 5417 693 5473; x_wconf 78' lang='lat' dir='ltr'><strong>Amen.</strong></span> <span class='ocrx_word' id='word_1_632' title='bbox 755 5414 1104 5488; x_wconf 84' lang='lat' dir='ltr'><strong>Exstinguat</strong></span> <span class='ocrx_word' id='word_1_633' title='bbox 1157 5415 1214 5473; x_wconf 89' lang='lat' dir='ltr'><strong>in</strong></span> <span class='ocrx_word' id='word_1_634' title='bbox 1270 5416 1430 5473; x_wconf 91' lang='lat' dir='ltr'><strong>vobis</strong></span> <span class='ocrx_word' id='word_1_635' title='bbox 1489 5418 1861 5477; x_wconf 72' lang='lat' dir='ltr'><strong>aestuantium</strong></span> 
     </span>
    </p>
   </div>
   <div class='ocr_carea' id='block_1_89' title="bbox 134 5502 1861 5572">
    <p class='ocr_par' dir='ltr' id='par_1_89' title="bbox 134 5502 1861 5572">
     <span class='ocr_line' id='line_1_90' title="bbox 134 5502 1861 5572; baseline 0.001 -12"><span class='ocrx_word' id='word_1_636' title='bbox 134 5504 381 5560; x_wconf 79' lang='lat' dir='ltr'><strong>fomites</strong></span> <span class='ocrx_word' id='word_1_637' title='bbox 432 5502 726 5572; x_wconf 86' lang='lat' dir='ltr'><strong>vitiorum,</strong></span> <span class='ocrx_word' id='word_1_638' title='bbox 758 5510 813 5560; x_wconf 89' lang='lat' dir='ltr'><strong>et</strong></span> <span class='ocrx_word' id='word_1_639' title='bbox 860 5503 1060 5562; x_wconf 84' lang='lat' dir='ltr'><strong>ﬂorere</strong></span> <span class='ocrx_word' id='word_1_640' title='bbox 1116 5519 1216 5561; x_wconf 88' lang='lat' dir='ltr'><strong>vos</strong></span> <span class='ocrx_word' id='word_1_641' title='bbox 1266 5504 1435 5562; x_wconf 89' lang='lat' dir='ltr'><strong>faciat</strong></span> <span class='ocrx_word' id='word_1_642' title='bbox 1490 5505 1861 5563; x_wconf 90' lang='lat' dir='ltr'><strong>vernantium</strong></span> 
     </span>
    </p>
   </div>
   <div class='ocr_carea' id='block_1_90' title="bbox 130 5593 1862 5667">
    <p class='ocr_par' dir='ltr' id='par_1_90' title="bbox 130 5593 1862 5667">
     <span class='ocr_line' id='line_1_91' title="bbox 130 5593 1862 5667; baseline 0.002 -17"><span class='ocrx_word' id='word_1_643' title='bbox 130 5593 357 5651; x_wconf 86' lang='lat' dir='ltr'><strong>decore</strong></span> <span class='ocrx_word' id='word_1_644' title='bbox 386 5593 686 5652; x_wconf 88' lang='lat' dir='ltr'><strong>virtutum.</strong></span> <span class='ocrx_word' id='word_1_645' title='bbox 715 5595 924 5653; x_wconf 87' lang='lat' dir='ltr'><strong>Amen.</strong></span> <span class='ocrx_word' id='word_1_646' title='bbox 959 5594 1066 5652; x_wconf 90' lang='lat' dir='ltr'><strong>Per</strong></span> <span class='ocrx_word' id='word_1_647' title='bbox 1094 5593 1556 5653; x_wconf 88' lang='lat' dir='ltr'><strong>intercessionem</strong></span> <span class='ocrx_word' id='word_1_648' title='bbox 1587 5594 1862 5667; x_wconf 88' lang='lat' dir='ltr'><strong>apostolo-</strong></span> 
     </span>
    </p>
   </div>
   <div class='ocr_carea' id='block_1_91' title="bbox 139 4489 2939 4602">
    <p class='ocr_par' dir='ltr' id='par_1_91' title="bbox 139 4489 2939 4602">
     <span class='ocr_line' id='line_1_92' title="bbox 139 4489 2939 4511; baseline -0.001 -15"><span class='ocrx_word' id='word_1_649' title='bbox 139 4489 270 4496; x_wconf 83' lang='lat'><strong>..---</strong></span> <span class='ocrx_word' id='word_1_650' title='bbox 308 4489 399 4511; x_wconf 57' lang='grc' dir='ltr'><strong>Γ--</strong></span> <span class='ocrx_word' id='word_1_651' title='bbox 452 4489 542 4497; x_wconf 57' lang='grc' dir='ltr'><strong>--ν</strong></span> <span class='ocrx_word' id='word_1_652' title='bbox 584 4489 831 4498; x_wconf 78' lang='lat'><strong>------_..-</strong></span> <span class='ocrx_word' id='word_1_653' title='bbox 868 4489 937 4498; x_wconf 58' lang='grc' dir='ltr'><strong>ν..</strong></span> <span class='ocrx_word' id='word_1_654' title='bbox 987 4489 1138 4508; x_wconf 78' lang='lat'><strong>-_.-.,</strong></span> <span class='ocrx_word' id='word_1_655' title='bbox 1227 4489 1394 4497; x_wconf 54' lang='grc' dir='ltr'><strong>μην-</strong></span> <span class='ocrx_word' id='word_1_656' title='bbox 1492 4489 1550 4497; x_wconf 59' lang='grc' dir='ltr'><strong>,ν</strong></span> <span class='ocrx_word' id='word_1_657' title='bbox 1587 4489 1862 4498; x_wconf 41' lang='lat' dir='ltr'><strong>huc...“</strong></span> <span class='ocrx_word' id='word_1_658' title='bbox 2026 4489 2390 4507; x_wconf 40' lang='lat' dir='ltr'><strong>s--_--..--_-_,</strong></span> <span class='ocrx_word' id='word_1_659' title='bbox 2425 4489 2631 4495; x_wconf 68' lang='lat'>__-_-__</span> <span class='ocrx_word' id='word_1_660' title='bbox 2679 4489 2825 4494; x_wconf 58' lang='grc' dir='ltr'><strong>η.---</strong></span> 
     </span>
     <span class='ocr_line' id='line_1_93' title="bbox 139 4489 2939 4602; baseline -0 -17"><span class='ocrx_word' id='word_1_661' title='bbox 139 4526 406 4586; x_wconf 85' lang='lat' dir='ltr'><strong>reddite.</strong></span> <span class='ocrx_word' id='word_1_662' title='bbox 466 4527 815 4599; x_wconf 88' lang='lat' dir='ltr'><strong>vitalemque</strong></span> <span class='ocrx_word' id='word_1_663' title='bbox 885 4489 1031 4586; x_wconf 58' lang='lat' dir='ltr'><strong>mihi</strong></span> <span class='ocrx_word' id='word_1_664' title='bbox 1101 4489 1597 4586; x_wconf 43' lang='lat' dir='ltr'><strong>mo‘rtilicatiolnem</strong></span> <span class='ocrx_word' id='word_1_665' title='bbox 1659 4489 1924 4585; x_wconf 88' lang='lat' dir='ltr'><strong>vestrisD</strong></span> <span class='ocrx_word' id='word_1_666' title='bbox 1950 4536 2062 4586; x_wconf 88' lang='lat' dir='ltr'><strong>tem</strong></span> <span class='ocrx_word' id='word_1_667' title='bbox 2117 4528 2367 4599; x_wconf 87' lang='lat' dir='ltr'><strong>habere,</strong></span> <span class='ocrx_word' id='word_1_668' title='bbox 2424 4543 2600 4602; x_wconf 88' lang='lat' dir='ltr'><strong>quam</strong></span> <span class='ocrx_word' id='word_1_669' title='bbox 2653 4528 2873 4598; x_wconf 88' lang='lat' dir='ltr'><strong>ﬁngere</strong></span> <span class='ocrx_word' id='word_1_670' title='bbox 2928 4547 2939 4585; x_wconf 90' lang='lat'>:</span> 
     </span>
    </p>
   </div>
   <div class='ocr_carea' id='block_1_92' title="bbox 1952 3177 3666 3257">
    <p class='ocr_par' dir='ltr' id='par_1_92' title="bbox 1952 3177 3666 3257">
     <span class='ocr_line' id='line_1_94' title="bbox 1952 3177 3666 3257; baseline -0.002 -16"><span class='ocrx_word' id='word_1_671' title='bbox 1952 3185 2099 3241; x_wconf 89' lang='lat' dir='ltr'><strong>mini</strong></span> <span class='ocrx_word' id='word_1_672' title='bbox 2130 3208 2142 3242; x_wconf 89' lang='lat'><strong>:</strong></span> <span class='ocrx_word' id='word_1_673' title='bbox 2174 3191 2230 3243; x_wconf 91' lang='lat' dir='ltr'><strong>et</strong></span> <span class='ocrx_word' id='word_1_674' title='bbox 2254 3181 2543 3257; x_wconf 65' lang='lat' dir='ltr'><strong>praecipue</strong></span> <span class='ocrx_word' id='word_1_675' title='bbox 2582 3195 2715 3239; x_wconf 89' lang='lat' dir='ltr'><strong>cum</strong></span> <span class='ocrx_word' id='word_1_676' title='bbox 2749 3185 3014 3237; x_wconf 88' lang='lat' dir='ltr'><strong>mortuus</strong></span> <span class='ocrx_word' id='word_1_677' title='bbox 3054 3177 3233 3248; x_wconf 88' lang='lat' dir='ltr'><strong>fuero,</strong></span> <span class='ocrx_word' id='word_1_678' title='bbox 3274 3178 3560 3252; x_wconf 82' lang='lat' dir='ltr'><strong>quidquid</strong></span> <span class='ocrx_word' id='word_1_679' title='bbox 3595 3180 3666 3237; x_wconf 92' lang='lat' dir='ltr'><strong>de</strong></span> 
     </span>
    </p>
   </div>
   <div class='ocr_carea' id='block_1_93' title="bbox 1954 3268 3661 3346">
    <p class='ocr_par' dir='ltr' id='par_1_93' title="bbox 1954 3268 3661 3346">
     <span class='ocr_line' id='line_1_95' title="bbox 1954 3268 3661 3346; baseline -0.002 -12"><span class='ocrx_word' id='word_1_680' title='bbox 1954 3283 2159 3334; x_wconf 67' lang='lat' dir='ltr'><strong>vestra:</strong></span> <span class='ocrx_word' id='word_1_681' title='bbox 2213 3271 2674 3346; x_wconf 88' lang='lat' dir='ltr'><strong>congregationis</strong></span> <span class='ocrx_word' id='word_1_682' title='bbox 2723 3271 3006 3335; x_wconf 86' lang='lat' dir='ltr'><strong>monacho</strong></span> <span class='ocrx_word' id='word_1_683' title='bbox 3060 3268 3273 3341; x_wconf 89' lang='lat' dir='ltr'><strong>facitis,</strong></span> <span class='ocrx_word' id='word_1_684' title='bbox 3327 3271 3435 3329; x_wconf 92' lang='lat' dir='ltr'><strong>hoc</strong></span> <span class='ocrx_word' id='word_1_685' title='bbox 3488 3273 3661 3330; x_wconf 90' lang='lat' dir='ltr'><strong>etiam</strong></span> 
     </span>
    </p>
   </div>
   <div class='ocr_carea' id='block_1_94' title="bbox 1950 3358 3666 3432">
    <p class='ocr_par' dir='ltr' id='par_1_94' title="bbox 1950 3358 3666 3432">
     <span class='ocr_line' id='line_1_96' title="bbox 1950 3358 3666 3432; baseline -0.002 -10"><span class='ocrx_word' id='word_1_686' title='bbox 1950 3365 2020 3422; x_wconf 88' lang='lat' dir='ltr'><strong>de</strong></span> <span class='ocrx_word' id='word_1_687' title='bbox 2058 3380 2151 3422; x_wconf 92' lang='lat' dir='ltr'><strong>me</strong></span> <span class='ocrx_word' id='word_1_688' title='bbox 2198 3363 2409 3421; x_wconf 89' lang='lat' dir='ltr'><strong>misero</strong></span> <span class='ocrx_word' id='word_1_689' title='bbox 2452 3362 2635 3418; x_wconf 87' lang='lat' dir='ltr'><strong>facere</strong></span> <span class='ocrx_word' id='word_1_690' title='bbox 2684 3358 2978 3417; x_wconf 89' lang='lat' dir='ltr'><strong>studeatis.</strong></span> <span class='ocrx_word' id='word_1_691' title='bbox 3010 3358 3169 3432; x_wconf 83' lang='lat' dir='ltr'><strong>Rogo</strong></span> <span class='ocrx_word' id='word_1_692' title='bbox 3199 3367 3413 3429; x_wconf 87' lang='lat' dir='ltr'><strong>autem,</strong></span> <span class='ocrx_word' id='word_1_693' title='bbox 3440 3361 3666 3419; x_wconf 91' lang='lat' dir='ltr'><strong>domini</strong></span> 
     </span>
    </p>
   </div>
   <div class='ocr_carea' id='block_1_95' title="bbox 1954 3446 3663 3525">
    <p class='ocr_par' dir='ltr' id='par_1_95' title="bbox 1954 3446 3663 3525">
     <span class='ocr_line' id='line_1_97' title="bbox 1954 3446 3663 3525; baseline -0.003 -15"><span class='ocrx_word' id='word_1_694' title='bbox 1954 3452 2086 3517; x_wconf 89' lang='lat' dir='ltr'><strong>mei,</strong></span> <span class='ocrx_word' id='word_1_695' title='bbox 2141 3450 2445 3525; x_wconf 88' lang='lat' dir='ltr'><strong>parvulam</strong></span> <span class='ocrx_word' id='word_1_696' title='bbox 2486 3448 2953 3506; x_wconf 89' lang='lat' dir='ltr'><strong>benedictionem</strong></span> <span class='ocrx_word' id='word_1_697' title='bbox 2994 3446 3063 3503; x_wconf 90' lang='lat' dir='ltr'><strong>de</strong></span> <span class='ocrx_word' id='word_1_698' title='bbox 3115 3462 3293 3505; x_wconf 88' lang='lat' dir='ltr'><strong>manu</strong></span> <span class='ocrx_word' id='word_1_699' title='bbox 3336 3449 3526 3518; x_wconf 91' lang='lat' dir='ltr'><strong>(servi,</strong></span> <span class='ocrx_word' id='word_1_700' title='bbox 3577 3453 3663 3505; x_wconf 77' lang='lat' dir='ltr'><strong>vel</strong></span> 
     </span>
    </p>
   </div>
   <div class='ocr_carea' id='block_1_96' title="bbox 1951 3534 3660 3612">
    <p class='ocr_par' dir='ltr' id='par_1_96' title="bbox 1951 3534 3660 3612">
     <span class='ocr_line' id='line_1_98' title="bbox 1951 3534 3660 3612; baseline -0.001 -15"><span class='ocrx_word' id='word_1_701' title='bbox 1951 3543 2089 3612; x_wconf 77' lang='lat' dir='ltr'><strong>quid</strong></span> <span class='ocrx_word' id='word_1_702' title='bbox 2128 3543 2306 3597; x_wconf 82' lang='lat' dir='ltr'><strong>simile</strong></span> <span class='ocrx_word' id='word_1_703' title='bbox 2344 3539 2566 3607; x_wconf 80' lang='lat' dir='ltr'><strong>addid.)</strong></span> <span class='ocrx_word' id='word_1_704' title='bbox 2594 3535 2768 3595; x_wconf 88' lang='lat' dir='ltr'><strong>vestri</strong></span> <span class='ocrx_word' id='word_1_705' title='bbox 2804 3534 3053 3607; x_wconf 89' lang='lat' dir='ltr'><strong>benigne</strong></span> <span class='ocrx_word' id='word_1_706' title='bbox 3087 3535 3378 3608; x_wconf 90' lang='lat' dir='ltr'><strong>suscipere</strong></span> <span class='ocrx_word' id='word_1_707' title='bbox 3407 3554 3421 3593; x_wconf 89' lang='lat'><strong>:</strong></span> <span class='ocrx_word' id='word_1_708' title='bbox 3450 3542 3505 3595; x_wconf 89' lang='lat' dir='ltr'><strong>et</strong></span> <span class='ocrx_word' id='word_1_709' title='bbox 3543 3553 3660 3596; x_wconf 94' lang='lat' dir='ltr'><strong>non</strong></span> 
     </span>
    </p>
   </div>
   <div class='ocr_carea' id='block_1_97' title="bbox 1951 3623 3663 3704">
    <p class='ocr_par' dir='ltr' id='par_1_97' title="bbox 1951 3623 3663 3704">
     <span class='ocr_line' id='line_1_99' title="bbox 1951 3623 3663 3704; baseline -0.002 -15"><span class='ocrx_word' id='word_1_710' title='bbox 1951 3630 2115 3703; x_wconf 91' lang='lat' dir='ltr'><strong>quid,</strong></span> <span class='ocrx_word' id='word_1_711' title='bbox 2145 3630 2239 3687; x_wconf 87' lang='lat' dir='ltr'><strong>sed</strong></span> <span class='ocrx_word' id='word_1_712' title='bbox 2265 3646 2298 3686; x_wconf 91' lang='lat' dir='ltr'><strong>a</strong></span> <span class='ocrx_word' id='word_1_713' title='bbox 2324 3643 2478 3704; x_wconf 90' lang='lat' dir='ltr'><strong>quo;</strong></span> <span class='ocrx_word' id='word_1_714' title='bbox 2511 3641 2628 3684; x_wconf 93' lang='lat' dir='ltr'><strong>non</strong></span> <span class='ocrx_word' id='word_1_715' title='bbox 2658 3630 2963 3698; x_wconf 86' lang='lat' dir='ltr'><strong>quantum,</strong></span> <span class='ocrx_word' id='word_1_716' title='bbox 2991 3623 3090 3683; x_wconf 87' lang='lat' dir='ltr'><strong>sed</strong></span> <span class='ocrx_word' id='word_1_717' title='bbox 3119 3640 3195 3684; x_wconf 84' lang='lat' dir='ltr'><strong>ex</strong></span> <span class='ocrx_word' id='word_1_718' title='bbox 3232 3632 3447 3700; x_wconf 89' lang='lat' dir='ltr'><strong>quanto</strong></span> <span class='ocrx_word' id='word_1_719' title='bbox 3470 3628 3663 3702; x_wconf 85' lang='lat' dir='ltr'><strong>profe-</strong></span> 
     </span>
    </p>
   </div>
   <div class='ocr_carea' id='block_1_98' title="bbox 1952 3716 2453 3785">
    <p class='ocr_par' dir='ltr' id='par_1_98' title="bbox 1952 3716 2453 3785">
     <span class='ocr_line' id='line_1_100' title="bbox 1952 3716 2453 3785; baseline -0.006 -8"><span class='ocrx_word' id='word_1_720' title='bbox 1952 3726 2127 3785; x_wconf 89' lang='lat' dir='ltr'><strong>ratur,</strong></span> <span class='ocrx_word' id='word_1_721' title='bbox 2159 3716 2453 3775; x_wconf 90' lang='lat' dir='ltr'><strong>attendite.</strong></span> 
     </span>
    </p>
   </div>
   <div class='ocr_carea' id='block_1_99' title="bbox 2538 3782 3105 3861">
    <p class='ocr_par' dir='ltr' id='par_1_99' title="bbox 2538 3782 3105 3861">
     <span class='ocr_line' id='line_1_101' title="bbox 2538 3782 3105 3861; baseline -0.002 -19"><span class='ocrx_word' id='word_1_722' title='bbox 2538 3783 2906 3844; x_wconf 86' lang='lat' dir='ltr'><strong>EPISTOLA</strong></span> <span class='ocrx_word' id='word_1_723' title='bbox 2945 3782 3105 3861; x_wconf 52' lang='lat' dir='ltr'><strong>v11,</strong></span> 
     </span>
    </p>
   </div>
   <div class='ocr_carea' id='block_1_100' title="bbox 2413 3875 3194 3924">
    <p class='ocr_par' dir='ltr' id='par_1_100' title="bbox 2413 3875 3194 3924">
     <span class='ocr_line' id='line_1_102' title="bbox 2413 3875 3194 3924; baseline -0.001 -1"><span class='ocrx_word' id='word_1_724' title='bbox 2413 3878 2489 3924; x_wconf 85' lang='lat' dir='ltr'><strong>AD</strong></span> <span class='ocrx_word' id='word_1_725' title='bbox 2534 3875 2867 3923; x_wconf 76' lang='lat' dir='ltr'><strong>ALTIZONEM</strong></span> <span class='ocrx_word' id='word_1_726' title='bbox 2902 3875 3194 3923; x_wconf 78' lang='lat' dir='ltr'><strong>ABBATEM.</strong></span> 
     </span>
    </p>
   </div>
   <div class='ocr_carea' id='block_1_101' title="bbox 1950 3951 3664 4027">
    <p class='ocr_par' dir='ltr' id='par_1_101' title="bbox 1950 3951 3664 4027">
     <span class='ocr_line' id='line_1_103' title="bbox 1950 3951 3664 4027; baseline -0.002 -9"><span class='ocrx_word' id='word_1_727' title='bbox 1950 3961 2395 4018; x_wconf 76' lang='lat' dir='ltr'><strong>ARGUMENTUM.</strong></span> <span class='ocrx_word' id='word_1_728' title='bbox 2415 3986 2481 3995; x_wconf 94' lang='lat'><strong>—</strong></span> <span class='ocrx_word' id='word_1_729' title='bbox 2515 3951 2764 4011; x_wconf 83' lang='lat' dir='ltr'><strong>Altizoni</strong></span> <span class='ocrx_word' id='word_1_730' title='bbox 2790 3951 2982 4027; x_wconf 80' lang='lat' dir='ltr'><strong>abbati</strong></span> <span class='ocrx_word' id='word_1_731' title='bbox 3010 3952 3210 4027; x_wconf 80' lang='lat' dir='ltr'><strong>scribit</strong></span> <span class='ocrx_word' id='word_1_732' title='bbox 3235 3952 3535 4027; x_wconf 11' lang='lat' dir='ltr'><strong>sepm&#39;agno</strong></span> <span class='ocrx_word' id='word_1_733' title='bbox 3563 3957 3664 4014; x_wconf 83' lang='lat' dir='ltr'><strong>do-</strong></span> 
     </span>
    </p>
   </div>
   <div class='ocr_carea' id='block_1_102' title="bbox 2016 4023 3663 4100">
    <p class='ocr_par' dir='ltr' id='par_1_102' title="bbox 2016 4023 3663 4100">
     <span class='ocr_line' id='line_1_104' title="bbox 2016 4023 3663 4100; baseline -0.001 -14"><span class='ocrx_word' id='word_1_734' title='bbox 2016 4030 2142 4100; x_wconf 85' lang='lat' dir='ltr'><strong>lore</strong></span> <span class='ocrx_word' id='word_1_735' title='bbox 2178 4027 2444 4100; x_wconf 76' lang='lat' dir='ltr'><strong>affectum</strong></span> <span class='ocrx_word' id='word_1_736' title='bbox 2491 4040 2634 4100; x_wconf 79' lang='lat' dir='ltr'><strong>esse,</strong></span> <span class='ocrx_word' id='word_1_737' title='bbox 2665 4024 2816 4100; x_wconf 86' lang='lat' dir='ltr'><strong>quod</strong></span> <span class='ocrx_word' id='word_1_738' title='bbox 2870 4023 2957 4100; x_wconf 81' lang='lat' dir='ltr'><strong>illi</strong></span> <span class='ocrx_word' id='word_1_739' title='bbox 3009 4040 3157 4100; x_wconf 88' lang='lat' dir='ltr'><strong>equo</strong></span> <span class='ocrx_word' id='word_1_740' title='bbox 3193 4023 3478 4100; x_wconf 72' lang='lat' dir='ltr'><strong>indigenti</strong></span> <span class='ocrx_word' id='word_1_741' title='bbox 3515 4042 3663 4100; x_wconf 78' lang='lat' dir='ltr'><strong>con-</strong></span> 
     </span>
    </p>
   </div>
   <div class='ocr_carea' id='block_1_103' title="bbox 2024 4095 3663 4171">
    <p class='ocr_par' dir='ltr' id='par_1_103' title="bbox 2024 4095 3663 4171">
     <span class='ocr_line' id='line_1_105' title="bbox 2024 4095 3663 4171; baseline 0 -15"><span class='ocrx_word' id='word_1_742' title='bbox 2024 4099 2210 4157; x_wconf 85' lang='lat' dir='ltr'><strong>festim</strong></span> <span class='ocrx_word' id='word_1_743' title='bbox 2242 4114 2359 4156; x_wconf 90' lang='lat' dir='ltr'><strong>non</strong></span> <span class='ocrx_word' id='word_1_744' title='bbox 2390 4095 2852 4171; x_wconf 77' lang='lat' dir='ltr'><strong>fueritlargitus,</strong></span> <span class='ocrx_word' id='word_1_745' title='bbox 2886 4095 3165 4171; x_wconf 77' lang='lat' dir='ltr'><strong>eiqu_e&#39;se,</strong></span> <span class='ocrx_word' id='word_1_746' title='bbox 3199 4095 3379 4170; x_wconf 71' lang='lat' dir='ltr'><strong>equds</strong></span> <span class='ocrx_word' id='word_1_747' title='bbox 3417 4113 3483 4156; x_wconf 91' lang='lat' dir='ltr'><strong>ac</strong></span> <span class='ocrx_word' id='word_1_748' title='bbox 3512 4096 3663 4156; x_wconf 89' lang='lat' dir='ltr'><strong>bona</strong></span> 
     </span>
    </p>
   </div>
   <div class='ocr_carea' id='block_1_104' title="bbox 2020 4166 3137 4229">
    <p class='ocr_par' dir='ltr' id='par_1_104' title="bbox 2020 4166 3137 4229">
     <span class='ocr_line' id='line_1_106' title="bbox 2020 4166 3137 4229; baseline -0.004 0"><span class='ocrx_word' id='word_1_749' title='bbox 2020 4171 2217 4229; x_wconf 92' lang='lat' dir='ltr'><strong>omnia</strong></span> <span class='ocrx_word' id='word_1_750' title='bbox 2246 4167 2579 4226; x_wconf 90' lang='lat' dir='ltr'><strong>monasterii</strong></span> <span class='ocrx_word' id='word_1_751' title='bbox 2612 4166 2923 4224; x_wconf 80' lang='lat' dir='ltr'><strong>liberaliter</strong></span> <span class='ocrx_word' id='word_1_752' title='bbox 2952 4166 3137 4224; x_wconf 78' lang='lat' dir='ltr'><strong>offert.</strong></span> 
     </span>
    </p>
   </div>
   <div class='ocr_carea' id='block_1_105' title="bbox 2034 4256 3662 4332">
    <p class='ocr_par' dir='ltr' id='par_1_105' title="bbox 2034 4256 3662 4332">
     <span class='ocr_line' id='line_1_107' title="bbox 2034 4256 3662 4332; baseline 0.001 -19"><span class='ocrx_word' id='word_1_753' title='bbox 2034 4256 2166 4313; x_wconf 87' lang='lat'><strong>191</strong></span> <span class='ocrx_word' id='word_1_754' title='bbox 2204 4258 2424 4316; x_wconf 91' lang='lat' dir='ltr'><strong>Domno</strong></span> <span class='ocrx_word' id='word_1_755' title='bbox 2463 4258 2532 4315; x_wconf 86' lang='lat' dir='ltr'><strong>A.</strong></span> <span class='ocrx_word' id='word_1_756' title='bbox 2565 4257 2799 4316; x_wconf 91' lang='lat' dir='ltr'><strong>domino</strong></span> <span class='ocrx_word' id='word_1_757' title='bbox 2829 4272 2954 4328; x_wconf 88' lang='lat' dir='ltr'><strong>suo,</strong></span> <span class='ocrx_word' id='word_1_758' title='bbox 2987 4256 3218 4317; x_wconf 79' lang='lat' dir='ltr'><strong>PETRUS</strong></span> <span class='ocrx_word' id='word_1_759' title='bbox 3249 4264 3504 4332; x_wconf 89' lang='lat' dir='ltr'><strong>peccator</strong></span> <span class='ocrx_word' id='word_1_760' title='bbox 3533 4272 3662 4316; x_wconf 55' lang='lat' dir='ltr'><strong>mo.</strong></span> 
     </span>
    </p>
   </div>
   <div class='ocr_carea' id='block_1_106' title="bbox 1952 4346 2735 4421">
    <p class='ocr_par' dir='ltr' id='par_1_106' title="bbox 1952 4346 2735 4421">
     <span class='ocr_line' id='line_1_108' title="bbox 1952 4346 2735 4421; baseline -0.004 -15"><span class='ocrx_word' id='word_1_761' title='bbox 1952 4349 2171 4407; x_wconf 88' lang='lat' dir='ltr'><strong>nachus</strong></span> <span class='ocrx_word' id='word_1_762' title='bbox 2201 4346 2487 4421; x_wconf 90' lang='lat' dir='ltr'><strong>quidquid</strong></span> <span class='ocrx_word' id='word_1_763' title='bbox 2514 4362 2735 4405; x_wconf 90' lang='lat' dir='ltr'><strong>servus.</strong></span> 
     </span>
    </p>
   </div>
   <div class='ocr_carea' id='block_1_107' title="bbox 2019 4436 3662 4507">
    <p class='ocr_par' dir='ltr' id='par_1_107' title="bbox 2019 4436 3662 4507">
     <span class='ocr_line' id='line_1_109' title="bbox 2019 4436 3662 4507; baseline 0.001 -12"><span class='ocrx_word' id='word_1_764' title='bbox 2019 4438 2390 4507; x_wconf 85' lang='lat' dir='ltr'><strong>Charissime,</strong></span> <span class='ocrx_word' id='word_1_765' title='bbox 2425 4437 2634 4495; x_wconf 90' lang='lat' dir='ltr'><strong>melius</strong></span> <span class='ocrx_word' id='word_1_766' title='bbox 2678 4437 2825 4494; x_wconf 90' lang='lat' dir='ltr'><strong>mihi</strong></span> <span class='ocrx_word' id='word_1_767' title='bbox 2871 4436 3098 4496; x_wconf 91' lang='lat' dir='ltr'><strong>videtur</strong></span> <span class='ocrx_word' id='word_1_768' title='bbox 3143 4436 3369 4496; x_wconf 88' lang='lat' dir='ltr'><strong>nullam</strong></span> <span class='ocrx_word' id='word_1_769' title='bbox 3414 4437 3662 4497; x_wconf 84' lang='lat' dir='ltr'><strong>Charita-</strong></span> 
     </span>
    </p>
   </div>
   <div class='ocr_carea' id='block_1_108' title="bbox 2992 4528 3659 4601">
    <p class='ocr_par' dir='ltr' id='par_1_108' title="bbox 2992 4528 3659 4601">
     <span class='ocr_line' id='line_1_110' title="bbox 2992 4528 3659 4601; baseline 0 -15"><span class='ocrx_word' id='word_1_770' title='bbox 2992 4535 3047 4586; x_wconf 91' lang='lat' dir='ltr'><strong>et</strong></span> <span class='ocrx_word' id='word_1_771' title='bbox 3099 4528 3454 4586; x_wconf 89' lang='lat' dir='ltr'><strong>tolerabilius</strong></span> <span class='ocrx_word' id='word_1_772' title='bbox 3517 4535 3659 4601; x_wconf 92' lang='lat' dir='ltr'><strong>puto</strong></span> 
     </span>
    </p>
   </div>
   <div class='ocr_carea' id='block_1_109' title="bbox 1946 4613 3659 4689">
    <p class='ocr_par' dir='ltr' id='par_1_109' title="bbox 1946 4613 3659 4689">
     <span class='ocr_line' id='line_1_111' title="bbox 1946 4613 3659 4689; baseline -0.001 -15"><span class='ocrx_word' id='word_1_773' title='bbox 1946 4616 2221 4689; x_wconf 80' lang='lat' dir='ltr'><strong>charitate</strong></span> <span class='ocrx_word' id='word_1_774' title='bbox 2252 4615 2570 4689; x_wconf 87' lang='lat' dir='ltr'><strong>quemlibet</strong></span> <span class='ocrx_word' id='word_1_775' title='bbox 2608 4630 2859 4673; x_wconf 89' lang='lat' dir='ltr'><strong>vacuum</strong></span> <span class='ocrx_word' id='word_1_776' title='bbox 2890 4631 3042 4683; x_wconf 91' lang='lat' dir='ltr'><strong>esse,</strong></span> <span class='ocrx_word' id='word_1_777' title='bbox 3077 4632 3254 4689; x_wconf 89' lang='lat' dir='ltr'><strong>quam</strong></span> <span class='ocrx_word' id='word_1_778' title='bbox 3308 4617 3435 4687; x_wconf 84' lang='lat' dir='ltr'><strong>ejus</strong></span> <span class='ocrx_word' id='word_1_779' title='bbox 3474 4613 3659 4688; x_wconf 91' lang='lat' dir='ltr'><strong>pleni-</strong></span> 
     </span>
    </p>
   </div>
   <div class='ocr_carea' id='block_1_110' title="bbox 1945 4684 3653 4777">
    <p class='ocr_par' dir='ltr' id='par_1_110' title="bbox 1945 4684 3653 4777">
     <span class='ocr_line' id='line_1_112' title="bbox 1945 4684 3653 4777; baseline -0.001 -16"><span class='ocrx_word' id='word_1_780' title='bbox 1945 4684 2205 4763; x_wconf 58' lang='lat' dir='ltr'><strong>tudine&#39;m</strong></span> <span class='ocrx_word' id='word_1_781' title='bbox 2258 4684 2554 4761; x_wconf 83' lang='lat' dir='ltr'><strong>simulare.</strong></span> <span class='ocrx_word' id='word_1_782' title='bbox 2589 4701 2699 4761; x_wconf 90' lang='lat' dir='ltr'><strong>Ubi</strong></span> <span class='ocrx_word' id='word_1_783' title='bbox 2744 4703 2903 4760; x_wconf 89' lang='lat' dir='ltr'><strong>enim</strong></span> <span class='ocrx_word' id='word_1_784' title='bbox 2947 4684 3109 4761; x_wconf 80' lang='lat' dir='ltr'><strong>nulla</strong></span> <span class='ocrx_word' id='word_1_785' title='bbox 3138 4684 3387 4762; x_wconf 79' lang='lat' dir='ltr'><strong>Charitas</strong></span> <span class='ocrx_word' id='word_1_786' title='bbox 3417 4684 3523 4773; x_wconf 76' lang='lat' dir='ltr'><strong>est,</strong></span> <span class='ocrx_word' id='word_1_787' title='bbox 3548 4718 3653 4777; x_wconf 89' lang='lat' dir='ltr'><strong>po-</strong></span> 
     </span>
    </p>
   </div>
   <div class='ocr_carea' id='block_1_111' title="bbox 1942 4790 3648 4866">
    <p class='ocr_par' dir='ltr' id='par_1_111' title="bbox 1942 4790 3648 4866">
     <span class='ocr_line' id='line_1_113' title="bbox 1942 4790 3648 4866; baseline -0.001 -15"><span class='ocrx_word' id='word_1_788' title='bbox 1942 4800 2049 4851; x_wconf 89' lang='lat' dir='ltr'><strong>test</strong></span> <span class='ocrx_word' id='word_1_789' title='bbox 2080 4809 2180 4866; x_wconf 90' lang='lat' dir='ltr'><strong>per</strong></span> <span class='ocrx_word' id='word_1_790' title='bbox 2221 4793 2485 4850; x_wconf 91' lang='lat' dir='ltr'><strong>divinam</strong></span> <span class='ocrx_word' id='word_1_791' title='bbox 2528 4792 2771 4865; x_wconf 83' lang='lat' dir='ltr'><strong>gratiam</strong></span> <span class='ocrx_word' id='word_1_792' title='bbox 2813 4790 2969 4849; x_wconf 90' lang='lat' dir='ltr'><strong>nasci</strong></span> <span class='ocrx_word' id='word_1_793' title='bbox 3003 4815 3016 4849; x_wconf 87' lang='lat'><strong>:</strong></span> <span class='ocrx_word' id='word_1_794' title='bbox 3056 4791 3157 4849; x_wconf 92' lang='lat' dir='ltr'><strong>ubi</strong></span> <span class='ocrx_word' id='word_1_795' title='bbox 3192 4807 3329 4850; x_wconf 91' lang='lat' dir='ltr'><strong>vero</strong></span> <span class='ocrx_word' id='word_1_796' title='bbox 3376 4792 3506 4850; x_wconf 87' lang='lat' dir='ltr'><strong>ﬁcta</strong></span> <span class='ocrx_word' id='word_1_797' title='bbox 3546 4800 3648 4863; x_wconf 90' lang='lat' dir='ltr'><strong>est,</strong></span> 
     </span>
    </p>
   </div>
   <div class='ocr_carea' id='block_1_112' title="bbox 1941 4864 3653 4956">
    <p class='ocr_par' dir='ltr' id='par_1_112' title="bbox 1941 4864 3653 4956">
     <span class='ocr_line' id='line_1_114' title="bbox 1941 4864 3653 4956; baseline 0.001 -17"><span class='ocrx_word' id='word_1_798' title='bbox 1941 4864 2056 4956; x_wconf 79' lang='lat' dir='ltr'><strong>quo</strong></span> <span class='ocrx_word' id='word_1_799' title='bbox 2083 4864 2393 4939; x_wconf 74' lang='lat' dir='ltr'><strong>veritatem</strong></span> <span class='ocrx_word' id='word_1_800' title='bbox 2432 4881 2543 4938; x_wconf 90' lang='lat' dir='ltr'><strong>sub</strong></span> <span class='ocrx_word' id='word_1_801' title='bbox 2580 4880 2841 4953; x_wconf 82' lang='lat' dir='ltr'><strong>figmenti</strong></span> <span class='ocrx_word' id='word_1_802' title='bbox 2878 4879 3066 4938; x_wconf 92' lang='lat' dir='ltr'><strong>colore</strong></span> <span class='ocrx_word' id='word_1_803' title='bbox 3105 4880 3407 4951; x_wconf 91' lang='lat' dir='ltr'><strong>mentitur,</strong></span> <span class='ocrx_word' id='word_1_804' title='bbox 3442 4895 3508 4939; x_wconf 89' lang='lat' dir='ltr'><strong>eo</strong></span> <span class='ocrx_word' id='word_1_805' title='bbox 3552 4889 3653 4940; x_wconf 89' lang='lat' dir='ltr'><strong>aut</strong></span> 
     </span>
    </p>
   </div>
   <div class='ocr_carea' id='block_1_113' title="bbox 1944 4969 3655 5045">
    <p class='ocr_par' dir='ltr' id='par_1_113' title="bbox 1944 4969 3655 5045">
     <span class='ocr_line' id='line_1_115' title="bbox 1944 4969 3655 5045; baseline 0.002 -19"><span class='ocrx_word' id='word_1_806' title='bbox 1944 4985 2244 5042; x_wconf 89' lang='lat' dir='ltr'><strong>nunquam</strong></span> <span class='ocrx_word' id='word_1_807' title='bbox 2309 4975 2409 5028; x_wconf 89' lang='lat' dir='ltr'><strong>aut</strong></span> <span class='ocrx_word' id='word_1_808' title='bbox 2466 4969 2762 5028; x_wconf 88' lang='lat' dir='ltr'><strong>difﬁcilius</strong></span> <span class='ocrx_word' id='word_1_809' title='bbox 2816 4970 3177 5029; x_wconf 89' lang='lat' dir='ltr'><strong>emendatur.</strong></span> <span class='ocrx_word' id='word_1_810' title='bbox 3234 4970 3469 5030; x_wconf 90' lang='lat' dir='ltr'><strong>Noverit</strong></span> <span class='ocrx_word' id='word_1_811' title='bbox 3520 4986 3655 5045; x_wconf 87' lang='lat' dir='ltr'><strong>ergo</strong></span> 
     </span>
    </p>
   </div>
   <div class='ocr_carea' id='block_1_114' title="bbox 1941 5059 3651 5135">
    <p class='ocr_par' dir='ltr' id='par_1_114' title="bbox 1941 5059 3651 5135">
     <span class='ocr_line' id='line_1_116' title="bbox 1941 5059 3651 5135; baseline 0.001 -19"><span class='ocrx_word' id='word_1_812' title='bbox 1941 5059 2276 5118; x_wconf 89' lang='lat' dir='ltr'><strong>dulcissima</strong></span> <span class='ocrx_word' id='word_1_813' title='bbox 2313 5059 2583 5118; x_wconf 90' lang='lat' dir='ltr'><strong>sanctitas</strong></span> <span class='ocrx_word' id='word_1_814' title='bbox 2624 5068 2829 5130; x_wconf 86' lang='lat' dir='ltr'><strong>vestra,</strong></span> <span class='ocrx_word' id='word_1_815' title='bbox 2860 5060 2996 5135; x_wconf 90' lang='lat' dir='ltr'><strong>quia</strong></span> <span class='ocrx_word' id='word_1_816' title='bbox 3042 5060 3291 5119; x_wconf 90' lang='lat' dir='ltr'><strong>multum</strong></span> <span class='ocrx_word' id='word_1_817' title='bbox 3334 5076 3427 5118; x_wconf 90' lang='lat' dir='ltr'><strong>me</strong></span> <span class='ocrx_word' id='word_1_818' title='bbox 3466 5059 3651 5135; x_wconf 69' lang='lat' dir='ltr'><strong>paeni-</strong></span> 
     </span>
    </p>
   </div>
   <div class='ocr_carea' id='block_1_115' title="bbox 1944 5145 3651 5222">
    <p class='ocr_par' dir='ltr' id='par_1_115' title="bbox 1944 5145 3651 5222">
     <span class='ocr_line' id='line_1_117' title="bbox 1944 5145 3651 5222; baseline 0.004 -20"><span class='ocrx_word' id='word_1_819' title='bbox 1944 5145 2069 5216; x_wconf 91' lang='lat' dir='ltr'><strong>tuit,</strong></span> <span class='ocrx_word' id='word_1_820' title='bbox 2100 5149 2375 5220; x_wconf 91' lang='lat' dir='ltr'><strong>quoniam</strong></span> <span class='ocrx_word' id='word_1_821' title='bbox 2423 5164 2557 5207; x_wconf 90' lang='lat' dir='ltr'><strong>cum</strong></span> <span class='ocrx_word' id='word_1_822' title='bbox 2610 5164 2712 5206; x_wconf 91' lang='lat' dir='ltr'><strong>vos</strong></span> <span class='ocrx_word' id='word_1_823' title='bbox 2756 5148 3035 5222; x_wconf 89' lang='lat' dir='ltr'><strong>conqueri</strong></span> <span class='ocrx_word' id='word_1_824' title='bbox 3089 5148 3445 5207; x_wconf 89' lang='lat' dir='ltr'><strong>caballorum</strong></span> <span class='ocrx_word' id='word_1_825' title='bbox 3494 5150 3651 5208; x_wconf 90' lang='lat' dir='ltr'><strong>indi-</strong></span> 
     </span>
    </p>
   </div>
   <div class='ocr_carea' id='block_1_116' title="bbox 1942 5236 3651 5311">
    <p class='ocr_par' dir='ltr' id='par_1_116' title="bbox 1942 5236 3651 5311">
     <span class='ocr_line' id='line_1_118' title="bbox 1942 5236 3651 5311; baseline 0.003 -19"><span class='ocrx_word' id='word_1_826' title='bbox 1942 5236 2197 5308; x_wconf 88' lang='lat' dir='ltr'><strong>gentiam</strong></span> <span class='ocrx_word' id='word_1_827' title='bbox 2226 5236 2446 5309; x_wconf 86' lang='lat' dir='ltr'><strong>audivi,</strong></span> <span class='ocrx_word' id='word_1_828' title='bbox 2479 5238 2550 5295; x_wconf 93' lang='lat' dir='ltr'><strong>de</strong></span> <span class='ocrx_word' id='word_1_829' title='bbox 2593 5254 2719 5295; x_wconf 92' lang='lat' dir='ltr'><strong>meo</strong></span> <span class='ocrx_word' id='word_1_830' title='bbox 2754 5239 3015 5311; x_wconf 90' lang='lat' dir='ltr'><strong>protinus</strong></span> <span class='ocrx_word' id='word_1_831' title='bbox 3055 5253 3169 5297; x_wconf 93' lang='lat' dir='ltr'><strong>non</strong></span> <span class='ocrx_word' id='word_1_832' title='bbox 3207 5238 3495 5309; x_wconf 89' lang='lat' dir='ltr'><strong>descendi,</strong></span> <span class='ocrx_word' id='word_1_833' title='bbox 3536 5254 3651 5299; x_wconf 91' lang='lat' dir='ltr'><strong>non</strong></span> 
     </span>
    </p>
   </div>
   <div class='ocr_carea' id='block_1_117' title="bbox 1949 5324 3650 5403">
    <p class='ocr_par' dir='ltr' id='par_1_117' title="bbox 1949 5324 3650 5403">
     <span class='ocr_line' id='line_1_119' title="bbox 1949 5324 3650 5403; baseline 0.002 -20"><span class='ocrx_word' id='word_1_834' title='bbox 1949 5324 2247 5383; x_wconf 90' lang='lat' dir='ltr'><strong>ultroneus</strong></span> <span class='ocrx_word' id='word_1_835' title='bbox 2268 5325 2467 5384; x_wconf 91' lang='lat' dir='ltr'><strong>ambos</strong></span> <span class='ocrx_word' id='word_1_836' title='bbox 2492 5324 2676 5384; x_wconf 92' lang='lat' dir='ltr'><strong>obtuli</strong></span> <span class='ocrx_word' id='word_1_837' title='bbox 2711 5349 2723 5383; x_wconf 89' lang='lat'><strong>:</strong></span> <span class='ocrx_word' id='word_1_838' title='bbox 2756 5334 2811 5382; x_wconf 90' lang='lat' dir='ltr'><strong>et</strong></span> <span class='ocrx_word' id='word_1_839' title='bbox 2844 5325 3012 5397; x_wconf 89' lang='lat' dir='ltr'><strong>velle,</strong></span> <span class='ocrx_word' id='word_1_840' title='bbox 3046 5327 3222 5399; x_wconf 91' lang='lat' dir='ltr'><strong>nolle,</strong></span> <span class='ocrx_word' id='word_1_841' title='bbox 3256 5336 3308 5387; x_wconf 88' lang='lat' dir='ltr'><strong>te</strong></span> <span class='ocrx_word' id='word_1_842' title='bbox 3340 5328 3650 5403; x_wconf 88' lang='lat' dir='ltr'><strong>suscipere,</strong></span> 
     </span>
    </p>
   </div>
   <div class='ocr_carea' id='block_1_118' title="bbox 1948 5414 3651 5492">
    <p class='ocr_par' dir='ltr' id='par_1_118' title="bbox 1948 5414 3651 5492">
     <span class='ocr_line' id='line_1_120' title="bbox 1948 5414 3651 5492; baseline 0.002 -20"><span class='ocrx_word' id='word_1_843' title='bbox 1948 5430 2063 5472; x_wconf 93' lang='lat' dir='ltr'><strong>non</strong></span> <span class='ocrx_word' id='word_1_844' title='bbox 2091 5414 2268 5489; x_wconf 90' lang='lat' dir='ltr'><strong>coegi.</strong></span> <span class='ocrx_word' id='word_1_845' title='bbox 2299 5414 2408 5473; x_wconf 90' lang='lat' dir='ltr'><strong>Sed</strong></span> <span class='ocrx_word' id='word_1_846' title='bbox 2434 5415 2584 5473; x_wconf 88' lang='lat' dir='ltr'><strong>inter</strong></span> <span class='ocrx_word' id='word_1_847' title='bbox 2601 5416 2725 5473; x_wconf 67' lang='lat' dir='ltr'><strong>haec</strong></span> <span class='ocrx_word' id='word_1_848' title='bbox 2750 5415 2895 5473; x_wconf 90' lang='lat' dir='ltr'><strong>illud</strong></span> <span class='ocrx_word' id='word_1_849' title='bbox 2923 5432 3154 5492; x_wconf 90' lang='lat' dir='ltr'><strong>quoque</strong></span> <span class='ocrx_word' id='word_1_850' title='bbox 3182 5432 3295 5478; x_wconf 89' lang='lat' dir='ltr'><strong>non</strong></span> <span class='ocrx_word' id='word_1_851' title='bbox 3330 5420 3456 5477; x_wconf 90' lang='lat' dir='ltr'><strong>sine</strong></span> <span class='ocrx_word' id='word_1_852' title='bbox 3480 5434 3651 5476; x_wconf 89' lang='lat' dir='ltr'><strong>causa</strong></span> 
     </span>
    </p>
   </div>
   <div class='ocr_carea' id='block_1_119' title="bbox 1945 5503 3654 5582">
    <p class='ocr_par' dir='ltr' id='par_1_119' title="bbox 1945 5503 3654 5582">
     <span class='ocr_line' id='line_1_121' title="bbox 1945 5503 3654 5582; baseline 0.002 -20"><span class='ocrx_word' id='word_1_853' title='bbox 1945 5503 2260 5574; x_wconf 88' lang='lat' dir='ltr'><strong>considero,</strong></span> <span class='ocrx_word' id='word_1_854' title='bbox 2294 5504 2430 5578; x_wconf 89' lang='lat' dir='ltr'><strong>quia</strong></span> <span class='ocrx_word' id='word_1_855' title='bbox 2458 5504 2682 5563; x_wconf 89' lang='lat' dir='ltr'><strong>dudum</strong></span> <span class='ocrx_word' id='word_1_856' title='bbox 2712 5521 2869 5564; x_wconf 91' lang='lat' dir='ltr'><strong>nunc</strong></span> <span class='ocrx_word' id='word_1_857' title='bbox 2898 5522 2998 5565; x_wconf 91' lang='lat' dir='ltr'><strong>cor</strong></span> <span class='ocrx_word' id='word_1_858' title='bbox 3029 5523 3219 5566; x_wconf 90' lang='lat' dir='ltr'><strong>meum</strong></span> <span class='ocrx_word' id='word_1_859' title='bbox 3250 5522 3320 5567; x_wconf 87' lang='lat' dir='ltr'><strong>ex</strong></span> <span class='ocrx_word' id='word_1_860' title='bbox 3352 5509 3459 5567; x_wconf 90' lang='lat' dir='ltr'><strong>hac</strong></span> <span class='ocrx_word' id='word_1_861' title='bbox 3485 5509 3654 5582; x_wconf 90' lang='lat' dir='ltr'><strong>culpa</strong></span> 
     </span>
    </p>
   </div>
   <div class='ocr_carea' id='block_1_120' title="bbox 1947 5595 3653 5672">
    <p class='ocr_par' dir='ltr' id='par_1_120' title="bbox 1947 5595 3653 5672">
     <span class='ocr_line' id='line_1_122' title="bbox 1947 5595 3653 5672; baseline 0.002 -19"><span class='ocrx_word' id='word_1_862' title='bbox 1947 5602 2100 5661; x_wconf 81' lang='lat' dir='ltr'><strong>tanto</strong></span> <span class='ocrx_word' id='word_1_863' title='bbox 2127 5595 2484 5667; x_wconf 67' lang='lat' dir='ltr'><strong>paenitentiae</strong></span> <span class='ocrx_word' id='word_1_864' title='bbox 2511 5596 2713 5654; x_wconf 86' lang='lat' dir='ltr'><strong>ardore</strong></span> <span class='ocrx_word' id='word_1_865' title='bbox 2750 5596 3109 5671; x_wconf 88' lang='lat' dir='ltr'><strong>decoquitur,</strong></span> <span class='ocrx_word' id='word_1_866' title='bbox 3142 5605 3197 5657; x_wconf 89' lang='lat' dir='ltr'><strong>et</strong></span> <span class='ocrx_word' id='word_1_867' title='bbox 3238 5612 3351 5658; x_wconf 88' lang='lat' dir='ltr'><strong>non</strong></span> <span class='ocrx_word' id='word_1_868' title='bbox 3381 5598 3653 5672; x_wconf 83' lang='lat' dir='ltr'><strong>implesse</strong></span> 
     </span>
    </p>
   </div>
  </div>
