4024 6198
374 271 477 334 387

374 486 716 555 mordente,
787 492 1053 556 tanquam
1137 496 1330 538 verme
1408 482 1643 539 rodente
1674 526 1688 551 ,
1742 480 2082 554 gravissime

373 576 736 634 lamentatur.
784 573 912 631 Post
953 571 1258 627 transitum
1303 570 1475 641 hujus
1526 570 1660 627 vita
1705 569 1844 642 quid
1889 568 2077 636 faciet,

371 666 473 740 qui
499 674 723 737 tempus
751 661 1152 734 impendenda
1184 659 1477 717 cbaritatis
1505 660 1800 717 efﬂuxisse
1825 657 2075 726 deﬂebit,

372 761 427 813 et
464 762 651 812 tamen
694 750 1105 824 negligentiam
1144 765 1309 807 suam
1341 750 1648 806 emendare
1684 764 1797 807 non
1840 748 2068 822 poterit;

372 843 508 917 quia
557 847 779 912 tempus
823 837 1166 910 acceptabile
1212 845 1268 895 et
1319 838 1472 896 diem
1524 837 1727 895 salutis
1762 837 1956 894 amisit
2011 836 2084 908 (II

373 933 490 989 Cor.
521 928 640 993 VI)?
673 928 734 987 Si
777 928 934 985 enim
977 932 1092 984 tam
1134 942 1307 997 grave
1355 933 1410 983 et
1447 942 1714 983 amarum
1757 923 1937 982 menti
1974 939 2079 980 no-

372 1025 505 1078 stra
533 1018 761 1075 videtur
795 1016 889 1073 hic
925 1031 1206 1087 peccasse,
1240 1015 1343 1073 ubi
1370 1030 1683 1087 possumus
1720 1014 1911 1071 adhuc
1948 1028 2078 1085 pec-

372 1116 496 1165 cata
527 1106 844 1177 corrigere;
887 1105 1027 1176 quid
1072 1104 1192 1162 illic
1230 1105 1519 1175 agendum
1557 1103 1681 1173 erit,
1715 1104 1815 1161 ubi
1856 1111 2079 1161 reatum

374 1210 549 1254 suum
578 1210 750 1253 nemo
777 1193 980 1267 poterit
1007 1191 1363 1250 emendare?
1398 1191 1507 1250 Sed
1558 1194 1677 1251 hac
1715 1192 1877 1250 alias.
1916 1193 2084 1251 Nunc

372 1292 586 1352 autem,
619 1282 1010 1350 dilectissime,
1041 1283 1089 1339 si
1124 1297 1341 1355 equum
1396 1282 1571 1339 habes
1607 1282 1936 1349 inventum,
1966 1281 2083 1339 Deo

373 1370 915 1443 gratias:alioquin
947 1369 995 1426 si
1023 1369 1216 1427 adhuc
1260 1369 1435 1435 deest,
1465 1370 1627 1426 mitte
1674 1370 1743 1426 ad
1793 1385 1896 1427 nos
1948 1384 2083 1427 cum

371 1459 487 1517 tuis
512 1458 717 1515 litteris
744 1458 1117 1525 monachum,
1147 1459 1249 1530 qui
1292 1472 1492 1514 omnes
1531 1465 1774 1526 nostros,
1806 1464 1861 1513 et
1903 1472 2085 1531 equos

370 1555 425 1605 et
464 1548 650 1605 mulos
688 1546 923 1604 solerter
968 1546 1220 1617 aspiciat,
1252 1553 1307 1601 et
1352 1545 1583 1619 qualem
1621 1546 1729 1603 sibi
1778 1547 2080 1620 placuerit,

374 1639 551 1698 tollat.
588 1637 835 1695 Pallium
887 1636 1059 1694 etiam
1106 1636 1391 1709 optimum
1444 1635 1745 1706 habemus,
1786 1638 1941 1711 quod
1986 1654 2087 1709 per

904 269 962 328 S.
1006 268 1227 328 PETRI
1266 267 1587 327 DAMIANI
1626 264 1783 325 OPP.
1829 263 2018 322 PARS
2059 264 2197 329 SEU
2240 268 2497 332 TOMUS
2532 271 2579 331 Ι.
2624 304 2688 315 --
2729 270 2961 331 EPIST.
3008 271 3150 330 LIB.
3194 270 3345 329 VIII.

372 398 665 457 cbaritatis
731 394 987 454 ofﬁcium
1044 393 1428 467 suspirando,
1481 399 1538 451 et
1582 390 1933 450 conscientia
1990 394 2308 467 re-A(Gen.
2356 400 2594 470 XXXIII).
2645 396 2755 455 Sed
2804 402 2934 454 nota
2981 396 3135 469 quod
3182 395 3450 469 sequitur

3774 270 3881 329 388

3503 414 3520 454 :
3576 418 3602 450 «
3636 396 3859 454 Idcirco

2168 486 2378 560 inquit,
2407 485 2686 560 percussit
2707 500 2839 543 eum
2866 483 3171 555 Dominus,
3204 498 3270 541 eo
3300 482 3458 556 quod
3490 500 3609 541 rem
3643 450 3877 543 detestaf

2166 573 2339 632 bilem
2385 574 2609 631 faceret.
2644 594 2670 624 »
2706 572 2916 630 Horres
2966 571 3145 639 enim,
3181 577 3353 644 atque
3384 571 3625 640 fastidis,
3660 579 3724 629 ut
3773 571 3877 645 qui

2160 674 2295 725 sunt
2324 665 2649 733 Gebizonis,
2683 662 2830 720 Petri
2872 661 3140 720 dicantur
3170 676 3295 719 esse
3332 661 3602 734 discipuli
3635 686 3649 719 :
3688 668 3745 719 et
3776 661 3878 734 qui

2162 755 2510 827 singularem
2553 752 2797 828 gloriam
2824 751 3062 825 quaris,
3098 750 3309 807 famam
3339 749 3422 807 tui
3466 750 3716 809 nominis
3741 766 3880 810 cum

2159 844 2273 902 alio
2297 843 2657 917 participare,
2681 848 2915 899 cateros
2941 838 3282 911 despiciens,
3315 838 3623 897 erubescis.
3668 838 3875 896 Enim-

2161 949 2296 993 vero
2323 932 2499 992 sacris
2524 930 2844 989 canonihus
2870 932 3104 986 cautum
3138 934 3222 984 est
3249 938 3394 991 (can.
3429 930 3751 999 Requisisti,
3782 927 3876 997 33,

2162 1040 2218 1098 q.
2256 1024 2318 1096 l),
2352 1030 2415 1080 ut
2439 1020 2703 1097 quisquis
2732 1018 2977 1092 frigidus
3004 1033 3138 1077 cum
3162 1032 3345 1075 uxore
3383 1017 3537 1074 coire
3576 1033 3690 1076 non
3723 1032 3876 1091 pra-

2164 1112 2331 1180 valet,
2366 1113 2471 1168 hac
2523 1116 2710 1183 spreta
2754 1107 3015 1181 repudio,
3045 1108 3115 1163 ad
3163 1104 3442 1163 secundas
3486 1104 3718 1177 nuptias
3755 1119 3874 1162 non

2167 1199 2551 1271 transmigrat.
2586 1197 2953 1269 Figmentum
2983 1193 3197 1268 quippe
3226 1192 3338 1250 fuit
3374 1208 3507 1250 cum
3540 1193 3724 1265 prima
3757 1208 3877 1250 non

2168 1288 2421 1362 potuisse
2450 1287 2858 1351 concumbere,
2896 1283 2945 1341 si
2976 1281 3127 1339 valet
3156 1296 3289 1339 cum
3328 1280 3506 1338 altera
3540 1281 3873 1338 convenire.

2166 1377 2256 1435 Tu
2284 1377 2478 1446 etiam,
2510 1375 2557 1433 si
2597 1373 2716 1432 illic
2760 1371 2977 1431 sufﬁcis
3003 1369 3505 1442 congregationem
3533 1384 3749 1443 regere,
3782 1368 3879 1426 hic

2165 1466 2337 1524 etiam
2372 1463 2610 1537 potuisti
2644 1482 2655 1520 :
2685 1461 2784 1519 sed
2812 1461 2964 1518 hanc
2990 1474 3128 1517 cum
3150 1473 3350 1533 gerere
3379 1457 3680 1531 potuisses,
3703 1456 3877 1515 adul-

2168 1557 2352 1615 terino
2378 1553 2642 1629 perfugio
2677 1553 2749 1611 ad
2793 1550 3001 1609 aliena
3033 1556 3086 1608 te
3114 1547 3575 1621 congregationis
3614 1546 3875 1621 regimen

2170 1644 2534 1702 transtulisti.
2596 1640 2771 1699 Unde,
2808 1656 2925 1697 non
2972 1639 3160 1711 debes
3188 1644 3403 1705 tenere,
3456 1650 3633 1710 quam
3678 1635 3877 1706 habes,

372 1728 642 1807 eumdem
670 1724 944 1783 nuntium
971 1723 1135 1781 νοὺίε
1160 1723 1404 1816 allatum
1433 1722 1558 1816 1009
1576 1725 1841 1816 ⁸βίὲηονίε
1871 1727 2080 1799 ροηίῐθ.
2108 1736 2269 1816 Bqui
2324 1732 2581 1805 legitima
2620 1746 2804 1789 uxore
2852 1735 3197 1802 contempta,
3247 1727 3531 1786 meretrici
3577 1725 3880 1798 copulatus

371 1826 428 1877 et
454 1833 674 1893 equum
718 1816 881 1873 vobis
912 1816 1161 1873 alterum
1192 1814 1509 1887 providete.
1543 1814 1741 1888 Neque
1783 1817 1940 1874 enim
1982 1818 2084 1875 de-
2110 1814 2143 1816 γ
2168 1825 2449 1891 admei-es,
2496 1821 2817 1894 prasertim
2862 1834 2996 1878 cum
3043 1818 3319 1876 canonica
3364 1832 3567 1876 rursus
3609 1816 3882 1873 decernat

372 1913 477 1976 cet,
512 1914 578 1963 ut
604 1904 705 1979 qui
740 1903 945 1977 spiritu
974 1902 1091 1960 Deo
1126 1902 1440 1973 servimus,
1483 1912 1715 1976 propter
1746 1905 1827 1961 rei
1868 1912 2085 1979 tempo-

373 1997 512 2054 ralis
540 1995 797 2067 inopiam
818 1992 988 2050 donis
1018 2006 1328 2064 pravorum
1357 1991 1665 2048 hominum
1709 1999 1932 2050 nostras
1954 1994 2086 2051 ani-

377 2100 501 2142 mas
536 2082 933 2155 inquinemus.
971 2079 1045 2137 Ut
1084 2085 1299 2143 autem,
1338 2094 1469 2151 qua
1514 2080 1783 2147 dicimus,
1818 2081 2088 2139 simulata

375 2190 491 2232 non
518 2171 737 2241 credas,
765 2172 812 2227 si
856 2170 1094 2229 aliunde
1141 2184 1255 2226 non
1308 2170 1484 2227 habes
1516 2189 1527 2226 :
1561 2177 1617 2227 et
1664 2186 1800 2243 qua
1844 2171 2087 2230 libenter

374 2262 691 2324 offerimus,
741 2265 937 2316 nostra
989 2272 1103 2315 non
1156 2257 1357 2315 tollis:
1396 2265 1460 2316 ut
1498 2259 1568 2315 de
1621 2260 1799 2332 teipso
1854 2276 2087 2336 quoque

375 2350 686 2409 debeamus
734 2347 953 2420 absque
1008 2345 1128 2403 ulla
1185 2344 1477 2404 dubietate
1530 2362 1900 2420 prasumere,
1937 2349 2083 2407 titiu-

373 2439 520 2496 ciam
550 2436 860 2495 subtrahis.
895 2434 1062 2491 Absit
1094 2434 1271 2503 enim,
1308 2442 1373 2492 ut
1409 2450 1545 2492 cum
1592 2451 1708 2508 quo
1739 2437 1884 2493 mihi
1926 2453 2089 2495 mens

375 2534 460 2583 est
507 2541 643 2594 una,
678 2531 904 2579 terrena
956 2522 1277 2578 substantia
1327 2522 1401 2577 sit
1442 2520 1656 2590 divisa;
1691 2529 1746 2578 et
1792 2523 1877 2579 illi
1924 2531 2084 2580 exte-

380 2614 529 2672 riora
560 2610 835 2686 qualibet
877 2609 1155 2681 denegem
1196 2624 1297 2681 pro
1334 2625 1449 2682 quo
1478 2610 1650 2668 etiam
1693 2613 1836 2668 mori
1882 2613 2086 2670 merito

382 2718 495 2759 non
564 2700 949 2770 ambigerem,
1002 2697 1052 2755 si
1122 2698 1430 2755 necessitas
1480 2698 1827 2757 immineret.
1881 2699 2086 2770 Onaso

378 2798 576 2849 autem
634 2796 697 2846 ut
749 2787 1084 2845 breviculus
1133 2786 1240 2843 iste
1286 2802 1403 2844 non
1450 2794 1657 2858 pereat,
1693 2788 1789 2846 sed
1833 2790 1894 2846 in
1942 2790 2092 2848 libro

378 2877 640 2953 quolibet
676 2875 1114 2946 transcribatur,
1150 2881 1214 2931 ut
1248 2874 1574 2933 devotionis
1618 2892 1763 2934 mea
1798 2877 1946 2935 circa
1989 2893 2093 2937 vos

383 2965 660 3023 memoria
689 2969 1084 3021 conservetur.

955 3049 1323 3110 EPISTULA
1350 3050 1505 3110 VIII.

983 3145 1060 3191 AD
1111 3145 1163 3190 Β.
1200 3143 1489 3191 ABBATEM.

678 3215 942 3282 (Habetur
972 3219 1102 3269 tom.
1135 3217 1232 3277 III,
1260 3219 1444 3283 estque
1476 3231 1662 3286 opusc.
1692 3214 1805 3284 21.)

900 3300 1040 3358 192
1074 3300 1439 3360 EPISTOLA
1470 3302 1569 3360 IX.
1776 3364 1777 3367 η

616 3397 714 3443 AD
794 3394 1326 3442 GEBIZONEM
1393 3395 1846 3442 ABBATEM.

386 3477 831 3533 AuGUMENTUM.
855 3504 919 3513 —
942 3470 1289 3529 Gebizonem
1317 3471 1664 3529 monachum
1694 3472 1980 3533 superbia
2003 3488 2096 3529 ar-

460 3547 603 3621 guit,
631 3543 988 3621 quippeuqui
1039 3544 1418 3621 eremitarum.
1453 3557 1650 3600 curam
1694 3560 1726 3600 a
1756 3543 1830 3621 _S.
1872 3543 2098 3601 doctore

465 3614 753 3675 traditam‘
776 3614 1124 3687 reliquisset,
1155 3620 1223 3672 ut
1258 3614 1421 3671 alteri
1463 3615 1807 3687 monasterio
1844 3622 2100 3671 recenter

461 3705 494 3745 a
522 3702 627 3746 suo
666 3688 838 3744 fratre
876 3685 1201 3757 constructo
1239 3692 1546 3757 praessetg;
1582 3685 1846 3757 ambiens
1882 3687 2101 3742 scilicet

462 3758 876 3829 monachorum
919 3756 1214 3813 institutor
1241 3754 1546 3829 appellari.
1607 3755 1988 3829 Detegitgejus
2028 3757 2096 3813 fi-

465 3840 614 3888 ctam
641 3828 1051 3895 humilitatem,
1072 3833 1243 3899 atque
1267 3825 1602 3899 gravitatem
1629 3825 1956 3885 crin'iinisos
1973 3834 2097 3884 ten-

460 3901 561 3958 dit.
594 3900 680 3957 Ad
712 3904 1036 3956 extremum
1067 3897 1327 3970 imperat,
1356 3902 1419 3953 ut
1445 3903 1544 3953 aut
1568 3897 2101 3970 depositumeremi

458 3971 717 4047 regimen
762 3974 1036 4047 resumat,
1064 3975 1165 4025 aut
1206 3969 1268 4023 in
1312 3968 1660 4025 monasterio
1711 3969 1821 4027 sub
1863 3969 2101 4028 alterius

464 4041 773 4116 disciplina
801 4041 978 4097 vivat.

462 4130 647 4190 Fratri
699 4129 974 4188 GEBIZONI
1024 4127 1255 4185 PETRUS
1294 4134 1550 4200 peccator
1596 4129 1913 4188 monachus
1952 4129 2102 4187 salu-

395 4233 506 4279 tem
516 4264 529 4278 .

466 4306 802 4381 Prodigium
845 4311 1016 4381 atque
1061 4314 1411 4381 portentum,
1474 4308 1662 4369 frater.
1709 4308 1937 4365 videtur
1973 4323 2100 4365 esse

397 4397 555 4472 quod
611 4398 735 4471 agis
778 4420 791 4454 :

2168 1913 2475 1972 auctoritas
2508 1914 2641 1983 (tex.
2677 1910 2735 1967 in
2788 1925 2838 1967 c.
2891 1911 3123 1977 Quanto,
3153 1911 3231 1964 De
3282 1908 3536 1963 transiet.
3596 1907 3879 1977 episcopi),

2172 2008 2238 2060 ut
2277 2000 2381 2073 qui
2422 1999 2492 2057 de
2545 2013 2662 2056 una
2708 1995 2962 2054 Ecclesia
3009 1994 3376 2069 transmigrat
3416 1993 3483 2051 ad
3531 1990 3796 2062 alteram,
3827 1998 3882 2048 et

2171 2092 2269 2149 illa
2298 2097 2486 2149 careat
2515 2103 2689 2161 quam
2735 2085 3077 2159 contempsit
3107 2105 3120 2144 :
3151 2092 3204 2144 et
3245 2102 3373 2144 eam
3424 2082 3763 2145 nullatenus
3798 2091 3885 2141 te-

2171 2187 2303 2238 neat
2359 2193 2533 2253 quam
2579 2175 2803 2234 noviter
2849 2173 3175 2248 acquisivit.
3213 2174 3420 2232 Ambis
3463 2173 3632 2246 plane
3686 2174 3883 2245 priva-

2170 2275 2294 2328 tum
2351 2266 2599 2341 propria
2653 2265 2855 2339 gloria
2908 2279 3119 2323 nomen
3172 2265 3490 2338 acquirere,
3551 2263 3885 2338 dedignaris

2170 2355 2358 2414 alieno
2415 2352 2635 2411 nomini
2696 2352 2950 2412 sobolem
3002 2367 3319 2425 procreare.
3386 2351 3481 2410 Sic
3531 2358 3589 2409 et
3640 2351 3760 2419 ille,
3789 2352 3885 2409 cui

2164 2444 2298 2517 jure
2342 2440 2789 2515 pr0pinquitatis
2828 2440 3085 2512 accipere
3130 2440 3284 2498 Ruth
3331 2438 3685 2512 competebat
3730 2453 3886 2496 uxo-

2169 2547 2288 2590 rem
2334 2550 2345 2588 :
2395 2554 2415 2581 ι
2450 2530 2620 2598 Cedo,
2677 2528 2890 2602 inquit,
2947 2526 3017 2585 ad
3075 2526 3223 2586 Booz
3265 2527 3386 2600 juri
3435 2526 3888 2602 propinquitatis

2171 2624 2354 2694 (Ruth.
2384 2623 2481 2693 IV).
2519 2640 2547 2673 »
2586 2619 2782 2692 Neque
2821 2618 2980 2676 enim
3027 2618 3413 2690 posteritatem
3448 2617 3689 2676 familia
3736 2633 3886 2677 mea

2167 2709 2358 2767 delere
2428 2709 2627 2766 debeo.
2703 2707 2808 2765 Ille
2866 2706 3083 2780 quippe
3139 2722 3361 2777 vanus,
3414 2713 3471 2766 et
3521 2707 3720 2781 gloria
3778 2724 3888 2767 cu-

2174 2800 2365 2873 pidus,
2424 2797 2655 2871 proprio
2728 2798 2953 2856 nomini
3018 2797 3403 2872 posteritatem
3467 2799 3710 2858 familia
3788 2816 3885 2860 co-

2175 2889 2420 2947 nabatur
2470 2885 2611 2941 193
2658 2887 2994 2957 extendere;
3030 2888 3179 2947 Booz
3226 2895 3441 2960 autem,
3468 2888 3561 2947 vir
3589 2888 3784 2949 bonus
3833 2897 3887 2948 et

2168 2982 2382 3054 justus,
2436 2977 2647 3035 famam
2694 2976 2911 3050 prOprii
2964 2977 3219 3036 nominis
3266 2978 3711 3052 parvipendens,
3740 2978 3889 3038 divi-

2112 3083 2267 3170 cna
2322 3063 2910 3170 taptummodonlegis
2957 3071 3261 3166 contentus
3315 3070 3401 3124 est
3452 3066 3724 3125 mandata
3775 3082 3890 3127 ser-

2175 3173 2333 3215 vare.
2368 3156 2477 3215 Sed
2516 3171 2646 3214 ecce
2692 3154 2875 3221 illius,
2906 3155 3007 3229 qui
3052 3171 3216 3213 suam
3263 3161 3385 3227 post
3436 3171 3496 3214 se
3543 3156 3890 3215 memoriam

2175 3244 2481 3302 anhelabat
2500 3243 2559 3301 in
2583 3242 2911 3316 posteritate
2938 3243 3280 3317 relinquere,
3308 3259 3380 3301 ne
3408 3259 3619 3301 nomen
3646 3244 3888 3317 quidem

2177 3333 2540 3406 agnoscitur;
2572 3333 2667 3389 hic
2692 3338 2884 3389 autem
2921 3346 3039 3389 non
3074 3331 3263 3389 solum
3290 3331 3351 3388 in
3389 3330 3655 3401 Patrum,
3692 3332 3797 3389 sed
3828 3332 3887 3388 in

2180 3421 2636 3494 patriarcharum
2683 3420 2938 3493 catalogo
2984 3435 3116 3478 cum
3169 3419 3352 3493 gloria
3390 3426 3752 3480 numeratur.
3788 3418 3889 3477 Ille

2179 3510 2527 3583 posteritatis
2575 3510 2806 3579 famam,
2832 3508 2930 3567 cui
2980 3508 3246 3582 providit,
3276 3508 3503 3577 amisit;
3545 3508 3653 3566 iste
3698 3514 3888 3581 pater-

2182 3614 2326 3657 num
2384 3614 2593 3656 nomen
2620 3643 2634 3669 ,
2690 3597 2845 3672 quod
2898 3614 3000 3671 pro
3051 3613 3226 3656 sacra
3287 3597 3426 3667 legis
3489 3598 3890 3656 observatione

2180 3687 2425 3760 sprevit,
2487 3688 2719 3759 accepit.
2782 3685 2886 3743 Ille
2938 3685 3192 3744 nescitur
3247 3701 3458 3759 parens
3508 3700 3631 3743 esse
3682 3684 3887 3743 saltem

2180 3774 2573 3851 quorumlibet
2640 3774 2985 3841 hominum;
3060 3773 3167 3831 iste
3224 3773 3663 3847 prapotentium
3722 3773 3891 3830 frater

2185 3868 2368 3924 factus
2418 3869 2503 3919 est
2551 3877 2771 3935 regum.
2816 3862 2944 3929 Ille,
2974 3862 3114 3919 dum
3161 3862 3502 3933 posteritatis
3547 3862 3887 3919 memoriam

2181 3954 2552 4028 concupiscit,
2598 3954 2669 4010 de
2721 3951 2997 4009 memoria
3049 3953 3302 4018 corruit;
3360 3952 3483 4020 iste,
3533 3952 3631 4026 qui
3685 3966 3891 4025 propa-

2181 4043 2369 4118 gando
2415 4041 2525 4100 sub
2574 4056 2679 4099 suo
2725 4039 2961 4098 nomine
3009 4039 3208 4111 generi
3264 4055 3378 4097 non
3437 4039 3752 4109 consuluit,
3797 4053 3894 4113 per

2182 4132 2474 4191 Davidica
2505 4132 2697 4204 stirpis
2734 4131 3026 4189 traducem
3062 4130 3239 4187 totius
3271 4130 3476 4189 mundi
3521 4129 3728 4201 genuit
3768 4127 3890 4187 Sal-

2183 4226 2457 4279 vato‘rem.
2514 4219 2766 4289 Desine,
2820 4220 3038 4288 frater,
3091 4218 3291 4276 desine
3348 4220 3629 4276 cervicem
3708 4217 3895 4278 cordis

2181 4316 2513 4383 arroganter
2545 4308 2804 4367 attollere
2833 4316 3003 4381 teque
3037 4314 3151 4365 tam
3187 4308 3485 4365 evidenter
3512 4307 3570 4364 in
3603 4307 3894 4379 superbia

844 4396 1177 4454 immeabile
1226 4403 1310 4454 est
1353 4396 1460 4452 iter
1497 4395 1647 4467 quod
1698 4409 1887 4452 novus
1940 4400 2454 4471 nunc_cornibus
2507 4398 2779 4456 exaltare.
2836 4396 2903 4454 In
2960 4398 3127 4471 cujus
3176 4396 3333 4454 enim
3395 4396 3564 4453 corde
3639 4395 3892 4453 radicem

396 4468 582 4547 viator
624 4468 960 4559 ingrederis.
990 4488 1042 4543 A
1088 4501 1180 4543 me
1228 4485 1397 4559 plane
1440 4486 1658 4558 jussus,
1688 4485 1806 4543 imo
1848 4492 2097 4558 rogatus,
2122 4468 2448 4563 Dsuperbia
2480 4487 2691 4558 fixerit,
2724 4486 2852 4543 licet
2880 4468 3231 4557 quibusdam
3261 4485 3619 4558 superducta
3649 4483 3892 4544 humili-

396 4586 451 4635 et
504 4592 536 4633 a
584 4575 857 4632 fratribus
899 4575 1294 4633 indifferenter
1336 4575 1571 4643 electus,
1613 4574 1794 4632 eremi
1843 4574 2097 4645 regimen

396 4661 698 4735 suscepisti
729 4686 741 4720 :
772 4678 839 4719 ac
876 4663 1244 4735 postmodum
1278 4669 1549 4735 tanquam
1584 4677 1739 4734 ager
1778 4668 1833 4725 et
1872 4662 2100 4734 langui-

398 4754 528 4822 dus,
581 4752 872 4825 tantisque
920 4758 972 4808 te
1022 4749 1319 4809 laboribus
1360 4752 1642 4824 imparem
1688 4767 1967 4820 asserens,
2000 4767 2101 4808 su—

398 4839 754 4917 perimpositi
803 4838 995 4897 oneris
1045 4838 1329 4896 sarcinam
1378 4838 1658 4909 abiecisti.
1701 4839 1869 4896 Nunc
1909 4846 2102 4897 autem

397 4931 539 4989 alibi
592 4935 773 4987 rector
822 4929 1075 4995 effectus,
1134 4924 1429 4983 evidenter
1475 4926 1748 4997 ostendis,
1804 4928 1938 4999 quia
1994 4929 2105 4985 sub

399 5020 590 5077 aliena
639 5032 885 5075 censura
940 5024 1136 5073 tenere
1184 5014 1440 5086 regimen
1499 5014 1855 5087 dedignaris;
1912 5033 1983 5073 ne
2027 5017 2109 5075 vi-

400 5106 606 5164 delicet
635 5106 745 5164 sub
781 5104 974 5161 alieno
1008 5103 1242 5160 nomine
1271 5100 1526 5159 sobolem
1566 5117 1843 5174 procrees,
1873 5111 1927 5159 et
1964 5103 2108 5162 dum

401 5193 649 5266 prOpria
696 5193 933 5250 familia
977 5207 1187 5249 nomen
1227 5189 1539 5248 extendere
1577 5192 1796 5263 niteris,
1837 5192 2107 5250 defuncto

408 5282 569 5339 fratri
620 5296 815 5339 semen
873 5283 1152 5339 suscitare
1204 5280 1524 5337 contemnis
1578 5303 1591 5336 :
1651 5280 1835 5337 Onam
1892 5282 2107 5338 scilicet

398 5372 570 5437 Juda
612 5370 805 5428 tilium
844 5371 1123 5440 imitatus,
1153 5372 1253 5443 qui
1283 5370 1456 5441 juxta
1496 5384 1673 5426 sacra
1706 5369 1977 5426 Historia
2017 5385 2107 5427 se-

402 5470 571 5536 riem,
600 5460 879 5523 introiens
912 5459 981 5516 ad
1026 5474 1268 5517 uxorem
1298 5458 1490 5515 fratris
1518 5458 1630 5523 sui,
1666 5473 1862 5516 semen
1897 5460 2107 5517 funde-

402 5561 501 5625 bat
527 5558 591 5616 in
632 5560 866 5625 terram,
900 5566 984 5625 ne
1020 5548 1187 5608 liberi
1228 5548 1420 5607 fratris
1454 5548 1690 5607 nomine
1736 5554 2109 5608 nascerentur

2184 4578 2315 4636 tatis
2356 4575 2670 4650 aliquando
2715 4573 3014 4631 bracteolis
3056 4573 3365 4642 coloretur,
3399 4589 3773 4646 nequaquam
3812 4581 3894 4630 ta-

2186 4684 2340 4735 men,
2370 4683 2443 4724 ne
2471 4665 2557 4721 vel
2593 4663 2843 4720 tenuiter
2880 4661 3073 4719 efﬂuat
3096 4679 3161 4719 ac
3197 4662 3437 4721 latenter
3464 4670 3754 4735 erumpat,
3784 4676 3893 4720 un-

2184 4756 2358 4827 dique
2434 4750 2751 4809 cohibetur.
2825 4748 3156 4818 Memento,
3228 4750 3442 4818 frater,
3510 4750 3649 4824 quia
3683 4793 3699 4821 ,
3756 4749 3895 4807 dum

2185 4843 2249 4900 in
2287 4839 2538 4914 capitulo
2574 4854 2758 4911 nuper
2799 4838 3074 4896 fratribus
3117 4838 3462 4906 consideres,
3495 4838 3558 4894 in
3595 4837 3749 4894 hanc
3798 4853 3899 4894 vo-

2187 4945 2311 4988 cem
2340 4929 2500 4986 velut
2526 4925 2856 4996 consulens,
2882 4924 3123 4997 erupisti
3160 4947 3173 4980 :
3207 4923 3401 4991 Estne,
3435 4930 3613 4996 pater,
3642 4924 3896 4981 retribu'

2190 5022 2287 5085 tio,
2314 5018 2359 5075 si
2414 5016 2747 5075 solatiamur
2802 5014 3148 5072 monasterio
3197 5011 3627 5071 construendo?
3677 5013 3754 5071 Et
3796 5015 3899 5072 hoc

2192 5123 2308 5165 non
2340 5114 2405 5164 ut
2426 5106 2598 5178 scirpi
2628 5105 2868 5171 nodum,
2899 5118 3014 5177 quo
3055 5103 3201 5161 liber
3245 5112 3388 5173 erat,
3416 5103 3773 5173 absolveres,
3805 5105 3895 5163 sed

2190 5202 2255 5254 ut
2306 5196 2463 5252 viam
2519 5192 2712 5250 verbis
2761 5191 3139 5265 sequentibus
3194 5193 3459 5262 aperires.
3517 5190 3660 5262 Quis
3745 5194 3895 5252 enim

2191 5282 2298 5339 hoc
2326 5280 2559 5349 nesciat,
2590 5277 2705 5336 nisi
2727 5277 2829 5350 qui
2856 5276 3079 5350 pietatis
3107 5276 3325 5334 cultum
3358 5290 3592 5347 prorsus
3620 5275 3900 5349 ignorat?

2193 5371 2302 5429 Sed
2358 5376 2419 5428 ut
2478 5367 2735 5427 efﬂueret
2782 5364 2933 5439 quod
2981 5364 3248 5433 scatebat,
3293 5365 3554 5438 protinus
3602 5368 3898 5426 intulisti:

2193 5461 2389 5516 Frater
2425 5460 2586 5516 enim
2637 5471 2797 5513 meus
2841 5452 2901 5512 S.
2938 5452 3237 5511 Laurentii
3286 5457 3705 5514 monasterium
3763 5474 3797 5513 a
3846 5471 3903 5512 se

2191 5555 2588 5609 constructum
2641 5560 2847 5619 nuper,
2884 5549 2946 5601 ut
2984 5541 3367 5616 dedicaretur,
3406 5545 3612 5617 effecit,
3659 5550 3719 5603 et
3763 5545 3902 5606 duo-
