4024 6198
161 245 270 304 389
1406 206 1644 304 'LIBER
1683 242 1996 314 SEXTUS,
2040 245 2279 308 EPIST.
2319 247 2419 308 1x.
3568 256 3673 317 390

156 369 350 427 decim
377 367 461 425 ibi
482 366 656 441 pallia
690 368 1006 427 munificus
1039 367 1268 427 obtulit.
1299 366 1449 438 Quid
1479 370 1637 427 enim
1667 370 1743 429 ad
1768 369 2134 441 nosAquam
2192 388 2350 429 mera
2413 373 2501 431 vel
2552 375 3007 433 incontaminata
3053 378 3306 449 procedit
3354 379 3673 441 humilitas.

158 457 218 514 in
264 465 380 516 tam
420 457 663 515 terribili
704 458 824 516 loco
868 458 958 516 vel
1004 458 1145 531 quid
1198 463 1336 517 tuus
1380 459 1656 519 obtulerit
1703 462 1879 518 frater
1970 458 2038 515 Et
2075 458 2222 518 sicut
2261 461 2451 519 radice
2492 462 2650 531 lasa,
2685 464 2856 522 totius
2884 466 3105 523 arboris
3137 467 3283 525 rami
3319 482 3678 544 consequen-

150 553 382 623 audire,
442 552 533 611 vel
588 552 781 626 ipsum
832 554 1137 613 oblationis
1195 554 1488 614 calculum
1546 563 1878 627 supputare,

157 650 274 707 nisi
304 658 534 708 tantum
571 656 635 707 ut
668 657 729 707 tu
759 664 1074 723 generosus
1103 657 1280 723 atque
1317 648 1587 708 sublimis
1615 650 1673 705 in
1709 648 1882 705 fratre

153 748 212 798 et
266 740 442 797 frater
502 748 640 797 tuus
692 738 988 797 videretur
1037 738 1348 812 opulentus
1400 756 1465 797 ac
1520 736 1772 796 liberalis
1822 738 1881 793 in

162 842 413 886 munere
445 828 472 884 ‘I

244 916 517 989 Eiusdem
556 931 787 991 quoque
825 920 1074 973 moneta
1110 913 1227 972 fuit
1262 921 1318 972 et
1360 912 1502 971 illud
1530 914 1682 987 quod
1712 914 1883 987 paulo

164 1014 296 1080 post
350 1006 639 1065 fabricans
689 1006 1012 1064 addidisti:
1078 1006 1253 1063 frater
1301 1020 1467 1064 meus
1527 1005 1658 1062 talis
1719 1004 1884 1064 Vassi

163 1096 401 1155 unicam
450 1097 628 1154 tiliam
667 1097 899 1155 sibimet
937 1096 999 1154 in
1041 1094 1411 1153 matrimonio
1441 1095 1767 1169 copulavit;
1798 1104 1882 1154 at-

158 1200 279 1259 que
306 1185 467 1242 illico
493 1185 803 1244 subdidisti
833 1210 845 1242 :
880 1184 1137 1254 unicam,
1169 1185 1430 1257 inquam,
1464 1185 1636 1242 aliam
1666 1186 1882 1258 quippe

161 1271 387 1331 Vassus
431 1272 530 1331 ille
592 1274 848 1332 sobolem
905 1288 1022 1331 non
1083 1272 1327 1331 habebat
1385 1280 1470 1344 ut,
1530 1273 1642 1331 nisi
1697 1273 1885 1347 pudor

154 1373 261 1418 ora
300 1359 663 1419 suﬂ‘underet
703 1362 1175 1438 deprehendique
1237 1363 1486 1433 timeres,
1530 1379 1882 1439 consequen-

159 1456 249 1505 ter
278 1447 581 1522 adjiceres,
612 1450 661 1509 si
696 1452 967 1525 spiritum
998 1467 1113 1525 quo
1142 1467 1308 1509 mens
1339 1453 1611 1528 surgebat
1638 1452 1880 1523 etﬂares,

1970 557 2052 608 ter
2082 557 2369 621 arescunt,
2402 551 2484 609 sic
2511 568 2584 609 ex
2609 560 2802 611 mente
2828 554 3095 627 superba,
3128 554 3176 612 si
3204 556 3343 627 quid
3376 557 3514 616 boni
3540 575 3678 633 ope-

1967 636 2047 694 ris
2072 637 2144 695 ad
2170 644 2396 712 tempus
2438 641 2719 698 virescere
2747 643 3024 711 cernitur,
3062 644 3224 702 velut
3264 646 3510 704 humore
3537 664 3676 706 con-

1969 729 2136 787 vallis
2175 731 2478 803 exhausto,
2512 731 2573 789 in
2608 735 2881 807 praerupti
2919 735 3047 792 saxi
3092 735 3356 795 ariditate
3407 738 3671 799 siccatur.

1973 839 1999 862 ‹‹
2030 814 2269 873 Beversi
2297 821 2433 873 sunt
2459 825 2672 886 autem,
2709 827 2770 876 ut
2808 821 2996 878 Lucas
3025 823 3378 895 evangelista
3412 832 3671 898 testatur,

1969 905 2331 975 septuaginta
2350 905 2468 962 duo
2493 920 2625 962 cum
2654 907 2866 977 gaudio
2886 908 3139 966 dicentes
3166 934 3178 967 :
3208 911 3474 984 Domine,
3498 914 3672 973 etiam

1968 987 2254 1045 damonis
2279 988 2670 1061 subjiciuntur
2696 990 2861 1048 nobis
2890 993 2948 1048 in
2974 993 3210 1051 neruine
3233 1002 3330 1052 tuo
3361 1000 3508 1068 (Luc.
3543 999 3623 1070 Χ).
3646 1020 3673 1051 »

1968 1076 2118 1146 Quid
2144 1078 2213 1135 ad
2246 1079 2369 1136 hac
2402 1079 2520 1147 ille,
2552 1080 2655 1152 qui
2693 1080 2881 1138 cordis
2909 1080 3150 1139 attendit
3176 1099 3401 1151 arcana,
3436 1102 3676 1160 respon-

1968 1166 2106 1223 dit?
2159 1189 2180 1216 ι
2226 1166 2526 1236 Videbam,
2586 1168 2799 1242 inquit,
2849 1170 3120 1227 Satanam
3161 1172 3307 1231 sicut
3360 1175 3561 1249 fulgur
3606 1178 3678 1235 de

1966 1258 2111 1315 calo
2140 1258 2437 1316 cadentem
2472 1260 2671 1331 (Ibid).
2710 1284 2729 1305 κ
2768 1264 2850 1319 Ac
2874 1262 2921 1318 si
2953 1262 3102 1319 dicat
3138 1285 3149 1319 :
3185 1261 3405 1336 Videte,
3432 1282 3503 1323 ne
3532 1267 3676 1325 dum

1967 1348 2246 1422 nequitia
2274 1348 2510 1421 spiritus
2542 1350 2747 1407 vestris
2784 1350 3112 1409 subduntur
3141 1352 3431 1426 imperiis,
3455 1365 3676 1415 mentes

1967 1445 2174 1495 vestra
2196 1439 2336 1510 jugo
2370 1445 2705 1510 premantur
2733 1438 3018 1497 elationis.
3054 1439 3200 1509 Quia
3228 1442 3276 1499 si
3310 1442 3547 1503 Satanas
3578 1460 3674 1518 per

158 1551 352 1610 neque
385 1538 543 1595 enim
574 1538 675 1597 ille
704 1538 880 1597 dotali
924 1540 1036 1597 sibi
1077 1555 1205 1597 eam
1228 1540 1360 1613 jure
1398 1524 1797 1615 conjungeret,
1832 1541 1882 1599 si
1966 1525 2294 1615 superbiam
2329 1524 2541 1583 coelum
2586 1524 2851 1615 perdidit,
2875 1527 3029 1599 quod
3078 1527 3322 1598 tenebat,
3354 1530 3527 1589 homo
3573 1546 3675 1591 su-

154 1627 222 1685 in
293 1630 659 1687 successione
708 1638 1015 1703 parentum
1072 1630 1402 1689 coharedes
1449 1613 1705 1690 haberet.
1758 1632 1882 1691 Hoc
1965 1613 2233 1707 Ρθιξῦίθυδ
2264 1630 2629 1707 nequaquam
2658 1614 2807 1695 Valet
2837 1613 3104 1707 iEV9nll‘9
3132 1616 3287 1689 QUOd
3317 1628 3528 1691 Sperate

156 1732 331 1790 porro
357 1718 554 1777 verbis
590 1734 711 1777 non
750 1721 1108 1793 expressisti,
1152 1721 1251 1779 sed
1288 1728 1559 1779 accurate
1594 1722 1783 1787 nobis,
1816 1729 1878 1779 ut
1901 1717 1948 1777 B
2032 1703 2202 1802 βθηθ
2239 1704 2397 1802 Cll”:
2421 1703 2564 1802 ιῙοὶιῙ)
2614 1711 2812 1802 εοξιῑνεὶ
2863 1703 3121 1802 33b0th
3173 1720 3386 1802 ι’θξθηξ
3421 1709 3674 1802 Ammon

154 1809 755 1883 subintelligeremus,
810 1792 1180 1884 perspicuum
1229 1811 1539 1885 reliquisti.
1581 1804 1743 1882 Quid]

2082 1800 2199 1852 nste
2228 1793 2563 1868 conﬂigeret
2608 1792 2929 1868 urbemque
2960 1795 3176 1867 regiam
3204 1795 3504 1856 obsrdione
3547 1801 3671 1858 val-

152 1907 351 1958 aulem
394 1900 568 1958 homo
628 1916 730 1973 per
780 1900 898 1958 oris
946 1883 1234 1973 organum
1291 1883 1534 1974 prbmal,
1597 1883 1877 1960 scrutator
1961 1884 2127 1974 18:1‘Bt,
2154 1883 2398 1974 llllDliiOS
2424 1883 2495 1941 ad
2534 1884 2720 1942 DBVld
2746 1884 2995 1974 ordinat,
3025 1901 3296 1974 eumque,
3335 1897 3400 1945 ut
3432 1892 3673 1951 veniens

154 2001 370 2045 renum
424 1986 579 2046 Deus
629 1970 809 2055 ξΡεαι,
862 1994 989 2058 νη),
1020 1970 1262 2047 ’ωεηιίε
1291 1970 1613 2048 ‘duntaxat
1668 2007 1877 2050 arcana
1966 1970 2263 2030 victoriam
2294 1972 2355 2029 in
2387 1987 2561 2030 suum
2594 1972 2896 2029 transferat
2925 1988 3158 2043 nomen,
3201 1973 3409 2033 invitat
3451 2000 3464 2033 :
3497 1999 3525 2028 «ι
3565 1976 3671 2035 Di-

150 2075 501 2149 considerat,
534 2085 590 2136 et
633 2078 879 2137 auribus
911 2078 1127 2137 occulti
1154 2079 1371 2152 judicis
1415 2096 1530 2138 non
1568 2089 1683 2139 tam
1730 2088 1874 2140 stre-
1964 2059 2194 2156 mica“,
2244 2058 2458 2133 inquit,
2496 2058 2809 2156 adversum
2857 2059 3139 2131 Baboath,
3178 2070 3232 2118 et
3272 2062 3549 2156 capienda
3588 2070 3674 2122 est

152 2164 315 2237 pitus
358 2146 512 2224 vocis
547 2183 725 2242 quam
772 2166 992 2226 clamor
1040 2146 1273 2228 insdnat
1315 2167 1523 2227 cordis.
1573 2168 1721 2227 Hinc
1769 2177 1873 2242 est,
1963 2147 2103 2245 Vrbs
2157 2148 2489 2245 Aq‘}?ru_m;
2514 2146 2893 2245 διξοοξὲξίω
2926 2163 3207 2245 constes?!
3239 2149 3525 2222 reliquam
3551 2169 3674 2226 Pal“

152 2235 316 2326 quod
390 2269 493 2326 per
547 2235 891 2330 ﬁrephetam
948 2256 1161 2316 dicitur
1214 2281 1226 2314 :
1294 2280 1314 2309 ι
1349 2256 1643 2315 Desideria
1689 2235 1876 2317 cordis
1964 2243 2078 2294 ‘em
2110 2235 2330 2333 Ροβωίν
2356 2242 2415 2333 εξ
2439 2235 2636 2333 οδὲξάθ
2670 2235 2962 2333 ξείνίίθίθῖξι
3001 2241 3056 2333 9t
3090 2253 3226 2311 cape
3254 2254 3402 2333 om};
3434 2255 3506 2297 ne
3536 2256 3669 2333 cum

153 2324 720 2402 eorum—exaudivit
768 2344 930 2403 auris
968 2352 1066 2402 tua
1109 2347 1335 2415 (Habac.
1381 2352 1466 2415 Χ).
1508 2371 1529 2395 υ
1572 2346 1724 2403 Hinc
1768 2353 1873 2417 est,
1961 2340 1995 2381 ³
2023 2339 2116 2417 ως
2145 2330 2363 2383 vasum
2389 2324 2566 2382 fuerit
2597 2324 3014 2417 υτίῗθξξΡουὲίυῖ
3066 2341 3194 2383 ωθο
3228 2327 3549 2417 “scribatur
3579 2329 3667 2388 Vi'

152 2429 315 2502 quod
365 2429 436 2487 de
492 2431 741 2504 superbo
776 2413 1306 2491 Nabuchodonosor
1345 2413 1475 2505 rege
1522 2434 1725 2492 Daniel
1753 2413 1874 2494 aiti
1961 2413 2137 2472 θεοτίθ
2166 2416 2241 2485 (Π
2285 2418 2416 2483 Περι
2453 2420 2580 2505 ξω·
2613 2439 2654 2505 ³³ί
2682 2413 2951 2505 Militaris
2994 2414 3168 2473 homo
3200 2415 3273 2473 ad
3302 2417 3510 2505 regalis
3551 2419 3679 2493 810‘

156 2541 181 2566 ,ι
214 2502 713 2595 Responden'sque
758 2537 860 2579 rex
893 2524 975 2579 ait
1016 2542 1028 2581 ε
1086 2522 1287 2580 Nonne
1318 2502 1445 2581 hi9};
1494 2534 1579 2582 est
1616 2523 1871 2598 Babylon
1963 2505 2066 2563 ria
2099 2506 2310 2598 famam
2335 2504 2547 2598 gaudet
2570 2502 3246 2598 su-illabor‘isntransferre
3273 2504 3599 2598 victoriam,
3617 2514 3674 2567 et

154 2590 392 2681 magna,
421 2624 596 2683 quam
613 2590 735 2679 ego
782 2610 1065 2670 adiﬁcavi
1102 2612 1163 2668 in
1190 2612 1360 2669 domo
1388 2613 1549 2685 regni
1585 2614 1645 2670 in
1676 2590 1878 2671 robore
1961 2608 2167 2685 59"“
2194 2592 2295 2685 θίῗί
2335 2592 2397 2649 in
2438 2592 2704 2685 riigeudis
2751 2590 3541 2685 "stribiliprmvwéﬁw
3572 2597 3672 2654 de"

154 2677 520 2757 fortitudinis
540 2677 707 2770 mea,
737 2706 791 2757 et
812 2700 869 2757 in
894 2699 1078 2773 gloria
1108 2700 1335 2760 decoris
1356 2677 1512 2760 mei?
1538 2729 1555 2749 ο
1579 2706 1742 2770 (Βαη.
1764 2708 1873 2771 Iv.)
1960 2679 2232 2777 dignatur
2254 2678 2588 2777 ίωρεηρςτθ
2610 2677 2989 2777 θίίθηίθξδηῖῗ
3009 2678 3266 2777 Ηθνίξάξθε
3287 2686 3342 2737 εί
3369 2678 3673 2777 Philip?“

153 2786 290 2855 Cui,
335 2801 494 2858 rogo,
529 2766 801 2845 ventosus
844 2766 927 2844 et“
951 2803 1226 2862 arrogans
1268 2789 1375 2846 iste
1426 2766 1721 2862 respondit
1774 2766 1878 2864 per
1961 2769 2135 2864 Ψδθδ
2173 2768 2404 2864 ΡΓΟΡΓῘΟ
2428 2766 2646 2864 Ep“?
2674 2772 3049 2864 cgnstmclasi
3089 2766 3496 2864 adﬂonoren}.
3532 2770 3677 2827 alter

156 2873 332 2932 verba
391 2874 626 2947 prolata
681 2875 985 2948 superbia,
1044 2877 1158 2934 nisi
1216 2878 1458 2935 tumida
1519 2877 1872 2950 cogitationi,

154 2977 295 3035 qua
326 2966 460 3019 ante
481 2963 601 3034 jam
643 2962 1067 3023 vociferabatur
1098 2964 1157 3022 in
1193 2973 1389 3022 mente
1420 2966 1447 3021 ?
1474 2965 1617 3022 Nam
1648 2970 1704 3021 et
1742 2981 1873 3039 per-

154 3051 395 3110 ditionis
429 3051 526 3110 ille
555 3052 810 3126 spiritus,
846 3055 951 3126 qui
978 3054 1201 3112 dixisse
1225 3054 1470 3127 legitur:
1508 3079 1534 3103 «ι
1560 3053 1627 3111 In
1658 3053 1871 3114 calum
1895 3076 1942 3139 ο

153 3141 561 3211 conscendam,
588 3157 765 3216 super
789 3152 940 3201 astra
966 3143 1096 3201 cali
1128 3143 1395 3202 exaltabo
1420 3144 1632 3202 solium
1655 3160 1870 3217 meum,

155 3232 372 3291 sedebo
407 3228 550 3288 194
589 3230 653 3289 in
690 3238 886 3290 monte
916 3234 1266 3304 testamenti,
1298 3233 1361 3290 in
1396 3232 1671 3292 lateribus
1703 3234 1874 3306 aqui-

157 3322 333 3391 lonis,
354 3319 663 3377 ascendam
688 3335 862 3393 super
888 3319 1258 3378 altitudinem
1286 3321 1557 3389 nubium,
1583 3329 1638 3378 et
1665 3320 1876 3380 similis

156 3424 258 3468 ero
284 3407 586 3465 Altissimo
610 3409 735 3480 (Isa.
762 3414 909 3480 XIV),
940 3432 960 3457 ι
995 3423 1362 3484 nequaquam
1390 3410 1516 3466 hac
1544 3409 1713 3467 labiis
1740 3425 1869 3483 pro-

160 3500 315 3571 tulit,
347 3498 631 3557 nimirum
660 3498 763 3572 qui
802 3514 973 3557 carne
1002 3514 1119 3558 non
1153 3500 1385 3572 tegitur,
1420 3499 1518 3557 sed
1556 3500 1615 3556 in
1658 3500 1873 3573 cogita-

162 3591 381 3650 tionem
411 3589 749 3663 sacrilegam
786 3596 1068 3664 tyrannus
1097 3591 1305 3664 erupit.
1343 3588 1402 3648 Si
1433 3605 1567 3663 ergo
1608 3589 1877 3648 sublimis

162 3677 259 3736 ille
289 3678 539 3751 angelus
573 3678 787 3736 idcirco
811 3678 1349 3753 irrecuperabiliter
1377 3677 1567 3751 periit,
1598 3692 1710 3735 non
1738 3676 1876 3750 quia

160 3773 355 3825 contra
397 3766 794 3826 universitatis
836 3778 1128 3827 auctorem
1164 3766 1401 3840 protulit
1440 3764 1715 3840 qualibet
1741 3781 1876 3839 pra-

162 3872 251 3925 va,
289 3856 377 3914 vel
409 3858 562 3928 fecit,
604 3856 702 3915 sed
751 3864 970 3915 tantum
1017 3858 1154 3933 quia
1184 3874 1286 3932 per
1316 3856 1633 3931 nequitiam
1661 3858 1875 3929 cogita-

163 3940 334 3999 tionis
373 3940 676 4013 intumuit,
718 3942 860 4015 quid
905 3941 1072 4000 nobis
1125 3942 1355 4017 prodest
1404 3942 1462 4000 in
1519 3942 1875 4014 vestimento,

162 4033 252 4090 vel
305 4034 484 4092 verbo
536 4048 645 4093 nos
694 4034 855 4093 velut
894 4035 1148 4093 humiles
1188 4034 1378 4107 dejit-i,
1428 4034 1590 4093 intus
1641 4049 1773 4091 vero
1807 4034 1879 4093 de

163 4138 506 4195 proavorum
539 4125 750 4196 titulis,
793 4126 883 4183 vel
925 4126 1072 4184 fastu
1105 4125 1405 4199 sapientia
1435 4124 1751 4199 singularis
1774 4141 1877 4182 su-

162 4227 257 4285 per
307 4220 548 4272 cateros
599 4222 935 4290 arroganter
970 4212 1231 4273 extolli?
1268 4214 1524 4273 Nitimur
1577 4212 1878 4272 humiliter

164 4304 342 4380 loqui,
373 4305 631 4365 humiles
658 4306 865 4365 videri.
889 4304 1191 4365 Evellatur
1218 4322 1291 4364 ex
1313 4306 1483 4364 corde
1502 4303 1670 4362 radix
1694 4305 1879 4362 inﬁxa

164 4397 469 4470 superbia,
511 4404 567 4455 et
628 4413 767 4455 mox
824 4397 996 4456 etiam
1047 4398 1094 4456 si
1151 4405 1342 4455 nostra
1388 4396 1533 4454 desit
1571 4395 1874 4466 industria,

165 4484 453 4545 videbitur
487 4486 791 4544 humilitas
826 4486 887 4544 in
920 4501 1209 4544 sermone.
1254 4484 1364 4544 Sed
1394 4485 1497 4543 ubi
1526 4483 1721 4558 liquor
1745 4500 1875 4541 ace—

166 4572 266 4630 scit
294 4572 355 4630 in
411 4580 628 4647 vegete,
658 4589 840 4632 suave
878 4576 1085 4635 vinum
1136 4576 1195 4633 in
1235 4575 1443 4649 poculo
1486 4575 1685 4633 nullus
1728 4573 1881 4631 valet

169 4656 415 4716 haurire.
466 4658 612 4728 Quis
649 4660 806 4717 enim
848 4660 920 4718 de
967 4662 1189 4719 furfure
1234 4661 1499 4719 conficiat
1545 4659 1823 4734 pollinem
1852 4659 1880 4717 ἲ

166 4742 302 4813 Quis
347 4748 421 4805 de
461 4763 609 4805 vena
659 4747 795 4805 ferri
823 4748 1047 4822 argenti
1087 4749 1325 4807 fabricet
1363 4748 1682 4806 claritatem
1709 4757 1732 4806 ?
1756 4748 1881 4805 lino

169 4841 230 4892 ut
255 4835 324 4892 ad
349 4837 755 4910 evangelicum
777 4853 1142 4895 recurremus
1170 4838 1530 4910 exemplum,
1562 4861 1586 4887 α
1612 4837 1878 4910 nunquid

169 4923 527 4998 colliguntde
550 4926 737 5000 spinis
759 4942 921 4996 uvas,
936 4933 1035 4985 aut
1054 4925 1125 4984 de
1145 4925 1377 4985 tribulis
1395 4927 1577 4985 licus?
1601 4949 1621 4978 ι
1654 4929 1877 4996 (Matth.

171 5017 294 5085 VII.)
354 5038 382 5064 ει
416 5014 544 5073 Non
604 5014 785 5085 enim,
840 5024 903 5074 ut
956 5015 1076 5073 illic
1140 5015 1423 5088 sequitur,
1478 5023 1658 5087 potest
1714 5016 1883 5074 arbor

170 5102 317 5160 mala
368 5105 593 5163 fructus
626 5104 822 5162 .bonos
863 5106 1046 5163 facere
1095 5105 1307 5173 (Ibid.).
1334 5126 1360 5156 »
1384 5103 1572 5161 Arbor
1611 5120 1747 5162 sane
1780 5120 1882 5161 vo-

174 5188 359 5250 luntas
411 5191 792 5264 intelligenda
846 5198 947 5261 est,
995 5208 1107 5250 non
1163 5207 1421 5265 persona.
1477 5191 1623 5249 Nam
1683 5193 1882 5250 eadem

171 5295 407 5351 persona
442 5282 703 5341 hominis
731 5288 787 5340 et
816 5282 966 5341 bona
1004 5280 1231 5356 operari
1265 5283 1414 5340 valet
1441 5291 1494 5340 et
1534 5281 1705 5352 mala,
1736 5283 1883 5342 sicut

170 5385 241 5426 ex
271 5372 467 5431 eadem
502 5379 652 5431 terra
682 5379 737 5431 et
770 5373 914 5430 ﬁcus
940 5374 1233 5445 profertur
1271 5379 1325 5429 et
1356 5372 1544 5445 spina.
1588 5370 1696 5430 Sed
1737 5371 1885 5429 sicut

174 5459 323 5517 mala
359 5463 529 5519 arbor
574 5475 881 5534 nunquam
933 5459 1083 5518 bona
1134 5459 1421 5533 germinat
1465 5474 1658 5533 poma,
1700 5460 1778 5516 ita
1812 5458 1884 5515 de

171 5545 420 5617 superba
456 5547 771 5618 voluntate,
811 5562 943 5620 qua
982 5545 1183 5620 procul
1215 5544 1395 5605 dubio
1426 5546 1578 5604 mala
1601 5549 1707 5617 est,
1738 5558 1887 5603 nun-

1959 2857 2231 2930 Augusti,
2258 2857 2402 2913 alter
2428 2854 2672 2925 Tiberii,
2700 2853 2988 2912 Casareas
3020 2853 3385 2927 appellarunt
3410 2858 3671 2925 (JOSEPH.

1959 2947 2059 3004 lib.
2094 2960 2134 3017 1,
2163 2961 2214 3004 c.
2244 2946 2327 3011 10,
2364 2950 2440 3001 De
2471 2947 2605 3001 bello
2630 2946 2783 3010 Jud.,
2808 2938 2862 3002 et
2893 2943 2996 3002 lib.
3030 2957 3200 3019 XVIII,
3232 2962 3279 3005 c.
3315 2947 3365 3018 3,
3398 2950 3623 3019 Antig.)
3657 2969 3670 3006 :

1959 3044 2014 3092 et
2044 3050 2166 3107 nos,
2193 3034 2298 3107 qui
2333 3033 2471 3092 vita
2520 3034 2700 3108 hujus
2738 3048 3008 3107 pompam
3040 3033 3375 3107 abjecimus,
3412 3036 3529 3095 imo
3570 3037 3672 3111 qui

1962 3125 2181 3183 mundo
2226 3140 2333 3183 nos
2377 3130 2634 3183 mortuos
2684 3124 2803 3183 fore
2842 3123 3193 3199 juravimus,
3234 3127 3373 3183 vani
3416 3126 3672 3185 nominis

1956 3217 2230 3291 gloriolas
2281 3217 2773 3292 concupiscimus,
2825 3223 2879 3275 et
2922 3218 2993 3274 de
3048 3218 3395 3277 ramusculis
3445 3220 3672 3279 frivola

1958 3306 2147 3364 laudis
2209 3305 2501 3364 inﬂamur.
2574 3305 2744 3376 Cave,
2818 3304 3012 3375 frater,
3069 3322 3138 3363 ne
3211 3321 3345 3380 qua
3398 3306 3669 3379 dicimus,

1960 3410 2124 3451 mens
2157 3401 2290 3452 ctua
2368 3399 2625 3467 graviter
2719 3397 2875 3463 ferat,
2949 3410 3023 3451 ne
3101 3395 3213 3451 sub
3296 3396 3672 3470 correptionis

1964 3480 2104 3536 195
2150 3482 2355 3540 malleo
2401 3483 2724 3555 pulvefacta
2766 3481 3048 3554 dissiliat;
3097 3489 3151 3539 et
3198 3484 3305 3540 hoc
3352 3498 3476 3542 esse
3517 3484 3673 3557 quod

1960 3572 2421 3645 reprelienditur,
2494 3588 2595 3645 per
2671 3572 2777 3629 hoc
2827 3572 2998 3630 etiam
3054 3572 3267 3633 clarius
3329 3577 3671 3635 innotescat.
3742 3572 3749 3585 “

1959 3661 2293 3718 Humanam
2331 3659 2545 3735 quippe
2583 3666 2838 3718 mentem
2876 3661 3145 3735 superbia
3184 3662 3427 3721 vitream
3461 3663 3671 3736 reddit,

1960 3758 2023 3807 ut
2074 3748 2449 3822 correptionis
2502 3749 2682 3807 ictum
2734 3765 2834 3822 per
2878 3740 3297 3823 impatientiam
3352 3751 3499 3808 ferre
3554 3765 3672 3809 non

1960 3842 2155 3914 possit.
2190 3841 2418 3899 Vitrum
2460 3855 2669 3915 nempe
2700 3841 2933 3913 dicitur,
2974 3841 3112 3915 quia
3150 3841 3281 3900 visu
3317 3848 3667 3915 penetratur,

1958 3940 2132 4006 atque
2171 3930 2298 3988 ideo
2345 3929 2395 3987 si
2444 3930 2620 3987 robur
2671 3928 2905 3987 haberet
2956 3929 3277 4000 soliditatis,
3315 3930 3537 3988 cateris
3571 3943 3675 4003 po-

1963 4030 2150 4082 tuerat
2187 4021 2443 4079 eminere
2491 4019 2769 4090 metallis;
2813 4020 2913 4079 sed
2958 4023 3095 4095 quia
3140 4022 3314 4079 citius
3356 4020 3667 4095 rumpitur,

1962 4111 2066 4170 vili
2106 4112 2292 4185 pretio
2340 4117 2589 4168 taxatur.
2622 4109 2705 4167 Ita
2736 4112 2837 4184 qui
2871 4112 2941 4167 ad
2974 4111 3350 4184 correptionis
3382 4111 3532 4169 ictus
3577 4126 3678 4184 per

1960 4199 2385 4274 impatientiam
2438 4196 2740 4270 frangitur,
2786 4198 2957 4257 etiam
3005 4198 3053 4255 si
3098 4199 3319 4257 cateris
3363 4198 3677 4257 virtutibus

1961 4290 2189 4363 polleat,
2247 4286 2595 4346 soliditatem
2644 4285 2863 4344 virium
2909 4301 2969 4343 se
3011 4301 3127 4344 non
3174 4288 3385 4346 habere
3432 4288 3677 4345 demon-

1964 4385 2121 4434 strat.
2173 4376 2325 4433 Hinc
2366 4383 2469 4445 est,
2504 4373 2658 4447 quod
2709 4374 2781 4431 de
2837 4373 3079 4447 superba
3131 4374 3442 4434 Israelitica
3487 4375 3676 4449 plebe,

1963 4472 2018 4523 et
2046 4463 2424 4538 impatientia
2461 4463 2659 4520 morbo
2702 4461 3018 4530 laborante,
3045 4477 3147 4535 per
3188 4464 3525 4537 prophetam
3554 4462 3675 4520 Do-

1966 4554 2162 4611 minus
2204 4552 2343 4610 dicit
2382 4558 2409 4608 :‘
2434 4574 2457 4600 α
2490 4549 2668 4608 Versa
2698 4558 2783 4607 est
2822 4549 2967 4607 mihi
3005 4548 3214 4608 domus
3248 4549 3423 4609 Israel
3451 4550 3514 4607 in
3549 4562 3680 4607 sco-

1965 4641 2110 4699 riam
2139 4643 2355 4710 (Ezech.
2387 4648 2562 4705 XXlI).
2592 4664 2617 4690 ι
2664 4637 2858 4697 Scoria
2891 4635 3063 4710 plane
3104 4639 3325 4696 metalli
3363 4637 3681 4711 cujuslibet

1965 4733 2013 4789 si
2064 4731 2273 4789 malleo
2328 4727 2604 4787 tundente
2655 4725 2874 4796 feritur,
2932 4726 3198 4799 protinus
3250 4728 3312 4785 in
3374 4726 3676 4800 pulverem

1966 4820 2207 4879 contrita
2239 4818 2538 4891 redigitur.
2570 4816 2733 4874 Mens
2770 4815 2947 4889 igitur
2980 4824 3078 4875 tua
3116 4831 3190 4873 ne
3231 4830 3293 4873 se
3320 4830 3514 4874 coram
3556 4816 3674 4874 Do-

1966 4912 2125 4970 mino
2170 4910 2233 4968 in
2273 4908 2516 4967 scieram
2564 4912 2763 4976 vertat,
2794 4905 2997 4963 amica
3045 4904 3469 4979 redargutionis
3526 4904 3675 4964 ictus

1965 4998 2371 5075 aquanimiter
2426 4997 2585 5053 ferat.
2649 4993 2718 5052 Ut
2773 5001 2964 5053 autem
3019 4992 3319 5065 epistolam
3370 4994 3675 5053 sententia

1964 5087 2422 5165 promulgatione
2453 5083 2815 5152 concludam,
2859 5089 2958 5139 aut
2994 5081 3065 5139 ad
3104 5081 3162 5138 id
3191 5081 3347 5155 quod
3378 5084 3669 5156 sprevisti,

1966 5188 2018 5239 te
2060 5178 2315 5253 regimen
2350 5175 2565 5249 redige,
2596 5181 2692 5232 aut
2731 5173 2959 5246 propria
2996 5174 3182 5231 salute
3213 5181 3535 5247 contentus,
3564 5174 3673 5234 sub

1969 5270 2156 5343 priore
2187 5266 2508 5324 monachus
2539 5263 2688 5331 vive,
2721 5270 3008 5335 quatenus
3061 5269 3165 5321 aut
3202 5263 3342 5322 casti
3382 5265 3672 5339 prioratus

1969 5361 2127 5419 labor
2175 5358 2432 5431 legitima
2486 5364 2539 5414 te
2593 5355 2983 5430 spiritualium
3023 5354 3280 5414 filiorum
3334 5357 3676 5417 educatione

1970 5449 2256 5518 fecundet,
2287 5454 2390 5505 aut
2424 5460 2578 5504 vera
2608 5444 2953 5503 humilitatis
2985 5444 3227 5519 abjectio
3265 5460 3459 5504 coram
3497 5447 3664 5507 obtu-

1972 5541 2124 5599 tibus
2159 5535 2449 5596 humiliati
2473 5548 2575 5609 pro
2602 5540 2654 5591 te
2686 5532 3085 5606 Redemptoris
3112 5532 3347 5593 exaltet.
