4024 6198
334 314 431 375 391

952 451 1315 512 EPISTOLA
1356 446 1427 507 X.

335 563 411 609 AD
459 559 803 617 GEBIZONEM,
853 554 1267 611 THEOBALDUM,
1319 553 1389 598 ET
1437 551 1709 599 JOANNEM
1764 549 2041 597 ABBATES.

332 657 777 715 ARGUMENTUM.
810 681 877 692 —
912 648 1167 706 Humilis
1199 646 1468 717 magister
1505 644 1759 717 injungit
1798 644 1919 701 suis
1954 642 2046 699 di-

408 722 666 799 scipulis,
697 727 768 799 u_t_
794 736 933 799 quae
956 719 1099 799 falso
1128 717 1199 775 de
1231 715 2044 799 S.'.Joannis‘Baptistaacon-

406 786 556 871 copti
583 786 674 850 die
714 786 961 860 dixerat,
991 791 1115 871 sive
1133 803 1278 871 quae
1310 789 1371 846 in
1399 788 1531 845 aliis
1558 786 1851 860 opusculis
1878 786 2047 842 inve-

409 866 601 926 nerint
625 871 829 934 errata,
859 866 1167 934 corrigant.

411 988 634 1050 Sanctis
670 985 975 1044 abbatibus
1015 984 1291 1044 Gsmzom
1322 987 1378 1040 et
1412 982 1788 1051 THEOBALDO,
1829 978 2049 1037 JOANNI

335 1094 566 1155 quoque
610 1074 921 1147 Laudensi,
974 1075 1092 1133 imo
1142 1074 1417 1133 laudabili
1470 1074 1530 1132 in
1584 1072 1809 1131 Christo
1864 1069 2045 1142 fratri,

339 1168 569 1227 PETnUS
592 1173 851 1241 peccator
881 1164 1200 1223 monachus
1221 1163 1578 1221 servitutem.

408 1259 641 1318 Noverit
693 1264 884 1317 sancta
923 1255 1172 1314 charitas
1213 1261 1423 1324 vestra,
1471 1250 1855 1322 dilectissimi,
1902 1264 2047 1323 quo-

342 1350 500 1409 niam
553 1350 821 1407 hesterna
881 1347 993 1415 die,
1047 1346 1189 1405 dum
1234 1345 1555 1403 meridiano
1617 1358 1819 1417 sopore
1867 1341 2051 1414 depri-

337 1454 545 1510 mercr,
586 1436 889 1495 videbatur
925 1434 1071 1492 mihi
1108 1431 1261 1507 quod
1304 1432 1365 1490 in
1409 1431 1639 1506 navigio
1681 1430 2046 1498 constitutus,

339 1533 562 1601 partem
607 1524 767 1597 libri,
825 1540 999 1598 quem
1054 1523 1176 1596 ipse
1216 1522 1586 1590 dictaveram,
1626 1535 1745 1595 prae
1780 1518 2051 1577 manibus

336 1619 630 1688 haberem,
664 1614 1001 1690 eisdemque
1030 1615 1257 1690 paginis
1297 1629 1412 1672 non
1445 1613 1642 1671 minus
1679 1627 1859 1686 quam
1903 1609 2051 1668 mihi

336 1707 609 1783 procellae
636 1706 881 1764 furentis
918 1704 1199 1777 impetum
1233 1703 1623 1762 formidarem.
1658 1700 1923 1777 Cumque
1958 1699 2050 1757 ni-

339 1770 453 1854 inis
478 1793 756 1853 attonitus
773 1770 1253 1864 imminentisque
1279 1790 1633 1849 discriminis
1660 1770 1894 1848 horrore
1918 1802 2051 1845 con-
2072 1770 2119 1843 Β

337 1883 588 1953 strictus,
620 1880 916 1940 concussis
944 1896 1156 1954 pavore
1187 1880 1533 1950 visceribus,
1562 1877 1806 1936 minacis
1842 1876 2053 1935 fluctus

339 1968 708 2044 naufragium
721 1971 1549 2049 pertimescerem,repentinus
1567 1969 1860 2029 undarum
1877 1976 2053 2027 astus

341 2061 716 2120 veh-‘menter
755 2060 1053 2133 intumuit,
1102 2076 1290 2134 neque
1353 2060 1569 2117 librum
1619 2075 1797 2118 manu
1852 2066 2053 2116 tenen-

342 2156 454 2209 tem
488 2166 625 2209 cum
654 2150 797 2224 ipsa,
830 2150 925 2208 cui
967 2158 1105 2208 tunc
1143 2151 1389 2221 ineram,
1427 2154 1547 2208 rate
1584 2148 1874 2206 demersit.
1917 2146 2054 2205 Mox

341 2246 714 2313 experrectus
745 2238 1058 2311 recogitare
1088 2239 1235 2311 ccepi
1276 2245 1329 2295 et
1360 2237 1598 2296 solerter
1638 2237 1698 2294 in
1739 2243 1929 2295 mente
1962 2253 2056 2294 re-

342 2326 433 2385 vol
448 2342 576 2385 vere
602 2325 745 2402 quid
778 2325 1036 2401 mysterii
1064 2342 1154 2384 res
1175 2326 1431 2398 haberet,
1455 2325 1599 2399 quid
1625 2325 1878 2400 denique
1908 2324 2055 2384 visio

344 2415 448 2472 ista
505 2414 889 2488 portenderet.
946 2410 1131 2472 Hodie
1185 2429 1321 2472 vero
1369 2414 1558 2487 ipsum
1616 2412 1759 2470 mihi
1812 2411 2057 2470 sollicite

345 2486 667 2574 meditanti,
698 2501 937 2575 epistola
983 2500 1083 2558 illa
1120 2500 1252 2573 (96),
1293 2501 1353 2558 in
1398 2486 1513 2575 qua
1544 2500 1613 2558 de
1661 2507 1785 2559 octo
1835 2486 2057 2557 Veteris

347 2588 697 2649 Testamenti
746 2588 1162 2648 festivitatibus
1206 2589 1359 2646 etde
1393 2586 1458 2646 B.
1496 2586 1739 2646 Joannis
1788 2584 2058 2662 Baptistae

343 2679 710 2754 generatione
730 2677 1028 2751 loquebar,
1058 2678 1308 2737 occurrit
1335 2701 1348 2747 ;
1382 2683 1439 2735 et
1465 2693 1604 2735 mox
1644 2685 1917 2751 tanquam
1947 2693 2061 2736 ma-

346 2770 461 2827 rini
481 2769 692 2827 fluctus
709 2768 1031 2835 inundatio,
1047 2782 1258 2840 vorago
1278 2782 1369 2824 me
1389 2767 1567 2825 subiti
1591 2768 1855 2824 maeroris
1869 2769 2059 2826 absor-

343 2861 487 2918 buit.
520 2859 607 2917 lbi
639 2876 730 2917 me
748 2860 1051 2925 nimirum,
1083 2859 1282 2930 fateor,
1301 2874 1520 2915 errasse
1541 2858 1811 2931 comperi,
1834 2864 1889 2916 et
1914 2857 2059 2915 insi-

345 2949 570 3023 pienter
591 2946 852 3006 locutum
873 2942 1015 3002 196
1027 2952 1199 3019 atque
1217 2962 1251 3004 a
1267 2962 1425 3004 sanm
1446 2946 1845 3019 intelligentiae
1864 2948 2062 3018 regula

345 3036 665 3097 declinasse
682 3034 903 3111 liquido
925 3036 1295 3111 deprehendi.
1321 3036 1593 3095 Dixeram
1624 3037 1781 3095 enim
1803 3036 1870 3096 B.
1895 3036 2063 3096 Joan-

854 312 913 371 S.
959 310 1181 371 PETRI
1224 306 1543 367 DAMIANI
1584 303 1742 364 OPP.
1788 298 1979 361 PARS
2021 296 2161 358 SEU
2202 295 2453 358 TOMUS
2492 297 2537 357 1.
2586 328 2654 340 —
2697 295 2931 356 EPIST.
2976 294 3119 354 LIB.
3162 293 3318 353 VIII.

2060 425 2367 486 Averbum
2414 429 2590 494 (Deut.
2651 430 2805 495 xxx),
2863 424 3028 482 vobis
3081 421 3290 492 tribus,
3348 434 3498 495 quos
3553 418 3838 493 spirituali

3686 304 3689 309 ’
3736 294 3837 351 392

2133 515 2346 589 pollere
2392 514 2696 588 prudentia
2729 528 2847 572 non
2885 512 3087 585 ignoro
3118 510 3260 583 (Gal.
3310 509 3409 577 v1),
3448 508 3554 566 hoc
3602 506 3837 565 medita-

2133 604 2306 663 tionis
2331 603 2587 662 studium
2616 618 2745 661 mea
2777 617 2914 660 voce
2950 599 3170 673 delego,
3199 604 3264 656 ut
3300 598 3349 656 si
3389 596 3525 669 quid
3557 596 3744 655 adhuc
3781 596 3838 653 in

2131 694 2253 753 illis
2308 694 2591 767 reperitur
2634 691 2932 767 opusculis
2980 688 3135 764 quod
3188 704 3222 746 a
3290 690 3521 745 tramite
3585 686 3840 744 veritatis

2132 784 2437 854 exorbitet,
2468 800 2568 857 per
2598 794 2725 843 vos'
2739 783 2811 840 ad
2844 795 3107 839 normam
3137 776 3504 837 rectitudinis
3543 777 3752 846 redeat,
3785 785 3840 834 et

2132 875 2204 932 ad
2246 875 2476 947 plenam
2522 874 2832 931 editionem
2877 886 2943 928 ac
2987 869 3214 943 legendi
3261 866 3656 926 auctoritatem
3700 865 3839 923 liber

2135 962 2234 1019 ille
2294 978 2394 1036 per
2444 960 2895 1022 examinationis
2952 964 3158 1017 vestras
3210 956 3574 1031 diligentiam
3624 969 3837 1012 conva-

2136 1048 2326 1108 lescat.

2737 1116 3103 1178 EPISTULA
3139 1117 3241 1176 XI.

2309 1222 2387 1268 AD
2411 1221 2685 1269 rosmvsu
2713 1220 3087 1277 LAUDENSEM,
3110 1192 3463 1266 exscreatum
3484 1215 3665 1264 suum.

2348 1322 2614 1390 (Habetur
2650 1328 2778 1377 tom.
2818 1322 2915 1385 ΠΙ,
2949 1324 3133 1390 estque
3166 1319 3485 1390 opusculum
3509 1315 3625 1382 44.)

2628 1461 3125 1523 EPISTULA
3191 1461 3358 1520 XII.

2748 1567 2830 1613 AD
2866 1567 2910 1612 J.
2953 1565 3249 1613 ABBATEM.

2135 1664 2581 1722 Ansuusuruu.
2641 1691 2708 1705 ——
2766 1662 2988 1721 Tuetur
3034 1674 3097 1719 se
3145 1660 3220 1718 ab
3261 1657 3484 1717 abbatis
3546 1657 3844 1731 cujusdam

2206 1735 2667 1809 impugnatione,
2728 1736 2832 1807 qui
2883 1737 3234 1809 conquestus
3281 1735 3404 1788 erat
3447 1729 3845 1809 quod'mona:

2213 1804 2405 1865 chum"
2434 1822 2510 1863 ex
2540 1804 2660 1864 suo
2682 1804 3030 1864 menasterio
3067 1817 3384 1876 egressum,
3412 1808 3611 1876 contra
3656 1804 3844 1876 sancti

2214 1876 2509 1950 Benedicti
2576 1879 2834 1950 regulam
2896 1871 3219 1950 recepisset.
3279 1871 3537 1950 QStendtt
3576 1871 3772 1950 igitur
3816 1885 3846 1928 a

2215 1922 3847 2025 avsa;“sparsamgrassati;'sonacpsmi,ex

2216 2020 2566 2078 monasterio
2640 2018 2710 2077 ad
2783 2014 3046 2077 eremum
3116 2014 3408 2087 transire,
3488 2014 3590 2073 sed
3638 2014 3851 2087 potius

2216 2107 2289 2149 ex
2342 2106 2463 2163 uno
2506 2090 2770 2149 emnobio
2808 2104 3130 2163 egressum,
3183 2087 3248 2163 in
3302 2086 3416 2163 alio
3468 2086 3673 2163 reeipi,
3734 2086 3850 2163 imo

2215 2161 2571 2235 eremiticam
2604 2163 2780 2219 vitam
2809 2156 3087 2235 tanquam
3119 2156 3517 2235 perfectiorem
3552 2156 3629 2235 ab
3651 2156 3849 2235 eodem

2220 2232 2544 2309 plurimum
2626 2228 3040 2309 commendari,
3095 2228 3152 2309 e't
3231 2229 3534 2309 monachis
3617 2228 3701 2299 (si
3757 2228 3850 2300 qui

2219 2301 2409 2363 iamen
2439 2319 2672 2378 capaces
2703 2308 2870 2375 sunt)
2906 2301 3133 2361 consuli
3162 2301 3385 2376 probat.

2233 2410 2373 2468 197
2397 2411 2620 2469 Domno
2660 2411 2712 2470 J.
2756 2411 3076 2470 venerabili
3126 2411 3345 2483 abbati,
3388 2409 3617 2469 PETRUS
3655 2422 3848 2480 pecca-

2150 2510 2235 2560 tOr
2264 2501 2582 2560 monachus
2604 2500 3014 2559 sincerissima:
3040 2500 3333 2559 charitatis
3366 2496 3660 2556 alI‘ectum.

2222 2588 2550 2649 Sanctitatis
2605 2597 2811 2648 vestras
2855 2590 3091 2661 litteras,
3146 2588 3383 2648 colende
3439 2587 3625 2659 Pater,
3678 2584 3848 2658 digna

2148 2681 2452 2740 devotione
2516 2680 2894 2752 suscepimus,
2948 2679 3166 2755 quibus
3190 2662 3393 2738 “etiam
3456 2682 3629 2752 prout
3685 2690 3850 2733 causa

2148 2772 2467 2841 dictaverit,
2509 2770 2759 2829 breviter
2806 2770 3237 2843 respondemus.
3283 2767 3641 2828 Succensetis
3676 2763 3847 2832 enim,

2148 2878 2214 2921 ac
2267 2877 2372 2919 nos
2432 2864 2849 2933 conquerentes
2893 2858 3155 2931 arguitis,
3202 2858 3340 2931 quia
3388 2872 3504 2915 non
3545 2853 3850 2913 debuimus

2150 2957 2368 3010 vestros
2432 2948 2745 3007 monachos
2802 2947 2861 3005 in
2913 2963 3126 3019 eremo,
3181 2951 3377 3005 contra
3433 2945 3498 3003 B.
3560 2942 3626 3002 P.
3680 2940 3852 3003 nostri

2151 3037 2443 3098 Benedicti
2493 3043 2781 3111 praecepta
2832 3037 3123 3111 suscipere
3153 3039 3299 3111 (Reg.
3341 3051 3394 3094 c.
3440 3034 3543 3107 16),
3584 3034 3731 3095 dum
3762 3031 3853 3091 ille

348 3146 481 3188 nem
508 3128 746 3187 occiduo
770 3129 1126 3202 scenopegize
1148 3128 1262 3201 die,
1285 3128 1388 3202 qui
1408 3128 1675 3186 videlicet
1696 3142 1815 3199 prae
1839 3128 2063 3187 caeteris
2082 3138 2127 3199 α
2151 3127 2419 3186 decernat
2444 3122 2516 3186 de
2547 3132 2681 3185 noto
2708 3126 3056 3184 monasterio
3088 3126 3457 3185 venientibus
3486 3123 3640 3199 apud
3667 3129 3850 3182 extra-

342 3226 427 3275 est
478 3218 911 3288 celeberrimus,
971 3218 1148 3277 fuisse
1204 3226 1565 3293 conceptum.
1612 3218 1774 3287 Quod
1824 3218 1873 3275 si
1922 3217 2059 3276 dili-

347 3308 507 3379 genti
560 3306 1017 3366 consideratione
1063 3308 1457 3382 perpenditur,
1508 3324 1542 3365 a
1597 3308 1835 3366 veritate
1874 3307 2060 3366 disso-

350 3412 495 3454 num
536 3396 842 3469 reperitur.
872 3395 1006 3454 Dies
1049 3398 1206 3456 enim
1246 3396 1635 3471 conceptionis
1681 3396 1749 3454 B.
1795 3396 2061 3469 Joannis,

349 3485 451 3556 qui
502 3489 739 3543 octavus
782 3489 867 3543 est
906 3500 941 3542 a
982 3484 1255 3542 Kalendis
1298 3484 1575 3554 Octobris,
1626 3491 1752 3560 post
1794 3493 2057 3543 octavum

346 3571 495 3631 diem
560 3573 917 3649 scenopegim
972 3581 1055 3631 est
1109 3574 1330 3644 tertius,
1390 3589 1456 3631 ac
1512 3589 1613 3648 per
1670 3574 1779 3633 hoc
1831 3574 1903 3631 ab
1960 3574 2062 3632 illa

349 3662 657 3720 festivitate
682 3661 882 3735 procul
920 3660 1097 3720 dubio
1126 3661 1397 3735 probatur
1425 3663 1675 3722 alienus.
1708 3662 1851 3721 Cum
1883 3661 2063 3735 igitur

345 3747 629 3808 festivitas
669 3751 1026 3825 scenopegize
1081 3749 1305 3809 decimo
1359 3749 1751 3809 Kalendarum
1803 3749 2062 3809 Octobris

351 3836 596 3907 desinat,
638 3842 935 3912 conceptio
986 3855 1124 3896 vero
1165 3839 1223 3897 S.
1264 3838 1509 3897 Joannis
1546 3840 1805 3913 ejusdem
1846 3838 2062 3896 mensis

346 3934 548 3986 octavo
587 3927 900 4001 contingat,
956 3926 1177 4001 liquido
1228 3934 1448 3984 constat
1498 3928 1695 4000 procul
1734 3927 1856 3999 jam
1898 3935 2059 3984 extra

351 4015 707 4091 scenOpmiaa
753 4016 1002 4075 limitem
1038 4016 1108 4073 de
1148 4014 1318 4073 senili
1362 4015 1672 4090 complexu
1720 4025 2062 4089 conceptum

350 4108 586 4166 beatum
642 4106 823 4164 fuisse
879 4106 1183 4165 Joannem.
1235 4106 1399 4175 Ecce,
1442 4107 1596 4182 quod
1648 4108 1874 4167 incaute
1918 4108 2060 4167 scri-

352 4196 542 4255 bendo
583 4195 825 4269 deliqui,
868 4196 983 4253 Deo
1030 4212 1121 4254 me
1160 4196 1607 4255 misericorditer
1654 4199 1723 4256 ad
1771 4200 2058 4271 paeniten—

349 4289 487 4343 tiam
534 4291 861 4356 revocante,
909 4284 1153 4343 correxi.
1208 4285 1375 4343 Nunc
1424 4286 1637 4360 itaque,
1677 4286 2057 4362 dilectissimi,

348 4380 563 4434 sanetae
626 4372 948 4447 prudentiae
1011 4381 1219 4432 vestrae
1275 4374 1483 4433 studiis
1545 4376 1655 4434 hoc
1716 4378 2061 4437 obedientiaa

2146 3233 2284 3277 neos
2316 3216 2689 3276 habitationis
2719 3216 2941 3275 aditum
2971 3233 3085 3275 non
3128 3224 3336 3291 patere.
3373 3215 3554 3290 Cujus
3583 3211 3850 3289 suggilla-

2149 3305 2321 3365 tionis
2363 3305 2745 3377 obstaculum,
2788 3321 2923 3380 pace
2958 3313 3167 3377 vestra,
3200 3321 3317 3363 non
3346 3305 3513 3364 facile
3562 3301 3851 3378 propulsa-

2148 3397 2361 3467 bimus,
2418 3397 2554 3472 quia
2612 3396 2899 3455 nimirum
2953 3401 3187 3455 sanctus
3230 3395 3328 3454 ille
3378 3394 3470 3454 vir
3516 3388 3854 3453 monasteria

2148 3487 2384 3562 quidem
2424 3486 2699 3545 doctrina:
2744 3500 2867 3545 suae
2899 3485 3183 3545 mandatis
3230 3485 3502 3554 instituit,
3534 3499 3709 3557 super
3747 3495 3855 3539 ere-

2150 3580 2318 3637 mitas
2351 3593 2482 3636 vero
2509 3577 2743 3636 nullum
2773 3577 2885 3636 sibi
2926 3578 3320 3654 magisterium
3348 3575 3654 3649 arrogavit.
3698 3573 3851 3632 Enu-

2149 3666 2382 3724 meratis
2427 3664 2714 3738 siquidem
2769 3671 3017 3739 quatuor
3065 3665 3375 3740 generibus
3420 3663 3850 3731 monachorum,

2152 3762 2355 3829 praesto
2384 3755 2692 3829 subjunxit
2731 3759 2886 3826 (Reg.
2927 3771 2975 3814 c.
3027 3756 3078 3822 1)
3113 3774 3124 3811 :
3171 3780 3197 3803 ‹‹
3225 3753 3331 3812 His
3365 3769 3500 3826 ergo
3531 3751 3762 3810 omissis
3788 3746 3852 3807 ad

2150 3844 2570 3902 casnobitarum
2600 3844 2975 3903 fortissimum
3006 3860 3190 3917 genus
3220 3842 3668 3916 disponendum,
3693 3839 3853 3912 adju-

2152 3940 2322 3991 vante
2357 3932 2626 4002 Domino,
2668 3932 2992 3991 veniamus.
3025 3954 3052 3985 »
3091 3930 3201 4002 Qui
3245 3947 3380 4006 ergo
3415 3931 3485 3989 ad
3524 3929 3715 3989 solum
3747 3942 3853 3985 cm-

2152 4024 2482 4083 nobitarum
2511 4039 2697 4097 genus
2732 4039 2793 4081 se
2826 4022 3070 4082 contulit
3114 4022 3559 4097 disponendum,
3602 4024 3855 4094 patenter

2150 4112 2408 4172 innotuit
2444 4112 2599 4186 quod
2625 4112 2999 4170 eremitarum
3032 4112 3141 4170 sibi
3174 4128 3288 4171 non
3321 4112 3599 4187 applicuit
3627 4110 3856 4187 institu-

2155 4208 2297 4261 tum.
2344 4180 2477 4261 Sed'
2512 4202 2635 4277 ipsa
2694 4200 2843 4260 beati
2900 4201 3009 4261 viri
3067 4200 3159 4259 hic
3219 4180 3415 4261 verba-
3449 4180 3763 4277 ponamus:
3808 4203 3859 4257 et

2155 4295 2354 4348 utrum
2422 4290 2726 4349 cmnobitis
2789 4307 2859 4349 an
2917 4291 3170 4348 eremitis
3224 4292 3515 4365 scripserit
3568 4289 3857 4366 perspicue

2153 4379 2550 4439 discernamus
2599 4382 2782 4452 (Ibid.,
2818 4397 2866 4440 c.
2909 4382 2995 4451 61)
3038 4400 3049 4439 :
3097 4407 3122 4430 «
3152 4382 3381 4454 Caveat,
3421 4382 3634 4459 inquit,
3667 4380 3857 4450 abbas,

349 4477 570 4559 munus
600 4461 879 4559 iniungo,
900 4462 1017 4520 imo
1058 4468 1332 4536 tanquam
1365 4479 1567 4522 servus
1594 4472 1766 4540 atque
1804 4464 2060 4541 discipu-
2092 4484 2226 4559 Dne
2266 4468 2579 4543 aliquando
2620 4469 2691 4527 de
2722 4478 2855 4529 noto
2896 4472 3238 4529 monasterio
3268 4471 3616 4529 monachum
3650 4468 3721 4528 ad
3760 4469 3857 4525 ha-

344 4555 438 4647 lus
475 4552 787 4647 humiliter
828 4552 1087 4647 obsecro,
1134 4561 1424 4628 quatenus
1463 4561 1519 4629 et
1561 4556 1710 4614 hanc
1760 4557 2063 4631 epistolam
2092 4552 2454 4617 'bitandum
2513 4558 2806 4647 suscipiat,
2857 4558 2984 4615 sine
3042 4574 3328 4618 consensu
3390 4555 3612 4615 abbatis
3666 4555 3778 4613 sui.
3832 4578 3853 4600 ι·

344 4644 416 4702 ad
464 4640 661 4712 ﬁdem,
724 4656 840 4715 qua
891 4640 1047 4715 apud
1090 4658 1194 4701 nos
1236 4648 1483 4700 correcta
1530 4650 1635 4713 est,
1685 4645 1956 4717 redigatis
2011 4652 2066 4703 et

344 4740 547 4792 cratera
588 4748 822 4808 quoque
881 4741 1090 4791 nostras
1128 4732 1454 4791 dictationis
1499 4734 1777 4808 opuscula
1826 4735 2066 4794 sollicite

341 4823 714 4897 perlegentes,
748 4821 798 4879 si
830 4821 969 4898 quid
1011 4822 1326 4896 reperiatur
1366 4824 1707 4894 absurdum,
1742 4826 1835 4884 vel
1872 4825 2064 4884 fundi-

351 4921 443 4972 tus
479 4918 804 4988 amputare,
853 4913 943 4971 vel
984 4912 1296 4972 elimatiori
1340 4913 1492 4989 stylo
1538 4914 1800 4989 digerere
1840 4916 2064 4975 festine-

351 5004 443 5063 tis.
479 5002 603 5061 Non
634 5003 790 5061 enim
825 5002 1148 5061 timendum
1175 5010 1259 5061 est
1288 5019 1382 5075 ne,
1414 5004 1463 5062 si
1491 5019 1702 5063 manus
1726 5004 2064 5078 corrigentis

353 5091 603 5161 accedat,
685 5089 977 5163 scriptoris
1070 5091 1352 5150 articulus
1441 5092 1702 5151 decorem
1788 5095 2061 5167 genuinae

356 5181 674 5236 venustatis
720 5182 961 5242 amittat,
1016 5179 1117 5237 sed
1167 5180 1272 5237 hoc
1322 5182 1513 5252 potius
1558 5180 1959 5249 adnitendum,
1999 5187 2063 5240 ut

350 5272 490 5326 dum
538 5268 673 5341 styli
710 5267 996 5327 currentis
1045 5268 1355 5327 urbanitati
1399 5285 1511 5329 non
1562 5270 1833 5345 parcitur,
1884 5273 2059 5330 sobrii

356 5354 682 5414 intellectus
750 5356 946 5429 regula
1002 5356 1416 5416 inviolabiliter
1464 5367 1855 5420 conservetur.
1914 5360 2056 5419 Cum

358 5445 532 5516 igitur
575 5444 631 5499 in
669 5457 767 5499 ore
809 5442 1059 5501 duorum
1101 5443 1193 5502 vel
1236 5445 1412 5503 trium
1457 5447 1689 5505 testium
1730 5455 1837 5506 stet
1887 5464 2059 5507 omne

413 5610 517 5675 (96)
552 5608 782 5672 Epistdla
807 5608 862 5665 16
886 5612 1009 5669 libri
1036 5626 1111 5669 iv.

2149 4646 2262 4716 Qui
2300 4662 2436 4720 ergo
2477 4642 2742 4706 abbatem
2780 4647 3133 4717 monasterii,
3166 4664 3281 4705 non
3323 4646 3573 4721 priorem
3611 4642 3858 4721 alloquif

2152 4740 2241 4791 tur
2294 4716 2494 4804 eremi,
2553 4733 2850 4791 evidenter
2903 4740 3040 4791 tunc
3095 4716 3348 4790 Ostendit
3397 4732 3534 4809 quia
3575 4716 3859 4806 quidquid

2149 4820 2399 4892 scripsit,
2447 4836 2563 4879 non
2602 4820 2880 4893 eremitis,
2920 4821 3017 4880 sed
3051 4820 3352 4879 cmuobitis
3400 4819 3609 4895 potius,
3662 4825 3727 4878 ut
3775 4831 3857 4874 se-

2149 4919 2485 4983 querentur,
2530 4910 2810 4986 injunxit.
2862 4910 3039 4971 Porro
3076 4918 3291 4985 autem,
3336 4911 3473 4986 quia
3515 4911 3635 4985 jam
3679 4906 3859 4967 mani-

2150 5002 2291 5059 feste
2347 5001 2672 5074 docuimus,
2728 5002 2883 5077 quod
2944 5001 3000 5063 S.
3070 5000 3419 5061 Benedictus
3473 5002 3736 5061 alienum
3803 4997 3859 5054 in

2148 5106 2339 5169 eremo
2369 5092 2581 5165 suscipi
2620 5108 2736 5151 non
2767 5093 3084 5167 prohibuit,
3120 5091 3494 5151 ostendamus
3524 5106 3685 5149 nunc
3716 5102 3858 5163 qua-

2149 5178 2298 5247 liter,
2331 5187 2394 5237 ut
2439 5179 2547 5238 hoc
2585 5179 2765 5252 lieret,
2799 5180 2909 5239 hoc
2945 5188 3050 5253 est,
3079 5188 3142 5240 ut
3192 5182 3515 5239 monachus
3546 5180 3619 5238 de
3658 5190 3859 5235 mona-

2147 5267 2321 5326 sterio
2357 5268 2646 5326 festinaret
2696 5269 2767 5325 ad
2797 5284 3078 5341 cumam,
3111 5268 3284 5326 etiam
3320 5266 3670 5342 provocavit.
3726 5264 3859 5323 Hau:

2149 5356 2345 5430 itaque
2392 5364 2584 5414 nostra
2628 5372 2744 5414 non
2787 5362 2941 5424 sunt,
2976 5355 3074 5414 sed
3123 5355 3381 5431 ejusdem
3442 5354 3623 5413 Patris
3682 5349 3856 5410 nostri

2149 5445 2323 5503 verba
2360 5447 2441 5515 (S.
2474 5448 2602 5503 Ben.
2637 5448 2766 5515 Reg.
2808 5460 2857 5502 c.
2904 5444 2955 5513 1)
2998 5464 3009 5502 :
3060 5468 3080 5497 ι
3116 5442 3475 5516 Secundum,
3516 5443 3729 5517 inquit,
3762 5455 3858 5512 ge-
