  <div class='ocr_page' id='page_1' title='image "/cluster/home/n/w/nwhite01/storage/ocr_20150623/144/hvd.32044054760046/202.png"; bbox 0 0 4024 6198; ppageno 0'>
   <div class='ocr_carea' id='block_1_1' title="bbox 402 319 514 376">
    <p class='ocr_par' dir='ltr' id='par_1_1' title="bbox 402 319 514 376">
     <span class='ocr_line' id='line_1_1' title="bbox 402 319 514 376; baseline 0 0"><span class='ocrx_word' id='word_1_1' title='bbox 402 319 514 376; x_wconf 75' lang='lat'><strong>393</strong></span> 
     </span>
    </p>
   </div>
   <div class='ocr_carea' id='block_1_2' title="bbox 1539 316 2473 387">
    <p class='ocr_par' dir='ltr' id='par_1_2' title="bbox 1539 316 2473 387">
     <span class='ocr_line' id='line_1_2' title="bbox 1539 316 2473 387; baseline -0.003 -8"><span class='ocrx_word' id='word_1_2' title='bbox 1539 316 1742 379; x_wconf 77' lang='lat' dir='ltr'><strong>LIBER</strong></span> <span class='ocrx_word' id='word_1_3' title='bbox 1780 319 2077 387; x_wconf 72' lang='lat' dir='ltr'><strong>SEXTUS,</strong></span> <span class='ocrx_word' id='word_1_4' title='bbox 2121 320 2336 378; x_wconf 83' lang='lat' dir='ltr'><strong>EPIST.</strong></span> <span class='ocrx_word' id='word_1_5' title='bbox 2380 320 2473 377; x_wconf 80' lang='lat' dir='ltr'><strong>XII</strong></span> 
     </span>
    </p>
   </div>
   <div class='ocr_carea' id='block_1_3' title="bbox 3565 323 3669 378">
    <p class='ocr_par' dir='ltr' id='par_1_3' title="bbox 3565 323 3669 378">
     <span class='ocr_line' id='line_1_3' title="bbox 3565 323 3669 378; baseline 0.019 -2"><span class='ocrx_word' id='word_1_6' title='bbox 3565 323 3669 378; x_wconf 71' lang='grc' dir='ltr'><strong>δθι</strong></span> 
     </span>
    </p>
   </div>
   <div class='ocr_carea' id='block_1_4' title="bbox 406 432 3676 512">
    <p class='ocr_par' dir='ltr' id='par_1_4' title="bbox 406 432 3676 512">
     <span class='ocr_line' id='line_1_4' title="bbox 406 432 3676 512; baseline 0.002 -24"><span class='ocrx_word' id='word_1_7' title='bbox 406 448 507 488; x_wconf 85' lang='lat' dir='ltr'><strong>nus</strong></span> <span class='ocrx_word' id='word_1_8' title='bbox 533 441 608 487; x_wconf 89' lang='lat' dir='ltr'><strong>est</strong></span> <span class='ocrx_word' id='word_1_9' title='bbox 637 433 1112 499; x_wconf 86' lang='lat' dir='ltr'><strong>anachoretarum,</strong></span> <span class='ocrx_word' id='word_1_10' title='bbox 1139 433 1325 512; x_wconf 90' lang='lat' dir='ltr'><strong>idest,</strong></span> <span class='ocrx_word' id='word_1_11' title='bbox 1351 434 1724 491; x_wconf 88' lang='lat' dir='ltr'><strong>eremitarum.</strong></span> <span class='ocrx_word' id='word_1_12' title='bbox 1763 434 1988 499; x_wconf 83' lang='lat' dir='ltr'><strong>llorum,</strong></span> <span class='ocrx_word' id='word_1_13' title='bbox 2019 437 2066 496; x_wconf 75' lang='grc' dir='ltr'>Α</span> <span class='ocrx_word' id='word_1_14' title='bbox 2093 433 2222 490; x_wconf 93' lang='lat' dir='ltr'><strong>illuc</strong></span> <span class='ocrx_word' id='word_1_15' title='bbox 2264 435 2580 490; x_wconf 86' lang='lat' dir='ltr'><strong>cohortatus</strong></span> <span class='ocrx_word' id='word_1_16' title='bbox 2623 433 2838 490; x_wconf 76' lang='lat' dir='ltr'><strong>invitat.</strong></span> <span class='ocrx_word' id='word_1_17' title='bbox 2872 432 2968 490; x_wconf 78' lang='lat' dir='ltr'><strong>llic</strong></span> <span class='ocrx_word' id='word_1_18' title='bbox 3005 434 3248 506; x_wconf 79' lang='lat' dir='ltr'><strong>spiritale</strong></span> <span class='ocrx_word' id='word_1_19' title='bbox 3283 444 3558 492; x_wconf 74' lang='lat' dir='ltr'><strong>certamen:</strong></span> <span class='ocrx_word' id='word_1_20' title='bbox 3591 437 3676 493; x_wconf 90' lang='lat' dir='ltr'><strong>in-</strong></span> 
     </span>
    </p>
   </div>
   <div class='ocr_carea' id='block_1_5' title="bbox 404 521 3676 594">
    <p class='ocr_par' dir='ltr' id='par_1_5' title="bbox 404 521 3676 594">
     <span class='ocr_line' id='line_1_5' title="bbox 404 521 3676 594; baseline 0.002 -17"><span class='ocrx_word' id='word_1_21' title='bbox 404 522 496 594; x_wconf 86' lang='lat' dir='ltr'><strong>qui</strong></span> <span class='ocrx_word' id='word_1_22' title='bbox 532 537 636 576; x_wconf 87' lang='lat' dir='ltr'><strong>non</strong></span> <span class='ocrx_word' id='word_1_23' title='bbox 668 523 1044 577; x_wconf 84' lang='lat' dir='ltr'><strong>conversionis</strong></span> <span class='ocrx_word' id='word_1_24' title='bbox 1076 521 1292 580; x_wconf 82' lang='lat' dir='ltr'><strong>fervore</strong></span> <span class='ocrx_word' id='word_1_25' title='bbox 1337 524 1561 586; x_wconf 89' lang='lat' dir='ltr'><strong>novitio,</strong></span> <span class='ocrx_word' id='word_1_26' title='bbox 1595 525 1688 578; x_wconf 92' lang='lat' dir='ltr'><strong>sed</strong></span> <span class='ocrx_word' id='word_1_27' title='bbox 1725 533 1990 579; x_wconf 87' lang='lat' dir='ltr'><strong>monaste-</strong></span> <span class='ocrx_word' id='word_1_28' title='bbox 2089 527 2294 594; x_wconf 88' lang='lat' dir='ltr'><strong>cipere,</strong></span> <span class='ocrx_word' id='word_1_29' title='bbox 2334 525 2440 584; x_wconf 88' lang='lat' dir='ltr'><strong>illic</strong></span> <span class='ocrx_word' id='word_1_30' title='bbox 2467 525 2656 580; x_wconf 90' lang='lat' dir='ltr'><strong>edocet</strong></span> <span class='ocrx_word' id='word_1_31' title='bbox 2690 541 3090 581; x_wconf 91' lang='lat' dir='ltr'><strong>consummare.</strong></span> <span class='ocrx_word' id='word_1_32' title='bbox 3136 525 3232 581; x_wconf 84' lang='lat' dir='ltr'><strong>Hie</strong></span> <span class='ocrx_word' id='word_1_33' title='bbox 3258 527 3512 583; x_wconf 84' lang='lat' dir='ltr'><strong>admonet</strong></span> <span class='ocrx_word' id='word_1_34' title='bbox 3547 529 3676 584; x_wconf 85' lang='lat' dir='ltr'><strong>tiro-</strong></span> 
     </span>
    </p>
   </div>
   <div class='ocr_carea' id='block_1_6' title="bbox 403 614 1989 686">
    <p class='ocr_par' dir='ltr' id='par_1_6' title="bbox 403 614 1989 686">
     <span class='ocr_line' id='line_1_6' title="bbox 403 614 1989 686; baseline -0.001 -17"><span class='ocrx_word' id='word_1_35' title='bbox 403 614 470 670; x_wconf 85' lang='lat' dir='ltr'><strong>rii</strong></span> <span class='ocrx_word' id='word_1_36' title='bbox 501 615 822 686; x_wconf 78' lang='lat' dir='ltr'><strong>probatione</strong></span> <span class='ocrx_word' id='word_1_37' title='bbox 847 614 1102 668; x_wconf 89' lang='lat' dir='ltr'><strong>diuturna</strong></span> <span class='ocrx_word' id='word_1_38' title='bbox 1127 614 1434 670; x_wconf 90' lang='lat' dir='ltr'><strong>didicerunt</strong></span> <span class='ocrx_word' id='word_1_39' title='bbox 1462 623 1652 670; x_wconf 89' lang='lat' dir='ltr'><strong>contra</strong></span> <span class='ocrx_word' id='word_1_40' title='bbox 1692 614 1989 679; x_wconf 90' lang='lat' dir='ltr'><strong>diabolum,</strong></span> 
     </span>
    </p>
   </div>
   <div class='ocr_carea' id='block_1_7' title="bbox 404 703 1991 776">
    <p class='ocr_par' dir='ltr' id='par_1_7' title="bbox 404 703 1991 776">
     <span class='ocr_line' id='line_1_7' title="bbox 404 703 1991 776; baseline -0.004 -12"><span class='ocrx_word' id='word_1_41' title='bbox 404 708 700 764; x_wconf 87' lang='lat' dir='ltr'><strong>multorum</strong></span> <span class='ocrx_word' id='word_1_42' title='bbox 745 704 942 760; x_wconf 84' lang='lat' dir='ltr'><strong>solatio</strong></span> <span class='ocrx_word' id='word_1_43' title='bbox 973 703 1090 772; x_wconf 89' lang='lat' dir='ltr'><strong>jam</strong></span> <span class='ocrx_word' id='word_1_44' title='bbox 1135 704 1303 775; x_wconf 89' lang='lat' dir='ltr'><strong>docti,</strong></span> <span class='ocrx_word' id='word_1_45' title='bbox 1331 720 1603 776; x_wconf 88' lang='lat' dir='ltr'><strong>pugnare;</strong></span> <span class='ocrx_word' id='word_1_46' title='bbox 1642 713 1697 759; x_wconf 90' lang='lat' dir='ltr'><strong>et</strong></span> <span class='ocrx_word' id='word_1_47' title='bbox 1725 703 1860 759; x_wconf 89' lang='lat' dir='ltr'><strong>bene</strong></span> <span class='ocrx_word' id='word_1_48' title='bbox 1911 705 1991 758; x_wconf 86' lang='lat' dir='ltr'><strong>itt-</strong></span> 
     </span>
    </p>
   </div>
   <div class='ocr_carea' id='block_1_8' title="bbox 2088 615 3676 690">
    <p class='ocr_par' dir='ltr' id='par_1_8' title="bbox 2088 615 3676 690">
     <span class='ocr_line' id='line_1_8' title="bbox 2088 615 3676 690; baseline 0.003 -21"><span class='ocrx_word' id='word_1_49' title='bbox 2088 624 2251 669; x_wconf 89' lang='lat' dir='ltr'><strong>natus</strong></span> <span class='ocrx_word' id='word_1_50' title='bbox 2297 631 2446 669; x_wconf 91' lang='lat' dir='ltr'><strong>arma</strong></span> <span class='ocrx_word' id='word_1_51' title='bbox 2500 615 2776 685; x_wconf 83' lang='lat' dir='ltr'><strong>corripere</strong></span> <span class='ocrx_word' id='word_1_52' title='bbox 2802 657 2819 680; x_wconf 91' lang='lat'><strong>,</strong></span> <span class='ocrx_word' id='word_1_53' title='bbox 2859 624 2923 670; x_wconf 92' lang='lat' dir='ltr'><strong>ut</strong></span> <span class='ocrx_word' id='word_1_54' title='bbox 2963 617 3070 672; x_wconf 90' lang='lat' dir='ltr'><strong>illic</strong></span> <span class='ocrx_word' id='word_1_55' title='bbox 3115 617 3325 672; x_wconf 88' lang='lat' dir='ltr'><strong>noverit</strong></span> <span class='ocrx_word' id='word_1_56' title='bbox 3377 619 3676 690; x_wconf 76' lang='lat' dir='ltr'><strong>phalangas</strong></span> 
     </span>
    </p>
   </div>
   <div class='ocr_carea' id='block_1_9' title="bbox 2092 706 3680 776">
    <p class='ocr_par' dir='ltr' id='par_1_9' title="bbox 2092 706 3680 776">
     <span class='ocr_line' id='line_1_9' title="bbox 2092 706 3680 776; baseline 0.003 -15"><span class='ocrx_word' id='word_1_57' title='bbox 2092 707 2327 763; x_wconf 85' lang='lat' dir='ltr'><strong>hostium</strong></span> <span class='ocrx_word' id='word_1_58' title='bbox 2362 706 2726 776; x_wconf 89' lang='lat' dir='ltr'><strong>vitiorumque</strong></span> <span class='ocrx_word' id='word_1_59' title='bbox 2774 707 3078 763; x_wconf 85' lang='lat' dir='ltr'><strong>barbariem</strong></span> <span class='ocrx_word' id='word_1_60' title='bbox 3128 723 3234 762; x_wconf 94' lang='lat' dir='ltr'><strong>non</strong></span> <span class='ocrx_word' id='word_1_61' title='bbox 3264 709 3537 764; x_wconf 89' lang='lat' dir='ltr'><strong>enerviter</strong></span> <span class='ocrx_word' id='word_1_62' title='bbox 3569 711 3680 765; x_wconf 78' lang='lat' dir='ltr'><strong>ob-</strong></span> 
     </span>
    </p>
   </div>
   <div class='ocr_carea' id='block_1_10' title="bbox 402 795 3677 870">
    <p class='ocr_par' dir='ltr' id='par_1_10' title="bbox 402 795 3677 870">
     <span class='ocr_line' id='line_1_10' title="bbox 402 795 3677 870; baseline 0.001 -18"><span class='ocrx_word' id='word_1_63' title='bbox 402 799 601 852; x_wconf 86' lang='lat' dir='ltr'><strong>structi</strong></span> <span class='ocrx_word' id='word_1_64' title='bbox 652 797 893 857; x_wconf 87' lang='lat' dir='ltr'><strong>fraterna</strong></span> <span class='ocrx_word' id='word_1_65' title='bbox 945 811 1011 850; x_wconf 80' lang='lat' dir='ltr'><strong>ex</strong></span> <span class='ocrx_word' id='word_1_66' title='bbox 1067 796 1216 860; x_wconf 85' lang='lat' dir='ltr'><strong>acie,</strong></span> <span class='ocrx_word' id='word_1_67' title='bbox 1266 796 1333 850; x_wconf 92' lang='lat' dir='ltr'><strong>ad</strong></span> <span class='ocrx_word' id='word_1_68' title='bbox 1382 795 1708 868; x_wconf 79' lang='lat' dir='ltr'><strong>singularem</strong></span> <span class='ocrx_word' id='word_1_69' title='bbox 1760 809 1991 866; x_wconf 78' lang='lat' dir='ltr'><strong>pugnam</strong></span> <span class='ocrx_word' id='word_1_70' title='bbox 2091 806 2368 854; x_wconf 85' lang='lat' dir='ltr'><strong>truncare.</strong></span> <span class='ocrx_word' id='word_1_71' title='bbox 2425 797 2533 854; x_wconf 86' lang='lat' dir='ltr'><strong>Sed</strong></span> <span class='ocrx_word' id='word_1_72' title='bbox 2584 798 2723 854; x_wconf 89' lang='lat' dir='ltr'><strong>forte</strong></span> <span class='ocrx_word' id='word_1_73' title='bbox 2773 800 2987 855; x_wconf 87' lang='lat' dir='ltr'><strong>dicatur</strong></span> <span class='ocrx_word' id='word_1_74' title='bbox 3031 801 3158 870; x_wconf 83' lang='lat' dir='ltr'><strong>quia</strong></span> <span class='ocrx_word' id='word_1_75' title='bbox 3203 817 3300 856; x_wconf 92' lang='lat' dir='ltr'><strong>nos</strong></span> <span class='ocrx_word' id='word_1_76' title='bbox 3358 801 3530 856; x_wconf 85' lang='lat' dir='ltr'><strong>sancti</strong></span> <span class='ocrx_word' id='word_1_77' title='bbox 3573 803 3677 856; x_wconf 91' lang='lat' dir='ltr'><strong>viri</strong></span> 
     </span>
    </p>
   </div>
   <div class='ocr_carea' id='block_1_11' title="bbox 401 883 3679 953">
    <p class='ocr_par' dir='ltr' id='par_1_11' title="bbox 401 883 3679 953">
     <span class='ocr_line' id='line_1_11' title="bbox 401 883 3679 953; baseline -0.002 -1"><span class='ocrx_word' id='word_1_78' title='bbox 401 886 598 952; x_wconf 60' lang='lat' dir='ltr'><strong>eremi.</strong></span> <span class='ocrx_word' id='word_1_79' title='bbox 640 886 815 941; x_wconf 72' lang='lat' dir='ltr'><strong>securi</strong></span> <span class='ocrx_word' id='word_1_80' title='bbox 859 885 973 953; x_wconf 72' lang='lat' dir='ltr'><strong>iam</strong></span> <span class='ocrx_word' id='word_1_81' title='bbox 1008 886 1128 940; x_wconf 75' lang='grc' dir='ltr'>είιιε</span> <span class='ocrx_word' id='word_1_82' title='bbox 1166 884 1541 940; x_wconf 72' lang='grc' dir='ltr'><strong>οοηεοιεὶιίοηε</strong></span> <span class='ocrx_word' id='word_1_83' title='bbox 1581 883 1830 947; x_wconf 58' lang='lat' dir='ltr'><strong>alterius.</strong></span> <span class='ocrx_word' id='word_1_84' title='bbox 1877 883 1990 937; x_wconf 76' lang='lat' dir='ltr'><strong>Sola</strong></span> <span class='ocrx_word' id='word_1_85' title='bbox 2090 888 2254 944; x_wconf 84' lang='lat' dir='ltr'><strong>verba</strong></span> <span class='ocrx_word' id='word_1_86' title='bbox 2286 888 2354 942; x_wconf 91' lang='lat' dir='ltr'><strong>ad</strong></span> <span class='ocrx_word' id='word_1_87' title='bbox 2381 897 2578 943; x_wconf 72' lang='lat' dir='ltr'><strong>nostra:</strong></span> <span class='ocrx_word' id='word_1_88' title='bbox 2605 889 2898 946; x_wconf 86' lang='lat' dir='ltr'><strong>voluntatis</strong></span> <span class='ocrx_word' id='word_1_89' title='bbox 2923 890 3206 945; x_wconf 87' lang='lat' dir='ltr'><strong>arbitrium</strong></span> <span class='ocrx_word' id='word_1_90' title='bbox 3232 891 3497 946; x_wconf 85' lang='lat' dir='ltr'><strong>violenter</strong></span> <span class='ocrx_word' id='word_1_91' title='bbox 3526 890 3679 946; x_wconf 57' lang='lat' dir='ltr'><strong>inde-</strong></span> 
     </span>
    </p>
   </div>
   <div class='ocr_carea' id='block_1_12' title="bbox 402 974 3679 1051">
    <p class='ocr_par' dir='ltr' id='par_1_12' title="bbox 402 974 3679 1051">
     <span class='ocr_line' id='line_1_12' title="bbox 402 974 3679 1051; baseline -0.002 -8"><span class='ocrx_word' id='word_1_92' title='bbox 402 994 593 1042; x_wconf 71' lang='lat' dir='ltr'><strong>manu.</strong></span> <span class='ocrx_word' id='word_1_93' title='bbox 621 978 707 1034; x_wconf 64' lang='lat' dir='ltr'><strong>vel</strong></span> <span class='ocrx_word' id='word_1_94' title='bbox 735 978 982 1043; x_wconf 69' lang='lat' dir='ltr'><strong>braChiO.</strong></span> <span class='ocrx_word' id='word_1_95' title='bbox 1029 986 1218 1032; x_wconf 58' lang='lat' dir='ltr'><strong>contra</strong></span> <span class='ocrx_word' id='word_1_96' title='bbox 1255 977 1384 1031; x_wconf 76' lang='lat' dir='ltr'><strong>Vilia</strong></span> <span class='ocrx_word' id='word_1_97' title='bbox 1421 976 1626 1040; x_wconf 66' lang='lat' dir='ltr'><strong>carnis.</strong></span> <span class='ocrx_word' id='word_1_98' title='bbox 1659 974 1741 1030; x_wconf 67' lang='lat' dir='ltr'><strong>vel</strong></span> <span class='ocrx_word' id='word_1_99' title='bbox 1785 974 1992 1045; x_wconf 76' lang='lat' dir='ltr'><strong>Cogila-</strong></span> <span class='ocrx_word' id='word_1_100' title='bbox 2092 979 2328 1046; x_wconf 89' lang='lat' dir='ltr'><strong>ctimus,</strong></span> <span class='ocrx_word' id='word_1_101' title='bbox 2381 987 2437 1034; x_wconf 90' lang='lat' dir='ltr'><strong>et</strong></span> <span class='ocrx_word' id='word_1_102' title='bbox 2489 980 2666 1048; x_wconf 88' lang='lat' dir='ltr'><strong>potius</strong></span> <span class='ocrx_word' id='word_1_103' title='bbox 2718 981 3051 1051; x_wconf 85' lang='lat' dir='ltr'><strong>argumentis</strong></span> <span class='ocrx_word' id='word_1_104' title='bbox 3108 981 3389 1034; x_wconf 89' lang='lat' dir='ltr'><strong>innitimur</strong></span> <span class='ocrx_word' id='word_1_105' title='bbox 3430 997 3590 1050; x_wconf 87' lang='lat' dir='ltr'><strong>quam</strong></span> <span class='ocrx_word' id='word_1_106' title='bbox 3623 981 3679 1035; x_wconf 90' lang='lat' dir='ltr'><strong>in</strong></span> 
     </span>
    </p>
   </div>
   <div class='ocr_carea' id='block_1_13' title="bbox 405 1064 1995 1137">
    <p class='ocr_par' dir='ltr' id='par_1_13' title="bbox 405 1064 1995 1137">
     <span class='ocr_line' id='line_1_13' title="bbox 405 1064 1995 1137; baseline -0.003 -16"><span class='ocrx_word' id='word_1_107' title='bbox 405 1070 640 1132; x_wconf 91' lang='lat' dir='ltr'><strong>tionum,</strong></span> <span class='ocrx_word' id='word_1_108' title='bbox 689 1069 800 1124; x_wconf 88' lang='lat' dir='ltr'><strong>Deo</strong></span> <span class='ocrx_word' id='word_1_109' title='bbox 848 1068 1168 1133; x_wconf 68' lang='lat' dir='ltr'><strong>auxiliante,</strong></span> <span class='ocrx_word' id='word_1_110' title='bbox 1223 1065 1498 1123; x_wconf 74' lang='lat' dir='ltr'><strong>sufﬁciunt</strong></span> <span class='ocrx_word' id='word_1_111' title='bbox 1543 1080 1802 1137; x_wconf 84' lang='lat' dir='ltr'><strong>pugnare.</strong></span> <span class='ocrx_word' id='word_1_112' title='bbox 1840 1084 1859 1117; x_wconf 79' lang='grc' dir='ltr'><strong>ι</strong></span> <span class='ocrx_word' id='word_1_113' title='bbox 1913 1064 1995 1118; x_wconf 72' lang='lat' dir='ltr'><strong>Ex</strong></span> 
     </span>
    </p>
   </div>
   <div class='ocr_carea' id='block_1_14' title="bbox 403 1156 1997 1228">
    <p class='ocr_par' dir='ltr' id='par_1_14' title="bbox 403 1156 1997 1228">
     <span class='ocr_line' id='line_1_14' title="bbox 403 1156 1997 1228; baseline -0.003 -14"><span class='ocrx_word' id='word_1_114' title='bbox 403 1159 605 1228; x_wconf 85' lang='lat' dir='ltr'><strong>quibus</strong></span> <span class='ocrx_word' id='word_1_115' title='bbox 629 1159 818 1228; x_wconf 90' lang='lat' dir='ltr'><strong>utique</strong></span> <span class='ocrx_word' id='word_1_116' title='bbox 846 1159 1137 1214; x_wconf 79' lang='lat' dir='ltr'><strong>manifeste</strong></span> <span class='ocrx_word' id='word_1_117' title='bbox 1168 1157 1438 1228; x_wconf 84' lang='lat' dir='ltr'><strong>colligitur</strong></span> <span class='ocrx_word' id='word_1_118' title='bbox 1466 1157 1590 1227; x_wconf 89' lang='lat' dir='ltr'><strong>quia</strong></span> <span class='ocrx_word' id='word_1_119' title='bbox 1621 1159 1810 1214; x_wconf 90' lang='lat' dir='ltr'><strong>doctor</strong></span> <span class='ocrx_word' id='word_1_120' title='bbox 1838 1156 1997 1210; x_wconf 85' lang='lat' dir='ltr'><strong>almi-</strong></span> 
     </span>
    </p>
   </div>
   <div class='ocr_carea' id='block_1_15' title="bbox 405 1248 1994 1318">
    <p class='ocr_par' dir='ltr' id='par_1_15' title="bbox 405 1248 1994 1318">
     <span class='ocr_line' id='line_1_15' title="bbox 405 1248 1994 1318; baseline -0.002 -15"><span class='ocrx_word' id='word_1_121' title='bbox 405 1248 545 1304; x_wconf 82' lang='lat' dir='ltr'><strong>ﬁcus</strong></span> <span class='ocrx_word' id='word_1_122' title='bbox 576 1250 643 1305; x_wconf 91' lang='lat' dir='ltr'><strong>de</strong></span> <span class='ocrx_word' id='word_1_123' title='bbox 675 1249 1006 1304; x_wconf 89' lang='lat' dir='ltr'><strong>monasterio</strong></span> <span class='ocrx_word' id='word_1_124' title='bbox 1050 1248 1274 1303; x_wconf 83' lang='lat' dir='ltr'><strong>fratrem</strong></span> <span class='ocrx_word' id='word_1_125' title='bbox 1312 1249 1610 1318; x_wconf 85' lang='lat' dir='ltr'><strong>quemlibet</strong></span> <span class='ocrx_word' id='word_1_126' title='bbox 1651 1248 1720 1302; x_wconf 93' lang='lat' dir='ltr'><strong>ad</strong></span> <span class='ocrx_word' id='word_1_127' title='bbox 1753 1261 1994 1302; x_wconf 89' lang='lat' dir='ltr'><strong>eremum</strong></span> 
     </span>
    </p>
   </div>
   <div class='ocr_carea' id='block_1_16' title="bbox 404 1338 2000 1407">
    <p class='ocr_par' dir='ltr' id='par_1_16' title="bbox 404 1338 2000 1407">
     <span class='ocr_line' id='line_1_16' title="bbox 404 1338 2000 1407; baseline -0.001 -13"><span class='ocrx_word' id='word_1_128' title='bbox 404 1340 775 1396; x_wconf 88' lang='lat' dir='ltr'><strong>conscendere</strong></span> <span class='ocrx_word' id='word_1_129' title='bbox 823 1355 929 1396; x_wconf 91' lang='lat' dir='ltr'><strong>non</strong></span> <span class='ocrx_word' id='word_1_130' title='bbox 959 1339 1120 1395; x_wconf 90' lang='lat' dir='ltr'><strong>modo</strong></span> <span class='ocrx_word' id='word_1_131' title='bbox 1166 1355 1272 1394; x_wconf 91' lang='lat' dir='ltr'><strong>non</strong></span> <span class='ocrx_word' id='word_1_132' title='bbox 1301 1339 1597 1407; x_wconf 84' lang='lat' dir='ltr'><strong>prohibuit,</strong></span> <span class='ocrx_word' id='word_1_133' title='bbox 1629 1354 1815 1394; x_wconf 88' lang='lat' dir='ltr'><strong>verum</strong></span> <span class='ocrx_word' id='word_1_134' title='bbox 1850 1338 2000 1392; x_wconf 88' lang='lat' dir='ltr'><strong>insu-</strong></span> 
     </span>
    </p>
   </div>
   <div class='ocr_carea' id='block_1_17' title="bbox 405 1431 1998 1501">
    <p class='ocr_par' dir='ltr' id='par_1_17' title="bbox 405 1431 1998 1501">
     <span class='ocr_line' id='line_1_17' title="bbox 405 1431 1998 1501; baseline -0.002 -16"><span class='ocrx_word' id='word_1_135' title='bbox 405 1446 506 1501; x_wconf 86' lang='lat' dir='ltr'><strong>per</strong></span> <span class='ocrx_word' id='word_1_136' title='bbox 535 1431 744 1485; x_wconf 86' lang='lat' dir='ltr'><strong>monuit</strong></span> <span class='ocrx_word' id='word_1_137' title='bbox 766 1438 824 1485; x_wconf 87' lang='lat' dir='ltr'><strong>et</strong></span> <span class='ocrx_word' id='word_1_138' title='bbox 846 1431 1047 1496; x_wconf 90' lang='lat' dir='ltr'><strong>docuit,</strong></span> <span class='ocrx_word' id='word_1_139' title='bbox 1078 1432 1298 1500; x_wconf 88' lang='lat' dir='ltr'><strong>insuper</strong></span> <span class='ocrx_word' id='word_1_140' title='bbox 1329 1431 1492 1487; x_wconf 90' lang='lat' dir='ltr'><strong>etiam</strong></span> <span class='ocrx_word' id='word_1_141' title='bbox 1517 1431 1839 1500; x_wconf 88' lang='lat' dir='ltr'><strong>quibusdam</strong></span> <span class='ocrx_word' id='word_1_142' title='bbox 1870 1443 1998 1500; x_wconf 91' lang='lat' dir='ltr'><strong>per-</strong></span> 
     </span>
    </p>
   </div>
   <div class='ocr_carea' id='block_1_18' title="bbox 407 1513 2004 1593">
    <p class='ocr_par' dir='ltr' id='par_1_18' title="bbox 407 1513 2004 1593">
     <span class='ocr_line' id='line_1_18' title="bbox 407 1513 2004 1593; baseline -0.001 -15"><span class='ocrx_word' id='word_1_143' title='bbox 407 1523 753 1578; x_wconf 87' lang='lat' dir='ltr'><strong>suasionibus</strong></span> <span class='ocrx_word' id='word_1_144' title='bbox 801 1523 1066 1578; x_wconf 84' lang='lat' dir='ltr'><strong>incitavit.</strong></span> <span class='ocrx_word' id='word_1_145' title='bbox 1110 1523 1508 1579; x_wconf 78' lang='lat' dir='ltr'><strong>Auctoritatem</strong></span> <span class='ocrx_word' id='word_1_146' title='bbox 1550 1524 1748 1593; x_wconf 86' lang='lat' dir='ltr'><strong>quippe</strong></span> <span class='ocrx_word' id='word_1_147' title='bbox 1793 1513 1903 1588; x_wconf 82' lang='lat' dir='ltr'><strong>dat,</strong></span> <span class='ocrx_word' id='word_1_148' title='bbox 1941 1530 2004 1576; x_wconf 92' lang='lat' dir='ltr'><strong>ut</strong></span> 
     </span>
    </p>
   </div>
   <div class='ocr_carea' id='block_1_19' title="bbox 407 1613 1998 1686">
    <p class='ocr_par' dir='ltr' id='par_1_19' title="bbox 407 1613 1998 1686">
     <span class='ocr_line' id='line_1_19' title="bbox 407 1613 1998 1686; baseline -0.002 -16"><span class='ocrx_word' id='word_1_149' title='bbox 407 1618 663 1670; x_wconf 89' lang='lat' dir='ltr'><strong>diuturna</strong></span> <span class='ocrx_word' id='word_1_150' title='bbox 707 1615 858 1686; x_wconf 91' lang='lat' dir='ltr'><strong>prius</strong></span> <span class='ocrx_word' id='word_1_151' title='bbox 898 1616 1217 1685; x_wconf 85' lang='lat' dir='ltr'><strong>probatione</strong></span> <span class='ocrx_word' id='word_1_152' title='bbox 1261 1614 1432 1670; x_wconf 87' lang='lat' dir='ltr'><strong>frater</strong></span> <span class='ocrx_word' id='word_1_153' title='bbox 1472 1615 1528 1671; x_wconf 93' lang='lat' dir='ltr'><strong>in</strong></span> <span class='ocrx_word' id='word_1_154' title='bbox 1559 1614 1888 1670; x_wconf 86' lang='lat' dir='ltr'><strong>monasterio</strong></span> <span class='ocrx_word' id='word_1_155' title='bbox 1912 1613 1998 1668; x_wconf 82' lang='lat' dir='ltr'><strong>di-</strong></span> 
     </span>
    </p>
   </div>
   <div class='ocr_carea' id='block_1_20' title="bbox 408 1705 2003 1778">
    <p class='ocr_par' dir='ltr' id='par_1_20' title="bbox 408 1705 2003 1778">
     <span class='ocr_line' id='line_1_20' title="bbox 408 1705 2003 1778; baseline -0.003 -17"><span class='ocrx_word' id='word_1_156' title='bbox 408 1717 524 1761; x_wconf 87' lang='lat' dir='ltr'><strong>seat</strong></span> <span class='ocrx_word' id='word_1_157' title='bbox 548 1707 782 1778; x_wconf 88' lang='lat' dir='ltr'><strong>qualiter</strong></span> <span class='ocrx_word' id='word_1_158' title='bbox 813 1706 867 1761; x_wconf 90' lang='lat' dir='ltr'><strong>in</strong></span> <span class='ocrx_word' id='word_1_159' title='bbox 892 1721 1078 1762; x_wconf 90' lang='lat' dir='ltr'><strong>eremo</strong></span> <span class='ocrx_word' id='word_1_160' title='bbox 1103 1716 1291 1762; x_wconf 90' lang='lat' dir='ltr'><strong>contra</strong></span> <span class='ocrx_word' id='word_1_161' title='bbox 1318 1706 1499 1762; x_wconf 89' lang='lat' dir='ltr'><strong>callidi</strong></span> <span class='ocrx_word' id='word_1_162' title='bbox 1531 1705 1816 1760; x_wconf 90' lang='lat' dir='ltr'><strong>tentatoris</strong></span> <span class='ocrx_word' id='word_1_163' title='bbox 1841 1718 2003 1774; x_wconf 84' lang='lat' dir='ltr'><strong>argu-</strong></span> 
     </span>
    </p>
   </div>
   <div class='ocr_carea' id='block_1_21' title="bbox 2094 1068 3682 1141">
    <p class='ocr_par' dir='ltr' id='par_1_21' title="bbox 2094 1068 3682 1141">
     <span class='ocr_line' id='line_1_21' title="bbox 2094 1068 3682 1141; baseline 0.001 -17"><span class='ocrx_word' id='word_1_164' title='bbox 2094 1071 2197 1124; x_wconf 89' lang='lat' dir='ltr'><strong>hac</strong></span> <span class='ocrx_word' id='word_1_165' title='bbox 2227 1068 2671 1138; x_wconf 88' lang='lat' dir='ltr'><strong>interpretatione</strong></span> <span class='ocrx_word' id='word_1_166' title='bbox 2694 1070 2981 1123; x_wconf 87' lang='lat' dir='ltr'><strong>verborum</strong></span> <span class='ocrx_word' id='word_1_167' title='bbox 3009 1069 3162 1125; x_wconf 86' lang='lat' dir='ltr'><strong>uobis</strong></span> <span class='ocrx_word' id='word_1_168' title='bbox 3187 1068 3512 1141; x_wconf 74' lang='lat' dir='ltr'><strong>suffragetur</strong></span> <span class='ocrx_word' id='word_1_169' title='bbox 3540 1070 3682 1126; x_wconf 79' lang='lat' dir='ltr'><strong>veri-</strong></span> 
     </span>
    </p>
   </div>
   <div class='ocr_carea' id='block_1_22' title="bbox 2097 1157 3686 1230">
    <p class='ocr_par' dir='ltr' id='par_1_22' title="bbox 2097 1157 3686 1230">
     <span class='ocr_line' id='line_1_22' title="bbox 2097 1157 3686 1230; baseline 0.001 -18"><span class='ocrx_word' id='word_1_170' title='bbox 2097 1167 2200 1213; x_wconf 89' lang='lat' dir='ltr'><strong>tas.</strong></span> <span class='ocrx_word' id='word_1_171' title='bbox 2233 1157 2576 1228; x_wconf 82' lang='lat' dir='ltr'><strong>Inquiramus</strong></span> <span class='ocrx_word' id='word_1_172' title='bbox 2600 1158 2775 1213; x_wconf 88' lang='lat' dir='ltr'><strong>adhuc</strong></span> <span class='ocrx_word' id='word_1_173' title='bbox 2801 1159 3174 1214; x_wconf 90' lang='lat' dir='ltr'><strong>beatissimum</strong></span> <span class='ocrx_word' id='word_1_174' title='bbox 3209 1161 3412 1223; x_wconf 89' lang='lat' dir='ltr'><strong>virum,</strong></span> <span class='ocrx_word' id='word_1_175' title='bbox 3455 1169 3514 1215; x_wconf 94' lang='lat' dir='ltr'><strong>ut</strong></span> <span class='ocrx_word' id='word_1_176' title='bbox 3541 1161 3686 1230; x_wconf 89' lang='lat' dir='ltr'><strong>quod</strong></span> 
     </span>
    </p>
   </div>
   <div class='ocr_carea' id='block_1_23' title="bbox 2096 1245 3682 1316">
    <p class='ocr_par' dir='ltr' id='par_1_23' title="bbox 2096 1245 3682 1316">
     <span class='ocr_line' id='line_1_23' title="bbox 2096 1245 3682 1316; baseline 0.002 -15"><span class='ocrx_word' id='word_1_177' title='bbox 2096 1261 2259 1316; x_wconf 89' lang='lat' dir='ltr'><strong>super</strong></span> <span class='ocrx_word' id='word_1_178' title='bbox 2287 1245 2446 1314; x_wconf 91' lang='lat' dir='ltr'><strong>hujus</strong></span> <span class='ocrx_word' id='word_1_179' title='bbox 2471 1247 2880 1315; x_wconf 85' lang='lat' dir='ltr'><strong>disceptationis</strong></span> <span class='ocrx_word' id='word_1_180' title='bbox 2923 1247 3152 1304; x_wconf 90' lang='lat' dir='ltr'><strong>articulo</strong></span> <span class='ocrx_word' id='word_1_181' title='bbox 3199 1249 3394 1304; x_wconf 85' lang='lat' dir='ltr'><strong>sentiat</strong></span> <span class='ocrx_word' id='word_1_182' title='bbox 3429 1250 3682 1304; x_wconf 83' lang='lat' dir='ltr'><strong>enuclea-</strong></span> 
     </span>
    </p>
   </div>
   <div class='ocr_carea' id='block_1_24' title="bbox 2098 1334 3690 1409">
    <p class='ocr_par' dir='ltr' id='par_1_24' title="bbox 2098 1334 3690 1409">
     <span class='ocr_line' id='line_1_24' title="bbox 2098 1334 3690 1409; baseline 0.003 -21"><span class='ocrx_word' id='word_1_183' title='bbox 2098 1334 2204 1390; x_wconf 90' lang='lat' dir='ltr'><strong>tius</strong></span> <span class='ocrx_word' id='word_1_184' title='bbox 2230 1335 2524 1401; x_wconf 87' lang='lat' dir='ltr'><strong>elueeseat,</strong></span> <span class='ocrx_word' id='word_1_185' title='bbox 2563 1344 2622 1390; x_wconf 91' lang='lat' dir='ltr'><strong>et</strong></span> <span class='ocrx_word' id='word_1_186' title='bbox 2659 1335 2745 1390; x_wconf 86' lang='lat' dir='ltr'><strong>illa</strong></span> <span class='ocrx_word' id='word_1_187' title='bbox 2772 1337 2988 1405; x_wconf 80' lang='lat' dir='ltr'><strong>quidem</strong></span> <span class='ocrx_word' id='word_1_188' title='bbox 3013 1337 3132 1408; x_wconf 85' lang='lat' dir='ltr'><strong>ejus</strong></span> <span class='ocrx_word' id='word_1_189' title='bbox 3159 1353 3279 1408; x_wconf 72' lang='lat' dir='ltr'><strong>qua:</strong></span> <span class='ocrx_word' id='word_1_190' title='bbox 3313 1354 3475 1409; x_wconf 90' lang='lat' dir='ltr'><strong>supra</strong></span> <span class='ocrx_word' id='word_1_191' title='bbox 3507 1340 3690 1408; x_wconf 77' lang='lat' dir='ltr'><strong>posui-</strong></span> 
     </span>
    </p>
   </div>
   <div class='ocr_carea' id='block_1_25' title="bbox 2097 1426 3686 1502">
    <p class='ocr_par' dir='ltr' id='par_1_25' title="bbox 2097 1426 3686 1502">
     <span class='ocr_line' id='line_1_25' title="bbox 2097 1426 3686 1502; baseline 0.003 -21"><span class='ocrx_word' id='word_1_192' title='bbox 2097 1441 2220 1481; x_wconf 87' lang='lat' dir='ltr'><strong>mus</strong></span> <span class='ocrx_word' id='word_1_193' title='bbox 2268 1426 2323 1480; x_wconf 90' lang='lat' dir='ltr'><strong>in</strong></span> <span class='ocrx_word' id='word_1_194' title='bbox 2373 1428 2490 1496; x_wconf 90' lang='lat' dir='ltr'><strong>ipso</strong></span> <span class='ocrx_word' id='word_1_195' title='bbox 2543 1437 2742 1483; x_wconf 62' lang='lat' dir='ltr'><strong>sanctae</strong></span> <span class='ocrx_word' id='word_1_196' title='bbox 2796 1430 2992 1497; x_wconf 81' lang='lat' dir='ltr'><strong>regulae</strong></span> <span class='ocrx_word' id='word_1_197' title='bbox 3045 1432 3390 1502; x_wconf 90' lang='lat' dir='ltr'><strong>reperiuntur</strong></span> <span class='ocrx_word' id='word_1_198' title='bbox 3439 1433 3686 1487; x_wconf 80' lang='lat' dir='ltr'><strong>exordio.</strong></span> 
     </span>
    </p>
   </div>
   <div class='ocr_carea' id='block_1_26' title="bbox 2100 1513 3688 1591">
    <p class='ocr_par' dir='ltr' id='par_1_26' title="bbox 2100 1513 3688 1591">
     <span class='ocr_line' id='line_1_26' title="bbox 2100 1513 3688 1591; baseline 0.003 -22"><span class='ocrx_word' id='word_1_199' title='bbox 2100 1513 2392 1571; x_wconf 78' lang='lat' dir='ltr'><strong>Videamus</strong></span> <span class='ocrx_word' id='word_1_200' title='bbox 2408 1531 2554 1571; x_wconf 88' lang='lat' dir='ltr'><strong>nunc</strong></span> <span class='ocrx_word' id='word_1_201' title='bbox 2571 1532 2680 1586; x_wconf 91' lang='lat' dir='ltr'><strong>quo</strong></span> <span class='ocrx_word' id='word_1_202' title='bbox 2698 1519 2944 1573; x_wconf 89' lang='lat' dir='ltr'><strong>eamdem</strong></span> <span class='ocrx_word' id='word_1_203' title='bbox 2966 1521 3202 1591; x_wconf 88' lang='lat' dir='ltr'><strong>regulam</strong></span> <span class='ocrx_word' id='word_1_204' title='bbox 3230 1522 3336 1577; x_wconf 82' lang='lat' dir='ltr'><strong>fine</strong></span> <span class='ocrx_word' id='word_1_205' title='bbox 3365 1522 3650 1577; x_wconf 88' lang='lat' dir='ltr'><strong>concludat</strong></span> <span class='ocrx_word' id='word_1_206' title='bbox 3670 1538 3688 1574; x_wconf 73' lang='grc' dir='ltr'>ε</span> 
     </span>
    </p>
   </div>
   <div class='ocr_carea' id='block_1_27' title="bbox 2107 1607 3694 1682">
    <p class='ocr_par' dir='ltr' id='par_1_27' title="bbox 2107 1607 3694 1682">
     <span class='ocr_line' id='line_1_27' title="bbox 2107 1607 3694 1682; baseline 0.006 -21"><span class='ocrx_word' id='word_1_207' title='bbox 2107 1626 2126 1660; x_wconf 73' lang='grc' dir='ltr'><strong>ε</strong></span> <span class='ocrx_word' id='word_1_208' title='bbox 2161 1607 2419 1679; x_wconf 81' lang='lat' dir='ltr'><strong>Regulam</strong></span> <span class='ocrx_word' id='word_1_209' title='bbox 2449 1618 2630 1664; x_wconf 88' lang='lat' dir='ltr'><strong>autem</strong></span> <span class='ocrx_word' id='word_1_210' title='bbox 2660 1610 2797 1666; x_wconf 89' lang='lat' dir='ltr'><strong>hanc</strong></span> <span class='ocrx_word' id='word_1_211' title='bbox 2821 1612 3226 1682; x_wconf 87' lang='lat' dir='ltr'><strong>descripsimus,</strong></span> <span class='ocrx_word' id='word_1_212' title='bbox 3257 1625 3314 1668; x_wconf 93' lang='lat' dir='ltr'><strong>ut</strong></span> <span class='ocrx_word' id='word_1_213' title='bbox 3337 1615 3478 1670; x_wconf 90' lang='lat' dir='ltr'><strong>hanc</strong></span> <span class='ocrx_word' id='word_1_214' title='bbox 3503 1616 3694 1670; x_wconf 83' lang='lat' dir='ltr'><strong>obser-</strong></span> 
     </span>
    </p>
   </div>
   <div class='ocr_carea' id='block_1_28' title="bbox 2100 1699 3697 1772">
    <p class='ocr_par' dir='ltr' id='par_1_28' title="bbox 2100 1699 3697 1772">
     <span class='ocr_line' id='line_1_28' title="bbox 2100 1699 3697 1772; baseline 0.003 -16"><span class='ocrx_word' id='word_1_215' title='bbox 2100 1707 2293 1756; x_wconf 83' lang='lat' dir='ltr'><strong>vantes</strong></span> <span class='ocrx_word' id='word_1_216' title='bbox 2339 1699 2392 1754; x_wconf 91' lang='lat' dir='ltr'><strong>in</strong></span> <span class='ocrx_word' id='word_1_217' title='bbox 2441 1702 2786 1756; x_wconf 89' lang='lat' dir='ltr'><strong>monasteriis</strong></span> <span class='ocrx_word' id='word_1_218' title='bbox 2829 1702 3189 1772; x_wconf 88' lang='lat' dir='ltr'><strong>aliquatenus,</strong></span> <span class='ocrx_word' id='word_1_219' title='bbox 3220 1705 3304 1760; x_wconf 90' lang='lat' dir='ltr'><strong>vel</strong></span> <span class='ocrx_word' id='word_1_220' title='bbox 3350 1704 3697 1762; x_wconf 86' lang='lat' dir='ltr'><strong>honestatem</strong></span> 
     </span>
    </p>
   </div>
   <div class='ocr_carea' id='block_1_29' title="bbox 409 1773 3698 1868">
    <p class='ocr_par' dir='ltr' id='par_1_29' title="bbox 409 1773 3698 1868">
     <span class='ocr_line' id='line_1_29' title="bbox 409 1773 3698 1868; baseline 0.001 -16"><span class='ocrx_word' id='word_1_221' title='bbox 409 1773 591 1853; x_wconf 76' lang='lat' dir='ltr'><strong>menta</strong></span> <span class='ocrx_word' id='word_1_222' title='bbox 620 1797 894 1868; x_wconf 83' lang='lat' dir='ltr'><strong>confligat.</strong></span> <span class='ocrx_word' id='word_1_223' title='bbox 925 1796 1024 1852; x_wconf 83' lang='lat' dir='ltr'><strong>Hie</strong></span> <span class='ocrx_word' id='word_1_224' title='bbox 1047 1797 1190 1852; x_wconf 90' lang='lat' dir='ltr'><strong>enim</strong></span> <span class='ocrx_word' id='word_1_225' title='bbox 1215 1812 1455 1867; x_wconf 89' lang='lat' dir='ltr'><strong>pugnare</strong></span> <span class='ocrx_word' id='word_1_226' title='bbox 1483 1795 1776 1852; x_wconf 91' lang='lat' dir='ltr'><strong>multorum</strong></span> <span class='ocrx_word' id='word_1_227' title='bbox 1807 1792 1999 1849; x_wconf 90' lang='lat' dir='ltr'><strong>solatio</strong></span> <span class='ocrx_word' id='word_1_228' title='bbox 2031 1773 2078 1836; x_wconf 74' lang='grc' dir='ltr'><strong>Β</strong></span> <span class='ocrx_word' id='word_1_229' title='bbox 2105 1807 2340 1858; x_wconf 91' lang='lat' dir='ltr'><strong>morum,</strong></span> <span class='ocrx_word' id='word_1_230' title='bbox 2383 1801 2475 1847; x_wconf 91' lang='lat' dir='ltr'><strong>aut</strong></span> <span class='ocrx_word' id='word_1_231' title='bbox 2511 1793 2723 1848; x_wconf 87' lang='lat' dir='ltr'><strong>initiunt</strong></span> <span class='ocrx_word' id='word_1_232' title='bbox 2757 1797 3189 1851; x_wconf 85' lang='lat' dir='ltr'><strong>conversationis</strong></span> <span class='ocrx_word' id='word_1_233' title='bbox 3215 1813 3314 1853; x_wconf 91' lang='lat' dir='ltr'><strong>nos</strong></span> <span class='ocrx_word' id='word_1_234' title='bbox 3359 1798 3698 1854; x_wconf 83' lang='lat' dir='ltr'><strong>demonstre-</strong></span> 
     </span>
    </p>
   </div>
   <div class='ocr_carea' id='block_1_30' title="bbox 411 1882 2004 1955">
    <p class='ocr_par' dir='ltr' id='par_1_30' title="bbox 411 1882 2004 1955">
     <span class='ocr_line' id='line_1_30' title="bbox 411 1882 2004 1955; baseline -0.001 -17"><span class='ocrx_word' id='word_1_235' title='bbox 411 1885 584 1940; x_wconf 89' lang='lat' dir='ltr'><strong>fretus</strong></span> <span class='ocrx_word' id='word_1_236' title='bbox 629 1886 867 1952; x_wconf 90' lang='lat' dir='ltr'><strong>inchoat,</strong></span> <span class='ocrx_word' id='word_1_237' title='bbox 919 1894 980 1940; x_wconf 91' lang='lat' dir='ltr'><strong>ut</strong></span> <span class='ocrx_word' id='word_1_238' title='bbox 1019 1886 1126 1940; x_wconf 91' lang='lat' dir='ltr'><strong>illic</strong></span> <span class='ocrx_word' id='word_1_239' title='bbox 1157 1886 1514 1955; x_wconf 85' lang='lat' dir='ltr'><strong>postmodum</strong></span> <span class='ocrx_word' id='word_1_240' title='bbox 1549 1885 1662 1941; x_wconf 90' lang='lat' dir='ltr'><strong>sola</strong></span> <span class='ocrx_word' id='word_1_241' title='bbox 1709 1900 1871 1940; x_wconf 89' lang='lat' dir='ltr'><strong>manu</strong></span> <span class='ocrx_word' id='word_1_242' title='bbox 1918 1882 2004 1938; x_wconf 89' lang='lat' dir='ltr'><strong>vel</strong></span> 
     </span>
    </p>
   </div>
   <div class='ocr_carea' id='block_1_31' title="bbox 409 1978 2004 2050">
    <p class='ocr_par' dir='ltr' id='par_1_31' title="bbox 409 1978 2004 2050">
     <span class='ocr_line' id='line_1_31' title="bbox 409 1978 2004 2050; baseline -0.003 -16"><span class='ocrx_word' id='word_1_243' title='bbox 409 1980 635 2035; x_wconf 90' lang='lat' dir='ltr'><strong>brachio</strong></span> <span class='ocrx_word' id='word_1_244' title='bbox 679 1978 1089 2050; x_wconf 87' lang='lat' dir='ltr'><strong>infatigabiliter</strong></span> <span class='ocrx_word' id='word_1_245' title='bbox 1121 1994 1182 2033; x_wconf 88' lang='lat' dir='ltr'><strong>se</strong></span> <span class='ocrx_word' id='word_1_246' title='bbox 1206 1987 1262 2033; x_wconf 90' lang='lat' dir='ltr'><strong>et</strong></span> <span class='ocrx_word' id='word_1_247' title='bbox 1303 1978 1677 2033; x_wconf 89' lang='lat' dir='ltr'><strong>indesinenter</strong></span> <span class='ocrx_word' id='word_1_248' title='bbox 1713 1989 2004 2049; x_wconf 81' lang='lat' dir='ltr'><strong>exercens,</strong></span> 
     </span>
    </p>
   </div>
   <div class='ocr_carea' id='block_1_32' title="bbox 412 2069 2004 2142">
    <p class='ocr_par' dir='ltr' id='par_1_32' title="bbox 412 2069 2004 2142">
     <span class='ocr_line' id='line_1_32' title="bbox 412 2069 2004 2142; baseline -0.001 -17"><span class='ocrx_word' id='word_1_249' title='bbox 412 2071 594 2126; x_wconf 90' lang='lat' dir='ltr'><strong>carnis</strong></span> <span class='ocrx_word' id='word_1_250' title='bbox 640 2070 1020 2142; x_wconf 85' lang='lat' dir='ltr'><strong>ingruentibus</strong></span> <span class='ocrx_word' id='word_1_251' title='bbox 1068 2069 1236 2136; x_wconf 92' lang='lat' dir='ltr'><strong>vitiis,</strong></span> <span class='ocrx_word' id='word_1_252' title='bbox 1287 2070 1371 2125; x_wconf 91' lang='lat' dir='ltr'><strong>vel</strong></span> <span class='ocrx_word' id='word_1_253' title='bbox 1423 2070 1842 2142; x_wconf 88' lang='lat' dir='ltr'><strong>cogitationibus</strong></span> <span class='ocrx_word' id='word_1_254' title='bbox 1896 2083 2004 2124; x_wconf 91' lang='lat' dir='ltr'><strong>non</strong></span> 
     </span>
    </p>
   </div>
   <div class='ocr_carea' id='block_1_33' title="bbox 412 2157 2004 2226">
    <p class='ocr_par' dir='ltr' id='par_1_33' title="bbox 412 2157 2004 2226">
     <span class='ocr_line' id='line_1_33' title="bbox 412 2157 2004 2226; baseline -0.001 -10"><span class='ocrx_word' id='word_1_255' title='bbox 412 2161 750 2216; x_wconf 84' lang='lat' dir='ltr'><strong>succumbat.</strong></span> <span class='ocrx_word' id='word_1_256' title='bbox 782 2157 879 2216; x_wconf 83' lang='lat' dir='ltr'><strong>Hie</strong></span> <span class='ocrx_word' id='word_1_257' title='bbox 911 2160 1045 2226; x_wconf 91' lang='lat' dir='ltr'><strong>tiro;</strong></span> <span class='ocrx_word' id='word_1_258' title='bbox 1081 2160 1191 2215; x_wconf 91' lang='lat' dir='ltr'><strong>illic</strong></span> <span class='ocrx_word' id='word_1_259' title='bbox 1220 2159 1394 2215; x_wconf 82' lang='lat' dir='ltr'><strong>miles.</strong></span> <span class='ocrx_word' id='word_1_260' title='bbox 1434 2159 1535 2214; x_wconf 84' lang='lat' dir='ltr'><strong>H&#39;ie</strong></span> <span class='ocrx_word' id='word_1_261' title='bbox 1562 2161 1714 2215; x_wconf 89' lang='lat' dir='ltr'><strong>rudis</strong></span> <span class='ocrx_word' id='word_1_262' title='bbox 1747 2169 1802 2216; x_wconf 90' lang='lat' dir='ltr'><strong>et</strong></span> <span class='ocrx_word' id='word_1_263' title='bbox 1827 2169 2004 2224; x_wconf 88' lang='lat' dir='ltr'><strong>tener,</strong></span> 
     </span>
    </p>
   </div>
   <div class='ocr_carea' id='block_1_34' title="bbox 413 2247 2009 2323">
    <p class='ocr_par' dir='ltr' id='par_1_34' title="bbox 413 2247 2009 2323">
     <span class='ocr_line' id='line_1_34' title="bbox 413 2247 2009 2323; baseline -0.001 -19"><span class='ocrx_word' id='word_1_264' title='bbox 413 2253 507 2323; x_wconf 91' lang='lat' dir='ltr'><strong>qui</strong></span> <span class='ocrx_word' id='word_1_265' title='bbox 536 2251 635 2306; x_wconf 91' lang='lat' dir='ltr'><strong>sub</strong></span> <span class='ocrx_word' id='word_1_266' title='bbox 661 2251 836 2320; x_wconf 89' lang='lat' dir='ltr'><strong>campi</strong></span> <span class='ocrx_word' id='word_1_267' title='bbox 865 2251 1088 2306; x_wconf 91' lang='lat' dir='ltr'><strong>doctore</strong></span> <span class='ocrx_word' id='word_1_268' title='bbox 1129 2249 1517 2305; x_wconf 86' lang='lat' dir='ltr'><strong>certaminibus</strong></span> <span class='ocrx_word' id='word_1_269' title='bbox 1555 2249 1850 2314; x_wconf 89' lang='lat' dir='ltr'><strong>assueseit;</strong></span> <span class='ocrx_word' id='word_1_270' title='bbox 1899 2247 2009 2304; x_wconf 88' lang='lat' dir='ltr'><strong>i&#39;llie</strong></span> 
     </span>
    </p>
   </div>
   <div class='ocr_carea' id='block_1_35' title="bbox 417 2338 2009 2408">
    <p class='ocr_par' dir='ltr' id='par_1_35' title="bbox 417 2338 2009 2408">
     <span class='ocr_line' id='line_1_35' title="bbox 417 2338 2009 2408; baseline -0.003 -13"><span class='ocrx_word' id='word_1_271' title='bbox 417 2346 703 2396; x_wconf 88' lang='lat' dir='ltr'><strong>roboratus</strong></span> <span class='ocrx_word' id='word_1_272' title='bbox 736 2339 852 2408; x_wconf 88' lang='lat' dir='ltr'><strong>jam</strong></span> <span class='ocrx_word' id='word_1_273' title='bbox 895 2340 1147 2395; x_wconf 91' lang='lat' dir='ltr'><strong>cominus</strong></span> <span class='ocrx_word' id='word_1_274' title='bbox 1174 2339 1416 2404; x_wconf 89' lang='lat' dir='ltr'><strong>dimicat,</strong></span> <span class='ocrx_word' id='word_1_275' title='bbox 1447 2347 1505 2392; x_wconf 91' lang='lat' dir='ltr'><strong>et</strong></span> <span class='ocrx_word' id='word_1_276' title='bbox 1531 2338 1804 2408; x_wconf 86' lang='lat' dir='ltr'><strong>singulare</strong></span> <span class='ocrx_word' id='word_1_277' title='bbox 1833 2348 2009 2392; x_wconf 84' lang='lat' dir='ltr'><strong>certa-</strong></span> 
     </span>
    </p>
   </div>
   <div class='ocr_carea' id='block_1_36' title="bbox 418 2427 2011 2498">
    <p class='ocr_par' dir='ltr' id='par_1_36' title="bbox 418 2427 2011 2498">
     <span class='ocr_line' id='line_1_36' title="bbox 418 2427 2011 2498; baseline -0.002 -12"><span class='ocrx_word' id='word_1_278' title='bbox 418 2447 540 2486; x_wconf 86' lang='lat' dir='ltr'><strong>men</strong></span> <span class='ocrx_word' id='word_1_279' title='bbox 567 2429 772 2486; x_wconf 90' lang='lat' dir='ltr'><strong>Cltristi</strong></span> <span class='ocrx_word' id='word_1_280' title='bbox 805 2431 1107 2485; x_wconf 87' lang='lat' dir='ltr'><strong>monachus</strong></span> <span class='ocrx_word' id='word_1_281' title='bbox 1153 2444 1262 2483; x_wconf 90' lang='lat' dir='ltr'><strong>non</strong></span> <span class='ocrx_word' id='word_1_282' title='bbox 1311 2437 1548 2484; x_wconf 87' lang='lat' dir='ltr'><strong>recusat.</strong></span> <span class='ocrx_word' id='word_1_283' title='bbox 1597 2428 1698 2484; x_wconf 79' lang='lat' dir='ltr'><strong>Hic</strong></span> <span class='ocrx_word' id='word_1_284' title='bbox 1742 2427 1889 2482; x_wconf 89' lang='lat' dir='ltr'><strong>velut</strong></span> <span class='ocrx_word' id='word_1_285' title='bbox 1912 2443 2011 2498; x_wconf 90' lang='lat' dir='ltr'><strong>per</strong></span> 
     </span>
    </p>
   </div>
   <div class='ocr_carea' id='block_1_37' title="bbox 420 2515 2010 2590">
    <p class='ocr_par' dir='ltr' id='par_1_37' title="bbox 420 2515 2010 2590">
     <span class='ocr_line' id='line_1_37' title="bbox 420 2515 2010 2590; baseline -0.002 -15"><span class='ocrx_word' id='word_1_286' title='bbox 420 2519 688 2575; x_wconf 69' lang='lat' dir='ltr'><strong>simulatae</strong></span> <span class='ocrx_word' id='word_1_287' title='bbox 727 2534 920 2590; x_wconf 65' lang='lat' dir='ltr'><strong>pugnae</strong></span> <span class='ocrx_word' id='word_1_288' title='bbox 953 2517 1295 2588; x_wconf 90' lang='lat' dir='ltr'><strong>proludium;</strong></span> <span class='ocrx_word' id='word_1_289' title='bbox 1347 2515 1458 2573; x_wconf 91' lang='lat' dir='ltr'><strong>illic</strong></span> <span class='ocrx_word' id='word_1_290' title='bbox 1506 2519 1662 2574; x_wconf 91' lang='lat' dir='ltr'><strong>docta</strong></span> <span class='ocrx_word' id='word_1_291' title='bbox 1709 2533 1901 2572; x_wconf 89' lang='lat' dir='ltr'><strong>manus</strong></span> <span class='ocrx_word' id='word_1_292' title='bbox 1941 2518 2010 2572; x_wconf 90' lang='lat' dir='ltr'><strong>ad</strong></span> 
     </span>
    </p>
   </div>
   <div class='ocr_carea' id='block_1_38' title="bbox 418 2609 2014 2682">
    <p class='ocr_par' dir='ltr' id='par_1_38' title="bbox 418 2609 2014 2682">
     <span class='ocr_line' id='line_1_38' title="bbox 418 2609 2014 2682; baseline -0.001 -16"><span class='ocrx_word' id='word_1_293' title='bbox 418 2612 602 2682; x_wconf 81' lang='lat' dir='ltr'><strong>przelia</strong></span> <span class='ocrx_word' id='word_1_294' title='bbox 619 2610 876 2666; x_wconf 86' lang='lat' dir='ltr'><strong>coitfserit</strong></span> <span class='ocrx_word' id='word_1_295' title='bbox 890 2623 1160 2676; x_wconf 83' lang='lat' dir='ltr'><strong>arma,nee</strong></span> <span class='ocrx_word' id='word_1_296' title='bbox 1175 2609 1541 2678; x_wconf 87' lang='lat' dir='ltr'><strong>perhorrescit</strong></span> <span class='ocrx_word' id='word_1_297' title='bbox 1563 2611 1895 2679; x_wconf 88' lang='lat' dir='ltr'><strong>eonstipatos</strong></span> <span class='ocrx_word' id='word_1_298' title='bbox 1911 2609 2014 2664; x_wconf 64' lang='lat' dir='ltr'><strong>im»</strong></span> 
     </span>
    </p>
   </div>
   <div class='ocr_carea' id='block_1_39' title="bbox 417 2700 2012 2774">
    <p class='ocr_par' dir='ltr' id='par_1_39' title="bbox 417 2700 2012 2774">
     <span class='ocr_line' id='line_1_39' title="bbox 417 2700 2012 2774; baseline -0.001 -19"><span class='ocrx_word' id='word_1_299' title='bbox 417 2713 576 2774; x_wconf 79' lang='lat' dir='ltr'><strong>pctus</strong></span> <span class='ocrx_word' id='word_1_300' title='bbox 599 2701 941 2757; x_wconf 88' lang='lat' dir='ltr'><strong>bellatorum.</strong></span> <span class='ocrx_word' id='word_1_301' title='bbox 967 2700 1078 2756; x_wconf 89' lang='lat' dir='ltr'><strong>lllie</strong></span> <span class='ocrx_word' id='word_1_302' title='bbox 1094 2700 1256 2772; x_wconf 73' lang='lat'><strong>198</strong></span> <span class='ocrx_word' id='word_1_303' title='bbox 1279 2701 1440 2756; x_wconf 91' lang='lat' dir='ltr'><strong>homo</strong></span> <span class='ocrx_word' id='word_1_304' title='bbox 1462 2701 1530 2756; x_wconf 89' lang='lat' dir='ltr'><strong>de</strong></span> <span class='ocrx_word' id='word_1_305' title='bbox 1550 2700 1746 2756; x_wconf 67' lang='lat' dir='ltr'><strong>saeculo</strong></span> <span class='ocrx_word' id='word_1_306' title='bbox 1766 2700 2012 2766; x_wconf 89' lang='lat' dir='ltr'><strong>veniens,</strong></span> 
     </span>
    </p>
   </div>
   <div class='ocr_carea' id='block_1_40' title="bbox 423 2789 2011 2860">
    <p class='ocr_par' dir='ltr' id='par_1_40' title="bbox 423 2789 2011 2860">
     <span class='ocr_line' id='line_1_40' title="bbox 423 2789 2011 2860; baseline -0.003 -15"><span class='ocrx_word' id='word_1_307' title='bbox 423 2791 571 2846; x_wconf 89' lang='lat' dir='ltr'><strong>velut</strong></span> <span class='ocrx_word' id='word_1_308' title='bbox 611 2789 802 2845; x_wconf 89' lang='lat' dir='ltr'><strong>urbem</strong></span> <span class='ocrx_word' id='word_1_309' title='bbox 847 2789 1128 2860; x_wconf 89' lang='lat' dir='ltr'><strong>parvulam</strong></span> <span class='ocrx_word' id='word_1_310' title='bbox 1159 2789 1330 2860; x_wconf 87' lang='lat' dir='ltr'><strong>Segor</strong></span> <span class='ocrx_word' id='word_1_311' title='bbox 1355 2789 1422 2844; x_wconf 91' lang='lat' dir='ltr'><strong>de</strong></span> <span class='ocrx_word' id='word_1_312' title='bbox 1456 2789 1703 2844; x_wconf 86' lang='lat' dir='ltr'><strong>Sodomis</strong></span> <span class='ocrx_word' id='word_1_313' title='bbox 1736 2802 2011 2860; x_wconf 88' lang='lat' dir='ltr'><strong>egressus,</strong></span> 
     </span>
    </p>
   </div>
   <div class='ocr_carea' id='block_1_41' title="bbox 426 2877 2013 2952">
    <p class='ocr_par' dir='ltr' id='par_1_41' title="bbox 426 2877 2013 2952">
     <span class='ocr_line' id='line_1_41' title="bbox 426 2877 2013 2952; baseline -0.003 -16"><span class='ocrx_word' id='word_1_314' title='bbox 426 2881 760 2952; x_wconf 88' lang='lat' dir='ltr'><strong>ingreditur;</strong></span> <span class='ocrx_word' id='word_1_315' title='bbox 795 2895 914 2935; x_wconf 92' lang='lat' dir='ltr'><strong>cum</strong></span> <span class='ocrx_word' id='word_1_316' title='bbox 943 2893 1072 2934; x_wconf 90' lang='lat' dir='ltr'><strong>vero</strong></span> <span class='ocrx_word' id='word_1_317' title='bbox 1109 2879 1175 2934; x_wconf 91' lang='lat' dir='ltr'><strong>ad</strong></span> <span class='ocrx_word' id='word_1_318' title='bbox 1201 2894 1444 2934; x_wconf 88' lang='lat' dir='ltr'><strong>eremum</strong></span> <span class='ocrx_word' id='word_1_319' title='bbox 1490 2879 1700 2944; x_wconf 88' lang='lat' dir='ltr'><strong>transit,</strong></span> <span class='ocrx_word' id='word_1_320' title='bbox 1742 2877 1858 2947; x_wconf 87' lang='lat' dir='ltr'><strong>jam</strong></span> <span class='ocrx_word' id='word_1_321' title='bbox 1887 2891 2013 2934; x_wconf 90' lang='lat' dir='ltr'><strong>cum</strong></span> 
     </span>
    </p>
   </div>
   <div class='ocr_carea' id='block_1_42' title="bbox 423 2968 1781 3040">
    <p class='ocr_par' dir='ltr' id='par_1_42' title="bbox 423 2968 1781 3040">
     <span class='ocr_line' id='line_1_42' title="bbox 423 2968 1781 3040; baseline -0.004 -11"><span class='ocrx_word' id='word_1_322' title='bbox 423 2975 618 3029; x_wconf 87' lang='lat' dir='ltr'><strong>eodem</strong></span> <span class='ocrx_word' id='word_1_323' title='bbox 644 2972 784 3027; x_wconf 87' lang='lat' dir='ltr'><strong>Loth</strong></span> <span class='ocrx_word' id='word_1_324' title='bbox 822 2980 1077 3026; x_wconf 91' lang='lat' dir='ltr'><strong>montana</strong></span> <span class='ocrx_word' id='word_1_325' title='bbox 1113 2970 1428 3026; x_wconf 88' lang='lat' dir='ltr'><strong>conscendit</strong></span> <span class='ocrx_word' id='word_1_326' title='bbox 1463 2968 1615 3040; x_wconf 88' lang='lat' dir='ltr'><strong>(Gen.</strong></span> <span class='ocrx_word' id='word_1_327' title='bbox 1644 2969 1781 3040; x_wconf 73' lang='lat' dir='ltr'><strong>xxx).</strong></span> 
     </span>
    </p>
   </div>
   <div class='ocr_carea' id='block_1_43' title="bbox 491 3061 2012 3146">
    <p class='ocr_par' dir='ltr' id='par_1_43' title="bbox 491 3061 2012 3146">
     <span class='ocr_line' id='line_1_43' title="bbox 491 3061 2012 3146; baseline -0.001 -29"><span class='ocrx_word' id='word_1_328' title='bbox 491 3063 576 3117; x_wconf 81' lang='lat' dir='ltr'><strong>Ad</strong></span> <span class='ocrx_word' id='word_1_329' title='bbox 605 3061 952 3143; x_wconf 82' lang='lat' dir='ltr'><strong>perfectionis</strong></span> <span class='ocrx_word' id='word_1_330' title='bbox 978 3061 1143 3132; x_wconf 89' lang='lat' dir='ltr'><strong>igitur</strong></span> <span class='ocrx_word' id='word_1_331' title='bbox 1180 3075 1447 3117; x_wconf 90' lang='lat' dir='ltr'><strong>summam</strong></span> <span class='ocrx_word' id='word_1_332' title='bbox 1474 3061 1798 3121; x_wconf 84' lang='lat' dir='ltr'><strong>tendenti,ct</strong></span> <span class='ocrx_word' id='word_1_333' title='bbox 1819 3076 2012 3146; x_wconf 70' lang='lat' dir='ltr'><strong>mona-</strong></span> 
     </span>
    </p>
   </div>
   <div class='ocr_carea' id='block_1_44' title="bbox 2104 1881 3702 1955">
    <p class='ocr_par' dir='ltr' id='par_1_44' title="bbox 2104 1881 3702 1955">
     <span class='ocr_line' id='line_1_44' title="bbox 2104 1881 3702 1955; baseline 0.005 -19"><span class='ocrx_word' id='word_1_334' title='bbox 2104 1897 2226 1936; x_wconf 91' lang='lat' dir='ltr'><strong>mus</strong></span> <span class='ocrx_word' id='word_1_335' title='bbox 2255 1881 2476 1936; x_wconf 89' lang='lat' dir='ltr'><strong>habere.</strong></span> <span class='ocrx_word' id='word_1_336' title='bbox 2506 1883 2792 1950; x_wconf 60' lang='lat' dir='ltr'><strong>Caeterum,</strong></span> <span class='ocrx_word' id='word_1_337' title='bbox 2824 1885 2914 1954; x_wconf 93' lang='lat' dir='ltr'><strong>qui</strong></span> <span class='ocrx_word' id='word_1_338' title='bbox 2955 1886 3023 1940; x_wconf 90' lang='lat' dir='ltr'><strong>ad</strong></span> <span class='ocrx_word' id='word_1_339' title='bbox 3051 1887 3434 1955; x_wconf 87' lang='lat' dir='ltr'><strong>perfectionem</strong></span> <span class='ocrx_word' id='word_1_340' title='bbox 3468 1903 3702 1944; x_wconf 82' lang='lat' dir='ltr'><strong>conver-</strong></span> 
     </span>
    </p>
   </div>
   <div class='ocr_carea' id='block_1_45' title="bbox 2105 1973 3698 2046">
    <p class='ocr_par' dir='ltr' id='par_1_45' title="bbox 2105 1973 3698 2046">
     <span class='ocr_line' id='line_1_45' title="bbox 2105 1973 3698 2046; baseline 0.005 -18"><span class='ocrx_word' id='word_1_341' title='bbox 2105 1974 2332 2029; x_wconf 87' lang='lat' dir='ltr'><strong>sationis</strong></span> <span class='ocrx_word' id='word_1_342' title='bbox 2357 1973 2636 2041; x_wconf 89' lang='lat' dir='ltr'><strong>festinant,</strong></span> <span class='ocrx_word' id='word_1_343' title='bbox 2665 1987 2791 2032; x_wconf 91' lang='lat' dir='ltr'><strong>sunt</strong></span> <span class='ocrx_word' id='word_1_344' title='bbox 2825 1978 3082 2034; x_wconf 69' lang='lat' dir='ltr'><strong>doctrina:</strong></span> <span class='ocrx_word' id='word_1_345' title='bbox 3109 1989 3420 2036; x_wconf 87' lang='lat' dir='ltr'><strong>sanctorum</strong></span> <span class='ocrx_word' id='word_1_346' title='bbox 3447 1980 3698 2046; x_wconf 84' lang='lat' dir='ltr'><strong>Patrum,</strong></span> 
     </span>
    </p>
   </div>
   <div class='ocr_carea' id='block_1_46' title="bbox 2104 2067 3693 2135">
    <p class='ocr_par' dir='ltr' id='par_1_46' title="bbox 2104 2067 3693 2135">
     <span class='ocr_line' id='line_1_46' title="bbox 2104 2067 3693 2135; baseline 0.008 -20"><span class='ocrx_word' id='word_1_347' title='bbox 2104 2078 2333 2133; x_wconf 88' lang='lat' dir='ltr'><strong>quarum</strong></span> <span class='ocrx_word' id='word_1_348' title='bbox 2359 2067 2669 2121; x_wconf 86' lang='lat' dir='ltr'><strong>observatio</strong></span> <span class='ocrx_word' id='word_1_349' title='bbox 2698 2068 2948 2135; x_wconf 91' lang='lat' dir='ltr'><strong>perducit</strong></span> <span class='ocrx_word' id='word_1_350' title='bbox 2994 2069 3268 2125; x_wconf 90' lang='lat' dir='ltr'><strong>hominem</strong></span> <span class='ocrx_word' id='word_1_351' title='bbox 3306 2071 3374 2124; x_wconf 91' lang='lat' dir='ltr'><strong>ad</strong></span> <span class='ocrx_word' id='word_1_352' title='bbox 3409 2070 3693 2127; x_wconf 89' lang='lat' dir='ltr'><strong>celsitudi-</strong></span> 
     </span>
    </p>
   </div>
   <div class='ocr_carea' id='block_1_47' title="bbox 2107 2154 3698 2230">
    <p class='ocr_par' dir='ltr' id='par_1_47' title="bbox 2107 2154 3698 2230">
     <span class='ocr_line' id='line_1_47' title="bbox 2107 2154 3698 2230; baseline 0.006 -22"><span class='ocrx_word' id='word_1_353' title='bbox 2107 2167 2231 2208; x_wconf 88' lang='lat' dir='ltr'><strong>nem</strong></span> <span class='ocrx_word' id='word_1_354' title='bbox 2255 2154 2624 2223; x_wconf 87' lang='lat' dir='ltr'><strong>perfectionis.</strong></span> <span class='ocrx_word' id='word_1_355' title='bbox 2659 2175 2678 2209; x_wconf 76' lang='grc' dir='ltr'><strong>ι</strong></span> <span class='ocrx_word' id='word_1_356' title='bbox 2711 2158 2874 2212; x_wconf 80' lang='lat' dir='ltr'><strong>Vides</strong></span> <span class='ocrx_word' id='word_1_357' title='bbox 2900 2158 3067 2229; x_wconf 90' lang='lat' dir='ltr'><strong>igitur</strong></span> <span class='ocrx_word' id='word_1_358' title='bbox 3101 2160 3226 2229; x_wconf 91' lang='lat' dir='ltr'><strong>quia</strong></span> <span class='ocrx_word' id='word_1_359' title='bbox 3253 2161 3443 2216; x_wconf 91' lang='lat' dir='ltr'><strong>doctor</strong></span> <span class='ocrx_word' id='word_1_360' title='bbox 3466 2161 3698 2230; x_wconf 85' lang='lat' dir='ltr'><strong>insignis</strong></span> 
     </span>
    </p>
   </div>
   <div class='ocr_carea' id='block_1_48' title="bbox 2109 2243 3700 2314">
    <p class='ocr_par' dir='ltr' id='par_1_48' title="bbox 2109 2243 3700 2314">
     <span class='ocr_line' id='line_1_48' title="bbox 2109 2243 3700 2314; baseline 0.004 -17"><span class='ocrx_word' id='word_1_361' title='bbox 2109 2243 2164 2297; x_wconf 91' lang='lat' dir='ltr'><strong>in</strong></span> <span class='ocrx_word' id='word_1_362' title='bbox 2197 2244 2545 2300; x_wconf 79' lang='lat' dir='ltr'><strong>monasterio.</strong></span> <span class='ocrx_word' id='word_1_363' title='bbox 2568 2246 2784 2314; x_wconf 89' lang='lat' dir='ltr'><strong>quidem</strong></span> <span class='ocrx_word' id='word_1_364' title='bbox 2826 2247 3107 2301; x_wconf 89' lang='lat' dir='ltr'><strong>constituit</strong></span> <span class='ocrx_word' id='word_1_365' title='bbox 3141 2248 3296 2303; x_wconf 81' lang='lat' dir='ltr'><strong>home</strong></span> <span class='ocrx_word' id='word_1_366' title='bbox 3331 2251 3700 2305; x_wconf 84' lang='lat' dir='ltr'><strong>conversatio-</strong></span> 
     </span>
    </p>
   </div>
   <div class='ocr_carea' id='block_1_49' title="bbox 2109 2333 3706 2405">
    <p class='ocr_par' dir='ltr' id='par_1_49' title="bbox 2109 2333 3706 2405">
     <span class='ocr_line' id='line_1_49' title="bbox 2109 2333 3706 2405; baseline 0.005 -18"><span class='ocrx_word' id='word_1_367' title='bbox 2109 2333 2194 2388; x_wconf 86' lang='lat' dir='ltr'><strong>nis</strong></span> <span class='ocrx_word' id='word_1_368' title='bbox 2218 2334 2449 2398; x_wconf 88' lang='lat' dir='ltr'><strong>initium,</strong></span> <span class='ocrx_word' id='word_1_369' title='bbox 2492 2335 2588 2390; x_wconf 89' lang='lat' dir='ltr'><strong>sed</strong></span> <span class='ocrx_word' id='word_1_370' title='bbox 2620 2343 2744 2405; x_wconf 91' lang='lat' dir='ltr'><strong>post</strong></span> <span class='ocrx_word' id='word_1_371' title='bbox 2783 2335 2851 2391; x_wconf 88' lang='lat' dir='ltr'><strong>ad</strong></span> <span class='ocrx_word' id='word_1_372' title='bbox 2897 2336 3226 2392; x_wconf 88' lang='lat' dir='ltr'><strong>sublimioris</strong></span> <span class='ocrx_word' id='word_1_373' title='bbox 3253 2339 3380 2392; x_wconf 70' lang='lat' dir='ltr'><strong>vita:</strong></span> <span class='ocrx_word' id='word_1_374' title='bbox 3417 2339 3471 2394; x_wconf 91' lang='lat' dir='ltr'><strong>in</strong></span> <span class='ocrx_word' id='word_1_375' title='bbox 3509 2350 3706 2396; x_wconf 78' lang='lat' dir='ltr'><strong>sancta</strong></span> 
     </span>
    </p>
   </div>
   <div class='ocr_carea' id='block_1_50' title="bbox 2111 2424 3706 2504">
    <p class='ocr_par' dir='ltr' id='par_1_50' title="bbox 2111 2424 3706 2504">
     <span class='ocr_line' id='line_1_50' title="bbox 2111 2424 3706 2504; baseline 0.006 -28"><span class='ocrx_word' id='word_1_376' title='bbox 2111 2424 2372 2504; x_wconf 86' lang='lat' dir='ltr'><strong>religione</strong></span> <span class='ocrx_word' id='word_1_377' title='bbox 2392 2434 2650 2495; x_wconf 88' lang='lat' dir='ltr'><strong>provocat</strong></span> <span class='ocrx_word' id='word_1_378' title='bbox 2681 2425 3016 2492; x_wconf 88' lang='lat' dir='ltr'><strong>institutum;</strong></span> <span class='ocrx_word' id='word_1_379' title='bbox 3042 2436 3100 2482; x_wconf 93' lang='lat' dir='ltr'><strong>ut</strong></span> <span class='ocrx_word' id='word_1_380' title='bbox 3129 2427 3238 2482; x_wconf 91' lang='lat' dir='ltr'><strong>illic</strong></span> <span class='ocrx_word' id='word_1_381' title='bbox 3263 2429 3489 2486; x_wconf 88' lang='lat' dir='ltr'><strong>honeste</strong></span> <span class='ocrx_word' id='word_1_382' title='bbox 3516 2431 3706 2486; x_wconf 87' lang='lat' dir='ltr'><strong>vivere.</strong></span> 
     </span>
    </p>
   </div>
   <div class='ocr_carea' id='block_1_51' title="bbox 2111 2517 3698 2592">
    <p class='ocr_par' dir='ltr' id='par_1_51' title="bbox 2111 2517 3698 2592">
     <span class='ocr_line' id='line_1_51' title="bbox 2111 2517 3698 2592; baseline 0.006 -23"><span class='ocrx_word' id='word_1_383' title='bbox 2111 2529 2398 2584; x_wconf 88' lang='lat' dir='ltr'><strong>moresque</strong></span> <span class='ocrx_word' id='word_1_384' title='bbox 2427 2529 2770 2586; x_wconf 85' lang='lat' dir='ltr'><strong>componere.</strong></span> <span class='ocrx_word' id='word_1_385' title='bbox 2805 2518 2949 2573; x_wconf 88' lang='lat' dir='ltr'><strong>velut</strong></span> <span class='ocrx_word' id='word_1_386' title='bbox 2991 2517 3046 2572; x_wconf 92' lang='lat' dir='ltr'><strong>in</strong></span> <span class='ocrx_word' id='word_1_387' title='bbox 3073 2520 3320 2576; x_wconf 88' lang='lat' dir='ltr'><strong>convalle</strong></span> <span class='ocrx_word' id='word_1_388' title='bbox 3349 2522 3539 2592; x_wconf 84' lang='lat' dir='ltr'><strong>primae</strong></span> <span class='ocrx_word' id='word_1_389' title='bbox 3567 2537 3698 2578; x_wconf 66' lang='lat' dir='ltr'><strong>cono</strong></span> 
     </span>
    </p>
   </div>
   <div class='ocr_carea' id='block_1_52' title="bbox 2111 2604 3709 2678">
    <p class='ocr_par' dir='ltr' id='par_1_52' title="bbox 2111 2604 3709 2678">
     <span class='ocr_line' id='line_1_52' title="bbox 2111 2604 3709 2678; baseline 0.004 -20"><span class='ocrx_word' id='word_1_390' title='bbox 2111 2604 2440 2660; x_wconf 81' lang='lat' dir='ltr'><strong>versationis</strong></span> <span class='ocrx_word' id='word_1_391' title='bbox 2471 2605 2729 2676; x_wconf 88' lang='lat' dir='ltr'><strong>incipiat;</strong></span> <span class='ocrx_word' id='word_1_392' title='bbox 2762 2606 2954 2662; x_wconf 90' lang='lat' dir='ltr'><strong>deinde</strong></span> <span class='ocrx_word' id='word_1_393' title='bbox 2976 2607 3086 2675; x_wconf 90' lang='lat' dir='ltr'><strong>jam</strong></span> <span class='ocrx_word' id='word_1_394' title='bbox 3137 2607 3470 2678; x_wconf 88' lang='lat' dir='ltr'><strong>spiritalibus</strong></span> <span class='ocrx_word' id='word_1_395' title='bbox 3495 2611 3709 2666; x_wconf 75' lang='lat' dir='ltr'><strong>exerci-</strong></span> 
     </span>
    </p>
   </div>
   <div class='ocr_carea' id='block_1_53' title="bbox 2115 2684 3706 2765">
    <p class='ocr_par' dir='ltr' id='par_1_53' title="bbox 2115 2684 3706 2765">
     <span class='ocr_line' id='line_1_53' title="bbox 2115 2684 3706 2765; baseline 0.006 -19"><span class='ocrx_word' id='word_1_396' title='bbox 2115 2691 2206 2748; x_wconf 90' lang='lat' dir='ltr'><strong>tiis</strong></span> <span class='ocrx_word' id='word_1_397' title='bbox 2232 2684 2520 2749; x_wconf 85' lang='lat' dir='ltr'><strong>roboratus</strong></span> <span class='ocrx_word' id='word_1_398' title='bbox 2552 2733 2570 2759; x_wconf 88' lang='lat'><strong>,</strong></span> <span class='ocrx_word' id='word_1_399' title='bbox 2599 2703 2854 2765; x_wconf 85' lang='lat' dir='ltr'><strong>tanquam</strong></span> <span class='ocrx_word' id='word_1_400' title='bbox 2904 2709 2936 2749; x_wconf 90' lang='lat' dir='ltr'><strong>a</strong></span> <span class='ocrx_word' id='word_1_401' title='bbox 2982 2695 3120 2751; x_wconf 90' lang='lat' dir='ltr'><strong>lacte</strong></span> <span class='ocrx_word' id='word_1_402' title='bbox 3159 2697 3226 2751; x_wconf 89' lang='lat' dir='ltr'><strong>ad</strong></span> <span class='ocrx_word' id='word_1_403' title='bbox 3261 2698 3493 2754; x_wconf 91' lang='lat' dir='ltr'><strong>solidum</strong></span> <span class='ocrx_word' id='word_1_404' title='bbox 3523 2698 3706 2755; x_wconf 91' lang='lat' dir='ltr'><strong>cibum</strong></span> 
     </span>
    </p>
   </div>
   <div class='ocr_carea' id='block_1_54' title="bbox 2117 2785 3707 2857">
    <p class='ocr_par' dir='ltr' id='par_1_54' title="bbox 2117 2785 3707 2857">
     <span class='ocr_line' id='line_1_54' title="bbox 2117 2785 3707 2857; baseline 0.006 -19"><span class='ocrx_word' id='word_1_405' title='bbox 2117 2786 2412 2851; x_wconf 87' lang='lat' dir='ltr'><strong>transiens,</strong></span> <span class='ocrx_word' id='word_1_406' title='bbox 2465 2785 2727 2843; x_wconf 85' lang='lat' dir='ltr'><strong>verticem</strong></span> <span class='ocrx_word' id='word_1_407' title='bbox 2774 2787 3124 2857; x_wconf 88' lang='lat' dir='ltr'><strong>perfectionis</strong></span> <span class='ocrx_word' id='word_1_408' title='bbox 3175 2790 3455 2844; x_wconf 90' lang='lat' dir='ltr'><strong>ascendat.</strong></span> <span class='ocrx_word' id='word_1_409' title='bbox 3489 2791 3571 2846; x_wconf 82' lang='lat' dir='ltr'><strong>Ad</strong></span> <span class='ocrx_word' id='word_1_410' title='bbox 3602 2791 3707 2848; x_wconf 87' lang='lat' dir='ltr'><strong>hoc</strong></span> 
     </span>
    </p>
   </div>
   <div class='ocr_carea' id='block_1_55' title="bbox 2115 2877 3704 2955">
    <p class='ocr_par' dir='ltr' id='par_1_55' title="bbox 2115 2877 3704 2955">
     <span class='ocr_line' id='line_1_55' title="bbox 2115 2877 3704 2955; baseline 0.004 -24"><span class='ocrx_word' id='word_1_411' title='bbox 2115 2877 2317 2932; x_wconf 90' lang='lat' dir='ltr'><strong>animal</strong></span> <span class='ocrx_word' id='word_1_412' title='bbox 2345 2879 2398 2932; x_wconf 91' lang='lat' dir='ltr'><strong>in</strong></span> <span class='ocrx_word' id='word_1_413' title='bbox 2427 2887 2670 2934; x_wconf 86' lang='lat' dir='ltr'><strong>materno</strong></span> <span class='ocrx_word' id='word_1_414' title='bbox 2699 2889 2886 2936; x_wconf 89' lang='lat' dir='ltr'><strong>ventre</strong></span> <span class='ocrx_word' id='word_1_415' title='bbox 2923 2881 3229 2953; x_wconf 91' lang='lat' dir='ltr'><strong>concipitur</strong></span> <span class='ocrx_word' id='word_1_416' title='bbox 3263 2890 3320 2938; x_wconf 89' lang='lat' dir='ltr'><strong>ut</strong></span> <span class='ocrx_word' id='word_1_417' title='bbox 3371 2884 3704 2955; x_wconf 86' lang='lat' dir='ltr'><strong>egrediatur.</strong></span> 
     </span>
    </p>
   </div>
   <div class='ocr_carea' id='block_1_56' title="bbox 2116 2969 3714 3042">
    <p class='ocr_par' dir='ltr' id='par_1_56' title="bbox 2116 2969 3714 3042">
     <span class='ocr_line' id='line_1_56' title="bbox 2116 2969 3714 3042; baseline 0.005 -18"><span class='ocrx_word' id='word_1_418' title='bbox 2116 2969 2186 3025; x_wconf 90' lang='lat' dir='ltr'><strong>Et</strong></span> <span class='ocrx_word' id='word_1_419' title='bbox 2226 2979 2374 3026; x_wconf 87' lang='lat' dir='ltr'><strong>certe</strong></span> <span class='ocrx_word' id='word_1_420' title='bbox 2421 2986 2646 3027; x_wconf 90' lang='lat' dir='ltr'><strong>necesse</strong></span> <span class='ocrx_word' id='word_1_421' title='bbox 2691 2982 2775 3026; x_wconf 88' lang='lat' dir='ltr'><strong>est</strong></span> <span class='ocrx_word' id='word_1_422' title='bbox 2821 2982 2880 3028; x_wconf 92' lang='lat' dir='ltr'><strong>ut</strong></span> <span class='ocrx_word' id='word_1_423' title='bbox 2925 2983 3098 3029; x_wconf 90' lang='lat' dir='ltr'><strong>mater</strong></span> <span class='ocrx_word' id='word_1_424' title='bbox 3123 2975 3380 3042; x_wconf 88' lang='lat' dir='ltr'><strong>abortiat,</strong></span> <span class='ocrx_word' id='word_1_425' title='bbox 3420 2976 3524 3032; x_wconf 89' lang='lat' dir='ltr'><strong>nisi</strong></span> <span class='ocrx_word' id='word_1_426' title='bbox 3562 2975 3714 3032; x_wconf 75' lang='lat' dir='ltr'><strong>fetus</strong></span> 
     </span>
    </p>
   </div>
   <div class='ocr_carea' id='block_1_57' title="bbox 2121 3059 3701 3131">
    <p class='ocr_par' dir='ltr' id='par_1_57' title="bbox 2121 3059 3701 3131">
     <span class='ocr_line' id='line_1_57' title="bbox 2121 3059 3701 3131; baseline 0.006 -19"><span class='ocrx_word' id='word_1_427' title='bbox 2121 3059 2382 3131; x_wconf 70' lang='lat' dir='ltr'><strong>199ml</strong></span> <span class='ocrx_word' id='word_1_428' title='bbox 2408 3060 2488 3115; x_wconf 90' lang='lat' dir='ltr'><strong>sui</strong></span> <span class='ocrx_word' id='word_1_429' title='bbox 2519 3060 2903 3130; x_wconf 90' lang='lat' dir='ltr'><strong>plenitudinem</strong></span> <span class='ocrx_word' id='word_1_430' title='bbox 2952 3062 3314 3119; x_wconf 85' lang='lat' dir='ltr'><strong>convalescat.</strong></span> <span class='ocrx_word' id='word_1_431' title='bbox 3367 3063 3476 3120; x_wconf 84' lang='lat' dir='ltr'><strong>Nos</strong></span> <span class='ocrx_word' id='word_1_432' title='bbox 3517 3073 3701 3121; x_wconf 83' lang='lat' dir='ltr'><strong>autem</strong></span> 
     </span>
    </p>
   </div>
   <div class='ocr_carea' id='block_1_58' title="bbox 423 3121 3712 3226">
    <p class='ocr_par' dir='ltr' id='par_1_58' title="bbox 423 3121 3712 3226">
     <span class='ocr_line' id='line_1_58' title="bbox 423 3121 3712 3226; baseline 0.001 -16"><span class='ocrx_word' id='word_1_433' title='bbox 423 3153 652 3210; x_wconf 87' lang='lat' dir='ltr'><strong>sterium</strong></span> <span class='ocrx_word' id='word_1_434' title='bbox 677 3142 940 3208; x_wconf 88' lang='lat' dir='ltr'><strong>transitus</strong></span> <span class='ocrx_word' id='word_1_435' title='bbox 969 3151 1168 3207; x_wconf 88' lang='lat' dir='ltr'><strong>dicitur</strong></span> <span class='ocrx_word' id='word_1_436' title='bbox 1192 3165 1315 3207; x_wconf 89' lang='lat' dir='ltr'><strong>esse</strong></span> <span class='ocrx_word' id='word_1_437' title='bbox 1361 3165 1467 3205; x_wconf 89' lang='lat' dir='ltr'><strong>non</strong></span> <span class='ocrx_word' id='word_1_438' title='bbox 1509 3151 1739 3216; x_wconf 88' lang='lat' dir='ltr'><strong>mansio,</strong></span> <span class='ocrx_word' id='word_1_439' title='bbox 1780 3165 1884 3206; x_wconf 90' lang='lat' dir='ltr'><strong>non</strong></span> <span class='ocrx_word' id='word_1_440' title='bbox 1917 3129 2013 3204; x_wconf 77' lang='lat' dir='ltr'><strong>ha-</strong></span> <span class='ocrx_word' id='word_1_441' title='bbox 2041 3121 2086 3182; x_wconf 65' lang='grc' dir='ltr'><strong>δ</strong></span> <span class='ocrx_word' id='word_1_442' title='bbox 2119 3151 2370 3206; x_wconf 85' lang='lat' dir='ltr'><strong>volumus</strong></span> <span class='ocrx_word' id='word_1_443' title='bbox 2413 3161 2471 3206; x_wconf 91' lang='lat' dir='ltr'><strong>ut</strong></span> <span class='ocrx_word' id='word_1_444' title='bbox 2509 3166 2724 3221; x_wconf 81' lang='lat' dir='ltr'><strong>seraper</strong></span> <span class='ocrx_word' id='word_1_445' title='bbox 2767 3160 2954 3208; x_wconf 89' lang='lat' dir='ltr'><strong>uterus</strong></span> <span class='ocrx_word' id='word_1_446' title='bbox 2993 3161 3216 3219; x_wconf 90' lang='lat' dir='ltr'><strong>tumeat,</strong></span> <span class='ocrx_word' id='word_1_447' title='bbox 3254 3163 3311 3210; x_wconf 91' lang='lat' dir='ltr'><strong>et</strong></span> <span class='ocrx_word' id='word_1_448' title='bbox 3357 3157 3499 3226; x_wconf 89' lang='lat' dir='ltr'><strong>quod</strong></span> <span class='ocrx_word' id='word_1_449' title='bbox 3538 3157 3712 3212; x_wconf 87' lang='lat' dir='ltr'><strong>semel</strong></span> 
     </span>
    </p>
   </div>
   <div class='ocr_carea' id='block_1_59' title="bbox 423 3241 2012 3313">
    <p class='ocr_par' dir='ltr' id='par_1_59' title="bbox 423 3241 2012 3313">
     <span class='ocr_line' id='line_1_59' title="bbox 423 3241 2012 3313; baseline -0.004 -13"><span class='ocrx_word' id='word_1_450' title='bbox 423 3245 638 3308; x_wconf 80' lang='lat' dir='ltr'><strong>bitatio,</strong></span> <span class='ocrx_word' id='word_1_451' title='bbox 681 3243 777 3298; x_wconf 90' lang='lat' dir='ltr'><strong>sed</strong></span> <span class='ocrx_word' id='word_1_452' title='bbox 823 3243 1148 3313; x_wconf 87' lang='lat' dir='ltr'><strong>hospitium;</strong></span> <span class='ocrx_word' id='word_1_453' title='bbox 1209 3258 1316 3298; x_wconf 92' lang='lat' dir='ltr'><strong>non</strong></span> <span class='ocrx_word' id='word_1_454' title='bbox 1364 3242 1488 3297; x_wconf 83' lang='lat' dir='ltr'><strong>finis</strong></span> <span class='ocrx_word' id='word_1_455' title='bbox 1529 3242 1864 3308; x_wconf 86' lang='lat' dir='ltr'><strong>intentionis,</strong></span> <span class='ocrx_word' id='word_1_456' title='bbox 1917 3241 2012 3296; x_wconf 87' lang='lat' dir='ltr'><strong>sed</strong></span> 
     </span>
    </p>
   </div>
   <div class='ocr_carea' id='block_1_60' title="bbox 421 3331 2015 3404">
    <p class='ocr_par' dir='ltr' id='par_1_60' title="bbox 421 3331 2015 3404">
     <span class='ocr_line' id='line_1_60' title="bbox 421 3331 2015 3404; baseline -0.002 -18"><span class='ocrx_word' id='word_1_457' title='bbox 421 3335 672 3404; x_wconf 60' lang='lat' dir='ltr'><strong>quaedam</strong></span> <span class='ocrx_word' id='word_1_458' title='bbox 699 3333 855 3404; x_wconf 88' lang='lat' dir='ltr'><strong>quies</strong></span> <span class='ocrx_word' id='word_1_459' title='bbox 884 3332 1112 3387; x_wconf 88' lang='lat' dir='ltr'><strong>itineris.</strong></span> <span class='ocrx_word' id='word_1_460' title='bbox 1142 3331 1224 3387; x_wconf 82' lang='lat' dir='ltr'><strong>Ad</strong></span> <span class='ocrx_word' id='word_1_461' title='bbox 1261 3334 1364 3388; x_wconf 90' lang='lat' dir='ltr'><strong>hoc</strong></span> <span class='ocrx_word' id='word_1_462' title='bbox 1396 3333 1558 3403; x_wconf 90' lang='lat' dir='ltr'><strong>plane</strong></span> <span class='ocrx_word' id='word_1_463' title='bbox 1581 3332 1810 3402; x_wconf 89' lang='lat' dir='ltr'><strong>quisque</strong></span> <span class='ocrx_word' id='word_1_464' title='bbox 1836 3331 2015 3401; x_wconf 87' lang='lat' dir='ltr'><strong>signa-</strong></span> 
     </span>
    </p>
   </div>
   <div class='ocr_carea' id='block_1_61' title="bbox 426 3423 2016 3484">
    <p class='ocr_par' dir='ltr' id='par_1_61' title="bbox 426 3423 2016 3484">
     <span class='ocr_line' id='line_1_61' title="bbox 426 3423 2016 3484; baseline -0.004 0"><span class='ocrx_word' id='word_1_465' title='bbox 426 3440 516 3484; x_wconf 92' lang='lat' dir='ltr'><strong>tur</strong></span> <span class='ocrx_word' id='word_1_466' title='bbox 545 3430 772 3484; x_wconf 86' lang='lat' dir='ltr'><strong>idoneus</strong></span> <span class='ocrx_word' id='word_1_467' title='bbox 811 3435 872 3482; x_wconf 90' lang='lat' dir='ltr'><strong>ut</strong></span> <span class='ocrx_word' id='word_1_468' title='bbox 917 3442 1039 3482; x_wconf 86' lang='lat' dir='ltr'><strong>eum</strong></span> <span class='ocrx_word' id='word_1_469' title='bbox 1091 3427 1158 3482; x_wconf 89' lang='lat' dir='ltr'><strong>ad</strong></span> <span class='ocrx_word' id='word_1_470' title='bbox 1201 3426 1626 3482; x_wconf 89' lang='lat' dir='ltr'><strong>ecclesiasticum</strong></span> <span class='ocrx_word' id='word_1_471' title='bbox 1656 3423 1898 3480; x_wconf 74' lang='lat' dir='ltr'><strong>ordinent</strong></span> <span class='ocrx_word' id='word_1_472' title='bbox 1930 3439 2016 3479; x_wconf 88' lang='lat' dir='ltr'><strong>sa-</strong></span> 
     </span>
    </p>
   </div>
   <div class='ocr_carea' id='block_1_62' title="bbox 423 3512 2014 3588">
    <p class='ocr_par' dir='ltr' id='par_1_62' title="bbox 423 3512 2014 3588">
     <span class='ocr_line' id='line_1_62' title="bbox 423 3512 2014 3588; baseline -0.004 -15"><span class='ocrx_word' id='word_1_473' title='bbox 423 3519 716 3574; x_wconf 84' lang='lat' dir='ltr'><strong>cerdotalis</strong></span> <span class='ocrx_word' id='word_1_474' title='bbox 743 3516 937 3573; x_wconf 88' lang='lat' dir='ltr'><strong>electio</strong></span> <span class='ocrx_word' id='word_1_475' title='bbox 963 3515 1260 3588; x_wconf 88' lang='lat' dir='ltr'><strong>provehat;</strong></span> <span class='ocrx_word' id='word_1_476' title='bbox 1301 3515 1370 3570; x_wconf 90' lang='lat' dir='ltr'><strong>ad</strong></span> <span class='ocrx_word' id='word_1_477' title='bbox 1399 3515 1504 3569; x_wconf 85' lang='lat' dir='ltr'><strong>hoc</strong></span> <span class='ocrx_word' id='word_1_478' title='bbox 1539 3512 2014 3584; x_wconf 85' lang='lat' dir='ltr'><strong>grammaticorum</strong></span> 
     </span>
    </p>
   </div>
   <div class='ocr_carea' id='block_1_63' title="bbox 423 3603 2014 3679">
    <p class='ocr_par' dir='ltr' id='par_1_63' title="bbox 423 3603 2014 3679">
     <span class='ocr_line' id='line_1_63' title="bbox 423 3603 2014 3679; baseline -0.004 -13"><span class='ocrx_word' id='word_1_479' title='bbox 423 3609 644 3666; x_wconf 81' lang='lat' dir='ltr'><strong>scholas</strong></span> <span class='ocrx_word' id='word_1_480' title='bbox 671 3609 991 3679; x_wconf 80' lang='lat' dir='ltr'><strong>ingreditur,</strong></span> <span class='ocrx_word' id='word_1_481' title='bbox 1029 3617 1108 3672; x_wconf 92' lang='lat' dir='ltr'><strong>ut,</strong></span> <span class='ocrx_word' id='word_1_482' title='bbox 1138 3623 1262 3662; x_wconf 91' lang='lat' dir='ltr'><strong>cum</strong></span> <span class='ocrx_word' id='word_1_483' title='bbox 1289 3605 1454 3660; x_wconf 90' lang='lat' dir='ltr'><strong>fuerit</strong></span> <span class='ocrx_word' id='word_1_484' title='bbox 1488 3604 1542 3658; x_wconf 91' lang='lat' dir='ltr'><strong>in</strong></span> <span class='ocrx_word' id='word_1_485' title='bbox 1581 3611 1700 3658; x_wconf 89' lang='lat' dir='ltr'><strong>arte</strong></span> <span class='ocrx_word' id='word_1_486' title='bbox 1722 3603 2014 3672; x_wconf 88' lang='lat' dir='ltr'><strong>perfectus.</strong></span> 
     </span>
    </p>
   </div>
   <div class='ocr_carea' id='block_1_64' title="bbox 425 3692 2017 3768">
    <p class='ocr_par' dir='ltr' id='par_1_64' title="bbox 425 3692 2017 3768">
     <span class='ocr_line' id='line_1_64' title="bbox 425 3692 2017 3768; baseline -0.005 -13"><span class='ocrx_word' id='word_1_487' title='bbox 425 3699 787 3764; x_wconf 74' lang='lat' dir='ltr'><strong>discedat;‘ad</strong></span> <span class='ocrx_word' id='word_1_488' title='bbox 809 3699 912 3754; x_wconf 91' lang='lat' dir='ltr'><strong>hoc</strong></span> <span class='ocrx_word' id='word_1_489' title='bbox 935 3699 1070 3754; x_wconf 91' lang='lat' dir='ltr'><strong>scita</strong></span> <span class='ocrx_word' id='word_1_490' title='bbox 1089 3696 1264 3768; x_wconf 88' lang='lat' dir='ltr'><strong>legum</strong></span> <span class='ocrx_word' id='word_1_491' title='bbox 1287 3695 1553 3767; x_wconf 87' lang='lat' dir='ltr'><strong>quispiam</strong></span> <span class='ocrx_word' id='word_1_492' title='bbox 1575 3695 1754 3750; x_wconf 89' lang='lat' dir='ltr'><strong>studet</strong></span> <span class='ocrx_word' id='word_1_493' title='bbox 1771 3692 2017 3762; x_wconf 89' lang='lat' dir='ltr'><strong>adipisci,</strong></span> 
     </span>
    </p>
   </div>
   <div class='ocr_carea' id='block_1_65' title="bbox 427 3783 2017 3844">
    <p class='ocr_par' dir='ltr' id='par_1_65' title="bbox 427 3783 2017 3844">
     <span class='ocr_line' id='line_1_65' title="bbox 427 3783 2017 3844; baseline -0.004 0"><span class='ocrx_word' id='word_1_494' title='bbox 427 3798 488 3844; x_wconf 86' lang='lat' dir='ltr'><strong>ut</strong></span> <span class='ocrx_word' id='word_1_495' title='bbox 529 3803 819 3844; x_wconf 84' lang='lat' dir='ltr'><strong>causarum</strong></span> <span class='ocrx_word' id='word_1_496' title='bbox 868 3787 1166 3843; x_wconf 87' lang='lat' dir='ltr'><strong>forensium</strong></span> <span class='ocrx_word' id='word_1_497' title='bbox 1216 3787 1340 3842; x_wconf 91' lang='lat' dir='ltr'><strong>lites</strong></span> <span class='ocrx_word' id='word_1_498' title='bbox 1387 3785 1688 3840; x_wconf 87' lang='lat' dir='ltr'><strong>luculenter</strong></span> <span class='ocrx_word' id='word_1_499' title='bbox 1738 3783 1915 3839; x_wconf 89' lang='lat' dir='ltr'><strong>valeat</strong></span> <span class='ocrx_word' id='word_1_500' title='bbox 1962 3783 2017 3838; x_wconf 89' lang='lat' dir='ltr'><strong>in</strong></span> 
     </span>
    </p>
   </div>
   <div class='ocr_carea' id='block_1_66' title="bbox 429 3873 2019 3948">
    <p class='ocr_par' dir='ltr' id='par_1_66' title="bbox 429 3873 2019 3948">
     <span class='ocr_line' id='line_1_66' title="bbox 429 3873 2019 3948; baseline -0.003 -15"><span class='ocrx_word' id='word_1_501' title='bbox 429 3878 800 3934; x_wconf 80' lang='lat' dir='ltr'><strong>tribunalibus</strong></span> <span class='ocrx_word' id='word_1_502' title='bbox 824 3877 1064 3948; x_wconf 82' lang='lat' dir='ltr'><strong>judicum</strong></span> <span class='ocrx_word' id='word_1_503' title='bbox 1095 3891 1372 3947; x_wconf 89' lang='lat' dir='ltr'><strong>perorare.</strong></span> <span class='ocrx_word' id='word_1_504' title='bbox 1428 3876 1581 3932; x_wconf 90' lang='lat' dir='ltr'><strong>Sicut</strong></span> <span class='ocrx_word' id='word_1_505' title='bbox 1621 3888 1752 3946; x_wconf 89' lang='lat' dir='ltr'><strong>ergo</strong></span> <span class='ocrx_word' id='word_1_506' title='bbox 1785 3873 1873 3930; x_wconf 90' lang='lat' dir='ltr'><strong>isti</strong></span> <span class='ocrx_word' id='word_1_507' title='bbox 1914 3888 2019 3929; x_wconf 90' lang='lat' dir='ltr'><strong>non</strong></span> 
     </span>
    </p>
   </div>
   <div class='ocr_carea' id='block_1_67' title="bbox 431 3962 2023 4040">
    <p class='ocr_par' dir='ltr' id='par_1_67' title="bbox 431 3962 2023 4040">
     <span class='ocr_line' id='line_1_67' title="bbox 431 3962 2023 4040; baseline -0.005 -16"><span class='ocrx_word' id='word_1_508' title='bbox 431 3969 490 4024; x_wconf 90' lang='lat' dir='ltr'><strong>in</strong></span> <span class='ocrx_word' id='word_1_509' title='bbox 523 3969 626 4024; x_wconf 93' lang='lat' dir='ltr'><strong>hoc</strong></span> <span class='ocrx_word' id='word_1_510' title='bbox 663 3969 804 4040; x_wconf 89' lang='lat' dir='ltr'><strong>quod</strong></span> <span class='ocrx_word' id='word_1_511' title='bbox 845 3967 1052 4024; x_wconf 85' lang='lat' dir='ltr'><strong>faciunt</strong></span> <span class='ocrx_word' id='word_1_512' title='bbox 1095 3967 1261 4023; x_wconf 88' lang='lat' dir='ltr'><strong>animi</strong></span> <span class='ocrx_word' id='word_1_513' title='bbox 1308 3966 1666 4023; x_wconf 91' lang='lat' dir='ltr'><strong>intentionem</strong></span> <span class='ocrx_word' id='word_1_514' title='bbox 1709 3965 1897 4034; x_wconf 81' lang='lat' dir='ltr'><strong>figunt,</strong></span> <span class='ocrx_word' id='word_1_515' title='bbox 1928 3962 2023 4019; x_wconf 87' lang='lat' dir='ltr'><strong>sed</strong></span> 
     </span>
    </p>
   </div>
   <div class='ocr_carea' id='block_1_68' title="bbox 430 4053 2023 4128">
    <p class='ocr_par' dir='ltr' id='par_1_68' title="bbox 430 4053 2023 4128">
     <span class='ocr_line' id='line_1_68' title="bbox 430 4053 2023 4128; baseline -0.005 -14"><span class='ocrx_word' id='word_1_516' title='bbox 430 4059 488 4114; x_wconf 92' lang='lat' dir='ltr'><strong>in</strong></span> <span class='ocrx_word' id='word_1_517' title='bbox 529 4057 696 4112; x_wconf 87' lang='lat' dir='ltr'><strong>alium</strong></span> <span class='ocrx_word' id='word_1_518' title='bbox 742 4057 928 4128; x_wconf 80' lang='lat' dir='ltr'><strong>procul</strong></span> <span class='ocrx_word' id='word_1_519' title='bbox 960 4056 1123 4114; x_wconf 92' lang='lat' dir='ltr'><strong>dubio</strong></span> <span class='ocrx_word' id='word_1_520' title='bbox 1169 4055 1330 4112; x_wconf 87' lang='lat' dir='ltr'><strong>finem</strong></span> <span class='ocrx_word' id='word_1_521' title='bbox 1370 4055 1618 4120; x_wconf 90' lang='lat' dir='ltr'><strong>tendunt,</strong></span> <span class='ocrx_word' id='word_1_522' title='bbox 1639 4054 1719 4110; x_wconf 91' lang='lat' dir='ltr'><strong>sic</strong></span> <span class='ocrx_word' id='word_1_523' title='bbox 1743 4053 2023 4118; x_wconf 90' lang='lat' dir='ltr'><strong>nimirum,</strong></span> 
     </span>
    </p>
   </div>
   <div class='ocr_carea' id='block_1_69' title="bbox 429 4146 2024 4221">
    <p class='ocr_par' dir='ltr' id='par_1_69' title="bbox 429 4146 2024 4221">
     <span class='ocr_line' id='line_1_69' title="bbox 429 4146 2024 4221; baseline -0.004 -15"><span class='ocrx_word' id='word_1_524' title='bbox 429 4150 514 4206; x_wconf 81' lang='lat' dir='ltr'><strong>sic</strong></span> <span class='ocrx_word' id='word_1_525' title='bbox 545 4152 864 4217; x_wconf 86' lang='lat' dir='ltr'><strong>monachus,</strong></span> <span class='ocrx_word' id='word_1_526' title='bbox 908 4166 1068 4221; x_wconf 87' lang='lat' dir='ltr'><strong>quem</strong></span> <span class='ocrx_word' id='word_1_527' title='bbox 1116 4159 1296 4205; x_wconf 89' lang='lat' dir='ltr'><strong>tamen</strong></span> <span class='ocrx_word' id='word_1_528' title='bbox 1335 4159 1468 4204; x_wconf 58' lang='lat' dir='ltr'><strong>astas</strong></span> <span class='ocrx_word' id='word_1_529' title='bbox 1500 4147 1584 4203; x_wconf 88' lang='lat' dir='ltr'><strong>vel</strong></span> <span class='ocrx_word' id='word_1_530' title='bbox 1625 4146 1888 4219; x_wconf 82' lang='lat' dir='ltr'><strong>:egritudo</strong></span> <span class='ocrx_word' id='word_1_531' title='bbox 1915 4161 2024 4201; x_wconf 88' lang='lat' dir='ltr'><strong>tton</strong></span> 
     </span>
    </p>
   </div>
   <div class='ocr_carea' id='block_1_70' title="bbox 2119 3241 3711 3316">
    <p class='ocr_par' dir='ltr' id='par_1_70' title="bbox 2119 3241 3711 3316">
     <span class='ocr_line' id='line_1_70' title="bbox 2119 3241 3711 3316; baseline 0.001 -19"><span class='ocrx_word' id='word_1_532' title='bbox 2119 3249 2436 3311; x_wconf 88' lang='lat' dir='ltr'><strong>conceptum</strong></span> <span class='ocrx_word' id='word_1_533' title='bbox 2479 3249 2562 3295; x_wconf 86' lang='lat' dir='ltr'><strong>est</strong></span> <span class='ocrx_word' id='word_1_534' title='bbox 2601 3256 2707 3296; x_wconf 92' lang='lat' dir='ltr'><strong>non</strong></span> <span class='ocrx_word' id='word_1_535' title='bbox 2736 3249 3002 3312; x_wconf 90' lang='lat' dir='ltr'><strong>erumpat.</strong></span> <span class='ocrx_word' id='word_1_536' title='bbox 3049 3241 3296 3298; x_wconf 63' lang='lat' dir='ltr'><strong>Sinistra;</strong></span> <span class='ocrx_word' id='word_1_537' title='bbox 3345 3243 3538 3299; x_wconf 86' lang='lat' dir='ltr'><strong>indolis</strong></span> <span class='ocrx_word' id='word_1_538' title='bbox 3573 3260 3711 3316; x_wconf 89' lang='lat' dir='ltr'><strong>puer</strong></span> 
     </span>
    </p>
   </div>
   <div class='ocr_carea' id='block_1_71' title="bbox 2119 3329 3720 3403">
    <p class='ocr_par' dir='ltr' id='par_1_71' title="bbox 2119 3329 3720 3403">
     <span class='ocr_line' id='line_1_71' title="bbox 2119 3329 3720 3403; baseline 0.001 -17"><span class='ocrx_word' id='word_1_539' title='bbox 2119 3341 2225 3396; x_wconf 90' lang='lat' dir='ltr'><strong>est,</strong></span> <span class='ocrx_word' id='word_1_540' title='bbox 2265 3330 2352 3386; x_wconf 90' lang='lat' dir='ltr'><strong>cui</strong></span> <span class='ocrx_word' id='word_1_541' title='bbox 2391 3329 2504 3399; x_wconf 88' lang='lat' dir='ltr'><strong>jam</strong></span> <span class='ocrx_word' id='word_1_542' title='bbox 2550 3329 2936 3401; x_wconf 91' lang='lat' dir='ltr'><strong>grandiuscqu</strong></span> <span class='ocrx_word' id='word_1_543' title='bbox 2982 3344 3083 3386; x_wconf 91' lang='lat' dir='ltr'><strong>nee</strong></span> <span class='ocrx_word' id='word_1_544' title='bbox 3126 3345 3193 3385; x_wconf 82' lang='lat' dir='ltr'><strong>ex</strong></span> <span class='ocrx_word' id='word_1_545' title='bbox 3242 3332 3471 3403; x_wconf 88' lang='lat' dir='ltr'><strong>gingivis</strong></span> <span class='ocrx_word' id='word_1_546' title='bbox 3519 3334 3720 3389; x_wconf 78' lang='lat' dir='ltr'><strong>dentes</strong></span> 
     </span>
    </p>
   </div>
   <div class='ocr_carea' id='block_1_72' title="bbox 2120 3421 3709 3492">
    <p class='ocr_par' dir='ltr' id='par_1_72' title="bbox 2120 3421 3709 3492">
     <span class='ocr_line' id='line_1_72' title="bbox 2120 3421 3709 3492; baseline 0.001 -15"><span class='ocrx_word' id='word_1_547' title='bbox 2120 3422 2407 3491; x_wconf 87' lang='lat' dir='ltr'><strong>prodeunt,</strong></span> <span class='ocrx_word' id='word_1_548' title='bbox 2449 3435 2549 3476; x_wconf 91' lang='lat' dir='ltr'><strong>nec</strong></span> <span class='ocrx_word' id='word_1_549' title='bbox 2577 3422 2643 3476; x_wconf 85' lang='lat' dir='ltr'><strong>ad</strong></span> <span class='ocrx_word' id='word_1_550' title='bbox 2678 3421 3031 3487; x_wconf 83' lang='lat' dir='ltr'><strong>gradiendum</strong></span> <span class='ocrx_word' id='word_1_551' title='bbox 3075 3436 3248 3491; x_wconf 90' lang='lat' dir='ltr'><strong>genua</strong></span> <span class='ocrx_word' id='word_1_552' title='bbox 3301 3423 3709 3492; x_wconf 75' lang='lat' dir='ltr'><strong>convalescunt,</strong></span> 
     </span>
    </p>
   </div>
   <div class='ocr_carea' id='block_1_73' title="bbox 2122 3509 3718 3584">
    <p class='ocr_par' dir='ltr' id='par_1_73' title="bbox 2122 3509 3718 3584">
     <span class='ocr_line' id='line_1_73' title="bbox 2122 3509 3718 3584; baseline 0 -16"><span class='ocrx_word' id='word_1_553' title='bbox 2122 3513 2292 3580; x_wconf 81' lang='lat' dir='ltr'><strong>Porro</strong></span> <span class='ocrx_word' id='word_1_554' title='bbox 2325 3521 2526 3576; x_wconf 91' lang='lat' dir='ltr'><strong>autem,</strong></span> <span class='ocrx_word' id='word_1_555' title='bbox 2557 3527 2680 3567; x_wconf 92' lang='lat' dir='ltr'><strong>eum</strong></span> <span class='ocrx_word' id='word_1_556' title='bbox 2721 3509 2836 3580; x_wconf 89' lang='lat' dir='ltr'><strong>ipsa</strong></span> <span class='ocrx_word' id='word_1_557' title='bbox 2885 3511 3281 3566; x_wconf 72' lang='lat' dir='ltr'><strong>cmuobitarum</strong></span> <span class='ocrx_word' id='word_1_558' title='bbox 3324 3513 3509 3582; x_wconf 87' lang='lat' dir='ltr'><strong>regula</strong></span> <span class='ocrx_word' id='word_1_559' title='bbox 3535 3513 3718 3584; x_wconf 79' lang='lat' dir='ltr'><strong>perfe-</strong></span> 
     </span>
    </p>
   </div>
   <div class='ocr_carea' id='block_1_74' title="bbox 2121 3599 3709 3674">
    <p class='ocr_par' dir='ltr' id='par_1_74' title="bbox 2121 3599 3709 3674">
     <span class='ocr_line' id='line_1_74' title="bbox 2121 3599 3709 3674; baseline 0.001 -17"><span class='ocrx_word' id='word_1_560' title='bbox 2121 3603 2360 3658; x_wconf 86' lang='lat' dir='ltr'><strong>ctionem</strong></span> <span class='ocrx_word' id='word_1_561' title='bbox 2387 3616 2444 3656; x_wconf 89' lang='lat' dir='ltr'><strong>se</strong></span> <span class='ocrx_word' id='word_1_562' title='bbox 2474 3616 2580 3655; x_wconf 93' lang='lat' dir='ltr'><strong>non</strong></span> <span class='ocrx_word' id='word_1_563' title='bbox 2613 3599 2814 3656; x_wconf 90' lang='lat' dir='ltr'><strong>habere</strong></span> <span class='ocrx_word' id='word_1_564' title='bbox 2841 3599 3142 3672; x_wconf 89' lang='lat' dir='ltr'><strong>perhibeat,</strong></span> <span class='ocrx_word' id='word_1_565' title='bbox 3172 3602 3266 3657; x_wconf 90' lang='lat' dir='ltr'><strong>sed</strong></span> <span class='ocrx_word' id='word_1_566' title='bbox 3291 3602 3557 3658; x_wconf 88' lang='lat' dir='ltr'><strong>volentem</strong></span> <span class='ocrx_word' id='word_1_567' title='bbox 3585 3619 3709 3674; x_wconf 86' lang='lat' dir='ltr'><strong>per-</strong></span> 
     </span>
    </p>
   </div>
   <div class='ocr_carea' id='block_1_75' title="bbox 2125 3692 3712 3764">
    <p class='ocr_par' dir='ltr' id='par_1_75' title="bbox 2125 3692 3712 3764">
     <span class='ocr_line' id='line_1_75' title="bbox 2125 3692 3712 3764; baseline 0.003 -16"><span class='ocrx_word' id='word_1_568' title='bbox 2125 3692 2212 3750; x_wconf 87' lang='lat' dir='ltr'><strong>fici</strong></span> <span class='ocrx_word' id='word_1_569' title='bbox 2231 3693 2298 3749; x_wconf 91' lang='lat' dir='ltr'><strong>ad</strong></span> <span class='ocrx_word' id='word_1_570' title='bbox 2323 3692 2490 3746; x_wconf 88' lang='lat' dir='ltr'><strong>eremi</strong></span> <span class='ocrx_word' id='word_1_571' title='bbox 2516 3692 2766 3747; x_wconf 89' lang='lat' dir='ltr'><strong>instituta</strong></span> <span class='ocrx_word' id='word_1_572' title='bbox 2799 3700 3050 3764; x_wconf 88' lang='lat' dir='ltr'><strong>patenter</strong></span> <span class='ocrx_word' id='word_1_573' title='bbox 3093 3693 3446 3760; x_wconf 85' lang='lat' dir='ltr'><strong>transmittat,</strong></span> <span class='ocrx_word' id='word_1_574' title='bbox 3479 3711 3579 3750; x_wconf 90' lang='lat' dir='ltr'><strong>cur</strong></span> <span class='ocrx_word' id='word_1_575' title='bbox 3609 3711 3712 3752; x_wconf 85' lang='lat' dir='ltr'><strong>nos</strong></span> 
     </span>
    </p>
   </div>
   <div class='ocr_carea' id='block_1_76' title="bbox 2125 3784 3721 3856">
    <p class='ocr_par' dir='ltr' id='par_1_76' title="bbox 2125 3784 3721 3856">
     <span class='ocr_line' id='line_1_76' title="bbox 2125 3784 3721 3856; baseline 0.003 -17"><span class='ocrx_word' id='word_1_576' title='bbox 2125 3786 2194 3841; x_wconf 92' lang='lat' dir='ltr'><strong>ad</strong></span> <span class='ocrx_word' id='word_1_577' title='bbox 2253 3784 2604 3856; x_wconf 84' lang='lat' dir='ltr'><strong>perfectionis</strong></span> <span class='ocrx_word' id='word_1_578' title='bbox 2639 3799 2820 3840; x_wconf 85' lang='lat' dir='ltr'><strong>arcem</strong></span> <span class='ocrx_word' id='word_1_579' title='bbox 2869 3793 2926 3840; x_wconf 91' lang='lat' dir='ltr'><strong>et</strong></span> <span class='ocrx_word' id='word_1_580' title='bbox 2973 3784 3078 3856; x_wconf 92' lang='lat' dir='ltr'><strong>ipsi</strong></span> <span class='ocrx_word' id='word_1_581' title='bbox 3123 3786 3490 3844; x_wconf 86' lang='lat' dir='ltr'><strong>conscendere</strong></span> <span class='ocrx_word' id='word_1_582' title='bbox 3528 3788 3721 3844; x_wconf 80' lang='lat' dir='ltr'><strong>ﬂocci-</strong></span> 
     </span>
    </p>
   </div>
   <div class='ocr_carea' id='block_1_77' title="bbox 2126 3875 3717 3949">
    <p class='ocr_par' dir='ltr' id='par_1_77' title="bbox 2126 3875 3717 3949">
     <span class='ocr_line' id='line_1_77' title="bbox 2126 3875 3717 3949; baseline 0.003 -17"><span class='ocrx_word' id='word_1_583' title='bbox 2126 3877 2433 3948; x_wconf 86' lang='lat' dir='ltr'><strong>pendimus,</strong></span> <span class='ocrx_word' id='word_1_584' title='bbox 2455 3884 2512 3931; x_wconf 88' lang='lat' dir='ltr'><strong>et</strong></span> <span class='ocrx_word' id='word_1_585' title='bbox 2534 3875 2776 3946; x_wconf 89' lang='lat' dir='ltr'><strong>quidem,</strong></span> <span class='ocrx_word' id='word_1_586' title='bbox 2799 3889 2868 3931; x_wconf 90' lang='lat' dir='ltr'><strong>ne</strong></span> <span class='ocrx_word' id='word_1_587' title='bbox 2888 3877 2957 3932; x_wconf 91' lang='lat' dir='ltr'><strong>ad</strong></span> <span class='ocrx_word' id='word_1_588' title='bbox 2985 3876 3208 3934; x_wconf 87' lang='lat' dir='ltr'><strong>meliora</strong></span> <span class='ocrx_word' id='word_1_589' title='bbox 3239 3878 3544 3949; x_wconf 83' lang='lat' dir='ltr'><strong>proficiant,</strong></span> <span class='ocrx_word' id='word_1_590' title='bbox 3571 3896 3717 3938; x_wconf 62' lang='lat' dir='ltr'><strong>sem-</strong></span> 
     </span>
    </p>
   </div>
   <div class='ocr_carea' id='block_1_78' title="bbox 2128 3967 2746 4039">
    <p class='ocr_par' dir='ltr' id='par_1_78' title="bbox 2128 3967 2746 4039">
     <span class='ocr_line' id='line_1_78' title="bbox 2128 3967 2746 4039; baseline -0.003 -14"><span class='ocrx_word' id='word_1_591' title='bbox 2128 3983 2230 4039; x_wconf 88' lang='lat' dir='ltr'><strong>per</strong></span> <span class='ocrx_word' id='word_1_592' title='bbox 2249 3967 2370 4023; x_wconf 91' lang='lat' dir='ltr'><strong>aliis</strong></span> <span class='ocrx_word' id='word_1_593' title='bbox 2399 3967 2702 4024; x_wconf 89' lang='lat' dir='ltr'><strong>invidemus</strong></span> <span class='ocrx_word' id='word_1_594' title='bbox 2721 3967 2746 4023; x_wconf 71' lang='grc' dir='ltr'><strong>ἲ</strong></span> 
     </span>
    </p>
   </div>
   <div class='ocr_carea' id='block_1_79' title="bbox 2200 4059 3718 4130">
    <p class='ocr_par' dir='ltr' id='par_1_79' title="bbox 2200 4059 3718 4130">
     <span class='ocr_line' id='line_1_79' title="bbox 2200 4059 3718 4130; baseline 0.003 -14"><span class='ocrx_word' id='word_1_595' title='bbox 2200 4059 2519 4130; x_wconf 77' lang='lat' dir='ltr'><strong>Respiciens</strong></span> <span class='ocrx_word' id='word_1_596' title='bbox 2546 4059 2731 4116; x_wconf 86' lang='lat' dir='ltr'><strong>Jesum</strong></span> <span class='ocrx_word' id='word_1_597' title='bbox 2761 4060 3129 4118; x_wconf 88' lang='lat' dir='ltr'><strong>ambulantem</strong></span> <span class='ocrx_word' id='word_1_598' title='bbox 3166 4061 3422 4128; x_wconf 82' lang='lat' dir='ltr'><strong>Joannes,</strong></span> <span class='ocrx_word' id='word_1_599' title='bbox 3468 4063 3672 4121; x_wconf 90' lang='lat' dir='ltr'><strong>clamat</strong></span> <span class='ocrx_word' id='word_1_600' title='bbox 3699 4081 3718 4121; x_wconf 91' lang='lat'><strong>:</strong></span> 
     </span>
    </p>
   </div>
   <div class='ocr_carea' id='block_1_80' title="bbox 2136 4151 3726 4226">
    <p class='ocr_par' dir='ltr' id='par_1_80' title="bbox 2136 4151 3726 4226">
     <span class='ocr_line' id='line_1_80' title="bbox 2136 4151 3726 4226; baseline 0.005 -22"><span class='ocrx_word' id='word_1_601' title='bbox 2136 4169 2156 4204; x_wconf 71' lang='grc' dir='ltr'><strong>ε</strong></span> <span class='ocrx_word' id='word_1_602' title='bbox 2190 4152 2331 4208; x_wconf 86' lang='lat' dir='ltr'><strong>Ecce</strong></span> <span class='ocrx_word' id='word_1_603' title='bbox 2390 4151 2576 4222; x_wconf 77' lang='lat' dir='ltr'><strong>Agnus</strong></span> <span class='ocrx_word' id='word_1_604' title='bbox 2626 4151 2720 4207; x_wconf 89' lang='lat' dir='ltr'><strong>Dei</strong></span> <span class='ocrx_word' id='word_1_605' title='bbox 2773 4152 2955 4224; x_wconf 82' lang='lat' dir='ltr'><strong>(Joan.</strong></span> <span class='ocrx_word' id='word_1_606' title='bbox 3009 4153 3073 4225; x_wconf 91' lang='grc' dir='ltr'><strong>ι).</strong></span> <span class='ocrx_word' id='word_1_607' title='bbox 3119 4172 3141 4207; x_wconf 79' lang='grc' dir='ltr'><strong>ι</strong></span> <span class='ocrx_word' id='word_1_608' title='bbox 3172 4154 3255 4209; x_wconf 82' lang='lat' dir='ltr'><strong>Ad</strong></span> <span class='ocrx_word' id='word_1_609' title='bbox 3311 4155 3427 4211; x_wconf 67' lang='lat' dir='ltr'><strong>haec</strong></span> <span class='ocrx_word' id='word_1_610' title='bbox 3468 4156 3726 4226; x_wconf 85' lang='lat' dir='ltr'><strong>protinus</strong></span> 
     </span>
    </p>
   </div>
   <div class='ocr_carea' id='block_1_81' title="bbox 431 4237 3726 4318">
    <p class='ocr_par' dir='ltr' id='par_1_81' title="bbox 431 4237 3726 4318">
     <span class='ocr_line' id='line_1_81' title="bbox 431 4237 3726 4318; baseline 0.001 -18"><span class='ocrx_word' id='word_1_611' title='bbox 431 4254 717 4318; x_wconf 80' lang='lat' dir='ltr'><strong>aggravat,</strong></span> <span class='ocrx_word' id='word_1_612' title='bbox 747 4254 804 4301; x_wconf 91' lang='lat' dir='ltr'><strong>et</strong></span> <span class='ocrx_word' id='word_1_613' title='bbox 847 4245 902 4300; x_wconf 92' lang='lat' dir='ltr'><strong>in</strong></span> <span class='ocrx_word' id='word_1_614' title='bbox 947 4241 1280 4300; x_wconf 89' lang='lat' dir='ltr'><strong>monasterio</strong></span> <span class='ocrx_word' id='word_1_615' title='bbox 1318 4237 1672 4313; x_wconf 85' lang='lat' dir='ltr'><strong>corporaliter</strong></span> <span class='ocrx_word' id='word_1_616' title='bbox 1719 4240 1937 4310; x_wconf 85' lang='lat' dir='ltr'><strong>degere,</strong></span> <span class='ocrx_word' id='word_1_617' title='bbox 1971 4247 2028 4294; x_wconf 88' lang='lat' dir='ltr'><strong>et</strong></span> <span class='ocrx_word' id='word_1_618' title='bbox 2131 4241 2479 4314; x_wconf 86' lang='lat' dir='ltr'><strong>Evangelista</strong></span> <span class='ocrx_word' id='word_1_619' title='bbox 2517 4241 2834 4314; x_wconf 88' lang='lat' dir='ltr'><strong>subjungit:</strong></span> <span class='ocrx_word' id='word_1_620' title='bbox 2871 4262 2890 4295; x_wconf 79' lang='grc' dir='ltr'><strong>ι</strong></span> <span class='ocrx_word' id='word_1_621' title='bbox 2920 4243 2987 4298; x_wconf 84' lang='lat' dir='ltr'><strong>Et</strong></span> <span class='ocrx_word' id='word_1_622' title='bbox 3014 4243 3306 4301; x_wconf 91' lang='lat' dir='ltr'><strong>audierunt</strong></span> <span class='ocrx_word' id='word_1_623' title='bbox 3333 4245 3440 4302; x_wconf 84' lang='lat' dir='ltr'><strong>duo</strong></span> <span class='ocrx_word' id='word_1_624' title='bbox 3468 4245 3726 4316; x_wconf 82' lang='lat' dir='ltr'><strong>discipuli</strong></span> 
     </span>
    </p>
   </div>
   <div class='ocr_carea' id='block_1_82' title="bbox 429 4333 2023 4397">
    <p class='ocr_par' dir='ltr' id='par_1_82' title="bbox 429 4333 2023 4397">
     <span class='ocr_line' id='line_1_82' title="bbox 429 4333 2023 4397; baseline -0.004 -2"><span class='ocrx_word' id='word_1_625' title='bbox 429 4340 502 4395; x_wconf 83' lang='lat' dir='ltr'><strong>ad</strong></span> <span class='ocrx_word' id='word_1_626' title='bbox 525 4354 764 4395; x_wconf 88' lang='lat' dir='ltr'><strong>eremum</strong></span> <span class='ocrx_word' id='word_1_627' title='bbox 789 4347 901 4393; x_wconf 91' lang='lat' dir='ltr'><strong>toto</strong></span> <span class='ocrx_word' id='word_1_628' title='bbox 929 4337 1197 4394; x_wconf 87' lang='lat' dir='ltr'><strong>desiderio</strong></span> <span class='ocrx_word' id='word_1_629' title='bbox 1223 4337 1386 4392; x_wconf 86' lang='lat' dir='ltr'><strong>debet</strong></span> <span class='ocrx_word' id='word_1_630' title='bbox 1413 4334 1720 4391; x_wconf 88' lang='lat' dir='ltr'><strong>medullitus</strong></span> <span class='ocrx_word' id='word_1_631' title='bbox 1744 4333 2023 4397; x_wconf 89' lang='lat' dir='ltr'><strong>anhelare,</strong></span> 
     </span>
    </p>
   </div>
   <div class='ocr_carea' id='block_1_83' title="bbox 2131 4333 3719 4406">
    <p class='ocr_par' dir='ltr' id='par_1_83' title="bbox 2131 4333 3719 4406">
     <span class='ocr_line' id='line_1_83' title="bbox 2131 4333 3719 4406; baseline 0.003 -18"><span class='ocrx_word' id='word_1_632' title='bbox 2131 4333 2481 4406; x_wconf 86' lang='lat' dir='ltr'><strong>loquentem,</strong></span> <span class='ocrx_word' id='word_1_633' title='bbox 2530 4340 2585 4388; x_wconf 90' lang='lat' dir='ltr'><strong>et</strong></span> <span class='ocrx_word' id='word_1_634' title='bbox 2631 4333 2801 4388; x_wconf 84' lang='lat' dir='ltr'><strong>secuti</strong></span> <span class='ocrx_word' id='word_1_635' title='bbox 2844 4342 2971 4390; x_wconf 91' lang='lat' dir='ltr'><strong>sunt</strong></span> <span class='ocrx_word' id='word_1_636' title='bbox 3011 4333 3196 4391; x_wconf 80' lang='lat' dir='ltr'><strong>Jesum</strong></span> <span class='ocrx_word' id='word_1_637' title='bbox 3245 4335 3457 4406; x_wconf 80' lang='lat' dir='ltr'><strong>(lbid.).</strong></span> <span class='ocrx_word' id='word_1_638' title='bbox 3492 4355 3513 4390; x_wconf 72' lang='grc' dir='ltr'><strong>ι</strong></span> <span class='ocrx_word' id='word_1_639' title='bbox 3555 4335 3719 4404; x_wconf 84' lang='lat' dir='ltr'><strong>Quid,</strong></span> 
     </span>
    </p>
   </div>
   <div class='ocr_carea' id='block_1_84' title="bbox 431 4422 3720 4526">
    <p class='ocr_par' dir='ltr' id='par_1_84' title="bbox 431 4422 3720 4526">
     <span class='ocr_line' id='line_1_84' title="bbox 431 4422 3720 4526; baseline -0.001 -39"><span class='ocrx_word' id='word_1_640' title='bbox 431 4442 706 4505; x_wconf 87' lang='lat' dir='ltr'><strong>quatenus</strong></span> <span class='ocrx_word' id='word_1_641' title='bbox 737 4431 846 4486; x_wconf 91' lang='lat' dir='ltr'><strong>illic</strong></span> <span class='ocrx_word' id='word_1_642' title='bbox 875 4445 972 4500; x_wconf 89' lang='lat' dir='ltr'><strong>per</strong></span> <span class='ocrx_word' id='word_1_643' title='bbox 998 4430 1352 4486; x_wconf 89' lang='lat' dir='ltr'><strong>intentionem</strong></span> <span class='ocrx_word' id='word_1_644' title='bbox 1398 4427 1596 4484; x_wconf 89' lang='lat' dir='ltr'><strong>mentis</strong></span> <span class='ocrx_word' id='word_1_645' title='bbox 1638 4427 1788 4483; x_wconf 88' lang='lat' dir='ltr'><strong>velut</strong></span> <span class='ocrx_word' id='word_1_646' title='bbox 1829 4425 2026 4482; x_wconf 88' lang='lat' dir='ltr'><strong>nobilis</strong></span> <span class='ocrx_word' id='word_1_647' title='bbox 2053 4466 2106 4526; x_wconf 61' lang='grc' dir='ltr'><strong>Β</strong></span> <span class='ocrx_word' id='word_1_648' title='bbox 2131 4439 2286 4497; x_wconf 91' lang='lat' dir='ltr'><strong>rogo,</strong></span> <span class='ocrx_word' id='word_1_649' title='bbox 2320 4422 2556 4495; x_wconf 68' lang='lat' dir='ltr'><strong>querelae</strong></span> <span class='ocrx_word' id='word_1_650' title='bbox 2597 4423 2863 4493; x_wconf 90' lang='lat' dir='ltr'><strong>potuisset</strong></span> <span class='ocrx_word' id='word_1_651' title='bbox 2891 4424 3094 4480; x_wconf 87' lang='lat' dir='ltr'><strong>habere</strong></span> <span class='ocrx_word' id='word_1_652' title='bbox 3136 4425 3399 4494; x_wconf 84' lang='lat' dir='ltr'><strong>Joannes,</strong></span> <span class='ocrx_word' id='word_1_653' title='bbox 3430 4429 3558 4482; x_wconf 91' lang='lat' dir='ltr'><strong>dum</strong></span> <span class='ocrx_word' id='word_1_654' title='bbox 3602 4429 3720 4498; x_wconf 88' lang='lat' dir='ltr'><strong>ipse</strong></span> 
     </span>
    </p>
   </div>
   <div class='ocr_carea' id='block_1_85' title="bbox 433 4518 2030 4590">
    <p class='ocr_par' dir='ltr' id='par_1_85' title="bbox 433 4518 2030 4590">
     <span class='ocr_line' id='line_1_85' title="bbox 433 4518 2030 4590; baseline -0.003 -11"><span class='ocrx_word' id='word_1_655' title='bbox 433 4526 604 4580; x_wconf 81' lang='lat' dir='ltr'><strong>arbor</strong></span> <span class='ocrx_word' id='word_1_656' title='bbox 637 4523 898 4578; x_wconf 89' lang='lat' dir='ltr'><strong>radicitus</strong></span> <span class='ocrx_word' id='word_1_657' title='bbox 945 4523 1179 4586; x_wconf 63' lang='lat' dir='ltr'><strong>haereat;</strong></span> <span class='ocrx_word' id='word_1_658' title='bbox 1209 4522 1296 4577; x_wconf 92' lang='lat' dir='ltr'><strong>hic</strong></span> <span class='ocrx_word' id='word_1_659' title='bbox 1332 4536 1392 4577; x_wconf 89' lang='lat' dir='ltr'><strong>se</strong></span> <span class='ocrx_word' id='word_1_660' title='bbox 1421 4521 1489 4576; x_wconf 89' lang='lat' dir='ltr'><strong>ad</strong></span> <span class='ocrx_word' id='word_1_661' title='bbox 1517 4529 1728 4590; x_wconf 90' lang='lat' dir='ltr'><strong>tempus</strong></span> <span class='ocrx_word' id='word_1_662' title='bbox 1769 4519 1870 4574; x_wconf 91' lang='lat' dir='ltr'><strong>sub</strong></span> <span class='ocrx_word' id='word_1_663' title='bbox 1897 4518 2030 4574; x_wconf 87' lang='lat' dir='ltr'><strong>ohe-</strong></span> 
     </span>
    </p>
   </div>
   <div class='ocr_carea' id='block_1_86' title="bbox 2131 4517 3722 4592">
    <p class='ocr_par' dir='ltr' id='par_1_86' title="bbox 2131 4517 3722 4592">
     <span class='ocr_line' id='line_1_86' title="bbox 2131 4517 3722 4592; baseline 0.004 -18"><span class='ocrx_word' id='word_1_664' title='bbox 2131 4518 2235 4575; x_wconf 92' lang='lat' dir='ltr'><strong>sibi</strong></span> <span class='ocrx_word' id='word_1_665' title='bbox 2277 4517 2462 4576; x_wconf 81' lang='lat' dir='ltr'><strong>Jesum</strong></span> <span class='ocrx_word' id='word_1_666' title='bbox 2506 4521 2793 4576; x_wconf 83' lang='lat' dir='ltr'><strong>manifeste</strong></span> <span class='ocrx_word' id='word_1_667' title='bbox 2830 4521 3132 4592; x_wconf 55' lang='lat' dir='ltr'><strong>praeferret,</strong></span> <span class='ocrx_word' id='word_1_668' title='bbox 3164 4531 3220 4579; x_wconf 91' lang='lat' dir='ltr'><strong>et</strong></span> <span class='ocrx_word' id='word_1_669' title='bbox 3257 4523 3331 4579; x_wconf 92' lang='lat' dir='ltr'><strong>illi</strong></span> <span class='ocrx_word' id='word_1_670' title='bbox 3361 4535 3722 4592; x_wconf 87' lang='lat' dir='ltr'><strong>sequerentur</strong></span> 
     </span>
    </p>
   </div>
   <div class='ocr_carea' id='block_1_87' title="bbox 433 4609 3718 4685">
    <p class='ocr_par' dir='ltr' id='par_1_87' title="bbox 433 4609 3718 4685">
     <span class='ocr_line' id='line_1_87' title="bbox 433 4609 3718 4685; baseline 0 -17"><span class='ocrx_word' id='word_1_671' title='bbox 433 4615 659 4670; x_wconf 72' lang='lat' dir='ltr'><strong>dientim</strong></span> <span class='ocrx_word' id='word_1_672' title='bbox 710 4613 974 4684; x_wconf 71' lang='lat' dir='ltr'><strong>regularis</strong></span> <span class='ocrx_word' id='word_1_673' title='bbox 1016 4621 1270 4667; x_wconf 76' lang='lat' dir='ltr'><strong>exerceat</strong></span> <span class='ocrx_word' id='word_1_674' title='bbox 1319 4611 1634 4682; x_wconf 84' lang='lat' dir='ltr'><strong>disciplina,</strong></span> <span class='ocrx_word' id='word_1_675' title='bbox 1679 4619 1741 4666; x_wconf 92' lang='lat' dir='ltr'><strong>ut</strong></span> <span class='ocrx_word' id='word_1_676' title='bbox 1777 4609 2032 4665; x_wconf 87' lang='lat' dir='ltr'><strong>videlicet</strong></span> <span class='ocrx_word' id='word_1_677' title='bbox 2133 4611 2321 4682; x_wconf 87' lang='lat' dir='ltr'><strong>utique</strong></span> <span class='ocrx_word' id='word_1_678' title='bbox 2349 4611 2649 4681; x_wconf 84' lang='lat' dir='ltr'><strong>potiorem?</strong></span> <span class='ocrx_word' id='word_1_679' title='bbox 2693 4611 2750 4667; x_wconf 92' lang='lat' dir='ltr'><strong>Si</strong></span> <span class='ocrx_word' id='word_1_680' title='bbox 2802 4627 2932 4684; x_wconf 86' lang='lat' dir='ltr'><strong>ergo</strong></span> <span class='ocrx_word' id='word_1_681' title='bbox 2980 4614 3092 4684; x_wconf 91' lang='lat' dir='ltr'><strong>ipsa</strong></span> <span class='ocrx_word' id='word_1_682' title='bbox 3137 4629 3260 4684; x_wconf 67' lang='lat' dir='ltr'><strong>quae</strong></span> <span class='ocrx_word' id='word_1_683' title='bbox 3297 4623 3496 4685; x_wconf 56' lang='lat' dir='ltr'><strong>praeest</strong></span> <span class='ocrx_word' id='word_1_684' title='bbox 3533 4616 3718 4685; x_wconf 85' lang='lat' dir='ltr'><strong>regula</strong></span> 
     </span>
    </p>
   </div>
   <div class='ocr_carea' id='block_1_88' title="bbox 433 4702 2029 4776">
    <p class='ocr_par' dir='ltr' id='par_1_88' title="bbox 433 4702 2029 4776">
     <span class='ocr_line' id='line_1_88' title="bbox 433 4702 2029 4776; baseline -0.004 -13"><span class='ocrx_word' id='word_1_685' title='bbox 433 4707 755 4763; x_wconf 87' lang='lat' dir='ltr'><strong>monasterii</strong></span> <span class='ocrx_word' id='word_1_686' title='bbox 792 4705 1135 4761; x_wconf 90' lang='lat' dir='ltr'><strong>conversatio</strong></span> <span class='ocrx_word' id='word_1_687' title='bbox 1187 4720 1295 4760; x_wconf 90' lang='lat' dir='ltr'><strong>non</strong></span> <span class='ocrx_word' id='word_1_688' title='bbox 1344 4704 1490 4760; x_wconf 88' lang='lat' dir='ltr'><strong>aliud</strong></span> <span class='ocrx_word' id='word_1_689' title='bbox 1534 4719 1698 4776; x_wconf 89' lang='lat' dir='ltr'><strong>quam</strong></span> <span class='ocrx_word' id='word_1_690' title='bbox 1748 4702 1915 4759; x_wconf 89' lang='lat' dir='ltr'><strong>eremi</strong></span> <span class='ocrx_word' id='word_1_691' title='bbox 1956 4702 2029 4757; x_wconf 88' lang='lat' dir='ltr'><strong>sit</strong></span> 
     </span>
    </p>
   </div>
   <div class='ocr_carea' id='block_1_89' title="bbox 433 4794 2030 4869">
    <p class='ocr_par' dir='ltr' id='par_1_89' title="bbox 433 4794 2030 4869">
     <span class='ocr_line' id='line_1_89' title="bbox 433 4794 2030 4869; baseline -0.003 -15"><span class='ocrx_word' id='word_1_692' title='bbox 433 4799 789 4869; x_wconf 69' lang='lat' dir='ltr'><strong>pmparatio,</strong></span> <span class='ocrx_word' id='word_1_693' title='bbox 815 4808 870 4853; x_wconf 92' lang='lat' dir='ltr'><strong>et</strong></span> <span class='ocrx_word' id='word_1_694' title='bbox 890 4797 1064 4853; x_wconf 90' lang='lat' dir='ltr'><strong>altiori</strong></span> <span class='ocrx_word' id='word_1_695' title='bbox 1095 4796 1370 4867; x_wconf 90' lang='lat' dir='ltr'><strong>proposito</strong></span> <span class='ocrx_word' id='word_1_696' title='bbox 1397 4804 1544 4855; x_wconf 89' lang='lat' dir='ltr'><strong>totus</strong></span> <span class='ocrx_word' id='word_1_697' title='bbox 1572 4795 1769 4851; x_wconf 89' lang='lat' dir='ltr'><strong>militet</strong></span> <span class='ocrx_word' id='word_1_698' title='bbox 1794 4795 1861 4850; x_wconf 91' lang='lat' dir='ltr'><strong>ad</strong></span> <span class='ocrx_word' id='word_1_699' title='bbox 1886 4794 2030 4865; x_wconf 91' lang='lat' dir='ltr'><strong>quod</strong></span> 
     </span>
    </p>
   </div>
   <div class='ocr_carea' id='block_1_90' title="bbox 437 4886 2028 4960">
    <p class='ocr_par' dir='ltr' id='par_1_90' title="bbox 437 4886 2028 4960">
     <span class='ocr_line' id='line_1_90' title="bbox 437 4886 2028 4960; baseline -0.001 -16"><span class='ocrx_word' id='word_1_700' title='bbox 437 4904 504 4944; x_wconf 80' lang='lat' dir='ltr'><strong>se</strong></span> <span class='ocrx_word' id='word_1_701' title='bbox 534 4891 685 4960; x_wconf 87' lang='lat' dir='ltr'><strong>prius</strong></span> <span class='ocrx_word' id='word_1_702' title='bbox 719 4890 772 4944; x_wconf 89' lang='lat' dir='ltr'><strong>in</strong></span> <span class='ocrx_word' id='word_1_703' title='bbox 802 4889 1132 4946; x_wconf 89' lang='lat' dir='ltr'><strong>monasterio</strong></span> <span class='ocrx_word' id='word_1_704' title='bbox 1170 4888 1494 4944; x_wconf 90' lang='lat' dir='ltr'><strong>constitutus</strong></span> <span class='ocrx_word' id='word_1_705' title='bbox 1525 4895 1763 4944; x_wconf 78' lang='lat' dir='ltr'><strong>exercet.</strong></span> <span class='ocrx_word' id='word_1_706' title='bbox 1803 4886 1896 4943; x_wconf 90' lang='lat' dir='ltr'><strong>Sic</strong></span> <span class='ocrx_word' id='word_1_707' title='bbox 1935 4886 2028 4942; x_wconf 87' lang='lat' dir='ltr'><strong>Ja-</strong></span> 
     </span>
    </p>
   </div>
   <div class='ocr_carea' id='block_1_91' title="bbox 436 4977 2029 5050">
    <p class='ocr_par' dir='ltr' id='par_1_91' title="bbox 436 4977 2029 5050">
     <span class='ocr_line' id='line_1_91' title="bbox 436 4977 2029 5050; baseline 0.001 -17"><span class='ocrx_word' id='word_1_708' title='bbox 436 4977 566 5040; x_wconf 84' lang='lat' dir='ltr'><strong>cob,</strong></span> <span class='ocrx_word' id='word_1_709' title='bbox 617 4979 762 5048; x_wconf 91' lang='lat' dir='ltr'><strong>quod</strong></span> <span class='ocrx_word' id='word_1_710' title='bbox 820 4994 919 5050; x_wconf 88' lang='lat' dir='ltr'><strong>per</strong></span> <span class='ocrx_word' id='word_1_711' title='bbox 967 4979 1104 5034; x_wconf 85' lang='lat' dir='ltr'><strong>duas</strong></span> <span class='ocrx_word' id='word_1_712' title='bbox 1143 4993 1409 5034; x_wconf 89' lang='lat' dir='ltr'><strong>annorum</strong></span> <span class='ocrx_word' id='word_1_713' title='bbox 1464 4979 1796 5049; x_wconf 89' lang='lat' dir='ltr'><strong>septimanas</strong></span> <span class='ocrx_word' id='word_1_714' title='bbox 1845 4978 2029 5034; x_wconf 51' lang='lat' dir='ltr'><strong>Latiari</strong></span> 
     </span>
    </p>
   </div>
   <div class='ocr_carea' id='block_1_92' title="bbox 439 5067 2030 5137">
    <p class='ocr_par' dir='ltr' id='par_1_92' title="bbox 439 5067 2030 5137">
     <span class='ocr_line' id='line_1_92' title="bbox 439 5067 2030 5137; baseline 0.001 -14"><span class='ocrx_word' id='word_1_715' title='bbox 439 5067 697 5137; x_wconf 86' lang='lat' dir='ltr'><strong>opilionis</strong></span> <span class='ocrx_word' id='word_1_716' title='bbox 743 5084 892 5124; x_wconf 90' lang='lat' dir='ltr'><strong>more</strong></span> <span class='ocrx_word' id='word_1_717' title='bbox 925 5068 1167 5133; x_wconf 86' lang='lat' dir='ltr'><strong>servivit,</strong></span> <span class='ocrx_word' id='word_1_718' title='bbox 1217 5068 1283 5122; x_wconf 91' lang='lat' dir='ltr'><strong>ad</strong></span> <span class='ocrx_word' id='word_1_719' title='bbox 1333 5069 1437 5124; x_wconf 86' lang='lat' dir='ltr'><strong>hoc</strong></span> <span class='ocrx_word' id='word_1_720' title='bbox 1475 5067 1735 5123; x_wconf 82' lang='lat' dir='ltr'><strong>duntaxat</strong></span> <span class='ocrx_word' id='word_1_721' title='bbox 1774 5077 1832 5123; x_wconf 94' lang='lat' dir='ltr'><strong>ut</strong></span> <span class='ocrx_word' id='word_1_722' title='bbox 1860 5069 2030 5124; x_wconf 89' lang='lat' dir='ltr'><strong>solam</strong></span> 
     </span>
    </p>
   </div>
   <div class='ocr_carea' id='block_1_93' title="bbox 441 5155 2032 5228">
    <p class='ocr_par' dir='ltr' id='par_1_93' title="bbox 441 5155 2032 5228">
     <span class='ocr_line' id='line_1_93' title="bbox 441 5155 2032 5228; baseline 0.001 -17"><span class='ocrx_word' id='word_1_723' title='bbox 441 5155 701 5211; x_wconf 79' lang='lat' dir='ltr'><strong>Rachelis</strong></span> <span class='ocrx_word' id='word_1_724' title='bbox 738 5157 986 5224; x_wconf 91' lang='lat' dir='ltr'><strong>copulam</strong></span> <span class='ocrx_word' id='word_1_725' title='bbox 1024 5165 1328 5212; x_wconf 89' lang='lat' dir='ltr'><strong>mereretur</strong></span> <span class='ocrx_word' id='word_1_726' title='bbox 1376 5155 1625 5212; x_wconf 89' lang='lat' dir='ltr'><strong>intendit.</strong></span> <span class='ocrx_word' id='word_1_727' title='bbox 1669 5157 1734 5212; x_wconf 87' lang='lat' dir='ltr'><strong>Et</strong></span> <span class='ocrx_word' id='word_1_728' title='bbox 1756 5155 1868 5226; x_wconf 88' lang='lat' dir='ltr'><strong>jam</strong></span> <span class='ocrx_word' id='word_1_729' title='bbox 1907 5159 2032 5228; x_wconf 83' lang='lat' dir='ltr'><strong>qui-</strong></span> 
     </span>
    </p>
   </div>
   <div class='ocr_carea' id='block_1_94' title="bbox 2135 4701 3730 4778">
    <p class='ocr_par' dir='ltr' id='par_1_94' title="bbox 2135 4701 3730 4778">
     <span class='ocr_line' id='line_1_94' title="bbox 2135 4701 3730 4778; baseline 0.004 -21"><span class='ocrx_word' id='word_1_730' title='bbox 2135 4703 2203 4757; x_wconf 87' lang='lat' dir='ltr'><strong>ad</strong></span> <span class='ocrx_word' id='word_1_731' title='bbox 2240 4717 2300 4758; x_wconf 86' lang='lat' dir='ltr'><strong>se</strong></span> <span class='ocrx_word' id='word_1_732' title='bbox 2327 4701 2659 4759; x_wconf 85' lang='lat' dir='ltr'><strong>confluentes</strong></span> <span class='ocrx_word' id='word_1_733' title='bbox 2683 4705 2750 4760; x_wconf 91' lang='lat' dir='ltr'><strong>ad</strong></span> <span class='ocrx_word' id='word_1_734' title='bbox 2777 4719 3023 4760; x_wconf 90' lang='lat' dir='ltr'><strong>eremum</strong></span> <span class='ocrx_word' id='word_1_735' title='bbox 3061 4707 3322 4771; x_wconf 85' lang='lat' dir='ltr'><strong>destinat.</strong></span> <span class='ocrx_word' id='word_1_736' title='bbox 3361 4723 3466 4778; x_wconf 90' lang='lat' dir='ltr'><strong>qua</strong></span> <span class='ocrx_word' id='word_1_737' title='bbox 3500 4713 3730 4764; x_wconf 83' lang='lat' dir='ltr'><strong>temeri-</strong></span> 
     </span>
    </p>
   </div>
   <div class='ocr_carea' id='block_1_95' title="bbox 2137 4790 3730 4867">
    <p class='ocr_par' dir='ltr' id='par_1_95' title="bbox 2137 4790 3730 4867">
     <span class='ocr_line' id='line_1_95' title="bbox 2137 4790 3730 4867; baseline 0.004 -21"><span class='ocrx_word' id='word_1_738' title='bbox 2137 4799 2270 4857; x_wconf 88' lang='lat' dir='ltr'><strong>tate,</strong></span> <span class='ocrx_word' id='word_1_739' title='bbox 2301 4806 2407 4862; x_wconf 90' lang='lat' dir='ltr'><strong>qua</strong></span> <span class='ocrx_word' id='word_1_740' title='bbox 2451 4790 2629 4849; x_wconf 90' lang='lat' dir='ltr'><strong>fronte</strong></span> <span class='ocrx_word' id='word_1_741' title='bbox 2675 4792 2722 4848; x_wconf 93' lang='lat' dir='ltr'><strong>is</strong></span> <span class='ocrx_word' id='word_1_742' title='bbox 2765 4793 2858 4866; x_wconf 86' lang='lat' dir='ltr'><strong>qui</strong></span> <span class='ocrx_word' id='word_1_743' title='bbox 2902 4795 3003 4852; x_wconf 85' lang='lat' dir='ltr'><strong>sub</strong></span> <span class='ocrx_word' id='word_1_744' title='bbox 3039 4795 3221 4867; x_wconf 89' lang='lat' dir='ltr'><strong>regula</strong></span> <span class='ocrx_word' id='word_1_745' title='bbox 3265 4804 3347 4853; x_wconf 90' lang='lat' dir='ltr'><strong>est</strong></span> <span class='ocrx_word' id='word_1_746' title='bbox 3395 4795 3730 4852; x_wconf 88' lang='lat' dir='ltr'><strong>constitutus</strong></span> 
     </span>
    </p>
   </div>
   <div class='ocr_carea' id='block_1_96' title="bbox 2135 4883 3723 4960">
    <p class='ocr_par' dir='ltr' id='par_1_96' title="bbox 2135 4883 3723 4960">
     <span class='ocr_line' id='line_1_96' title="bbox 2135 4883 3723 4960; baseline 0.004 -21"><span class='ocrx_word' id='word_1_747' title='bbox 2135 4883 2397 4941; x_wconf 82' lang='lat' dir='ltr'><strong>obsistat?</strong></span> <span class='ocrx_word' id='word_1_748' title='bbox 2427 4883 2548 4939; x_wconf 86' lang='lat' dir='ltr'><strong>Jam</strong></span> <span class='ocrx_word' id='word_1_749' title='bbox 2583 4883 2703 4940; x_wconf 89' lang='lat' dir='ltr'><strong>luce</strong></span> <span class='ocrx_word' id='word_1_750' title='bbox 2747 4885 2948 4942; x_wconf 82' lang='lat' dir='ltr'><strong>clarius</strong></span> <span class='ocrx_word' id='word_1_751' title='bbox 2993 4897 3142 4958; x_wconf 89' lang='lat' dir='ltr'><strong>patet</strong></span> <span class='ocrx_word' id='word_1_752' title='bbox 3186 4889 3308 4958; x_wconf 90' lang='lat' dir='ltr'><strong>quia</strong></span> <span class='ocrx_word' id='word_1_753' title='bbox 3338 4890 3430 4959; x_wconf 89' lang='lat' dir='ltr'><strong>qui</strong></span> <span class='ocrx_word' id='word_1_754' title='bbox 3474 4905 3723 4960; x_wconf 61' lang='lat' dir='ltr'><strong>quaeren-</strong></span> 
     </span>
    </p>
   </div>
   <div class='ocr_carea' id='block_1_97' title="bbox 2135 4975 3714 5049">
    <p class='ocr_par' dir='ltr' id='par_1_97' title="bbox 2135 4975 3714 5049">
     <span class='ocr_line' id='line_1_97' title="bbox 2135 4975 3714 5049; baseline 0.003 -20"><span class='ocrx_word' id='word_1_755' title='bbox 2135 4975 2280 5030; x_wconf 88' lang='lat' dir='ltr'><strong>tibus</strong></span> <span class='ocrx_word' id='word_1_756' title='bbox 2335 4989 2578 5030; x_wconf 90' lang='lat' dir='ltr'><strong>eremum</strong></span> <span class='ocrx_word' id='word_1_757' title='bbox 2604 4984 2772 5041; x_wconf 88' lang='lat' dir='ltr'><strong>vetat,</strong></span> <span class='ocrx_word' id='word_1_758' title='bbox 2827 4977 2998 5046; x_wconf 88' lang='lat' dir='ltr'><strong>ipsam</strong></span> <span class='ocrx_word' id='word_1_759' title='bbox 3039 4979 3418 5048; x_wconf 90' lang='lat' dir='ltr'><strong>proculdubio</strong></span> <span class='ocrx_word' id='word_1_760' title='bbox 3473 4980 3714 5049; x_wconf 87' lang='lat' dir='ltr'><strong>regulam</strong></span> 
     </span>
    </p>
   </div>
   <div class='ocr_carea' id='block_1_98' title="bbox 2134 5059 3721 5138">
    <p class='ocr_par' dir='ltr' id='par_1_98' title="bbox 2134 5059 3721 5138">
     <span class='ocr_line' id='line_1_98' title="bbox 2134 5059 3721 5138; baseline 0.003 -18"><span class='ocrx_word' id='word_1_761' title='bbox 2134 5063 2352 5120; x_wconf 89' lang='lat' dir='ltr'><strong>rebellis</strong></span> <span class='ocrx_word' id='word_1_762' title='bbox 2381 5059 2663 5120; x_wconf 88' lang='lat' dir='ltr'><strong>oblocutor</strong></span> <span class='ocrx_word' id='word_1_763' title='bbox 2707 5066 3012 5136; x_wconf 88' lang='lat' dir='ltr'><strong>impugnat;</strong></span> <span class='ocrx_word' id='word_1_764' title='bbox 3049 5075 3105 5121; x_wconf 92' lang='lat' dir='ltr'><strong>et</strong></span> <span class='ocrx_word' id='word_1_765' title='bbox 3149 5064 3275 5122; x_wconf 91' lang='lat' dir='ltr'><strong>dum</strong></span> <span class='ocrx_word' id='word_1_766' title='bbox 3307 5069 3504 5138; x_wconf 66' lang='lat' dir='ltr'><strong>regula:</strong></span> <span class='ocrx_word' id='word_1_767' title='bbox 3539 5069 3721 5124; x_wconf 84' lang='lat' dir='ltr'><strong>verbis</strong></span> 
     </span>
    </p>
   </div>
   <div class='ocr_carea' id='block_1_99' title="bbox 2136 5154 3724 5227">
    <p class='ocr_par' dir='ltr' id='par_1_99' title="bbox 2136 5154 3724 5227">
     <span class='ocr_line' id='line_1_99' title="bbox 2136 5154 3724 5227; baseline 0.002 -19"><span class='ocrx_word' id='word_1_768' title='bbox 2136 5154 2330 5210; x_wconf 84' lang='lat' dir='ltr'><strong>adimit</strong></span> <span class='ocrx_word' id='word_1_769' title='bbox 2351 5154 2734 5212; x_wconf 86' lang='lat' dir='ltr'><strong>auctoritatem</strong></span> <span class='ocrx_word' id='word_1_770' title='bbox 2757 5195 2775 5222; x_wconf 93' lang='lat'><strong>,</strong></span> <span class='ocrx_word' id='word_1_771' title='bbox 2805 5155 2979 5226; x_wconf 90' lang='lat' dir='ltr'><strong>ipsum</strong></span> <span class='ocrx_word' id='word_1_772' title='bbox 3009 5166 3214 5212; x_wconf 74' lang='lat' dir='ltr'><strong>sauch</strong></span> <span class='ocrx_word' id='word_1_773' title='bbox 3243 5158 3439 5227; x_wconf 84' lang='lat' dir='ltr'><strong>regulae</strong></span> <span class='ocrx_word' id='word_1_774' title='bbox 3465 5162 3724 5214; x_wconf 73' lang='lat' dir='ltr'><strong>condem-</strong></span> 
     </span>
    </p>
   </div>
   <div class='ocr_carea' id='block_1_100' title="bbox 441 5245 3716 5318">
    <p class='ocr_par' dir='ltr' id='par_1_100' title="bbox 441 5245 3716 5318">
     <span class='ocr_line' id='line_1_100' title="bbox 441 5245 3716 5318; baseline 0.001 -21"><span class='ocrx_word' id='word_1_775' title='bbox 441 5245 570 5315; x_wconf 82' lang='lat' dir='ltr'><strong>dem</strong></span> <span class='ocrx_word' id='word_1_776' title='bbox 602 5245 751 5297; x_wconf 89' lang='lat' dir='ltr'><strong>Liam</strong></span> <span class='ocrx_word' id='word_1_777' title='bbox 780 5245 1045 5316; x_wconf 84' lang='lat' dir='ltr'><strong>eonjugali</strong></span> <span class='ocrx_word' id='word_1_778' title='bbox 1072 5245 1197 5314; x_wconf 86' lang='lat' dir='ltr'><strong>jure</strong></span> <span class='ocrx_word' id='word_1_779' title='bbox 1226 5255 1560 5318; x_wconf 81' lang='lat' dir='ltr'><strong>susceperat,</strong></span> <span class='ocrx_word' id='word_1_780' title='bbox 1600 5248 1692 5303; x_wconf 90' lang='lat' dir='ltr'><strong>sed</strong></span> <span class='ocrx_word' id='word_1_781' title='bbox 1715 5264 1812 5318; x_wconf 92' lang='lat' dir='ltr'><strong>per</strong></span> <span class='ocrx_word' id='word_1_782' title='bbox 1833 5250 2035 5305; x_wconf 82' lang='lat' dir='ltr'><strong>amoris</strong></span> <span class='ocrx_word' id='word_1_783' title='bbox 2136 5253 2229 5299; x_wconf 91' lang='lat' dir='ltr'><strong>nat</strong></span> <span class='ocrx_word' id='word_1_784' title='bbox 2257 5252 2557 5300; x_wconf 91' lang='lat' dir='ltr'><strong>auctorem.</strong></span> <span class='ocrx_word' id='word_1_785' title='bbox 2595 5245 2735 5300; x_wconf 76' lang='lat' dir='ltr'><strong>Vera</strong></span> <span class='ocrx_word' id='word_1_786' title='bbox 2783 5253 2959 5299; x_wconf 86' lang='lat' dir='ltr'><strong>mater</strong></span> <span class='ocrx_word' id='word_1_787' title='bbox 3009 5245 3178 5300; x_wconf 85' lang='lat' dir='ltr'><strong>filium</strong></span> <span class='ocrx_word' id='word_1_788' title='bbox 3222 5246 3390 5302; x_wconf 88' lang='lat' dir='ltr'><strong>tradit</strong></span> <span class='ocrx_word' id='word_1_789' title='bbox 3430 5257 3489 5302; x_wconf 95' lang='lat' dir='ltr'><strong>ut</strong></span> <span class='ocrx_word' id='word_1_790' title='bbox 3540 5247 3716 5312; x_wconf 86' lang='lat' dir='ltr'><strong>vivat;</strong></span> 
     </span>
    </p>
   </div>
   <div class='ocr_carea' id='block_1_101' title="bbox 443 5334 2032 5409">
    <p class='ocr_par' dir='ltr' id='par_1_101' title="bbox 443 5334 2032 5409">
     <span class='ocr_line' id='line_1_101' title="bbox 443 5334 2032 5409; baseline 0.003 -19"><span class='ocrx_word' id='word_1_791' title='bbox 443 5334 627 5390; x_wconf 90' lang='lat' dir='ltr'><strong>intimi</strong></span> <span class='ocrx_word' id='word_1_792' title='bbox 655 5334 981 5390; x_wconf 89' lang='lat' dir='ltr'><strong>desiderium</strong></span> <span class='ocrx_word' id='word_1_793' title='bbox 1029 5337 1084 5388; x_wconf 92' lang='lat' dir='ltr'><strong>in</strong></span> <span class='ocrx_word' id='word_1_794' title='bbox 1126 5345 1367 5392; x_wconf 75' lang='lat' dir='ltr'><strong>venustae</strong></span> <span class='ocrx_word' id='word_1_795' title='bbox 1405 5337 1654 5394; x_wconf 77' lang='lat' dir='ltr'><strong>llaehelis</strong></span> <span class='ocrx_word' id='word_1_796' title='bbox 1696 5338 2032 5409; x_wconf 77' lang='lat' dir='ltr'><strong>amplexibus</strong></span> 
     </span>
    </p>
   </div>
   <div class='ocr_carea' id='block_1_102' title="bbox 445 5422 2032 5498">
    <p class='ocr_par' dir='ltr' id='par_1_102' title="bbox 445 5422 2032 5498">
     <span class='ocr_line' id='line_1_102' title="bbox 445 5422 2032 5498; baseline 0.007 -23"><span class='ocrx_word' id='word_1_797' title='bbox 445 5424 764 5495; x_wconf 87' lang='lat' dir='ltr'><strong>quiescebat</strong></span> <span class='ocrx_word' id='word_1_798' title='bbox 790 5422 943 5494; x_wconf 82' lang='lat' dir='ltr'><strong>(Gen.</strong></span> <span class='ocrx_word' id='word_1_799' title='bbox 970 5424 1144 5493; x_wconf 73' lang='lat' dir='ltr'><strong>uis).</strong></span> <span class='ocrx_word' id='word_1_800' title='bbox 1173 5425 1231 5480; x_wconf 92' lang='lat' dir='ltr'><strong>ln</strong></span> <span class='ocrx_word' id='word_1_801' title='bbox 1261 5425 1365 5481; x_wconf 88' lang='lat' dir='ltr'><strong>illis</strong></span> <span class='ocrx_word' id='word_1_802' title='bbox 1403 5427 1584 5497; x_wconf 86' lang='lat' dir='ltr'><strong>itaque</strong></span> <span class='ocrx_word' id='word_1_803' title='bbox 1605 5437 1805 5484; x_wconf 71' lang='lat' dir='ltr'><strong>sanctze</strong></span> <span class='ocrx_word' id='word_1_804' title='bbox 1833 5429 2032 5498; x_wconf 68' lang='lat' dir='ltr'><strong>regulte</strong></span> 
     </span>
    </p>
   </div>
   <div class='ocr_carea' id='block_1_103' title="bbox 443 5514 2034 5588">
    <p class='ocr_par' dir='ltr' id='par_1_103' title="bbox 443 5514 2034 5588">
     <span class='ocr_line' id='line_1_103' title="bbox 443 5514 2034 5588; baseline 0.004 -19"><span class='ocrx_word' id='word_1_805' title='bbox 443 5514 653 5582; x_wconf 78' lang='lat' dir='ltr'><strong>verbis,</strong></span> <span class='ocrx_word' id='word_1_806' title='bbox 682 5529 802 5585; x_wconf 70' lang='lat' dir='ltr'><strong>quae</strong></span> <span class='ocrx_word' id='word_1_807' title='bbox 847 5530 1010 5585; x_wconf 89' lang='lat' dir='ltr'><strong>supra</strong></span> <span class='ocrx_word' id='word_1_808' title='bbox 1057 5517 1357 5584; x_wconf 87' lang='lat' dir='ltr'><strong>posuimus,</strong></span> <span class='ocrx_word' id='word_1_809' title='bbox 1404 5519 1686 5588; x_wconf 90' lang='lat' dir='ltr'><strong>perspicue</strong></span> <span class='ocrx_word' id='word_1_810' title='bbox 1729 5519 2034 5575; x_wconf 88' lang='lat' dir='ltr'><strong>declaratur</strong></span> 
     </span>
    </p>
   </div>
   <div class='ocr_carea' id='block_1_104' title="bbox 444 5605 2028 5676">
    <p class='ocr_par' dir='ltr' id='par_1_104' title="bbox 444 5605 2028 5676">
     <span class='ocr_line' id='line_1_104' title="bbox 444 5605 2028 5676; baseline 0.003 -16"><span class='ocrx_word' id='word_1_811' title='bbox 444 5607 580 5676; x_wconf 86' lang='lat' dir='ltr'><strong>quia</strong></span> <span class='ocrx_word' id='word_1_812' title='bbox 627 5605 689 5663; x_wconf 89' lang='lat' dir='ltr'><strong>S.</strong></span> <span class='ocrx_word' id='word_1_813' title='bbox 740 5606 1083 5672; x_wconf 85' lang='lat' dir='ltr'><strong>Benedictus,</strong></span> <span class='ocrx_word' id='word_1_814' title='bbox 1119 5608 1246 5662; x_wconf 90' lang='lat' dir='ltr'><strong>dum</strong></span> <span class='ocrx_word' id='word_1_815' title='bbox 1287 5607 1342 5662; x_wconf 90' lang='lat' dir='ltr'><strong>in</strong></span> <span class='ocrx_word' id='word_1_816' title='bbox 1390 5609 1720 5664; x_wconf 89' lang='lat' dir='ltr'><strong>monasterio</strong></span> <span class='ocrx_word' id='word_1_817' title='bbox 1759 5609 2028 5665; x_wconf 91' lang='lat' dir='ltr'><strong>hominem</strong></span> 
     </span>
    </p>
   </div>
   <div class='ocr_carea' id='block_1_105' title="bbox 442 5695 2030 5768">
    <p class='ocr_par' dir='ltr' id='par_1_105' title="bbox 442 5695 2030 5768">
     <span class='ocr_line' id='line_1_105' title="bbox 442 5695 2030 5768; baseline 0.003 -19"><span class='ocrx_word' id='word_1_818' title='bbox 442 5695 628 5766; x_wconf 83' lang='lat' dir='ltr'><strong>ponit,</strong></span> <span class='ocrx_word' id='word_1_819' title='bbox 655 5695 722 5752; x_wconf 83' lang='lat' dir='ltr'><strong>ad</strong></span> <span class='ocrx_word' id='word_1_820' title='bbox 746 5711 988 5752; x_wconf 87' lang='lat' dir='ltr'><strong>eremum</strong></span> <span class='ocrx_word' id='word_1_821' title='bbox 1025 5696 1230 5768; x_wconf 88' lang='lat' dir='ltr'><strong>dirigit.</strong></span> <span class='ocrx_word' id='word_1_822' title='bbox 1263 5695 1361 5751; x_wconf 81' lang='lat' dir='ltr'><strong>llic</strong></span> <span class='ocrx_word' id='word_1_823' title='bbox 1397 5697 1612 5767; x_wconf 88' lang='lat' dir='ltr'><strong>quidem</strong></span> <span class='ocrx_word' id='word_1_824' title='bbox 1654 5696 1902 5768; x_wconf 89' lang='lat' dir='ltr'><strong>collocat,</strong></span> <span class='ocrx_word' id='word_1_825' title='bbox 1937 5699 2030 5754; x_wconf 84' lang='lat' dir='ltr'><strong>sed</strong></span> 
     </span>
    </p>
   </div>
   <div class='ocr_carea' id='block_1_106' title="bbox 871 5789 1472 5854">
    <p class='ocr_par' dir='ltr' id='par_1_106' title="bbox 871 5789 1472 5854">
     <span class='ocr_line' id='line_1_106' title="bbox 871 5789 1472 5854; baseline 0.003 -2"><span class='ocrx_word' id='word_1_826' title='bbox 871 5789 1148 5853; x_wconf 69' lang='lat' dir='ltr'><strong>PA&#39;rnoL.</strong></span> <span class='ocrx_word' id='word_1_827' title='bbox 1201 5791 1304 5853; x_wconf 82' lang='lat' dir='ltr'><strong>CX</strong></span> <span class='ocrx_word' id='word_1_828' title='bbox 1319 5792 1442 5852; x_wconf 87' lang='lat' dir='ltr'><strong>LIV</strong></span> <span class='ocrx_word' id='word_1_829' title='bbox 1457 5841 1472 5854; x_wconf 92' lang='lat'><strong>.</strong></span> 
     </span>
    </p>
   </div>
   <div class='ocr_carea' id='block_1_107' title="bbox 1509 5909 1536 5923">
    <p class='ocr_par' dir='ltr' id='par_1_107' title="bbox 1509 5909 1536 5923">
     <span class='ocr_line' id='line_1_107' title="bbox 1509 5909 1536 5923; baseline 0 0"><span class='ocrx_word' id='word_1_830' title='bbox 1509 5909 1536 5923; x_wconf 51' lang='grc' dir='ltr'><strong>κ</strong></span> 
     </span>
    </p>
   </div>
   <div class='ocr_carea' id='block_1_108' title="bbox 2139 5334 3720 5410">
    <p class='ocr_par' dir='ltr' id='par_1_108' title="bbox 2139 5334 3720 5410">
     <span class='ocr_line' id='line_1_108' title="bbox 2139 5334 3720 5410; baseline 0.001 -20"><span class='ocrx_word' id='word_1_831' title='bbox 2139 5335 2272 5390; x_wconf 86' lang='lat' dir='ltr'><strong>falsa</strong></span> <span class='ocrx_word' id='word_1_832' title='bbox 2310 5334 2447 5406; x_wconf 88' lang='lat' dir='ltr'><strong>petit</strong></span> <span class='ocrx_word' id='word_1_833' title='bbox 2485 5343 2544 5390; x_wconf 91' lang='lat' dir='ltr'><strong>ut</strong></span> <span class='ocrx_word' id='word_1_834' title='bbox 2581 5334 2828 5405; x_wconf 88' lang='lat' dir='ltr'><strong>publicus</strong></span> <span class='ocrx_word' id='word_1_835' title='bbox 2867 5351 2991 5389; x_wconf 91' lang='lat' dir='ltr'><strong>cum</strong></span> <span class='ocrx_word' id='word_1_836' title='bbox 3032 5336 3178 5391; x_wconf 88' lang='lat' dir='ltr'><strong>ensis</strong></span> <span class='ocrx_word' id='word_1_837' title='bbox 3205 5337 3409 5400; x_wconf 78' lang='lat' dir='ltr'><strong>dividat</strong></span> <span class='ocrx_word' id='word_1_838' title='bbox 3439 5337 3556 5410; x_wconf 85' lang='lat' dir='ltr'><strong>(III</strong></span> <span class='ocrx_word' id='word_1_839' title='bbox 3588 5337 3720 5408; x_wconf 82' lang='lat' dir='ltr'><strong>Reg.</strong></span> 
     </span>
    </p>
   </div>
   <div class='ocr_carea' id='block_1_109' title="bbox 2137 5424 3720 5502">
    <p class='ocr_par' dir='ltr' id='par_1_109' title="bbox 2137 5424 3720 5502">
     <span class='ocr_line' id='line_1_109' title="bbox 2137 5424 3720 5502; baseline 0.001 -20"><span class='ocrx_word' id='word_1_840' title='bbox 2137 5426 2243 5498; x_wconf 91' lang='grc' dir='ltr'>ιιι).</span> <span class='ocrx_word' id='word_1_841' title='bbox 2267 5425 2656 5495; x_wconf 85' lang='lat' dir='ltr'><strong>Oetogenarius</strong></span> <span class='ocrx_word' id='word_1_842' title='bbox 2695 5424 2977 5493; x_wconf 78' lang='lat' dir='ltr'><strong>Benellai,</strong></span> <span class='ocrx_word' id='word_1_843' title='bbox 3016 5435 3076 5482; x_wconf 91' lang='lat' dir='ltr'><strong>ut</strong></span> <span class='ocrx_word' id='word_1_844' title='bbox 3113 5426 3367 5484; x_wconf 90' lang='lat' dir='ltr'><strong>Channaa</strong></span> <span class='ocrx_word' id='word_1_845' title='bbox 3414 5427 3720 5502; x_wconf 74' lang='lat' dir='ltr'><strong>[Chanaan]</strong></span> 
     </span>
    </p>
   </div>
   <div class='ocr_carea' id='block_1_110' title="bbox 2137 5514 3722 5586">
    <p class='ocr_par' dir='ltr' id='par_1_110' title="bbox 2137 5514 3722 5586">
     <span class='ocr_line' id='line_1_110' title="bbox 2137 5514 3722 5586; baseline 0.001 -14"><span class='ocrx_word' id='word_1_846' title='bbox 2137 5516 2232 5572; x_wconf 88' lang='lat' dir='ltr'><strong>filii</strong></span> <span class='ocrx_word' id='word_1_847' title='bbox 2259 5515 2584 5571; x_wconf 87' lang='lat' dir='ltr'><strong>utilitatibus</strong></span> <span class='ocrx_word' id='word_1_848' title='bbox 2602 5515 2869 5581; x_wconf 87' lang='lat' dir='ltr'><strong>consulat,</strong></span> <span class='ocrx_word' id='word_1_849' title='bbox 2893 5514 3010 5586; x_wconf 81' lang='lat' dir='ltr'><strong>ejus</strong></span> <span class='ocrx_word' id='word_1_850' title='bbox 3031 5517 3396 5574; x_wconf 84' lang='lat' dir='ltr'><strong>sustentaculo</strong></span> <span class='ocrx_word' id='word_1_851' title='bbox 3423 5519 3722 5575; x_wconf 78' lang='lat' dir='ltr'><strong>senectutis</strong></span> 
     </span>
    </p>
   </div>
   <div class='ocr_carea' id='block_1_111' title="bbox 2136 5606 3721 5677">
    <p class='ocr_par' dir='ltr' id='par_1_111' title="bbox 2136 5606 3721 5677">
     <span class='ocr_line' id='line_1_111' title="bbox 2136 5606 3721 5677; baseline 0.001 -15"><span class='ocrx_word' id='word_1_852' title='bbox 2136 5609 2376 5663; x_wconf 76' lang='lat' dir='ltr'><strong>incurva:</strong></span> <span class='ocrx_word' id='word_1_853' title='bbox 2391 5606 2745 5677; x_wconf 81' lang='lat' dir='ltr'><strong>gravetudine</strong></span> <span class='ocrx_word' id='word_1_854' title='bbox 2766 5606 2956 5663; x_wconf 87' lang='lat' dir='ltr'><strong>fulcire</strong></span> <span class='ocrx_word' id='word_1_855' title='bbox 2977 5623 3080 5662; x_wconf 91' lang='lat' dir='ltr'><strong>non</strong></span> <span class='ocrx_word' id='word_1_856' title='bbox 3105 5617 3293 5676; x_wconf 90' lang='lat' dir='ltr'><strong>curat;</strong></span> <span class='ocrx_word' id='word_1_857' title='bbox 3320 5609 3609 5665; x_wconf 91' lang='lat' dir='ltr'><strong>dummodo</strong></span> <span class='ocrx_word' id='word_1_858' title='bbox 3631 5608 3721 5664; x_wconf 84' lang='lat' dir='ltr'><strong>ille</strong></span> 
     </span>
    </p>
   </div>
   <div class='ocr_carea' id='block_1_112' title="bbox 2139 5698 3722 5772">
    <p class='ocr_par' dir='ltr' id='par_1_112' title="bbox 2139 5698 3722 5772">
     <span class='ocr_line' id='line_1_112' title="bbox 2139 5698 3722 5772; baseline 0 -16"><span class='ocrx_word' id='word_1_859' title='bbox 2139 5699 2251 5772; x_wconf 85' lang='lat' dir='ltr'><strong>regi</strong></span> <span class='ocrx_word' id='word_1_860' title='bbox 2284 5698 2452 5757; x_wconf 82' lang='lat' dir='ltr'><strong>David</strong></span> <span class='ocrx_word' id='word_1_861' title='bbox 2489 5698 2830 5756; x_wconf 81' lang='lat' dir='ltr'><strong>familiariter</strong></span> <span class='ocrx_word' id='word_1_862' title='bbox 2862 5700 3085 5765; x_wconf 70' lang='lat' dir='ltr'><strong>hazreat,</strong></span> <span class='ocrx_word' id='word_1_863' title='bbox 3137 5699 3253 5768; x_wconf 91' lang='lat' dir='ltr'><strong>ipse</strong></span> <span class='ocrx_word' id='word_1_864' title='bbox 3296 5699 3511 5756; x_wconf 83' lang='lat' dir='ltr'><strong>destitui</strong></span> <span class='ocrx_word' id='word_1_865' title='bbox 3550 5699 3722 5768; x_wconf 63' lang='lat' dir='ltr'><strong>proli:</strong></span> 
     </span>
    </p>
   </div>
   <div class='ocr_carea' id='block_1_113' title="bbox 3129 5794 3202 5853">
    <p class='ocr_par' dir='ltr' id='par_1_113' title="bbox 3129 5794 3202 5853">
     <span class='ocr_line' id='line_1_113' title="bbox 3129 5794 3202 5853; baseline -0.014 0"><span class='ocrx_word' id='word_1_866' title='bbox 3129 5794 3202 5853; x_wconf 83' lang='grc'><strong>13</strong></span> 
     </span>
    </p>
   </div>
  </div>
