4024 6198
313 341 432 400 »395

855 339 913 396 S.
954 339 1156 396 PETRI
1196 337 1482 393 DAMIANI
1510 336 1664 394 OPP.
1699 336 1879 393 PARS
1921 335 2052 392 SEU
2093 333 2330 394 TOMUS
2369 337 2410 392 Ι.
2445 363 2509 378 -
2533 335 2756 392 EPIST.
2788 335 2914 391 LIB.
2952 335 3093 393 VIII.

3481 324 3583 378 506

251 513 261 521 .
309 463 527 520 auxilio
552 473 658 516 non
691 465 906 514 recusat
941 453 1025 527 (II
1055 453 1185 524 Reg.
1213 451 1294 523 x).
1323 450 1648 506 Hilarionem
1677 450 1912 506 dimittat
1938 449 1984 511 Δ
2012 449 2137 518 quia
2168 449 2235 505 de
2259 457 2388 506 noto
2424 445 2752 506 monasterio
2777 451 3078 521 suscepisse
3109 453 3402 511 monachos
3432 470 3588 514 accn-

322 555 609 619 Antonius,
645 557 702 605 ut
724 548 870 604 solus
899 547 964 601 ad
993 545 1182 600 altiora
1211 542 1559 598 conscendat.
1591 539 1698 596 Nos
1727 548 1907 595 autem

321 649 592 720 diligimus
617 641 932 703 monachos,
954 635 1096 691 sicut
1117 635 1317 699 asinos,
1344 633 1426 686 vel
1455 641 1605 687 certe
1632 632 1774 720 sicut
1797 646 1910 687 ser-

313 719 439 794 vos.
461 736 659 790 Amant
681 730 824 784 enim
847 725 1092 782 homines
1112 723 1226 778 hate
1245 720 1518 785 animalia,
1535 735 1640 774 non
1669 719 1796 784 illis,
1813 721 1908 774 sed

313 830 446 893 sibi,
469 834 528 882 ut
555 839 620 880 ea
647 820 897 876 videlicet
923 827 1016 871 aut
1042 815 1096 869 in
1121 829 1272 869 suam
1304 809 1634 866 transferant
1662 822 1902 874 carnem,

313 919 403 978 vel
425 926 483 974 ut
501 929 686 972 eorum
707 912 954 966 fruantur
974 905 1188 962 auxiliis
1199 905 1266 958 ad
1288 904 1550 959 laborem.
1566 901 1767 954 Amant
1788 901 1906 956 haec

310 1009 636 1066 .bominesut
680 1002 781 1072 ipsi
802 1002 938 1056 bene
960 997 1097 1062 sint;
1129 995 1216 1050 illa
1230 1009 1380 1058 vero,
1398 1001 1490 1047 aut
1513 1008 1620 1046 non
1655 991 1784 1056 sint,
1811 996 1908 1044 aut

309 1101 456 1157 male
476 1101 604 1154 sint.
619 1094 728 1151 Nos
747 1093 931 1154 etiam,
946 1098 1004 1143 ut
1026 1087 1298 1158 potiamur
1319 1079 1903 1139 duntaxatobedientia

314 1189 730 1252 monachorum,
765 1181 953 1239 salutis
989 1192 1175 1233 eorum
1215 1175 1436 1230 omnino
1464 1167 1903 1243 parvipendimus

316 1286 733 1338 incrementum.
769 1273 883 1328 Hoc
910 1275 1170 1342 praeterea
1213 1265 1482 1330 novimus,
1513 1261 1636 1332 quia
1659 1259 1904 1315 B.Bene-

315 1375 491 1430 dictus
519 1369 686 1426 eremi
715 1366 890 1422 cultor
923 1360 1146 1421 exstitit,
1187 1366 1242 1412 et
1271 1359 1373 1412 hoc
1416 1363 1564 1410 certe
1600 1367 1708 1408 non
1749 1359 1905 1420 opta-

313 1470 393 1523 vit
419 1482 537 1522 esse
568 1461 712 1534 quod
740 1461 864 1525 fuit;
892 1455 984 1513 sed
1008 1453 1283 1524 quoniam,
1331 1450 1470 1505 sicut
1509 1449 1624 1522 ipse
1669 1453 1904 1500 testatur

316 1558 423 1632 (IV
453 1557 579 1626 Reg.
604 1554 714 1624 χι),
737 1548 1104 1618 unusquisque
1123 1543 1393 1615 proprium
1415 1541 1612 1596 donum
1637 1537 1798 1632 habet.
1832 1549 1901 1589 ex

317 1629 448 1714 Deo,
474 1649 614 1702 alius
642 1647 739 1708 sic,
771 1643 908 1697 alius
937 1639 1154 1710 quidem
1179 1636 1288 1701 sic;
1321 1649 1422 1689 nec
1459 1647 1648 1688 omnes
1681 1629 1902 1699 capiunt

311 1742 537 1794 verbum
571 1738 704 1800 hoc;
735 1730 1096 1804 dispensative
1121 1725 1405 1783 constituit
1431 1723 1580 1795 prius
1626 1735 1900 1780 monaSte-

2011 555 2215 606 samur,
2262 540 2381 596 luce
2425 539 2624 596 clarius
2669 550 2883 597 constat
2920 541 3044 610 quia
3076 540 3134 596 S.
3159 540 3504 600 Benedictum
3533 549 3586 602 in

2010 629 2115 686 hoc
2158 629 2292 685 nihil
2339 645 2562 701 prorsus
2605 628 2947 686 otl’endimus.
2990 631 3140 687 Sicut
3165 633 3308 688 enim
3332 635 3486 691 nobis
3533 637 3588 693 in

2008 733 2194 774 eremo
2228 718 2480 775 videlicet
2520 720 2862 787 constitutis,
2895 719 3030 775 nihil
3059 731 3118 777 ut
3164 737 3590 794 exsequeremur

2009 810 2261 880 iniunxit,
2295 811 2391 877 ita,
2423 820 2482 867 ut
2511 819 2846 878 caveremus,
2880 810 3013 866 nihil
3043 813 3264 870 omnino
3290 817 3583 886 prohibuit.

2009 901 2162 958 Sicut
2199 912 2380 960 autem
2421 904 2670 974 superius
2709 903 2843 958 satis
2883 919 3150 975 superque
3185 906 3490 974 docuimus,
3528 918 3588 963 ut

2007 1006 2072 1050 ex
2118 995 2451 1050 monasterio
2498 994 2666 1049 frater
2700 995 2764 1048 ad
2806 1009 3048 1051 eremum
3095 1005 3366 1064 transeat,
3396 999 3586 1054 doctor

2006 1082 2233 1154 insignis
2264 1099 2370 1138 non
2405 1081 2564 1140 modo
2592 1099 2700 1139 non
2731 1085 2940 1151 abnuit,
2967 1100 3155 1140 verum
3195 1087 3360 1142 etiam
3395 1103 3587 1159 sugge-

2006 1173 2097 1239 rit,
2126 1183 2384 1244 provocat
2413 1182 2468 1230 et
2499 1175 2754 1245 impellit,
2803 1186 2966 1246 atque
2997 1186 3054 1232 ut
3081 1179 3363 1235 evidenter
3408 1192 3585 1238 osten-

2005 1269 2158 1324 deret
2187 1269 2288 1324 hoc
2333 1270 2472 1338 apud
2513 1285 2572 1324 se
2599 1279 2855 1339 quantam
2905 1271 3158 1326 desiderii
3189 1273 3295 1327 vim
3339 1274 3580 1341 haberet,

2003 1357 2105 1414 hoc
2137 1359 2334 1429 regula:
2360 1376 2470 1415 sua:
2496 1361 2824 1431 principium
2864 1361 3076 1429 indidit,
3120 1363 3222 1417 hoc
3255 1364 3581 1437 descriptqu

2004 1449 2109 1502 fine
2147 1450 2448 1515 concludit;
2493 1453 2558 1504 ab
2592 1451 2692 1504 hac
2727 1450 2934 1506 scilicet
2972 1462 3190 1507 sanctus
3217 1453 3307 1507 ille
3339 1453 3476 1510 liber
3502 1456 3580 1510 in-

2002 1537 2222 1606 cipitur,
2255 1539 2306 1592 in
2336 1541 2436 1593 hac
2462 1555 2558 1610 per
2583 1539 2828 1593 auxesint
2875 1540 3105 1594 materia
3152 1543 3495 1608 terminatur,
3525 1557 3583 1600 ut

2002 1628 2176 1698 ipsum
2207 1630 2606 1699 quodammodo
2634 1646 2730 1701 per
2762 1645 2978 1685 onmem
3028 1629 3110 1686 sui
3163 1639 3364 1687 textum
3396 1637 3580 1705 ιη’ωηὶ-

2002 1729 2129 1788 pere
2162 1721 2429 1776 videatur.
2467 1717 2638 1776 Porro
2673 1731 2876 1786 autem,
2907 1736 3031 1776 cum
3067 1721 3438 1793 incipientium
3477 1727 3578 1783 ista

312 1831 464 1885 rialis
491 1831 613 1882 vitm
629 1823 933 1897 planitiem,
963 1827 1023 1875 ut
1063 1818 1173 1873 illic
1214 1814 1508 1885 disciplina:
1555 1811 1777 1884 ﬂagellis
1817 1822 1897 1869 at-
1923 1815 1973 1878 Β
2000 1810 2071 1866 sit
2099 1812 2304 1883 regula,
2331 1819 2620 1882 quatenus,
2663 1821 2723 1867 ut
2755 1812 2971 1866 auditor
3015 1813 3275 1868 reddatur
3317 1815 3576 1886 intentus,

314 1921 424 1977 triti
447 1928 503 1975 et
526 1914 800 1973 exercitiis
856 1910 1117 1973 roborati,
1166 1906 1276 1975 iam
1302 1905 1515 1959 facilius
1555 1903 1723 1958 eremi
1762 1918 1894 1958 con-

310 2012 630 2070 scendamus
669 2009 736 2062 ad
767 2017 968 2060 arcem.
1011 2001 1123 2056 lloc
1163 1999 1346 2070 itaque
1379 1997 1715 2061 Benedictus,
1751 1997 1896 2067 quod

308 2114 366 2161 et
417 2103 609 2159 beatus
661 2098 864 2153 fecerat
912 2093 1130 2149 Paulus.
1181 2091 1419 2161 Agamus
1460 2089 1724 2158 siquidem
1778 2097 1898 2144 erat

305 2191 617 2264 Apostolus,
642 2188 890 2244 homines
908 2195 1086 2240 tamen
1116 2182 1181 2237 ad
1203 2181 1510 2252 coniugium
1529 2183 1854 2250 provocabat
1878 2199 1892 2236 :

311 2295 331 2336 ι
367 2280 772 2352 Unusquisque,
801 2275 1075 2345 inquiens,
1113 2287 1338 2327 uxorem
1383 2272 1636 2340 accipiat,
1677 2281 1732 2326 et
1758 2287 1892 2327 una-

303 2385 531 2444 quaeque
591 2369 766 2424 virum
815 2379 971 2420 suum
1018 2363 1257 2417 haheat:
1301 2360 1387 2414 vir
1432 2361 1586 2414 uxori
1649 2361 1889 2416 debitum

303 2463 520 2528 reddat,
541 2471 596 2514 et
624 2471 761 2513 uxor
786 2457 902 2510 viro
929 2452 982 2526 (Ι
1007 2453 1130 2507 Cor.
1157 2450 1280 2520 vn).
1319 2470 1336 2502 ι
1375 2449 1540 2505 Paulo
1563 2459 1686 2520 post
1713 2459 1892 2508 tamen

302 2554 474 2609 dicit:
503 2569 524 2604 ι
581 2549 716 2605 Volo
768 2561 957 2603 omnes
1002 2545 1248 2600 homines
1289 2558 1410 2599 esse
1445 2541 1587 2599 sicut
1625 2546 1891 2616 meipsum

302 2642 516 2716 (fbid.).
555 2659 573 2695 ι
619 2640 778 2696 Aliud
827 2650 957 2692 vero
1000 2635 1215 2692 volebat
1266 2633 1590 2704 Apostolus,
1644 2648 1700 2691 et
1746 2636 1892 2691 aliud

298 2732 669 2806 prazcipiehat.
717 2728 946 2798 Volebat~
991 2741 1113 2790 nos,
1152 2725 1295 2780 sicut
1343 2725 1458 2794 ipse
1501 2733 1640 2789 erat,
1678 2724 1894 2781 caelibes

300 2839 437 2887 esse,
462 2829 682 2893 pr0pter
711 2819 980 2875 excellens
1011 2815 1262 2872 videlicet
1304 2811 1582 2871 vernantis
1619 2816 1892 2885 pudicitize

299 2905 584 2969 meritum:
614 2911 708 2966 sed
738 2908 948 2964 volebat
976 2907 1115 2962 inire
1151 2905 1486 2977 coniugium,
1518 2907 1646 2977 quia
1682 2905 1892 2978 fragili-

298 3007 426 3060 tatis
470 3009 670 3058 nostrae
713 2999 1009 3070 periculum
1064 2997 1305 3052 timebat.
1351 2997 1589 3053 Volendo
1632 3012 1718 3052 me
1770 3011 1890 3052 esse

297 3095 438 3151 sicut
469 3109 529 3150 se
563 3100 822 3164 provocat
869 3099 928 3144 ut
972 3091 1297 3156 ascendam;
1330 3089 1606 3145 offerendo
1637 3090 1885 3161 copulam

297 3149 613 3256 nuptialem,
652 3182 848 3236 retinet
889 3180 1241 3235 sustentando
1282 3149 1360 3233 Ine
1407 3193 1678 3233 corruam.
1703 3149 1784 3233 Ad
1817 3178 1886 3232 ilo
1914 3149 1961 3214 δ

299 3277 389 3330 lud
434 3274 616 3346 gliscit
669 3272 992 3336 ultroneus,
1051 3267 1155 3324 hoc
1203 3267 1450 3323 concedit
1507 3269 1726 3323 invitus.
1777 3267 1893 3323 Ma-

299 3365 412 3419 vult
465 3365 608 3419 enim
667 3375 755 3417 me
817 3376 938 3416 esse
998 3358 1142 3442 quod
1203 3367 1287 3414 est
1348 3373 1508 3428 quam
1572 3369 1693 3414 esse
1744 3358 1888 3430 quod

296 3471 406 3511 non
443 3463 546 3511 est.
596 3453 769 3525 Elegit
818 3463 996 3509 tamen
1037 3465 1124 3507 me
1171 3460 1464 3520 utrumque
1512 3447 1615 3506 sibi
1665 3464 1890 3506 manere

296 3548 460 3619 200
497 3547 737 3601 vicinum
771 3560 932 3615 quam
979 3542 1168 3614 procul
1211 3543 1402 3598 abesse
1436 3557 1661 3613 prorsus
1705 3551 1888 3599 extra-

298 3657 484 3696 neum.
531 3640 684 3694 Sicut
720 3653 850 3708 ergo
893 3636 953 3690 Β.
979 3633 1178 3690 Paulus
1211 3637 1384 3704 magis
1422 3644 1572 3704 optat
1617 3635 1884 3706 agamiam

297 3747 460 3802 quam
489 3730 903 3802 monogamiam,
927 3727 1012 3783 vel
1036 3726 1354 3799 digamiam;
1389 3742 1454 3782 ne
1483 3735 1659 3782 tamen
1687 3726 1885 3796 quique

298 3825 518 3896 fragiles
567 3822 818 3878 labantur
869 3822 922 3876 in
975 3821 1219 3891 pollices,
1249 3819 1500 3876 concedit
1545 3833 1772 3886 uxores;
1810 3822 1885 3876 ita

296 3914 552 3969 nimirum
582 3911 645 3969 Β.
669 3911 1014 3974 Benedictus,
1045 3923 1356 3980 quanquam
1403 3910 1727 3979 propensius
1754 3911 1884 3966 velit

295 4019 397 4061 nos
422 4018 542 4058 esse
573 4003 714 4072 quod
742 4011 882 4068 erat,
916 4002 1020 4056 hoc
1045 4008 1146 4064 est,
1189 3999 1356 4054 eremi
1392 4009 1714 4065 sectatores,
1750 3999 1882 4057 tole-

296 4091 524 4150 rabilius
553 4101 730 4146 tamen
757 4090 906 4145 ducit
936 4091 1034 4144 nos
1065 4089 1310 4145 infirmos
1336 4105 1400 4145 ac
1427 4089 1630 4145 debiles
1673 4090 1728 4146 in
1764 4105 1882 4145 nio-

298 4179 520 4237 nasteril
545 4187 702 4250 portu
726 4177 809 4234 vel
841 4177 1148 4248 ignobiliter
1173 4179 1357 4232 vivere
1386 4191 1549 4247 quam
1595 4178 1648 4232 in
1678 4187 1881 4249 tempe.

297 4278 478 4326 stttosa
511 4266 753 4337 naufragi
793 4267 978 4320 mundi
1009 4267 1268 4336 voragine
1293 4265 1562 4337 deperire.
1622 4276 1627 4281 '

368 4359 588 4414 Fratres
622 4358 800 4426 itaque
831 4357 884 4410 in
916 4357 1247 4411 monasterio
1282 4356 1634 4428 immobiliter
1666 4373 1880 4429 perma-

295 4457 509 4512 nentes,
541 4447 800 4520 tolerandi
831 4454 990 4511 sunt;
1017 4445 1083 4500 ad
1112 4460 1357 4500 eremum
1384 4434 1514 4500 vero
1538 4445 1745 4503 fervido
1770 4449 1878 4520 spi-

294 4545 402 4598 ritu
435 4542 884 4612 transmigrantes
905 4541 1179 4611 plausibus
1204 4553 1268 4595 ac
1294 4539 1576 4610 praconiis
1598 4539 1875 4596 eﬂ'erendi.

294 4636 374 4690 illi
415 4635 679 4704 siquidem
718 4635 820 4690 sub
855 4633 1050 4688 divinae
1083 4631 1437 4701 protectionis
1466 4631 1654 4702 clypeo
1696 4631 1882 4688 delitec

296 4734 483 4790 scunt;
527 4723 615 4779 isti
656 4736 786 4777 vero
825 4721 878 4776 in
910 4735 1163 4791 campum
1197 4721 1512 4776 certaminis
1553 4721 1879 4791 prodeuntes

297 4815 536 4873 victoriae
578 4814 748 4869 titulis
786 4815 1132 4869 decorentur.
1169 4811 1250 4866 illi
1287 4810 1581 4867 defendunt
1612 4825 1741 4878 sua;
1787 4811 1877 4867 isti

294 4908 543 4964 referunt
588 4904 782 4976 spolia.
831 4903 909 4957 llli
937 4901 1048 4958 Deo
1078 4894 1398 4972 protegente
1440 4908 1568 4956 sunt
1599 4900 1878 4972 insupera-

295 5000 460 5065 biles;
493 4997 580 5053 isti
611 4995 851 5067 quotidie
879 5001 1130 5064 satagunt
1157 4991 1388 5047 hostium
1415 5005 1637 5047 suorum
1667 4992 1880 5054 calcare

295 5089 556 5144 cervices.
607 5088 680 5142 Illi
724 5095 913 5141 contra
970 5082 1171 5139 mania
1217 5080 1494 5136 constituti
1545 5079 1876 5145 obsidentes,

295 5197 364 5236 ne
410 5181 782 5253 ingrediantur
829 5178 1138 5240 obsistunt;
1199 5175 1289 5230 isti
1353 5174 1594 5227 minaces
1643 5172 1877 5227 hostium

296 5287 498 5326 cuneos
526 5271 709 5341 procul
741 5272 807 5326 de
837 5270 949 5325 suis
976 5265 1173 5325 iinihus
1205 5273 1352 5335 terga
1393 5265 1644 5318 cedentes
1690 5262 1878 5332 expel-

296 5359 433 5413 lunt.
487 5359 555 5414 Et
596 5359 724 5430 quid
773 5359 925 5428 plura
977 5357 1200 5413 dicam?
1239 5355 1317 5412 Illi
1365 5353 1573 5408 scilicet
1623 5369 1652 5408 a
1681 5353 1877 5408 saeculo

296 5460 423 5506 sunt
449 5453 674 5517 remoti;
716 5451 805 5506 isti
837 5452 947 5507 Deo
977 5450 1087 5520 iam
1123 5447 1542 5505 confabulantur
1574 5447 1765 5501 intima
1801 5446 1879 5502 illi

297 5545 562 5599 charitate
598 5542 892 5612 coniuncti.
943 5541 1020 5596 illi
1058 5541 1234 5596 altare
1279 5553 1481 5594 aareum
1533 5539 1874 5606 custodiunt;

295 5637 384 5691 ἱειιί
406 5638 518 5708 iam
563 5633 937 5706 ingrediuntur
966 5631 1169 5688 Sancta
1214 5638 1546 5686 sanctorum.
1599 5628 1669 5683 Ut
1695 5641 1876 5686 autem

295 5727 348 5781 in
375 5728 521 5783 calce
547 5725 705 5795 huius
745 5722 984 5792 epistola:
1014 5723 1126 5793 iam
1166 5721 1554 5777 subnectamus
1581 5717 1874 5791 epilogum,

1997 1905 2384 1958 commendent
2431 1919 2553 1973 qua:
2583 1902 2866 1958 scribenda
2914 1912 3057 1968 sunt,
3114 1904 3216 1960 iste
3262 1921 3366 1960 non
3399 1908 3572 1963 solum

1999 1998 2051 2052 in
2100 1996 2217 2068 ipso
2265 1998 2462 2066 regula:
2511 1995 2815 2067 incipientis
2858 1998 3104 2066 exordio,
3160 2002 3254 2056 sed
3284 2003 3419 2056 etin
3470 2003 3576 2058 fine

1997 2101 2213 2158 quoque
2255 2096 2424 2142 totum
2457 2099 2593 2156 opus
2628 2102 2786 2141 suum
2835 2087 3119 2157 levigando
3170 2099 3227 2145 et
3255 2090 3578 2147 annullando

1997 2179 2282 2249 depretiat,
2323 2188 2381 2232 ut
2417 2177 2816 2232 cumohitarum
2852 2179 3095 2233 ordinem
3126 2179 3421 2236 erentiticaz
3454 2182 3578 2236 vita:

1995 2283 2279 2340 supparem
2328 2278 2548 2324 statuat.
2603 2268 2671 2324 Ut
2720 2285 2850 2339 ergo
2899 2270 3096 2326 fratres
3141 2273 3206 2327 ad
3234 2287 3475 2329 eremum
3511 2276 3577 2330 de

1995 2360 2362 2416 monasteriali
2396 2361 2503 2416 vita
2532 2364 2924 2428 conscendant,
2954 2373 3008 2417 et
3034 2377 3132 2418 nos
3161 2362 3365 2418 hortari
3396 2377 3449 2420 et
3479 2381 3576 2420 nos

1993 2449 2257 2506 debemus
2299 2464 2423 2506 cum
2470 2451 2738 2506 charitate
2790 2453 3110 2524 suscipere,
3165 2462 3226 2508 ut
3273 2469 3380 2509 non
3433 2457 3576 2512 velut

1995 2545 2185 2599 hostes
2227 2559 2256 2599 a
2309 2545 2469 2599 beato
2501 2545 2617 2600 viro
2643 2545 3012 2612 schismatica,
3044 2547 3188 2616 quod
3233 2547 3394 2612 absit,
3426 2562 3578 2602 aver-

1995 2634 2149 2688 sione
2198 2633 2504 2709 discedere,
2536 2635 2653 2700 sed,
2682 2643 2742 2689 ut
2768 2650 2955 2690 revera
2986 2635 3254 2706 discipuli,
3298 2637 3575 2692 videamur

1992 2733 2048 2778 et
2075 2723 2147 2778 illi
2181 2723 2409 2778 invicem
2433 2723 2760 2778 unanimiter
2785 2725 3116 2780 consentire.

2527 2835 2863 2893 EPISTOLA
2902 2837 3037 2891 Xlll.

2095 2943 2164 2980 Αι)
2203 2943 2261 2980 Ι.
2297 2943 2540 2983 ΔΒΒΛΤΕΙ
2579 2943 3197 2986 (ιοαδτΑΝτιΝοΡοιιτΑΜ
3234 2945 3470 2988 οωκοιςιι

2643 3035 2690 3074 S.
2724 3036 2924 3075 ΜΔΒΙΕ.

1990 3110 2473 3184 Διιιξωίςιιιτψιτ-
2495 3109 2786 3184 liionachos
2815 3112 3062 3184 Latinos.
3090 3114 3178 3184 qui
3220 3115 3271 3169 in
3304 3126 3571 3172 monaste-

2066 3181 2146 3252 rio
2195 3181 2252 3252 S.
2287 3181 2466 3234 Marize
2507 3181 2975 3252 Constantinopoli
3021 3181 3418 3250 versabantur,
3468 3187 3569 3242 hac

2060 3250 2305 3325 epistola
2339 3265 2663 3325 magnopere
2711 3250 2888 3325 201—7
2915 3254 3278 3320 commendat,
3324 3259 3468 3325 quod
3516 3258 3566 3309 in

2063 3322 2168 3376 illis
2198 3321 2505 3389 regionibus
2538 3331 2742 3378 rectum
2770 3321 2892 3376 lidei
2923 3331 2979 3378 et
3005 3325 3130 3378 vita:
3175 3321 3444 3379 tramitem
3494 3334 3572 3379 te-

2060 3400 2272 3445 nerent.
2310 3389 2398 3464 ADe
2423 3393 2720 3464 quaestione
2745 3407 2894 3464 vero,
2924 3394 2990 3448 de
3017 3409 3122 3464 qua
3157 3397 3224 3451 ab
3256 3395 3361 3449 illis
3405 3396 3570 3450 inter-

2061 3469 2280 3535 rogatus
2305 3459 2500 3526 fuerat,
2526 3461 2602 3515 ait
2646 3476 2716 3535 se
2736 3461 2945 3535 illorum
2994 3459 3203 3535 nuntio,
3233 3466 3325 3535 qui
3359 3465 3458 3522 has
3483 3466 3568 3520 lit-

2061 3539 2207 3586 teras
2241 3530 2446 3584 laturus
2473 3539 2638 3597 esset,
2669 3531 2879 3588 abunde
2908 3530 3258 3590 satisfecisse.

2058 3641 2268 3699 Dornno
2297 3642 2366 3697 Μ.
2399 3640 2692 3699 venerabili
2724 3645 2902 3700 abbati
2941 3649 3254 3703 monasterii
3287 3647 3345 3703 S.
3389 3647 3570 3704 Mariae

1991 3736 2047 3792 in
2075 3734 2537 3802 Constantinopoli
2564 3742 2618 3790 et
2664 3734 2882 3806 reliquis
2911 3731 3191 3805 fratribus,
3214 3738 3427 3796 Ρετιιυε
3452 3756 3570 3811 pec-

1986 3833 2141 3880 cator
2167 3824 2462 3879 monachus
2489 3824 2541 3878 in
2573 3823 2800 3879 Domino
2829 3824 3077 3880 salutem.

2055 3914 2396 3979 Gaudemus,
2437 3913 2771 3970 dileCtissimi
2815 3903 3042 3982 fratres;
3083 3917 3207 3988 quia
3253 3918 3379 3974 dum
3427 3917 3569 3973 inter

1983 4011 2199 4059 exteras
2227 4011 2412 4072 gentes
2445 4010 2501 4056 et
2539 4002 2590 4056 in
2631 4002 2928 4072 peregrinae
2968 4003 3162 4072 linguae
3193 4005 3411 4075 regione
3443 4019 3568 4058 con-

1983 4092 2194 4158 sistitis,
2219 4108 2248 4146 a
2272 4091 2540 4147 catholica
2566 4100 2745 4146 tamen
2804 4089 2906 4147 fide
2928 4103 2982 4147 et
3003 4092 3108 4164 piis
3129 4094 3401 4162 operibus,
3428 4093 3566 4147 sicut

1983 4184 2125 4240 fama
2145 4183 2394 4254 vulgante
2418 4183 2800 4253 comperimus,
2830 4199 2934 4238 non
2965 4185 3244 4240 exsulatis.
3275 4183 3431 4239 Cives
3457 4183 3560 4237 ita-

1982 4289 2088 4347 que
2119 4284 2426 4330 sanctorum
2456 4283 2510 4330 et
2538 4273 2819 4332 domestici
2844 4275 2938 4331 Dei
2973 4290 3001 4330 a
3031 4276 3191 4333 domo
3216 4277 3430 4346 propria
3459 4292 3565 4330 non

1980 4367 2252 4434 receditis,
2285 4369 2408 4422 dum
2443 4367 2583 4422 intra
2620 4376 2820 4423 sanctae
2847 4365 3104 4422 Ecclesiae
3143 4370 3406 4438 gremium
3440 4383 3568 4422 con-

1985 4456 2201 4522 stituti,
2259 4469 2357 4525 per
2406 4464 2565 4510 recta:
2614 4456 3040 4511 conversationis
3097 4455 3290 4511 lineam
3346 4469 3570 4526 peregre

1988 4545 2277 4601 festinatis.
2313 4543 2368 4600 In
2397 4559 2720 4616 quacunque
2749 4545 3004 4600 nimirum
3033 4548 3248 4617 regione
3277 4554 3564 4610 terrarum,

1987 4635 2265 4704 aequaliter
2289 4642 2438 4704 patet
2477 4633 2599 4688 aula
2632 4634 2912 4689 coriorum.
2955 4634 3019 4688 Et
3051 4635 3138 4690 ubi
3176 4646 3337 4691 rectae
3365 4635 3485 4689 fidei
3513 4645 3567 4690 et

1986 4731 2185 4781 sancta:
2213 4723 2641 4780 conversationis
2681 4723 2820 4778 idem
2847 4731 2930 4778 est
2959 4724 3209 4778 meritum
3227 4765 3243 4788 ,
3274 4723 3346 4778 nil
3371 4721 3568 4793 prmiu-

1985 4815 2130 4870 dicat
2162 4814 2446 4869 diversitas
2473 4813 2650 4883 aliqua
2693 4813 3037 4883 varietasque
3083 4814 3408 4885 linguarum.
3446 4814 3567 4869 Ubi.

1983 4917 2196 4972 cunque
2240 4901 2446 4957 scilicet
2486 4901 2578 4956 Dei
2621 4915 2810 4956 servus
2855 4900 3150 4967 inhabitet,
3196 4910 3401 4972 oportet
3440 4917 3562 4955 eun

1986 4992 2272 5048 saculares
2307 5007 2336 5046 a
2369 5006 2430 5046 se
2471 4999 2637 5061 atque
2663 4991 2908 5046 carnales
2943 5001 3096 5046 actus
3127 4992 3474 5057 abscindere,
3511 4999 3567 5046 et

1986 5082 2369 5138 mortificatum
2393 5081 2460 5136 ab
2484 5083 2588 5136 hoc
2609 5081 2806 5138 saeculo
2831 5098 2929 5152 per
2959 5094 3162 5138 rectum
3186 5083 3358 5137 sancti
3384 5083 3565 5152 operis

1985 5174 2254 5229 tramitem
2284 5171 2567 5228 indefessis
2594 5187 2809 5243 semper
2831 5173 3086 5244 gradibus
3108 5173 3403 5228 ambulare.
3428 5172 3566 5228 Hinc

1981 5271 2066 5318 est
2097 5263 2238 5332 quod
2276 5261 2654 5318 Adonibezech
2697 5263 2806 5333 regi
2849 5279 3105 5318 manuum
3149 5279 3323 5318 summ
3350 5273 3430 5319 tas
3470 5279 3566 5334 pe-

1982 5353 2216 5424 dumque
2242 5353 2552 5424 praeciditur
2577 5351 2776 5424 (Jud'c.
2807 5351 2871 5424 ι),
2907 5361 2968 5408 ιιι
2995 5368 3092 5424 per
3123 5354 3225 5410 hoc
3250 5355 3565 5410 abscinden-

1982 5449 2078 5504 dos
2108 5463 2138 5502 a
2168 5447 2323 5504 nobis
2350 5445 2626 5503 saecularis
2657 5446 2778 5500 vitae
2809 5459 3051 5516 gressus,
3083 5455 3138 5502 et
3163 5457 3317 5501 actus
3359 5445 3566 5516 liquido

1981 5541 2310 5611 designetur.
2339 5537 2713 5594 Adonibezech
2744 5537 2944 5606 quippe
2980 5537 3367 5606 interpretatur
3395 5533 3566 5588 dami-

1981 5649 2078 5687 ηας
2116 5628 2372 5700 fulminis.
2411 5627 2517 5683 Per
2555 5639 2713 5698 quem
2744 5625 3026 5692 videlicet,
3059 5625 3188 5696 quid
3216 5625 3360 5679 aliud
3399 5639 3562 5693 quant

1983 5719 2227 5781 diabolus
2266 5718 2612 5789 intelligitur?
2648 5716 2740 5774 ille
2779 5717 2976 5790 quippe
3011 5718 3262 5775 dominus
3290 5715 3578 5780 fulminis,
