4024 6198
319 407 421 465 397

1533 403 1734 460 LIBER
1763 400 2056 467 SEXTUS,
2089 403 2307 460 EPIST.
2349 403 2466 459 XV.

3469 408 3570 464 598

316 521 453 574 idem
484 523 673 572 auctor
698 516 930 588 impetus
950 524 1034 572 est
1060 521 1114 572 et
1142 513 1343 571 furoris
1361 555 1376 579 ,
1405 514 1546 570 sicut
1567 516 1896 581 econtrario,
1929 521 1971 578 Α
2005 524 2150 570 taxat
2171 531 2295 570 eum
2315 519 2416 572 sub
2443 516 2666 586 tuojure
2691 519 2988 586 possideas,
3011 535 3053 576 SI
3083 521 3214 590 perit
3241 536 3446 588 anima,
3473 538 3577 591 pro

317 610 574 666 Dominus
605 615 792 662 noster
824 621 922 675 per
949 606 1267 675 prophetam
1297 603 1517 670 dicitur,
1552 603 1711 658 Pater
1736 602 1898 657 futuri

312 700 515 765 saeculi,
544 699 803 766 Princeps
832 696 980 766 pacis
1017 694 1173 766 (Isai.
1208 694 1308 765 ix).
1348 693 1448 748 llic
1483 693 1664 762 itaque
1693 692 1898 747 Adoni-

311 791 534 851 beaeeh,
569 789 708 843 sicut
741 786 1021 855 Scriptura
1053 792 1297 850 testatur,
1337 784 1412 838 ait
1445 801 1458 837 :
1498 802 1516 836 ι
1548 781 1898 852 Septuaginta

312 878 790 951 reges,amputatis
823 875 1225 932 summitatibus
1259 888 1513 929 manuum
1575 882 1631 929 et
1663 873 1896 942 pedum,

311 948 636 1040 colligebant
665 967 920 1036 reliquias
957 966 1202 1020 ciborum
1231 965 1332 1019 sub
1363 977 1548 1018 mensa
1577 976 1731 1029 mea;
1758 948 1911 1018 sicut.

309 1062 413 1118 feci
460 1062 616 1124 aliis,
665 1061 736 1114 ita
783 1057 1016 1113 reddidit
1061 1055 1192 1110 mibi
1239 1054 1498 1109 Dominus
1538 1052 1736 1124 (ludio.
1780 1056 1840 1124 1).
1874 1071 1893 1104 ι

308 1155 450 1222 Quid
481 1155 662 1222 itaque
693 1162 786 1220 per
820 1149 1158 1219 septuaginta
1199 1159 1388 1216 reges,
1417 1146 1518 1201 nisi
1557 1145 1896 1215 septuaginta

306 1246 612 1316 linguarum
665 1241 1011 1312 intelligimus
1064 1238 1354 1294 nationes?
1399 1237 1596 1307 quibus
1642 1235 1895 1290 nimirum

306 1339 574 1408 malignus
624 1335 847 1405 spiritus
901 1347 1156 1388 manuum
1205 1331 1506 1401 pedumque
1555 1327 1897 1384 summitates

303 1430 641 1493 absciderat,
687 1426 941 1496 quoniam
976 1423 1153 1480 omnis
1181 1438 1314 1494 gens
1340 1437 1443 1477 nec
1481 1421 1621 1476 bona
1647 1419 1898 1491 qualibet

302 1522 554 1592 operari,
586 1535 685 1574 uec
712 1534 808 1588 per
829 1516 1054 1586 justitia
1093 1515 1366 1570 tramitem
1393 1514 1643 1568 incedere
1668 1513 1896 1583 permit-

303 1614 474 1668 tebat.
510 1609 616 1666 Sed
649 1609 774 1664 huic
817 1606 1228 1670 Adonibezecb,
1268 1603 1494 1659 humani
1533 1603 1782 1658 videlicet
1806 1617 1896 1673 ge-

300 1702 450 1758 neris
475 1701 715 1764 inimico,
746 1712 1002 1752 manuum
1037 1694 1197 1751 simul
1228 1710 1293 1749 ac
1320 1693 1514 1764 pedum
1556 1692 1896 1748 summitates

302 1794 634 1862 Redemptor
660 1799 845 1845 noster
873 1788 1134 1852 abscidit,
1172 1802 1295 1842 cum
1325 1783 1442 1854 ejus
1470 1785 1538 1839 ab
1567 1784 1756 1840 electis
1781 1784 1896 1840 suis

1999 618 2102 674 qua
2117 605 2366 664 Christus
2387 618 2630 662 mortuus
2647 617 2726 664 est
2746 606 2797 678 (Ι
2815 609 2936 662 Cor.
2960 611 3096 681 VIN),
3117 613 3336 666 onmino
3357 627 3462 666 non
3482 628 3576 667 cu-

2000 710 2108 750 ras.
2134 696 2286 764 Apud
2311 695 2654 753 Salomonem
2683 713 2873 768 nempe
2895 702 3170 765 meretrix,
3195 718 3317 772 qua
3338 704 3578 758 alienum

1997 787 2329 843 subduxerat
2353 789 2554 856 fetum,
2595 789 2826 845 malebat
2849 801 2974 846 eum
3019 794 3165 863 regio
3190 808 3446 848 mucrone
3485 810 3573 850 se-

1997 878 2142 943 eari,
2170 891 2332 949 quam
2369 882 2628 936 maternis
2655 881 2910 938 uberibus
2939 883 3086 938 reddi
3129 882 3246 954 (III
3280 883 3402 954 Reg.
3441 887 3525 950 ιιι)
3557 903 3574 941 ι

1997 970 2418 1038 parvipendebat
2445 971 2707 1040 siquidem
2745 974 3040 1042 perniciem
3077 974 3389 1038 merientis,
3417 976 3576 1028 duma

1998 1058 2157 1113 modo
2180 1058 2493 1114 vocabulum
2520 1061 2630 1132 ipsa
2652 1077 2759 1116 non
2783 1065 3054 1120 amitteret
3079 1064 3285 1120 matris.
3309 1065 3388 1119 Tu
3411 1068 3574 1120 etiam

1997 1149 2066 1203 ad
2104 1148 2262 1218 hujus
2289 1150 2625 1220 exemplum,
2649 1167 2748 1208 cur
2776 1153 2944 1208 laetas
2979 1169 3136 1222 quem
3169 1170 3272 1209 nou
3301 1155 3577 1226 genuisti?

1997 1239 2086 1296 vel
2123 1254 2273 1298 more
2311 1245 2576 1314 perdieis,
2621 1258 2719 1298 cur
2747 1243 2898 1299 foves
2932 1259 3091 1314 quem
3138 1259 3241 1299 non
3278 1246 3578 1315 peperisti?

1998 1331 2112 1387 Hoc
2137 1339 2220 1388 est
2243 1334 2392 1388 enim
2419 1334 2664 1389 naturale
2691 1334 2943 1404 pcrdicis,
2975 1343 3033 1388 ut
3060 1335 3236 1390 aliena
3266 1335 3448 1390 furtim
3473 1349 3573 1391 ova

1997 1424 2299 1494 subripiat,
2332 1439 2505 1494 eaque
2537 1433 2792 1494 tanquam
2823 1425 3037 1495 propria
3077 1440 3142 1480 eo
3181 1440 3352 1495 usque
3391 1423 3577 1480 confm

1995 1525 2156 1581 veat,
2197 1515 2371 1571 donec
2415 1514 2558 1570 fetus
2601 1525 2880 1585 erumpat;
2924 1517 3018 1570 sed
3051 1531 3176 1570 eum
3217 1516 3344 1586 pulli
3386 1531 3573 1572 vocem

1995 1608 2190 1663 matris
2221 1609 2477 1673 audiunt,
2507 1619 2630 1662 eam
2658 1616 2866 1662 natura
2895 1606 3141 1662 docentis
3180 1607 3380 1662 indicio
3419 1621 3575 1662 reeoo

1996 1707 2299 1768 gnoscunt,
2347 1705 2403 1752 et
2446 1695 2582 1752 falsa
2621 1705 2794 1751 matre
2831 1704 3137 1766 contempta
3163 1735 3178 1761 ,
3223 1696 3468 1766 protinus
3509 1695 3576 1750 ad

1996 1801 2182 1842 veram
2206 1787 2499 1858 perniciter
2526 1794 2887 1863 revertuntur.
2921 1785 3073 1841 Unde
3097 1795 3151 1840 ct
3170 1785 3435 1842 Jeremias
3457 1787 3533 1840 ait
3559 1803 3574 1840 :

299 1882 539 1940 nefarios
566 1890 722 1935 actus
747 1892 1072 1949 gressusque
1105 1874 1456 1945 compescuit.
1491 1872 1598 1929 Vos
1620 1888 1786 1944 ergo,
1812 1873 1895 1928 di-
1928 1871 1972 1931 Β
2005 1891 2025 1929 ι
2055 1877 2250 1933 Perdix
2288 1877 2424 1933 fovit
2464 1892 2585 1948 qua
2628 1893 2735 1933 non
2774 1877 3018 1947 peperit;
3066 1877 3196 1933 fecit
3233 1878 3484 1944 divitias,
3521 1885 3578 1934 et

301 1973 616 2038 lectissimi,
665 1970 830 2026 nolite
869 1969 1186 2039 permittere
1224 1966 1378 2022 vobis
1415 1967 1560 2021 hunc
1600 1963 1894 2035 prasidere

301 2075 618 2137 tyrannum,
642 2076 802 2132 quem
833 2074 1090 2115 mucrone
1113 2059 1310 2114 divina
1339 2057 1619 2114 sententia
1643 2070 1748 2110 non
1779 2070 1894 2110 am-

299 2157 487 2228 bigitis
533 2156 934 2210 detruncatum.
978 2150 1099 2204 Vim
1148 2149 1333 2219 itaque
1379 2149 1596 2217 superni
1639 2143 1890 2201 desiderii

299 2256 480 2304 mente
503 2246 796 2316 eoucipite,
823 2245 891 2298 ad
920 2241 1158 2299 calestis
1188 2239 1336 2311 regni
1365 2239 1590 2310 gloriam
1614 2236 1892 2310 succensis

299 2337 600 2409 visceribus
623 2343 870 2399 astuate,
899 2332 1135 2389 carnalis
1161 2330 1426 2386 illecebra
1449 2328 1674 2383 solerter
1701 2327 1892 2382 incen-

304 2432 411 2486 tiva
445 2427 760 2499 reprimite,
794 2426 860 2480 ad
888 2425 1058 2480 Deum
1091 2437 1304 2492 semper
1328 2436 1423 2492 per
1456 2419 1746 2491 singularis
1771 2418 1893 2473 vita

296 2521 550 2578 semitam
569 2559 586 2584 ,
613 2528 669 2573 et
698 2524 1012 2573 sanctorum
1056 2513 1278 2568 Patrum
1306 2510 1528 2580 vestigia
1572 2516 1890 2579 properate,

298 2622 570 2683 quatenus
589 2649 604 2676 ,
632 2611 757 2664 dum
780 2607 1006 2677 justitia
1030 2615 1215 2660 tenere
1242 2602 1567 2658 contenditis
1598 2600 1890 2665 tramitem,

298 2705 363 2758 ad
414 2703 593 2772 ipsum
635 2698 862 2768 iustitia
905 2706 961 2752 et
1005 2696 1170 2751 totius
1219 2691 1524 2749 sanctitatis
1567 2691 1894 2760 perveniatis

298 2801 601 2849 auctorem.
627 2789 983 2858 Omnipotens
1012 2787 1177 2849 Deus,
1207 2782 1544 2839 dilectissimi
1577 2777 1797 2844 fratres,
1829 2781 1894 2835 de

301 2885 559 2940 manibus
596 2897 694 2938 vos
733 2880 939 2950 antiqui
987 2878 1160 2934 hostis
1199 2874 1437 2944 eripiat,
1483 2873 1551 2929 de
1594 2869 1893 2943 peregrinis

297 2977 446 3032 cives
481 2973 712 3038 efﬁciat,
740 2980 793 3028 et
819 2985 1067 3041 superna
1104 2964 1439 3022 Hierusalem
1473 2963 1771 3025 moenibus,
1804 2959 1892 3015 ubi

299 3082 407 3120 non
439 3065 769 3135 linguarum,
801 3076 906 3115 non
934 3058 1275 3115 voluntatum
1309 3064 1394 3110 est
1422 3053 1526 3109 ulla
1566 3051 1851 3106 diversitas
1874 3089 1890 3114 ,

298 3156 627 3211 introdueat.
658 3154 734 3208 De
759 3150 1057 3222 quastione
1086 3156 1290 3212 autem,
1317 3160 1479 3214 super
1501 3158 1608 3214 qua
1635 3157 1732 3197 nos
1759 3157 1890 3196 con-

296 3247 477 3302 sulere
517 3229 870 3305 decrevistis,
912 3239 1133 3293 fratrem
1163 3238 1308 3292 hunc
1346 3235 1566 3289 Petrum
1595 3273 1612 3298 ,
1647 3240 1886 3287 vestrum

299 3336 511 3392 scilicet
534 3332 782 3390 nuntium
801 3329 984 3401 202,
1006 3327 1236 3385 solerter
1256 3322 1532 3410 inquirite,
1556 3330 1612 3378 et
1629 3320 1888 3392 quidquid

300 3427 453 3486 vobis
481 3427 604 3483 viva
633 3437 766 3480 voce
795 3419 1084 3493 protulerit
1108 3418 1415 3473 observate.

839 3529 1176 3590 EPISTOLA
1211 3526 1358 3584 XIV.

732 3642 800 3682 AD
837 3635 1150 3679 IIINARDUI
1188 3629 1451 3675 ΛΒΒΔΤΕΙ.

498 3717 764 3791 (Habetur
803 3725 929 3769 tam.
978 3709 1101 3775 III,
1144 3719 1322 3779 estque
1359 3721 1534 3776 opm.
1571 3702 1683 3774 29.)

853 3821 1188 3880 EPISTOLA
1227 3817 1344 3874 XV.

299 3943 368 3984 Αι)
403 3941 460 3981 ι’.
500 3931 748 3980 Αιιιτειι
793 3925 1030 3974 C(ENOB"
1077 3921 1386 3968 CLASSBNSIS
1428 3923 1475 3962 Β.
1516 3920 1884 3962 Αροιιιιυιιιε.

298 4019 699 4074 Ᾱιςσιιεκτσιι.
729 4035 799 4051 --
829 4002 1198 4079 Classensem_
1221 4001 1467 4079 abbatem
1485 4038 1510 4079 ..
1557 3998 1657 4079 qui
1695 4012 1886 4079 mona-

579 4067 627 4137 ἶ
647 4078 974 4136 monasterio
1021 4071 1352 4143 transfugam
1389 4067 1888 4143 detinebat_multis

367 4137 992 4212 e;eomntttnieationum
1021 4137 1257 4200 vinculis"
1275 4140 1614 4201 obstrictmn,
1646 4137 1888 4212 obtesta-

369 4207 581 4280 (iam
610 4220 758 4275 illum
811 4217 950 4288 apud
1000 4230 1057 4270 se
1107 4222 1425 4289 permanere
1475 4221 1578 4289 non
1627 4207 1883 4289 patiatur.

367 4277 529 4362 Quod
561 4292 605 4347 si
642 4277 898 4362 adsuunt
939 4277 1326 4362 monaéterium
1357 4277 1555 4362 reverti
1590 4277 1887 4362 velit,mmi-

369 4346 486 4420 tem
505 4346 580 4418 se
603 4369 661 4417 et
697 4359 1016 4416 clementem
1045 4367 1176 4422 erga
1207 4350 1355 4406 illum
1399 4346 1636 4402 futurum
1667 4346 1888 4416 pollice-

366 4443 586 4582 glgmuo
613 4521 675 4576 P.
699 4515 992 4575 venerabili
1021 4511 1222 4577 abbati,
1252 4509 1469 4565 Psruus
1491 4514 1743 4578 peccator
1767 4482 1884 4563 mo-

297 4617 510 4672 nachus
539 4612 767 4668 salutem
795 4609 850 4664 in
879 4606 1124 4662 Domino.

369 4709 543 4764 Miror
572 4713 815 4761 sanctam
844 4697 1183 4770 prudentiam
1225 4704 1391 4758 tuam,
1427 4691 1749 4748 venerabilis
1775 4689 1884 4744 fra-

297 4811 406 4863 ter,
451 4797 580 4868 quia
617 4808 741 4850 cum
773 4800 884 4846 tota
917 4797 1066 4844 terra
1106 4785 1310 4857 repleta
1350 4783 1423 4838 sit
1465 4781 1744 4837 monachis
1769 4821 1784 4845 ,
1826 4791 1880 4835 tu

296 4904 486 4945 meum
531 4885 816 4942 adversum
851 4894 940 4934 me
983 4876 1307 4934 monachum
1356 4871 1505 4928 foves
1529 4911 1545 4938 ,
1595 4871 1754 4928 toties
1797 4887 1882 4927 me

296 4978 444 5050 apud
495 4986 548 5032 te
587 4970 996 5044 expostulante,
1045 4965 1398 5035 requisitum,
1444 4969 1522 5016 tot
1573 4961 1882 5031 apostolica

294 5070 445 5126 sedis
486 5067 961 5128 Romanorumque
1006 5056 1321 5127 pontiﬁcum
1361 5051 1876 5108 excommunicatioc

296 5177 430 5218 num
472 5156 668 5229 jueulis
710 5154 1030 5216 sauciatum.
1078 5148 1362 5204 Enimvero
1408 5145 1615 5216 primus
1660 5142 1880 5198 humani

293 5250 518 5321 generis
542 5260 762 5317 parens,
793 5258 914 5298 cum
947 5241 1048 5295 sibi
1080 5240 1362 5296 comedere
1390 5237 1457 5292 de
1486 5234 1716 5298 eunetis,
1746 5247 1882 5303 pra-

297 5349 381 5398 ter
409 5353 574 5393 unam
604 5333 840 5406 paradisi
872 5331 1055 5386 liceret
1089 5327 1394 5391 arboribus,
1423 5333 1740 5380 eaterarum
1765 5323 1882 5392 qui-

291 5428 422 5483 dem
462 5427 716 5482 arborum
748 5437 902 5494 poma
939 5419 1293 5490 contempsit,
1331 5417 1474 5472 illam
1503 5433 1632 5473 vero
1675 5417 1880 5483 solam,

293 5537 419 5593 qua
451 5520 554 5576 sibi
585 5517 853 5590 prohibita
895 5513 1070 5570 fuerat
1103 5527 1168 5568 ex
1201 5527 1308 5582 qua
1343 5518 1681 5574 vesceretur,
1719 5508 1881 5579 elegit

291 5610 458 5682 (Gen.
504 5627 540 5664 ιι
589 5619 646 5664 et
703 5608 807 5676 ιιι).
850 5605 926 5660 Ita
964 5614 1054 5668 tu,
1099 5619 1222 5660 cum
1260 5618 1355 5658 eos
1395 5599 1534 5656 forte
1578 5617 1714 5670 quos
1756 5601 1880 5656 licet

289 5704 578 5771 suscipere
592 5716 694 5754 non
717 5696 1181 5761 admittas;illum,
1205 5695 1293 5764 qui
1315 5694 1405 5748 tibi
1430 5703 1538 5748 tam
1567 5694 1878 5748 terribiliter

297 5795 642 5863 prohibetur,
663 5791 929 5847 asciscere
951 5805 1057 5845 non
1077 5787 1354 5851 formidas,
1377 5794 1562 5856 atque,
1584 5793 1639 5839 ut
1665 5794 1717 5840 tu
1740 5785 1875 5839 duu-

1913 4557 1967 4621 Ι)

1996 1985 2100 2026 non
2133 1970 2185 2025 in
2209 1970 2451 2041 judicio;
2483 1970 2538 2025 in
2566 1970 2789 2026 dimidio
2819 1971 3028 2024 dierum
3057 1984 3277 2027 suorum
3309 1970 3576 2041 relinquet

1994 2075 2106 2126 eas,
2132 2068 2188 2115 et
2222 2060 2276 2114 in
2301 2060 2595 2116 novissimo
2616 2075 2716 2116 suo
2744 2060 2848 2115 erit
2887 2057 3147 2130 insipiens
3175 2060 3309 2131 (λεν.
3354 2062 3511 2132 xvn).
3549 2081 3569 2112 Ι

1993 2145 2198 2220 Nempe
2219 2148 2369 2204 salvo
2396 2161 2485 2216 eo,
2509 2157 2571 2203 ut
2590 2148 2656 2204 de
2683 2148 2770 2202 his
2791 2149 2881 2218 qui
2905 2149 3116 2203 alienos
3130 2149 3380 2203 furantur
3402 2150 3576 2204 alumo

1993 2257 2127 2308 nos,
2168 2242 2270 2296 hoc
2302 2241 2474 2311 possit
2510 2235 2782 2311 intelligi,
2827 2240 3044 2295 videtur
3081 2249 3259 2296 tamen
3301 2241 3368 2295 de
3411 2243 3574 2296 totius

1993 2343 2216 2389 auctore
2258 2333 2515 2404 nequitia
2553 2332 2923 2402 principaliter
2963 2332 3090 2387 dici.
3133 2331 3388 2388 Diabolus
3426 2335 3570 2388 enim

1995 2433 2249 2494 tanquam
2290 2424 2482 2478 doctor
2521 2423 2574 2477 in
2610 2423 2868 2478 cathedra
2901 2423 3240 2493 pestilentiae,
3282 2439 3444 2494 super
3480 2426 3574 2480 bo-

1994 2513 2169 2568 mines
2215 2512 2316 2567 sibi
2359 2512 2727 2581 magisterium
2768 2513 3087 2582 usurpavit,
3135 2529 3270 2584 quos
3308 2515 3422 2585 ipse
3466 2532 3572 2570 non

1992 2601 2258 2665 condidit;
2289 2610 2344 2655 et
2371 2615 2610 2656 errorem
2640 2615 2740 2656 nos
2765 2599 3009 2656 docendo
3036 2601 3197 2672 203
3227 2604 3379 2672 quasi
3419 2602 3570 2669 fovit,

1993 2704 2129 2760 quos
2157 2690 2392 2744 creando
2431 2703 2536 2743 non
2571 2689 2799 2760 peperit.
2831 2688 2986 2744 Fecit
3019 2690 3202 2760 itaque
3227 2691 3442 2748 divitias
3465 2733 3481 2759 ,
3519 2705 3575 2749 et

1992 2794 2100 2833 non
2130 2779 2182 2832 in
2204 2777 2434 2848 judicio,
2457 2777 2580 2848 quia
2609 2778 2738 2834 dum
2767 2793 2929 2834 mnus
2951 2778 3112 2835 alieni
3136 2781 3278 2851 juris
3307 2782 3572 2840 ditescere

1993 2872 2182 2938 voluit,
2216 2873 2486 2942 aquilatis
2507 2871 2772 2942 judicium
2801 2873 3104 2928 temeravit.
3135 2873 3242 2929 Sed
3267 2873 3321 2928 in
3351 2875 3574 2930 dimidio

1991 2964 2203 3018 dierum
2232 2975 2455 3018 suorum
2495 2963 2763 3034 relinquet
2799 2977 2924 3030 eos;
2961 2964 3206 3019 diabolus
3238 2965 3381 3020 enim
3416 2969 3574 3035 quasi

1991 3054 2166 3108 adhuc
2194 3055 2360 3119 vivit,
2385 3055 2517 3109 dum
2537 3070 2662 3110 eum
2690 3057 2859 3111 ultimi
2885 3057 3073 3127 judieii
3110 3058 3316 3127 gladius
3341 3059 3573 3115 necdum

1995 3143 2296 3198 transfodit.
2323 3141 2566 3200 Nondum
2597 3145 2777 3214 itaque
2802 3155 3046 3202 mortuus
3072 3162 3200 3203 suas
3227 3147 3439 3202 divitias
3459 3147 3572 3217 jam

1915 3203 1963 3276 ο
1995 3233 2270 3305 relinquit,
2301 3235 2554 3305 quoniam
2581 3237 2648 3291 ad
2675 3236 2986 3292 Creatorem
3009 3252 3166 3292 suum
3189 3251 3360 3309 genus
3387 3203 3576 3293 huina-

1991 3343 2119 3382 num
2151 3343 2218 3382 ex
2252 3329 2486 3383 maxima
2526 3338 2678 3398 parte
2704 3330 2818 3401 jam
2856 3329 3036 3386 rediit.
3064 3331 3121 3385 ln
3161 3333 3453 3387 novissimo
3476 3347 3574 3387 au-

1993 3426 2098 3473 tem
2135 3432 2235 3473 suo
2262 3418 2367 3473 erit
2414 3419 2698 3488 insipiens,
2727 3433 2886 3489 quem
2911 3459 2928 3486 ,
2969 3421 3112 3476 sicut
3134 3421 3423 3490 Apostolus
3453 3422 3526 3476 ait
3553 3439 3568 3477 :

1996 3529 2015 3562 ι
2043 3510 2301 3565 Dominus
2339 3508 2497 3565 Jesus
2537 3511 2827 3566 interliciet
2860 3512 3052 3581 spiritu
3091 3511 3206 3566 oris
3232 3511 3352 3577 sui,
3395 3521 3450 3568 et
3478 3514 3569 3568 de—

1990 3607 2164 3654 struet
2208 3597 2565 3654 illustratione
2593 3599 2856 3655 adventus
2894 3598 2975 3655 sui
3007 3598 3092 3671 (II
3124 3597 3302 3654 Thess.
3335 3606 3416 3672 ιι).
3453 3619 3471 3652 ι
3507 3601 3572 3657 Et

1988 3691 2250 3760 propheta
2281 3708 2296 3744 :
2331 3708 2350 3742 ι
2386 3688 2612 3761 Spiritu,
2642 3691 2840 3760 inquit,
2863 3687 3126 3746 labiorum
3153 3707 3376 3747 suorum
3406 3693 3571 3749 inter-

1990 3781 2134 3835 tteiet
2169 3781 2394 3850 impium
2435 3780 2592 3852 (Isai.
2633 3783 2731 3852 χι).
2764 3799 2784 3834 ι
2838 3781 3008 3836 Homo
3053 3783 3217 3853 igitur
3253 3783 3568 3854 magistrum

1989 3871 2188 3929 deserit
2215 3873 2516 3937 abusivum,
2546 3881 2601 3928 et
2624 3873 2761 3928 redit
2790 3874 2856 3928 ad
2887 3874 3187 3944 proprium,
3219 3889 3341 3929 cum
3370 3890 3568 3929 novum

1990 3964 2209 4019 damnat
2247 3979 2486 4019 errorem
2514 4004 2528 4028 ,
2567 3971 2622 4018 et
2664 3962 2730 4017 ad
2765 3978 2876 4018 sua
2918 3963 3209 4017 revertitur
3246 3964 3570 4020 conditionis

1989 4043 2272 4124 Originem.
2302 4052 2454 4108 Unde
2480 4052 2586 4107 illic
2612 4061 2733 4122 apte
2762 4052 3103 4123 subjungitur
3127 4069 3141 4106 :
3178 4070 3196 4104 ι
3227 4051 3428 4108 Solium
3457 4051 3572 4126 glo-

1990 4145 2085 4199 ria
2133 4139 2434 4198 altitudinis
2481 4158 2511 4197 a
2561 4143 2866 4213 principio,
2919 4142 3072 4199 locus
3121 4143 3570 4202 sanctiﬁcationis

1989 4245 2208 4302 nostrae,
2237 4235 2570 4305 exspectatio
2596 4234 2760 4290 Israel
2785 4233 2920 4306 (Jer.
2949 4235 3106 4306 xvu).
3140 4253 3158 4288 ι
3189 4235 3332 4293 Deus
3361 4237 3566 4308 itaque,

1987 4325 2078 4397 qui
2102 4335 2188 4381 est
2212 4321 2533 4398 principium
2556 4321 2759 4396 gloria,
2787 4326 2900 4396 ipse
2921 4333 3004 4381 est
3033 4328 3360 4396 exspectatio
3382 4327 3564 4393 Israel,

1988 4419 2243 4490 quoniam
2269 4435 2298 4472 a
2326 4435 2433 4490 quo
2467 4433 2636 4488 genus
2671 4417 2963 4474 humanum
2997 4421 3221 4490 prodiit,
3249 4435 3347 4492 per
3375 4423 3569 4477 condi-

1990 4509 2151 4566 tionis
2189 4509 2482 4565 revertitur
2513 4516 2936 4564 sacramentum.
2968 4508 3068 4575 Qui
3102 4526 3234 4582 ergo
3262 4511 3480 4566 sedebat
3512 4514 3568 4567 in

1990 4597 2124 4654 solio
2150 4597 2334 4669 gloria
2366 4597 2663 4651 altitudinis
2692 4613 2722 4651 a
2750 4597 3016 4669 principio
3052 4608 3109 4653 et
3137 4599 3409 4656 hominem
3438 4602 3568 4656 edo-

1986 4688 2167 4754 cebat,
2199 4686 2313 4756 ipse
2341 4694 2425 4742 est
2449 4685 2782 4757 exspectatio
2809 4686 2996 4752 Israel,
3027 4698 3085 4741 ut
3123 4687 3174 4742 in
3217 4688 3335 4744 loco
3363 4689 3566 4745 sancti-

1986 4777 2252 4834 ficationis
2274 4783 2494 4842 nostra,
2524 4775 2577 4831 id
2600 4783 2701 4840 est,
2729 4775 2781 4830 in
2819 4787 3004 4832 sancta
3030 4777 3286 4843 Ecclesia,
3313 4777 3564 4834 eumdem

1984 4873 2260 4929 hominem
2286 4870 2484 4926 iterum
2510 4869 2720 4924 doceat.
2747 4865 2902 4924 Unde
2931 4883 3028 4938 per
3064 4867 3404 4923 Psalmistam
3431 4869 3566 4923 dici-

1985 4974 2072 5018 tur
2103 4976 2118 5016 :
2153 4981 2170 5014 ι
2199 4958 2657 5025 Reminisccntur,
2689 4969 2744 5014 et
2773 4965 3153 5015 convertentur
3178 4957 3245 5013 ad
3275 4957 3559 5015 Dominum

1985 5053 2222 5112 universi
2253 5051 2388 5108 fines
2420 5061 2607 5116 terra,
2636 5058 2692 5107 et
2718 5048 3018 5105 adorabunt
3044 5051 3097 5104 in
3128 5059 3415 5119 conspectu
3442 5051 3561 5122 ejus

1985 5163 2174 5206 omnes
2211 5143 2400 5216 patria
2427 5144 2665 5217 gentium
2709 5141 2880 5213 (Psal.
2911 5143 3047 5214 xxi).
3083 5163 3100 5195 ι
3137 5141 3389 5214 Quisquis
3431 5163 3560 5216 ergo

1988 5238 2220 5293 alienum
2267 5236 2403 5291 tollit
2443 5235 2641 5289 violata
2683 5233 2788 5288 fide
2835 5232 3154 5303 discipulum
3181 5273 3197 5300 ,
3241 5236 3561 5292 Antichristi

1987 5330 2172 5401 procul
2199 5329 2360 5384 dubio
2399 5327 2642 5382 imitatur
2670 5325 2995 5395 exemplum.
3027 5326 3092 5380 Et
3118 5327 3257 5382 sicut
3297 5327 3386 5381 ille
3416 5331 3559 5399 quod

1987 5421 2220 5476 alienum
2252 5425 2355 5481 est,
2401 5431 2548 5472 more
2584 5415 2846 5484 perdicis,
2887 5418 3120 5483 amittit;
3152 5418 3233 5474 sic
3276 5419 3376 5473 iste
3415 5423 3558 5493 quod

1982 5521 2298 5580 usurpatum
2328 5515 2440 5576 est,
2469 5503 2739 5579 aequitatis
2766 5506 3156 5566 interveniente
3181 5509 3417 5582 judicio,
3446 5528 3553 5568 non

1980 5599 2213 5662 tenebit._
3566 5606 3570 5610 '

2049 5691 2354 5747 Recordare
2379 5730 2394 5754 ,
2436 5689 2757 5746 venerabilis
2795 5699 2982 5760 pater,
3031 5691 3152 5760 quia
3199 5699 3248 5745 te
3289 5700 3556 5761 prasente

1980 5782 2149 5835 frater
2177 5779 2262 5834 ille
2293 5789 2347 5834 et
2379 5779 2530 5849 prius
2558 5789 2683 5836 ante
2713 5789 2962 5836 sanctum
2991 5780 3161 5834 altare
3190 5780 3448 5843 ecclesia,
3497 5787 3552 5832 et
