4024 6198
383 418 494 477 390

885 410 944 466 S.
985 409 1191 468 PETRI
1232 403 1515 464 DAMIANI
1551 400 1705 461 OPP.
1754 395 1934 454 PARS
1980 393 2112 450 SEU
2149 391 2385 450 TOMUS
2417 389 2460 448 I.
2499 387 2807 446 -—EPIST.
2848 386 2973 442 LIB.
3018 381 3152 442 γιιι.

3542 378 3649 434 ιθο

389 531 737 609 postmodum
775 535 899 583 ante
945 537 1163 579 crucem
1195 518 1419 580 cellulae,
1453 515 1556 572 sub
1599 506 1970 569 excommuni-
1999 505 2367 577 Ajubilaanm,
2402 518 2508 557 non
2551 498 2963 556 sacerdotalium
3013 497 3262 551 tubarum
3310 489 3653 564 clangoribus

391 601 620 684 rationis
658 637 722 678 se
751 615 1023 676 devotavit
1069 611 1324 684 elogium,
1376 609 1424 664 si
1477 605 1650 662 nostri
1700 601 1974 674 prioratns

390 717 754 778 cbedientiam
784 728 851 768 ex
881 706 1144 766 industria
1174 703 1400 758 ulterius
1427 699 1672 754 violaret.
1697 693 1843 750 Cave
1885 705 1975 745 er-

395 827 462 884 go
510 824 575 863 ne
615 814 723 859 tam
761 807 1029 862 sanctum,
1066 805 1183 848 tam
1221 788 1529 846 venerabile
1583 780 1973 841 monasterium

493 897 582 964 qui
633 901 712 947 tot
755 881 1372 946 excommunicationum
1423 873 1656 931 vinculis
1701 868 1976 926 involutus

397 997 500 1050 est,
526 984 753 1055 polluat,
782 988 838 1034 et
861 993 958 1048 per
989 983 1098 1028 tam
1130 971 1440 1042 religiosum
1467 974 1826 1032 sanctumque
1850 975 1981 1030 con-

398 1051 616 1134 ventum
665 1071 882 1129 lethalis
932 1067 1095 1136 leprae
1140 1079 1197 1119 se
1235 1061 1458 1133 prurigo
1511 1054 1794 1117 diﬂundat,
1842 1051 1984 1107 sicut

401 1168 708 1225 Israeliticae
757 1161 900 1233 plebi
937 1158 1118 1215 divina
1157 1169 1260 1208 vox
1311 1153 1389 1206 ait
1432 1167 1446 1203 :
1504 1166 1523 1201 ε
1569 1145 1873 1200 Anathema
1925 1141 1982 1195 in

403 1259 585 1314 medio
617 1256 692 1310 tui
718 1230 824 1317 est,
857 1247 1046 1311 Israel,
1076 1261 1183 1300 non
1223 1239 1430 1313 poteris
1455 1247 1602 1293 stare
1644 1243 1834 1289 contra
1886 1230 1988 1284 ho.

405 1362 519 1406 stes
549 1359 689 1410 tuos,
719 1347 891 1400 donec
926 1339 1169 1394 deleatur
1197 1350 1263 1390 ex
1302 1342 1372 1391 te.
1396 1330 1488 1400 qni
1516 1330 1619 1384 hoc
1648 1322 1986 1381 contamina-

409 1452 497 1496 tus
525 1447 612 1494 est
651 1409 858 1492 scelere
909 1429 1049 1502 (los.
1099 1428 1216 1497 vn).
1256 1443 1276 1476 ι
1328 1423 1440 1492 Ego
1489 1428 1690 1483 autem,
1722 1414 1814 1484 qui
1853 1409 1990 1482 lapsi

411 1531 599 1586 fratris
661 1535 890 1582 mortem
922 1500 1083 1576 sitire
1133 1531 1240 1572 non
1285 1514 1494 1577 debeo,
1529 1509 1647 1579 ejus
1693 1500 1992 1562 calamitati

413 1619 747 1690 compatiens
780 1611 1064 1670 commotis
1106 1605 1405 1662 visceribus
1433 1599 1752 1672 ingemisco,
1791 1604 1847 1650 et
1883 1606 1990 1647 non

414 1713 574 1766 modo
630 1708 736 1765 sibi
787 1702 1070 1760 venialiter
1117 1697 1417 1766 indulgere,
1442 1692 1540 1748 sed
1591 1690 1637 1745 si
1687 1686 1993 1756 resipiscat,

414 1813 636 1872 paratus
672 1814 791 1854 sum
818 1811 916 1867 pro
953 1792 1126 1848 salute
1155 1789 1295 1844 illius
1323 1786 1487 1842 etiam
1511 1782 1748 1837 animam
1773 1789 1992 1848 ponere.

417 1850 633 1872 r"-"'--
673 1850 694 1854 -
820 1850 836 1867 .

415 1894 522 1949 Pro
573 1889 840 1946 charitate
871 1885 1035 1955 igitur
1087 1887 1268 1935 vestra
1305 1883 1727 1940 sanctorumque
1765 1867 1994 1921 fratrum
2025 1850 2072 1911 Β

415 1992 742 2044 vestrorum,
771 1990 997 2047 quorum
1028 1987 1129 2042 ego
1157 1983 1350 2024 servus
1376 1979 1517 2025 sum,
1557 1976 1682 2018 cum
1706 1955 1907 2013 vestris
1933 1952 2003 2007 ad

417 2090 506 2127 me
535 2067 904 2125 tantummodo
942 2063 1137 2118 litteris
1159 2059 1364 2122 veniat,
1393 2064 1448 2110 et
1486 2067 1572 2108 me
1593 2051 1736 2107 circa
1767 2063 1826 2102 se
1857 2060 2007 2099 mau-

420 2173 631 2217 suetum
685 2160 821 2224 fore,
868 2157 1052 2211 mitem
1079 2160 1242 2221 atque
1270 2145 1589 2203 benevolum
1632 2156 1738 2196 non
1781 2135 2004 2199 dilIidat,

421 2251 661 2320 alioquin
714 2248 954 2302 Romana
1002 2242 1209 2312 synodo
1236 2238 1349 2306 jam
1399 2233 1860 2305 propinquante...
1891 2226 2006 2280 si...

421 2341 530 2396 Sed
549 2309 673 2394 nolo
692 2337 867 2391 minas
889 2309 1108 2396 inferre,
1135 2326 1363 2384 suﬂiciat
1381 2318 1770 2378 tantummodo,
1793 2329 1861 2368 ne
1881 2309 2011 2365 ηιῆιὶ

422 2429 794 2501 νιοειήιιιὶίοἱωιι
825 2426 938 2488 fiat,
963 2420 1180 2475 interim
1209 2432 1331 2471 cum
1361 2411 1664 2468 humilitate
1696 2408 2008 2474 deposcere.

965 2507 1302 2568 EPISTOLA
1340 2503 1480 2559 XVI.

920 2622 987 2661 AD
1027 2619 1126 2658 ΑΒΔ
1136 2616 1170 2654 Ι
1211 2608 1527 2654 ιιοΝΔειιυω.

602 2706 623 2774 (
659 2701 896 2756 IIabetur
933 2708 1060 2750 tom.
1099 2689 1195 2746 III
1221 2732 1238 2754 ,
1275 2699 1451 2757 estque
1488 2697 1674 2753 opusc.
1712 2675 1827 2746 59.)
1923 2761 1934 2771 .

853 2790 1018 2863 204
1056 2781 1386 2843 ΕΡΙΒΤΟΙιΑ
1435 2775 1595 2833 XVII.

835 2901 902 2939 AD
926 2890 1266 2936 ARII’BANDUII
1294 2883 1540 2927 IONACIIU
1550 2881 1610 2920 Ι.

641 2979 904 3050 (Habetur
943 2985 1069 3028 toni.
1110 2968 1230 3034 III,
1265 2974 1440 3035 estque
1477 2973 1656 3031 opusc.
1697 2952 1812 3021 d5.)

945 3059 1274 3120 EPISTULA
1313 3053 1500 3110 XVIII.

1063 3170 1132 3207 AD
1158 3161 1400 3206 EUNDEI.

644 3250 910 3318 (IIubetur
929 3258 1058 3300 tom.
1083 3241 1203 3308 III,
1234 3247 1411 3308 estque
1433 3227 1670 3302 opuscul.
1695 3224 1809 3295 46.)

964 3328 1304 3389 EPISTOLA
1351 3322 1495 3380 XIX.

545 3487 551 3492 .
613 3448 681 3489 AD
716 3439 1038 3485 BODULPHUI
1087 3438 1156 3478 ΕΤ
1183 3426 1526 3476 ABIPRANDIJI
1553 3419 1852 3464 IONACI'IOS.

436 3528 838 3582 Ancuuenruu.
862 3548 931 3559 —
962 3510 1368 3582 Egritudinum
1399 3492 2031 3582 .suarumpquibusper

509 3572 916 3668 plurimosﬂies
945 3572 1086 3668 male
1104 3572 2032 3668 Δνεγξιίιιεειεε,ξιιῂεὶιὲξιζῃὶεἰιῆξξέῐὶίξξιξι(ἰῖ

511 3627 1143 3722 nde,
1158 3627 1344 3722 vii—iliil'
1361 3627 1708 3722 impatienter
1755 3633 1905 3722 dicit,
1921 3627 2031 3722 .sed

513 3702 844 3807 3333315"
866 3702 1065 3807 Ρξιῦιυδ
1092 3702 1144 3775 εἰί
1163 3702 2031 3807 ,ἰήιῑβγεειέἕξιζιίιξξιξὲὲ¹ί⁸οξ¹⁰ξὶξξῖἷε

513 3769 1088 3874 ἓίἷᾶίιξᾞᾙηέύὶοοηε
1127 3769 1454 3866 (ξι-ἰᾶίιειειιε
1500 3769 1782 3874 Ιξρυιηιοθὶ
1827 3769 2032 3874 ξηθιὶξςε

803 3871 813 3874 “
881 3869 889 3874 ‘
1042 3863 1075 3874 "
1187 3869 1198 3874 -
1236 3859 1443 3874 ’κη-μ-
1472 3860 1523 3874 ιι.
1552 3862 1676 3874 Am...
1709 3857 1832 3874 ...ιο
1901 3855 1964 3874 η..
1992 3854 2032 3874 ι-

1229 3837 1446 3925 insigne
1472 3837 1771 3904 tolerantiae
1801 3837 1856 3896 et
1881 3837 2034 3894 forti-

516 3929 718 4000 tu'tlinis
742 3935 1044 4006 exemplum
1072 3929 1331 3999 praebeat.
1373 3969 1382 3971 μ

511 4029 863 4092 Charissimis
916 4023 1176 4080 fratribus
1233 4016 1523 4070 Ronuwno
1577 4015 1633 4060 et
1684 4003 2036 4062 ARIPBANDO,

444 4129 663 4184 Pernus
692 4127 943 4192 peccator
989 4107 1285 4168 monachus
1315 4102 1517 4158 intimae
1565 4091 1869 4153 dilectionis
1910 4085 2040 4141 alle-

451 4227 620 4272 ctum.

528 4297 810 4357 Ilnanimis
858 4291 1109 4349 amicitiae
1151 4283 1429 4360 proprium
1480 4285 1564 4335 est
1601 4282 1662 4330 ut
1706 4285 1829 4328 cum
1870 4267 2041 4322 fratre

453 4397 626 4453 frater
654 4401 708 4447 et
740 4400 998 4461 prospera
1028 4376 1391 4437 communicet
1415 4380 1471 4427 et
1495 4368 1745 4428 adversa,
1775 4366 2042 4431 quatenus

458 4484 691 4542 fideliter
717 4453 927 4534 animus
948 4474 1090 4528 sicut
1126 4463 1376 4522 referenti
1396 4461 1450 4516 in
1474 4453 1798 4513 adversitate
1823 4461 2044 4518 compa-

2075 599 2408 654 intonantem
2436 593 2622 664 (Leuit.
2654 593 2716 662 l),
2745 592 2838 646 sed
2862 589 3116 660 suspiriis
3141 587 3319 658 potius
3343 601 3410 641 ac
3444 587 3655 655 gemiti-

2075 690 2220 774 tihus
2249 672 2666 758 lacrymaliiliter
2699 682 3065 750 obrepentem.
3095 677 3373 734 Dominieo
3401 675 3655 731 nimirum

2077 771 2165 836 die
2191 779 2524 842 febricitans,
2557 777 2608 830 in
2640 774 2896 830 lectulum
2920 771 3111 845 decidi,
3142 778 3456 839 septemque
3479 777 3657 821 trans-

2078 873 2215 929 actis
2236 869 2690 930 hebdomadibus,
2713 879 2868 934 mque
2911 861 3188 918 Dommico
3219 860 3326 923 die,
3373 858 3464 928 qui
3501 857 3662 912 nimi-

2084 978 2202 1018 rum
2241 959 2722 1031 quinquagesimus
2762 962 2912 1020 erat,
2956 953 3068 1008 Deo
3098 965 3186 1006 me
3232 949 3658 1011 ressuscitante,

2081 1051 2315 1109 surrexi.
2343 1050 2725 1105 Verumtamen
2756 1045 2871 1117 lege
2901 1045 3093 1106 diaetae.
3119 1052 3178 1099 ut
3205 1041 3518 1098 asserebant
3551 1055 3666 1094 me-

2084 1144 2211 1209 dici,
2238 1158 2333 1212 per
2353 1141 2615 1198 incuriam
2643 1139 2859 1206 violata,
2885 1137 2974 1192 vix
3004 1145 3136 1203 tres,
3161 1135 3275 1190 sive
3294 1143 3523 1205 quatuor
3550 1133 3667 1188 dies

2083 1239 2186 1296 sub
2210 1239 2463 1293 colorata:
2501 1233 2750 1290 sanitatis
2783 1229 3047 1285 lenocinio
3085 1227 3218 1282 mihi
3264 1224 3403 1280 male
3439 1223 3668 1280 blanditi

2087 1341 2234 1396 sunt,
2265 1339 2322 1385 et
2344 1343 2471 1384 ecce
2495 1328 2548 1381 in
2579 1313 3155 1380 recidivam'corruens
3184 1333 3282 1388 per
3300 1316 3486 1388 viginti
3517 1324 3669 1385 post-

2091 1424 2308 1480 modum
2345 1422 2462 1477 dies
2495 1419 2733 1490 ejusdem
2766 1415 3086 1471 valetudinis
3128 1413 3378 1468 laborare
3423 1410 3672 1465 molestia

2093 1532 2198 1574 non
2225 1514 2452 1571 cessavi.
2495 1511 2586 1567 Sic
2616 1512 2798 1580 itaque
2835 1519 2956 1578 post
2974 1505 3251 1577 jubilteum
3291 1519 3398 1558 non
3433 1502 3634 1573 quietis
3657 1540 3674 1564 ,

2093 1611 2188 1669 sed
2223 1609 2452 1665 turbinis
2485 1605 2702 1676 impleta
2736 1611 2822 1660 est
2847 1600 3246 1674 quodammodo
3281 1597 3676 1668 septuagesima

2095 1700 2446 1772 captivitatis.
2484 1697 2658 1753 l'orro
2689 1706 2895 1759 autem,
2927 1691 3054 1748 dum
3085 1706 3173 1746 me
3215 1698 3377 1744 tanta:
3413 1687 3682 1758 passionis

2099 1795 2260 1851 ardor
2292 1797 2573 1855 exureret,
2613 1788 2738 1844 dum
2768 1785 2989 1841 mistum
3017 1781 3251 1854 llegmati
3279 1777 3438 1850 205
3464 1777 3684 1848 sangui—

2104 1901 2227 1941 nem
2284 1897 2574 1955 spuerem,
2625 1880 2750 1936 dum
2803 1885 2881 1932 tot
2927 1884 3076 1931 certe
3125 1874 3456 1930 imminentis
3501 1872 3684 1927 obitus

2104 1978 2258 2048 signa
2284 1973 2693 2047 praetenderem,
2723 1979 2784 2024 ut
2812 1967 3004 2023 medici
3032 1981 3248 2036 quoque
3274 1965 3686 2020 circumstantes

2105 2070 2490 2143 propemodum
2531 2067 2918 2134 desperarent,
2949 2061 3053 2115 hoc
3088 2057 3217 2112 mihi
3262 2058 3406 2112 dedit
3440 2055 3689 2125 omnipo-

2110 2174 2234 2219 tens
2269 2163 2440 2222 Deus,
2482 2166 2540 2213 ut
2589 2157 2642 2210 in
2682 2153 2879 2208 nullius
2914 2148 3147 2221 querela:
3179 2163 3423 2202 murmur
3460 2148 3691 2200 excede-

2110 2269 2246 2318 rem,
2279 2252 2374 2307 sed
2393 2258 2585 2305 cuncta
2617 2245 2876 2307 libenter,
2905 2249 2962 2295 et
2985 2255 3051 2295 ex
3078 2239 3262 2293 animo
3293 2237 3597 2292 tolerarem.

2181 2344 2418 2408 Gratias,
2451 2342 2690 2410 inquam,
2719 2351 2821 2405 ago
2867 2334 2983 2399 tibi,
3014 2332 3322 2388 misericors
3369 2329 3529 2394 Deus,
3563 2329 3690 2398 quia

2113 2454 2235 2494 cum
2257 2436 2505 2504 dignatus
2525 2428 2694 2483 fueris
2723 2427 2823 2482 sub
2840 2432 3183 2496 peccatorum
3210 2435 3451 2477 meorum
3479 2423 3691 2475 ruderi-

2115 2531 2218 2584 bus
2265 2525 2333 2580 ad
2383 2519 2706 2592 supplicium
2753 2514 2892 2584 rapi,
2939 2512 3190 2583 dignatus
3237 2525 3297 2566 es
3332 2524 3421 2565 me
3455 2520 3693 2578 paterna:

2115 2613 2423 2673 severitatis
2460 2611 2585 2682 igne
2628 2607 2960 2674 decoquere,
2989 2610 3043 2657 et
3088 2600 3284 2655 animae
3324 2613 3456 2653 mea:
3497 2597 3697 2667 rubigi-

2118 2721 2244 2763 nem
2291 2712 2550 2774 tanquam
2598 2696 2776 2752 mallei
2809 2692 3057 2749 cudentis
3086 2690 3413 2761 impactione
3443 2703 3693 2760 purgare.

2119 2794 2484 2864 Quamobrem
2514 2803 2622 2843 non
2669 2798 2790 2840 mea
2837 2782 3086 2837 voluntas
3133 2780 3265 2845 ﬁat,
3307 2779 3548 2842 Domine,
3578 2793 3697 2848 qua:

2120 2902 2287 2960 prava
2315 2895 2529 2952 semper
2556 2889 2661 2943 est,
2705 2886 2763 2932 et
2790 2875 3023 2947 injusta;
3075 2882 3162 2928 tua
3194 2872 3393 2943 potius,
3423 2886 3544 2941 qua:
3575 2869 3699 2925 coeli

2122 2977 2415 3034 virtutibus
2469 2981 2526 3027 et
2575 2968 2885 3026 hominibus
2947 2974 3032 3022 est
3083 2964 3360 3019 humiliter
3400 2962 3697 3017 adoranda.

2126 3069 2255 3134 Ure,
2283 3082 2406 3124 seca
2431 3106 2446 3132 ,
2481 3062 2704 3120 concide
2725 3101 2740 3126 ,
2783 3071 3083 3126 onmesque
3125 3055 3408 3110 vulnerum
3456 3068 3701 3108 meorum

2049 3186 2098 3252 ο
2128 3164 2280 3219 sinus
2309 3177 2375 3214 ac
2400 3158 2638 3213 latebras
2667 3159 3010 3224 perscrutare
3031 3189 3045 3212 ,
3098 3147 3340 3216 nihilque
3381 3161 3604 3216 prorsus
3646 3145 3700 3199 in

2129 3268 2215 3310 me
2246 3252 2411 3308 lateat
2456 3247 2730 3320 putridum
2760 3243 2904 3315 quod
2946 3241 3244 3296 curationis
3275 3248 3378 3294 tua:
3413 3247 3705 3307 praetervo-

2128 3345 2204 3400 let
2241 3343 2650 3397 ferramentum.
2683 3334 2794 3390 Nec
2839 3343 3059 3396 tamen,
3099 3332 3224 3387 dmn
3267 3331 3365 3384 hos
3409 3328 3707 3399 disciplina:

2130 3435 2368 3493 calestis
2389 3434 2528 3487 ictus
2549 3427 2921 3499 :equanimiter
2941 3425 3076 3489 fero,
3099 3439 3230 3478 mem
3257 3424 3547 3492 patientiae,
3566 3420 3708 3490 quod

2131 3527 2295 3591 absit,
2317 3524 2551 3580 ascribo.
2584 3520 2666 3576 Tu
2693 3519 2971 3583 nimirum,
3004 3517 3243 3578 Domine,
3294 3525 3348 3570 tu
3394 3515 3473 3570 sic
3500 3513 3708 3583 ﬂagella

2135 3627 2244 3682 tua,
2297 3617 2424 3672 dum
2459 3613 2646 3678 caedis,
2689 3619 3018 3679 attemperas
3063 3615 3124 3661 ut
3167 3606 3292 3660 dum
3323 3603 3390 3659 ad
3437 3617 3707 3657 smmum

2134 3709 2335 3767 doloris
2353 3716 2409 3763 et.
2433 3704 2691 3777 angustia:
2708 3701 2974 3774 perferor,
2997 3700 3070 3754 ita
3093 3708 3153 3753 ut
3180 3711 3454 3768 spasmum
3475 3695 3708 3765 patiens.

2135 3816 2271 3872 pene
2299 3814 2425 3854 mox
2451 3796 2730 3866 exspirare
2755 3791 3068 3862 compellar,
3084 3788 3226 3843 illico
3245 3787 3474 3842 sentiam
3503 3787 3714 3854 pondus

2137 3889 2311 3949 intimi
2335 3888 2534 3944 doloris
2558 3883 2826 3948 imminui,
2840 3891 2896 3937 et
2917 3879 3177 3936 caedentis
3197 3891 3415 3932 manum
3437 3875 3714 3943 dispensa-

2139 3984 2246 4038 tiva
2273 3978 2508 4050 quadam
2535 3975 2758 4031 lenitate
2787 3968 3064 4039 suspendi,
3085 3976 3145 4022 ut
3167 3978 3421 4035 tanquam
3450 3962 3714 4033 quadrifi-

2138 4076 2262 4131 dam
2289 4073 2411 4142 quis
2438 4070 2698 4126 scuticam
2723 4065 2776 4120 in
2802 4064 3028 4119 verbere
3060 4068 3261 4123 teneat,
3277 4066 3334 4113 et
3360 4057 3577 4112 interim
3605 4054 3716 4125 pie-

2142 4176 2253 4222 tate
2267 4165 2480 4227 ductus,
2494 4175 2658 4214 unum
2681 4173 2746 4213 ex
2763 4156 2848 4211 his
2863 4155 3036 4209 lorum
3051 4167 3082 4206 a
3095 4151 3239 4206 caede
3253 4154 3583 4218 compescat.
3601 4144 3714 4199 Non

2141 4273 2242 4330 ego
2270 4258 2474 4325 itaque,
2489 4253 2584 4309 sed
2613 4261 2667 4306 tu
2689 4246 3127 4308 clementissime,
3144 4242 3304 4311 hujus
3326 4241 3601 4311 patientia:
3624 4253 3720 4290 au-

2144 4327 2262 4404 clor
2286 4361 2367 4411 es,
2391 4344 2482 4415 qui
2504 4343 2605 4397 sub
2630 4348 2785 4394 tanto
2806 4334 3174 4392 moderamine
3196 4341 3372 4386 motus
3409 4329 3488 4383 tui
3510 4327 3718 4398 ﬂagella

2145 4435 2405 4507 disponis.
2423 4433 2573 4487 Licet
2587 4431 2731 4485 enim
2759 4427 3055 4497 elegiacum
3075 4423 3202 4492 quid
3223 4431 3278 4476 et
3292 4419 3515 4490 lugubre
3533 4417 3721 4472 nimie.

458 4506 691 4542 "uenter
717 4506 927 4534 auuuua
948 4506 1090 4528 arcu.
1127 4506 1376 4522 ιυινιν....
1398 4506 1450 4516 .--
1474 4506 1538 4513 ..-
1555 4506 1563 4510 ν
1580 4506 1678 4511 ---ν
1947 4506 1964 4518 _
2234 4506 2244 4507 ί

456 4580 610 4644 titur,
663 4575 734 4629 ita
784 4565 1134 4626 nihilominus
1187 4567 1244 4615 et
1277 4557 1329 4613 in
1378 4548 1655 4626 prosperis
1707 4541 2036 4600 unanimiter
2062 4535 2121 4600 ι)
2149 4539 2258 4584 tate
2287 4524 2562 4597 languoris
2587 4517 2878 4589 aliquando
2919 4515 3209 4584 depressus
3231 4509 3443 4566 eﬁ'utire
3483 4506 3722 4578 compel-

1701 4639 1716 4644 -
2143 4620 2223 4644 I....
2276 4617 2439 4644 ..-,ι,.,.
2486 4611 2688 4644 "unum.
2741 4605 3064 4644 εηιρνρίιιην-
3096 4604 3197 4644 lmn
3226 4599 3449 4644 simules:
3481 4598 3722 4644 (tm-noris

452 4639 769 4728 collzetetur.
811 4663 922 4733 Ego
949 4672 1075 4714 vero
1103 4650 1405 4710 cumulatus
1427 4653 1680 4712 utroque,
1701 4639 1917 4694 beatam
1940 4647 2034 4686 vo-

453 4764 539 4819 bis
566 4759 741 4817 refero
773 4768 905 4810 mea:
931 4743 1253 4806 calamitatis
1282 4736 1586 4799 historiam,
1626 4737 1688 4786 ut
1726 4734 1781 4784 et
1803 4735 2036 4796 superno

456 4853 684 4926 verbere
731 4861 818 4902 me
859 4836 1136 4915 patiamini
1175 4832 1527 4888 vehementer
1554 4822 1818 4878 attritum.
1860 4825 1910 4870 et
1944 4827 2040 4882 per

457 4920 701 5015 ejusdem
744 4936 836 4992 Dei
861 4905 1064 4989 'nostri
1112 4923 1408 4997 potentiam
1447 4909 1828 4986 congaudeatis
1876 4905 2040 4961 etiam

457 4999 755 5097 clementer
781 5035 1048 5098 ereptum.
1088 5038 1106 5071 ι
1137 5016 1420 5085 Castigans
1440 5008 1607 5071 enim,
1643 4999 1932 5071 castigavit
1956 5011 2043 5052 me

765 5129 822 5175 et
859 5086 1023 5171 morti
1072 5125 1180 5166 non
1224 5101 1449 5160 tradidit
1477 5111 1565 5153 me
1591 5091 1764 5167 (Psat.
1795 5086 1984 5156 exvit).
2022 5101 2041 5135 ι

462 5173 758 5270 Oraveram
790 5206 946 5278 plane
972 5213 1136 5272 quam
1175 5208 1317 5264 saepe
1343 5199 1402 5245 ut
1429 5189 1484 5243 in
1515 5200 1603 5240 me
1627 5179 1863 5237 caelestis
1887 5173 2049 5230 disci-

461 5304 621 5374 plinae
644 5301 793 5370 vigor
820 5297 1074 5355 irrueret,
1104 5296 1160 5344 et
1185 5282 1514 5357 petulantem
1543 5274 1646 5330 mei
1693 5267 1934 5339 corporis
1961 5265 2046 5319 in-

465 5359 750 5447 solentiam
778 5401 882 5442 non
908 5382 1016 5440 levi
1060 5374 1333 5448 languoris
1370 5365 1691 5440 aegritudine
1732 5359 2046 5428 castigaret.

466 5484 522 5537 In
558 5497 662 5551 quo
697 5494 784 5533 me
817 5475 998 5531 divi-ia
1027 5446 1316 5527 clementia
1339 5477 1446 5517 non
1474 5454 1740 5526 despexit,
1783 5449 1877 5506 sed
1908 5446 2048 5502 ultra

467 5588 618 5642 spem
641 5569 890 5640 precibus
925 5573 1192 5622 annuens,
1242 5569 1349 5609 non
1379 5551 1498 5605 sine
1540 5545 1748 5601 frenare
1773 5553 1896 5595 mea
1923 5542 2051 5590 vota

467 5628 777 5731 complevit.
809 5653 965 5708 Dedit
990 5650 1133 5705 enim
1175 5643 1304 5699 mihi
1345 5639 1701 5694 Pentecosten
1746 5628 2049 5698 lugubrem,

469 5718 954 5811 nonuPaschalem,
991 5750 1064 5803 et,
1115 5745 1175 5790 ut
1222 5735 1295 5788 ita
1341 5726 1591 5787 dixerim,
1637 5720 1866 5780 contulit
1919 5718 2051 5774 mihi

2142 4620 2243 4684 lar,
2275 4617 2460 4678 ardeo,
2486 4611 2706 4674 morior,
2739 4605 3065 4668 intereidor;
3096 4604 3199 4658 hoc
3226 4599 3451 4668 simplex
3481 4598 3724 4666 corporis

2144 4707 2397 4780 gemitus,
2451 4718 2556 4757 non
2603 4697 2842 4768 querula:
2876 4695 3070 4750 mentis
3115 4703 3201 4746 est
3249 4703 3512 4744 murmur.
3546 4685 3722 4740 Unum

2145 4808 2408 4872 praeterea
2441 4807 2494 4851 te
2525 4809 2674 4863 rogo,
2704 4791 2966 4861 piissime,
2997 4795 3057 4841 ut
3105 4785 3265 4839 modo
3291 4784 3411 4837 vita:
3449 4793 3584 4835 mea:
3611 4787 3724 4832 ter-

2149 4892 2354 4944 minum
2387 4899 2576 4956 ponas,
2605 4897 2704 4936 nec
2749 4894 2834 4932 me
2863 4877 3092 4932 ulterius
3120 4875 3303 4928 vivere
3346 4872 3400 4926 in
3448 4877 3728 4924 consueta:

2151 4979 2379 5048 ignavia:
2423 4984 2608 5043 tepore
2658 4968 2962 5040 permittas.
3011 4963 3164 5030 Quod
3210 4962 3254 5016 si
3301 4960 3475 5029 placet
3522 4957 3730 5010 IIICOlll-

2145 5045 2502 5142 prehensibili
2544 5073 2652 5117 tua:
2690 5057 2994 5129 majestatis
3041 5053 3267 5109 arbitrio
3314 5065 3403 5106 me
3453 5049 3508 5102 in
3566 5045 3732 5115 hujus

2147 5140 2330 5216 carnis
2377 5153 2648 5227 ergastulo
2677 5150 2881 5205 diutius
2917 5145 3182 5219 protrahi,
3216 5143 3282 5198 da
3331 5140 3483 5203 mihi,
3521 5152 3729 5208 quaeso.

2148 5253 2413 5324 potiorem
2441 5247 2642 5303 amoris
2666 5245 2745 5300 tui
2768 5245 2893 5302 vim,
2921 5241 3002 5297 vel
3034 5238 3338 5294 uberiorem
3363 5231 3734 5302 compunctio-

2153 5347 2239 5402 nis
2256 5345 2509 5416 gratiam,
2529 5349 2624 5395 aut
2647 5345 2795 5396 certe
2816 5333 3099 5404 cujuslibet
3123 5329 3342 5386 virtutis
3382 5333 3732 5393 augmentum

2153 5439 2298 5509 quod
2347 5437 2610 5490 hactenus
2658 5445 2764 5484 non
2814 5424 3120 5489 habuerim,
3173 5418 3409 5490 alioquin
3455 5427 3732 5483 nunquam

2155 5507 2456 5587 clementia:
2484 5535 2589 5580 tua:
2620 5522 2832 5594 placeat
2860 5528 2921 5574 ut
2939 5517 3186 5580 evadam,
3216 5513 3318 5569 nisi
3341 5507 3734 5580 quantulacun-

2157 5639 2262 5694 que
2290 5617 2418 5674 mihi
2453 5615 2670 5670 virtutis
2694 5611 2890 5684 gratia,
2921 5623 3082 5679 quam
3109 5605 3338 5661 necdum
3380 5613 3501 5656 sum
3542 5609 3736 5670 conse-

2156 5723 2336 5780 cutus,
2378 5713 2674 5766 accrescat.
