4018 6202
338 252 435 309 ιω

1427 253 1629 315 LIBER
1669 252 1975 316 SEXTUS,
2016 253 2226 308 El‘IS'l‘.
2268 253 2383 308 XX.

3496 247 3605 302 ωε.

416 366 548 418 Dum
573 363 687 418 hac
717 371 773 419 et
813 365 897 421 his
923 365 1117 420 similia
1139 364 1475 435 frequentius
1511 366 1666 429 itero,
1692 363 1925 420 funereae
1951 366 2006 425 Δ
2103 365 2214 421 lloe
2236 367 2415 435 itaque
2441 365 2596 421 modo
2623 367 2878 436 captiosis
2901 374 3064 436 alque
3087 366 3447 436 blandiloquis
3473 383 3599 434 per—

341 454 475 510 mihi
509 464 774 527 parantur
819 456 1129 524 exsequize,
1187 455 1386 510 sacrati
1435 455 1539 511 olei
1589 455 1921 511 delibutione

283 596 297 603 -
341 563 648 620 perungor;
687 547 740 602 in
767 547 968 602 cineris
995 562 1060 604 ac
1084 547 1247 603 cilicii
1291 555 1483 613 strato,
1517 555 1773 618 tanquam
1814 547 1924 602 illic

343 639 699 704 emoriturus,
748 653 1012 708 exponor.
1062 637 1219 692 Sicut
1251 637 1420 702 enim,
1452 637 1627 692 fracta
1671 635 1925 692 videlicet

343 733 433 787 ovi
464 741 599 787 testa
633 741 691 786 et
731 740 946 785 rotante
973 729 1213 808 cultello,
1243 729 1460 784 vitellus
1503 728 1801 800 egreditur,
1845 728 1926 783 sic

346 822 529 876 anima
559 836 679 876 mea
725 821 908 876 carnis
948 819 1098 874 vulsa
1142 820 1465 886 visceribus,
1495 820 1723 874 exitium
1751 819 1928 873 mina-

344 914 527 969 batur.
557 911 767 967 interea
815 910 984 966 frater
1027 910 1262 981 quidam,
1293 910 1405 967 Leo
1432 911 1671 977 nomine,
1719 920 1837 966 erat
1871 911 1927 966 in

345 1019 553 1068 eremo,
594 1002 915 1073 grandaevus
957 1001 1173 1072 quidem
1215 1011 1400 1067 aetate,
1429 1003 1526 1058 sed
1563 1000 1930 1058 venerabilior

347 1097 609 1153 districta
661 1095 1094 1151 conversationis
1132 1095 1313 1150 studio
1349 1102 1406 1150 et
1447 1093 1714 1163 simplicis
1757 1091 1927 1148 animi

349 1185 606 1256 puritate.
657 1184 794 1240 Huic
819 1184 1001 1254 itaque
1028 1199 1127 1254 per
1148 1185 1327 1240 visum
1374 1184 1459 1238 vir
1503 1183 1822 1254 splendidus
1865 1197 1931 1238 ac

347 1276 643 1348 praeclarus
670 1275 939 1346 apparuit,
973 1290 1208 1344 eumque
1235 1275 1364 1346 quid
1399 1284 1588 1346 ageret
1628 1274 1928 1344 inquisivit.

348 1369 448 1423 Cui
479 1382 539 1423 se
561 1365 734 1421 frater
755 1366 843 1421 ille
873 1366 1110 1422 dormire
1129 1367 1375 1436 quidem,
1405 1365 1499 1420 sed
1526 1365 1742 1435 tristem
1769 1364 1932 1419 nimis

349 1473 474 1514 esse
508 1454 896 1516 deimminenti
927 1455 1128 1526 prioris
1172 1455 1254 1512 sui
1303 1463 1480 1510 morte
1523 1455 1818 1526 perhibuit.
1865 1454 1936 1509 Et

351 1549 443 1604 ille
474 1566 489 1603 :
522 1567 542 1600 ι
572 1547 690 1613 Dic,
721 1547 920 1616 inquit,
945 1546 1108 1602 Petro
1146 1546 1418 1611 Damiani,
1445 1547 1513 1601 de
1538 1562 1646 1616 quo
1672 1545 1931 1616 loqueris,

350 1638 554 1694 nullam
583 1639 636 1692 in
664 1637 888 1692 medicis
917 1652 1068 1707 spem
1096 1645 1284 1706 ponat,
1313 1645 1534 1692 centum
1560 1635 1935 1692 tantummodo

2019 457 2362 511 suasionibus
2388 456 2556 511 frater
2581 456 2668 511 ille
2714 457 2970 526 pellectus
3003 458 3336 528 impingitur,
3370 468 3423 511 et
3452 458 3598 510 velut

2022 547 2138 602 avis
2165 547 2358 612 mollis,
2374 548 2590 602 viscarii
2617 549 2966 618 compedibus
2993 549 3256 604 irretitur.
3283 549 3597 604 Verecunda

2022 637 2253 708 denique
2279 639 2428 708 prius
2457 653 2552 693 ora
2581 639 2778 694 rubore
2819 639 3154 703 suffundens,
3183 655 3245 692 ac
3275 639 3602 693 intuentium

2021 742 2081 785 se
2118 745 2218 800 per
2251 731 2538 786 circuitum
2575 732 2764 786 oculos
2810 746 3194 802 expavescens,
3233 743 3606 786 summotenus

2023 820 2198 890 primo
2220 821 2440 892 ligurire
2473 823 2658 893 coepit,
2689 823 2880 879 deinde
2913 824 3079 878 semel
3131 824 3321 879 edendi
3355 823 3610 879 libertate

2025 909 2618 980 coneepta,|prurienlis
2636 911 2772 981 gula:
2810 913 2957 967 frena
2983 913 3199 968 laxavit.
3226 913 3469 982 Cumque
3490 913 3610 982 jam

2027 1001 2253 1055 satiatus
2280 1001 2538 1057 existeret
2567 1011 2621 1057 et
2633 1003 2869 1058 carnalis
2894 1004 3156 1058 illecebrae
3183 1013 3303 1059 vota
3335 1005 3572 1073 comples
3589 1036 3603 1046 η

2026 1101 2126 1152 set,
2152 1107 2278 1147 ecce
2300 1093 2691 1162 permaximum
2745 1093 2942 1149 lucium
2993 1094 3203 1165 dapifcr
3244 1095 3440 1157 attulit,
3470 1105 3524 1148 et
3553 1095 3607 1148 in

2029 1197 2089 1237 se
2118 1185 2557 1239 convescentium
2587 1184 2770 1241 oculos
2792 1195 2845 1241 et
2871 1202 2966 1240 ora
3020 1187 3306 1240 convertit.
3365 1188 3610 1257 Cumque

2030 1273 2175 1328 hunc
2225 1282 2279 1328 et
2334 1276 2632 1330 monachus
2659 1275 2953 1331 miraretur
2977 1286 3032 1330 et
3060 1278 3248 1331 oculos
3286 1279 3337 1331 in
3369 1293 3492 1332 eum
3525 1279 3610 1332 iu-

2030 1363 2200 1419 hianti
2255 1364 2586 1420 curiositatis
2640 1366 2897 1420 aviditate
2953 1366 3238 1437 deligeret,
3278 1367 3357 1421 ait
3382 1383 3610 1422 comes:

2032 1454 2168 1522 Quia
2190 1470 2384 1511 carnes
2411 1465 2664 1526 tanquam
2697 1455 2867 1512 laicus
2893 1459 3200 1522 comedisti,
3240 1459 3441 1527 piscem
3483 1467 3605 1511 tan-

2033 1562 2197 1618 quam
2224 1547 2522 1602 monachus
2560 1561 2657 1602 cur
2693 1547 2964 1601 attendis?
3014 1547 3176 1602 Plane
3199 1547 3242 1600 si
3276 1547 3377 1600 hoc
3410 1546 3502 1600 tibi
3546 1545 3611 1598 li-

2035 1640 2228 1703 cuerit,
2252 1640 2576 1714 versiculum
2593 1639 2741 1694 illum
2763 1655 3000 1710 congrue
3026 1639 3370 1694 decantabis:
3405 1657 3432 1688 r
3459 1636 3615 1692 Meus

351 1741 619 1798 pauperes
668 1735 894 1797 pascat,
930 1737 986 1782 et
1027 1727 1278 1797 protinus
1322 1742 1382 1783 se
1429 1727 1814 1782 convalescere
1867 1725 1937 1781 de

2050 1739 2122 1787 est
2171 1712 2395 1796 Galaad,
2442 1739 2496 1785 et
2541 1746 2693 1786 meus
2730 1739 2815 1784 est
2869 1729 3145 1785 Manasses
3191 1727 3362 1801 (Psal.
3403 1728 3532 1798 ιιι).
3586 1748 3608 1779 ι

354 1819 652 1887 languore,
699 1831 860 1886 quem
906 1818 1130 1886 patitur,
1178 1831 1284 1872 non
1332 1815 1563 1872 diffidat.
1601 1837 1620 1870 ι
1661 1817 1759 1873 Cui
1809 1831 1934 1872 cum
2040 1820 2208 1876 Porro
2239 1829 2418 1875 autem
2437 1820 2480 1874 si
2508 1820 2766 1875 carnibus
2794 1819 3165 1881 abstinuisses,
3194 1818 3356 1888 piscis
3381 1817 3482 1871 iste
3523 1816 3617 1870 tibi

351 1907 517 1979 206
545 1907 656 1972 ille,
683 1905 751 1962 de
772 1907 980 1962 meliori
1015 1909 1205 1978 utique
1233 1908 1340 1963 vita
1370 1909 1658 1974 sollicitus,
1691 1908 1895 1964 diceret
1921 1925 1936 1963 :
2040 1909 2108 1965 de
2129 1910 2390 1964 industria
2413 1910 2752 1973 servabatur,
2785 1911 2879 1964 sed
2904 1909 3028 1978 quia
3045 1909 3300 1964 carnibus
3324 1907 3621 1977 appetitum

355 1995 589 2053 llabebit
633 1997 760 2063 ille,
809 1997 1062 2064 domine,
1108 1999 1462 2069 paradisum?
1499 1999 1802 2070 Respondit
1839 1999 1939 2054 :ln
2041 1999 2224 2054 carnis
2275 1999 2588 2069 implevisti,
2643 1998 2826 2054 fauces
2880 2009 3000 2053 tuas
3053 1999 3218 2068 piscis
3253 1999 3340 2052 hic
3378 1996 3620 2067 postali-

351 2089 615 2159 paradiso
643 2089 864 2159 quidem
913 2091 1237 2159 quantocius
1277 2099 1384 2156 est,
1413 2090 1510 2145 sed
1547 2091 1636 2145 die
1680 2089 1781 2156 illi,
1813 2089 1941 2159 quia
2043 2097 2222 2144 menta
2253 2088 2487 2143 carnalis
2513 2087 2949 2158 207ingluviei
2981 2103 3086 2141 non
3136 2086 3406 2140 transibit.
3457 2083 3625 2151 llujus

356 2195 486 2232 mox
515 2189 575 2232 ut
614 2180 940 2249 pauperibus
989 2179 1243 2234 alimenta
1305 2181 1619 2246 contulerit,
1664 2189 1942 2249 resumpta
2043 2178 2225 2246 itaque
2254 2193 2359 2233 non
2411 2177 2682 2232 immerito
2720 2176 3053 2231 confusionis
3102 2176 3393 2247 ignominia
3434 2175 3626 2242 dignus

356 2271 608 2342 protinus
655 2272 1064 2340 incolumitate,
1109 2273 1385 2344 gaudebit.
1433 2273 1710 2345 Evigilans
1763 2274 1945 2344 itaque
2043 2269 2272 2333 exstitit,
2311 2270 2403 2339 qui
2456 2268 2623 2324 robur
2671 2267 2884 2339 ingenui
2918 2267 3110 2337 rigoris
3168 2265 3416 2336 degeneri
3484 2265 3624 2316 male

358 2363 623 2420 continuo
652 2363 823 2419 frater
849 2364 913 2418 ad
959 2365 1241 2421 ecclesiam
1265 2366 1466 2437 pergit,
1490 2381 1654 2436 quam
1684 2367 1812 2421 dum
1855 2366 1944 2420 in-
2043 2357 2432 2414 blandientium
2479 2357 2694 2414 suadela
2763 2357 3030 2424 mollivit,
3088 2357 3355 2428 digneque
3411 2354 3628 2423 pertulit

359 2457 513 2528 gredi
542 2499 558 2524 ,
606 2459 900 2514 conticiuio
942 2459 1118 2514 noctis
1147 2456 1438 2524 abnuente,
1477 2463 1589 2514 non
1622 2457 1833 2530 potuit,
1867 2457 1950 2512 vi-
2045 2449 2318 2506 manifesti
2345 2449 2566 2519 pudoris
2600 2449 2968 2518 opprobrium,
3023 2448 3150 2500 dum
3202 2447 3426 2510 illicem,
3453 2456 3506 2497 et
3533 2459 3626 2497 oc—

367 2550 525 2604 sione
577 2559 756 2604 tamen
803 2550 1088 2611 attonitus,
1136 2547 1202 2603 ad
1253 2548 1503 2605 cellulam
1559 2564 1668 2604 non
1729 2548 1945 2603 redivit.
2047 2543 2246 2598 cultius
2295 2543 2604 2598 titillantem
2641 2542 2822 2596 carnis
2867 2556 2973 2595 non
3026 2541 3267 2619 cohibuit
3312 2539 3628 2608 appetitum.

363 2639 506 2708 Quid
534 2639 723 2710 plura?
755 2639 1030 2695 Visionem
1059 2641 1232 2694 frater
1268 2639 1532 2696 fratribus
1575 2639 1780 2703 retulit,
1808 2637 1950 2694 elee—
2049 2635 2166 2700 Sic,
2196 2636 2438 2705 inquam,
2471 2636 2549 2690 sic
2596 2636 2735 2688 forte
2781 2633 2912 2688 milii
2964 2632 3126 2686 faciet
3177 2631 3456 2692 Dominus,
3523 2630 3634 2682 fra-

365 2748 650 2803 mosynam
702 2733 1069 2804 indigentibus
1127 2731 1340 2787 ardenti
1387 2731 1659 2786 desiderio
1705 2729 1948 2785 fraterna
2049 2733 2161 2781 tres
2190 2726 2400 2790 mei,ut
2436 2740 2558 2780 cum
2603 2723 2950 2778 obtinueritis
2977 2721 3199 2776 edendis
3244 2734 3330 2772 me
3372 2720 3630 2773 carnibus

365 2822 614 2876 cbaritas
663 2820 1026 2887 ministravit;
1081 2820 1279 2890 quibus
1328 2819 1494 2875 etiam
1542 2832 1610 2874 ex
1656 2817 1951 2875 abundanti
2050 2817 2418 2888 acquiescere,
2455 2817 2708 2888 dignetur
2746 2816 2876 2869 mihi
2921 2813 3349 2868 benedictionem
3398 2811 3626 2880 piscium

366 2926 622 2965 nummos
649 2911 918 2978 adhibuit,
962 2922 1020 2966 et
1054 2912 1134 2966 sic
1161 2926 1262 2982 ego
1301 2910 1388 2968 die
1422 2910 1614 2976 altero,
1643 2910 1975 2980 valetudine
2051 2915 2328 2978 exhibere,
2351 2913 2538 2967 ethoc
2567 2911 2727 2967 modo
2751 2912 3014 2980 paeniteat
3067 2923 3153 2963 me
3203 2921 3299 2976 per
3349 2906 3636 2976 impatien-

366 3002 660 3057 recedente
689 3002 954 3058 convalui.
988 3001 1280 3072 Reparatio
1303 3001 1486 3072 itaque
1510 3001 1764 3056 sanitatis
1790 3000 1948 3054 fidem
1989 3071 2021 3076 _
2055 3007 2185 3060 tiam
2211 3005 2348 3076 gula:
2385 3004 2617 3059 violasse
2633 3002 2988 3074 propositum,
3013 3001 3140 3054 dum
3173 2998 3301 3052 mihi
3333 2997 3540 3050 videam
3567 3012 3633 3050 ex

367 3093 600 3164 praebuit
642 3093 858 3147 visioni.
898 3093 1006 3149 Sed
1053 3071 1176 3149 cum
1206 3071 1413 3164 piscesi
1433 3094 1656 3149 omnino
1699 3094 1952 3149 deessent
1977 3071 2022 3132 (ἶ
2055 3099 2148 3153 Dei
2174 3071 2396 3152 munere
2423 3071 2649 3167 piscium
2677 3071 3003 3150 exuberasse
3040 3099 3380 3162 proventum.
3406 3089 3626 3142 Dictum

367 3196 423 3239 et
463 3183 845 3256 languescente
873 3185 1155 3240 stomacho
1185 3200 1380 3254 capere
1408 3184 1663 3239 alimenta
1695 3200 1798 3239 non
1829 3199 1953 3253 pos-
2057 3189 2365 3258 factumque
2385 3196 2487 3243 est.
2520 3185 2654 3240 Nam
2685 3186 2848 3240 tertio
2877 3184 2964 3238 die
3012 3193 3296 3253 postquam
3347 3181 3462 3234 haec
3490 3178 3635 3230 dicta

369 3291 506 3336 κων
556 3283 836 3345 σαξρεηιηῑ
874 3273 1073 3328 fratres
1123 3273 1446 3344 Ῐωροηυηίε
1486 3273 1739 3343 Ρτοείδιιε
1786 3271 1953 3327 νειιθ-
2055 3292 2199 3345 sunt,
2227 3290 2282 3338 et
2317 3297 2348 3334 a
2377 3279 2624 3336 Guidone
2648 3276 3080 3333 Corneliensium
3115 3275 3334 3336 comite,
3357 3282 3411 3325 et
3439 3286 3504 3324 ex
3539 3269 3636 3322 Fa—

370 3375 584 3421 menter
640 3365 912 3429 insistere,
944 3375 1004 3420 ut
1046 3364 1238 3421 saltem
1281 3364 1464 3420 triduo
1508 3379 1660 3419 esum
1708 3362 1954 3419 carnium

373 3459 703 3529 reparationi
737 3458 1064 3514 tabescentis
1083 3467 1138 3512 et
1153 3455 1297 3512 effeti
1321 3457 1568 3527 corporis
1595 3455 1952 3527 indulgerem.

372 3549 612 3615 Quorum
638 3547 821 3618 utique
847 3547 890 3602 si
930 3546 1178 3616 precibus
1201 3547 1626 3616 acquiescerem,
1673 3545 1957 3615 quodcun-

374 3657 478 3709 que
502 3640 608 3695 illis
638 3639 971 3710 poenitentia:
997 3639 1187 3695 vellem
1217 3639 1429 3707 pondus
1458 3638 1815 3708 injungerem,
1837 3635 1958 3704 pol-

377 3731 680 3786 licebantur
729 3729 973 3784 ultronea
1011 3744 1071 3782 se
1107 3727 1393 3783 devotione
1435 3725 1701 3796 perferre.
1751 3721 1960 3790 Quibus

377 3839 500 3894 ego,
542 3823 683 3894 quod
712 3822 838 3877 olim
880 3821 1222 3890 Pharulplius
1244 3819 1612 3876 Urbisveteris
1645 3833 1848 3879 comes,
1868 3815 1960 3885 qui

378 3921 596 3970 cenuim
613 3912 775 3966 millia
799 3926 1021 3966 mansos
1047 3910 1248 3966 habere
1273 3908 1578 3973 dicebatur,
1607 3915 1816 3977 egerat,
1841 3905 1962 3960 dedi

377 4002 622 4058 ridicula:
643 4003 938 4058 delusionis
952 4001 1278 4072 exemplum.
1306 3999 1615 4063 Enimvero,
1661 3998 1802 4052 sicut
1830 3995 1962 4049 milii

380 4093 613 4148 relatum
658 4102 764 4157 est,
801 4093 928 4147 dum
960 4091 1027 4146 ad
1077 4105 1319 4146 mensam
1372 4104 1555 4144 comes
1590 4087 1680 4143 ille
1730 4087 1968 4143 discum-

379 4185 555 4248 beret,
584 4184 803 4254 quidam
831 4183 906 4238 illi
937 4182 1234 4238 monachus
1260 4181 1554 4246 assidebat,
1577 4194 1738 4249 quem
1768 4193 1964 4249 rogare

379 4277 571 4346 capit,
595 4285 654 4330 ut
683 4278 806 4346 quia
832 4276 1009 4346 pisces
1047 4275 1291 4338 deerant,
1323 4273 1558 4330 dictante
1610 4271 1958 4334 necessitate,

383 4368 642 4423 carnibus
695 4377 1028 4422 vesceretur.
1075 4365 1260 4420 Primo
1313 4364 1530 4434 quidem
1595 4362 1686 4418 ille
1741 4377 1962 4432 negare,

385 4458 579 4514 deinde
621 4459 822 4512 sensim
865 4456 1232 4528 paulatimque
1305 4454 1641 4518 mollescere,
1696 4462 1970 4522 postremo

387 4554 554 4626 carpit
581 4553 846 4616 animum,
878 4551 1186 4607 hortatibus
1209 4547 1598 4605 delectabiliter
1643 4544 1969 4614 impellenti-

386 4647 512 4708 bus,
539 4643 819 4700 inclinare.
847 4642 1106 4697 Verrinus
1133 4640 1339 4695 interea
1363 4638 1532 4693 callus
1565 4636 1868 4708 apponitur,
1915 4642 1972 4689 et

389 4737 494 4792 hoc
529 4751 634 4790 non
659 4749 779 4789 esse
804 4748 1024 4788 carnem
1055 4747 1118 4786 ac
1142 4746 1240 4801 per
1278 4732 1380 4785 hoc
1425 4726 1974 4799 irreprehensibiliter

390 4827 601 4883 comedi
624 4839 801 4896 posse,
831 4838 1022 4878 vecors
1053 4822 1351 4876 monachus
1375 4819 1640 4873 fallaciter
1679 4817 1973 4871 adhortan-

392 4921 529 4974 tium
563 4916 826 4973 lenocinio
853 4916 1130 4970 suadetur.
1163 4913 1249 4966 Fit
1273 4914 1452 4982 itaque
1477 4911 1543 4966 de
1580 4911 1696 4975 illo,
1725 4909 1868 4979 quod
1904 4908 1972 4962 de

393 5009 560 5064 stulto
591 5006 708 5060 viro
735 5014 898 5075 atque
926 5019 956 5058 a
990 5002 1277 5057 meretrice
1306 5001 1532 5071 decepto
1579 5015 1677 5070 per
1729 4997 1976 5052 Salomo-

395 5116 521 5156 nem
551 5099 784 5154 dicitur:
818 5117 835 5149 ‹
873 5096 1126 5158 lrretivit,
1164 5093 1358 5164 inquit,
1403 5107 1526 5146 eum
1559 5089 1744 5145 multis
1763 5103 1974 5144 sermo-
2063 5105 2066 5108 ’

396 5191 572 5253 nibus,
607 5197 661 5244 et
683 5187 956 5243 blanditiis
978 5187 1244 5240 labiorum
1291 5183 1560 5254 protraxit
1587 5181 1769 5246 illum;
1792 5180 1975 5235 statim

397 5299 518 5338 eam
549 5280 812 5350 sequitur,
837 5278 991 5349 quasi
1012 5278 1109 5332 bos
1131 5277 1322 5330 ductus
1343 5274 1410 5328 ad
1436 5273 1730 5338 victimam,
1746 5281 1799 5326 et
1824 5286 1979 5341 quast

400 5388 575 5441 agnus
602 5371 888 5425 lasciviens
919 5377 972 5423 et
1002 5369 1279 5438 ignorans,
1307 5374 1364 5420 et
1385 5364 1555 5418 nescit
1578 5363 1720 5431 quod
1765 5362 1832 5414 ad
1860 5362 1980 5414 vino

402 5464 519 5517 cula
549 5463 745 5518 stultus
776 5461 1042 5524 trahatur,
1075 5459 1245 5512 donec
1296 5456 1580 5525 transligat
1602 5454 1800 5524 sagitta
1823 5452 1981 5520 jecur

403 5553 548 5620 ejus;
575 5553 720 5608 velut
751 5552 795 5606 si
827 5552 943 5606 avis
969 5549 1184 5605 festinet
1205 5549 1272 5603 ad
1287 5547 1560 5616 laqueum,
1586 5555 1641 5601 et
1662 5544 1831 5600 nescit
1853 5543 1980 5614 quia

407 5646 468 5701 de
497 5645 737 5717 periculo
766 5645 908 5702 illius
949 5645 1121 5716 agitur
1161 5640 1340 5715 (Prov.
1369 5639 1487 5709 vn).
1537 5658 1555 5692 ι

2056 3372 2273 3426 ventiua
2319 3371 2452 3424 urbe
2482 3378 2563 3424 tot
2603 3368 2734 3423 mihi
2759 3367 2918 3422 delati
2967 3374 3092 3419 sunt
3129 3365 3328 3434 pisces,
3363 3370 3418 3416 ut
3445 3377 3634 3415 eorum

2058 3466 2190 3520 mihi
2238 3482 2335 3536 per
2373 3464 2635 3534 plurimos
2681 3462 2798 3517 dies
2853 3461 3090 3514 edulium
3123 3475 3228 3512 non
3264 3459 3497 3512 deesset.
3547 3456 3640 3510 Sic

2059 3560 2242 3629 itaque
2273 3572 2369 3626 per
2416 3553 2708 3623 Pharulpbi
2759 3553 3082 3607 monachum
3123 3549 3424 3604 deludentis
3452 3563 3640 3603 exem-

2059 3649 2230 3719 plum,
2257 3645 2546 3700 deterioris
2573 3643 2718 3698 evasi
2767 3641 3102 3696 confusionis
3133 3639 3505 3710 Opprobrium.
3535 3635 3640 3688 Tu-

2061 3738 2341 3794 lerabilius
2360 3737 2558 3805 quippe
2580 3743 2666 3789 est
2683 3733 2752 3788 ab
2782 3733 3091 3787 hominibus
3116 3731 3320 3800 despici
3355 3745 3518 3799 quam
3547 3744 3640 3782 co-

2064 3850 2179 3888 ram
2201 3830 2499 3887 divinitatis
2525 3827 2805 3896 majestate
2829 3825 3105 3880 confundi.

2135 3920 2261 3976 Haec
2291 3919 2462 3981 vobis,
2489 3914 2848 3979 dilectissimi,
2903 3924 3158 3982 tanquam
3199 3910 3550 3980 complicibus
3592 3918 3646 3962 ct

2065 4014 2278 4077 amicis,
2307 4012 2518 4066 amicus
2541 4008 2788 4080 exposui,
2808 4022 3049 4075 memque
3073 4002 3398 4058 visitationis
3423 4001 3644 4060 seriem,

2065 4107 2215 4165 velut
2254 4105 2480 4159 uterinis
2518 4103 2810 4166 fratribus,
2871 4098 3111 4153 unanimi
3152 4094 3520 4150 familiaritate
3567 4093 3648 4146 di-

2066 4197 2229 4269 gessi.
2257 4195 2611 4264 Omnipotens
2631 4192 2774 4246 Deus
2809 4191 3014 4246 sanctis
3053 4188 3306 4259 precibus
3345 4185 3542 4240 vestris
3591 4185 3646 4238 in

2068 4288 2250 4343 anima
2280 4286 2499 4357 quidem
2523 4301 2610 4340 me
2637 4282 3188 4345 reddatincolumem,
3224 4277 3437 4348 corpori
3467 4287 3646 4332 autem

2073 4395 2195 4436 meo
2248 4379 2468 4448 dignam
2495 4391 2630 4438 meae
2658 4375 2939 4446 pravitatis
2967 4371 3166 4428 inferat
3192 4371 3491 4437 ultionem,.
3515 4383 3650 4438 qua-

2067 4485 2224 4529 tenus
2240 4468 2725 4523 clementissimum
2736 4462 3010 4528 Judicem,
3028 4477 3192 4530 quem
3208 4461 3296 4517 hic
3311 4476 3534 4516 sensero
3547 4476 3645 4531 per

2067 4562 2288 4616 verbera
2322 4557 2543 4613 duriora
2580 4563 2909 4610 commotum
2936 4593 2953 4618 ,
3001 4551 3112 4608 illic
3149 4567 3365 4606 merear
3397 4552 3644 4605 invenire

2073 4649 2440 4720 tranquillum.
2492 4645 2839 4699 llunctitium
2884 4651 3150 4706 nostrum,
3182 4639 3548 4704 dilectissimi,
3599 4639 3651 4691 in

2074 4751 2250 4797 vestra
2273 4749 2394 4810 post
2421 4737 2585 4792 Deum
2611 4735 2804 4789 fiducia
2861 4730 3218 4804 dirigo..Nam
3241 4728 3500 4799 quidquid
3528 4742 3655 4795 pro-

2075 4831 2265 4887 fecerit
2291 4830 2358 4884 de
2387 4843 2570 4892 causa,
2600 4841 2696 4894 pro
2741 4841 2845 4893 qua
2887 4822 3138 4886 mittitur,
3184 4819 3338 4874 vobis
3385 4819 3652 4872 duntaxat

2075 4923 2382 4995 specialiter
2409 4921 2728 4976 ascribctur.

2621 5051 2954 5108 EPISTOLA
3001 5048 3126 5104 XX.

2616 5183 2678 5218 AD
2703 5180 2750 5217 Β.
2789 5177 3071 5218 MONACHUSI
3083 5199 3096 5213 .

2081 5284 2479 5337 Ancuumruu.
2512 5310 2578 5318 —
2609 5279 2867 5331 Hortatur
2895 5273 3216 5326 monachum
3248 5268 3558 5338 quemdam,
3589 5283 3660 5321 ne

2153 5353 2375 5406 alterius
2401 5350 2586 5418 culpas
2632 5343 2935 5418 purgaudas
2962 5341 3308 5418 s-ttscipiathi
3328 5338 3655 5418 susceperit,

2155 5424 2362 5483 subita,
2378 5408 2646 5488 plenaque
2655 5408 2844 5488 expiet
2855 5408 3197 5488 pmnitentia‘:
3217 5410 3300 5488 Οἱ)
3328 5408 3660 5488 ithtte_adtlu-

2156 5494 2231 5546 cit
2257 5480 2572 5558 exemplain
2598 5480 2870 5558 monachi,
2898 5486 3132 5558 quicum
3158 5481 3346 5535 fuisset
3385 5480 3659 5556 negligcuf

2160 5562 2261 5614 tior
2297 5561 2351 5614 in
2378 5554 2536 5615 ainici
2574 5557 2728 5612 noxis
2776 5554 3078 5620 abluendis,
3124 5567 3310 5624 pmuas
3359 5554 3659 5610 nursaturtt

2164 5630 2346 5686 subiit.
