4024 6198
409 192 513 245 6υῦ

982 196 1038 253 S.
1081 195 1282 254 PETRI
1325 199 1604 255 DAMIANI
1643 199 1792 256 OPP.
1836 199 2015 255 PARS
2055 199 2184 257 SEU
2224 199 2522 257 TOMUSI.
2555 233 2623 242 —
2665 200 2881 257 EPIST.
2922 199 3192 256 LIBNIII.

3548 202 3649 256 MM

481 305 684 360 Domno
707 307 764 360 Β.
796 309 950 364 fratri
974 310 1316 376 charissima,
1346 312 1561 368 Persas
1589 322 1838 382 peccator
1873 329 1984 370 mo-
2011 321 2059 384 Λ
2092 315 2328 372 instruit.
2358 316 2592 384 Audisti,
2616 315 2805 384 frater,
2824 305 3134 385 historiam;
3165 326 3284 378 esto
3306 320 3561 390 providus
3590 322 3657 376 ad

410 397 616 450 uachus
669 398 898 452 salutem
961 410 1016 453 et
1070 399 1320 456 fraternze
1360 402 1641 458 cbaritatis
1703 402 1975 462 affectum.

477 487 628 555 Quod
659 505 900 559 przesens
928 491 1421 560 smpiusincnlcavi,
1453 509 1596 550 nunc
1617 495 1818 552 absens
1845 495 1979 550 scri-

408 579 497 642 bo,
534 590 589 634 et
618 596 683 634 ne
707 580 1018 635 fluctuantis
1043 583 1266 638 materia
1296 600 1447 640 more
1467 585 1742 652 decurrat,
1767 586 1979 642 funicu-

406 669 517 724 lum
550 671 862 739 scriptionis
886 672 1119 737 innecto,
1160 674 1412 730 videlicet
1443 686 1501 734 ut
1525 677 1753 746 implere
1803 678 1981 733 valen-

407 759 474 813 tis
503 761 873 829 paanitcntiam
906 760 1211 818 nullatenus
1241 763 1548 824 inordinata
1597 767 1864 822 charitate
1889 782 1979 822 su-

403 848 622 917 scipias.
682 849 834 916 Quod
873 851 918 905 si
967 853 1292 922 susceperis,
1343 855 1760 921 iustantissima,
1816 866 1978 927 prout

403 940 545 993 vires
571 950 881 1010 suppetunt,
915 943 1156 1014 agilitate
1183 945 1479 1014 persolvas.
1519 945 1692 1004 Porro
1729 963 1851 1003 cum
1881 964 1974 1004 ea-

402 1029 594 1085 nonica
614 1040 761 1086 vetet
787 1035 1100 1100 auctoritas,
1132 1045 1191 1090 ut
1226 1038 1506 1107 poenitenti
1539 1039 1795 1096 sacerdos
1813 1041 1980 1102 unius

400 1120 508 1176 diei
577 1119 843 1196 jejunium
923 1142 1029 1181 non
1115 1128 1358 1195 relaxet,
1435 1131 1537 1185 nisi
1604 1131 1672 1187 ad
1730 1147 1974 1209 prieseus

401 1212 550 1284 digni
622 1215 785 1286 pretii
853 1218 1130 1274 taxatione
1194 1235 1293 1291 per
1357 1221 1756 1294 eleemosynam
1831 1237 1981 1278 corno

399 1311 627 1375 penset,
674 1319 782 1375 qua
852 1309 1184 1370 conscientia
1237 1319 1347 1366 tam
1414 1313 1718 1368 metuenda:
1775 1313 1980 1369 cautio.

397 1395 451 1448 ni
508 1395 842 1466 obligamur,
898 1401 988 1469 qui
1034 1416 1194 1471 quam
1242 1404 1313 1458 sit
1363 1405 1664 1475 propinqua
1714 1405 1838 1459 vita:
1871 1421 1970 1462 no-

397 1494 524 1540 sirm
587 1498 749 1552 meta,
802 1504 908 1544 non
979 1491 1266 1546 novimus?
1322 1492 1582 1550 Dominus
1629 1493 1789 1566 plane
1842 1494 1981 1550 Mar-

399 1575 585 1640 tinus,
661 1579 754 1648 qui
817 1579 870 1633 in
940 1581 1338 1639 Camaldulensi
1411 1599 1595 1640 eremo
1671 1602 1976 1644 commora-

397 1675 504 1732 tur,
522 1669 686 1744 208
708 1670 789 1724 vir
812 1671 1061 1727 videlicet
1087 1673 1314 1730 diversis
1337 1675 1629 1731 virtutibus
1657 1677 1974 1750 adornatus,

399 1768 455 1813 et
497 1759 767 1830 praecipue
806 1761 1028 1832 jugibus
1071 1763 1432 1837 lacrymarum
1469 1767 1686 1824 fluentis
1717 1770 1973 1844 irriguus,

397 1847 527 1902 mihi
560 1848 744 1904 retulit
781 1852 924 1920 quod
957 1867 1121 1908 narro
1150 1871 1163 1907 :
1191 1853 1487 1912 Monachus
1515 1865 1656 1924 erat,
1687 1859 1881 1928 inquit,
1918 1859 1974 1914 in

395 1936 656 1992 maritimi
693 1941 950 1996 territorii
987 1944 1416 2016 coenobio,quod
1448 1947 1646 2002 dicitur
1662 1949 1730 2004 ad
1757 1948 1972 2018 Pinum,

394 2029 578 2085 multis
603 2040 945 2101 peccatorum
971 2037 1199 2092 nexibus
1222 2037 1514 2105 involutus,
1546 2040 1632 2096 cui
1673 2056 1796 2098 cum
1818 2040 1973 2111 juxta

391 2125 748 2191 quantitatem
789 2125 1072 2196 lapsuum,
1117 2129 1390 2184 austerior
1436 2146 1500 2186 ac
1528 2129 1686 2201 longa
1718 2131 1972 2188 nimirum

391 2213 711 2282 pmnitentia
755 2214 948 2272 fuisset
988 2217 1220 2286 indicta;
1253 2219 1344 2276 ille
1395 2219 1555 2276 fratri
1600 2221 1838 2288 cuidam,
1885 2221 1971 2288 cui

397 2304 644 2390 complex
711 2307 765 2362 in
831 2308 1071 2363 amicitia
1125 2309 1448 2367 familiarius
1495 2311 1838 2378 adhaerebat,
1904 2312 1974 2378 ad

389 2398 836 2466 comportandum
865 2399 1199 2472 poenitentiae
1235 2401 1442 2471 pondus
1483 2403 1743 2458 auxilium
1794 2404 1970 2474 petiit.

390 2485 544 2563 Quod
570 2486 738 2546 frater
781 2488 873 2543 ille
907 2489 1101 2547 devote
1147 2491 1475 2562 suscipiens,
1509 2493 1817 2549 condictam
1857 2508 1974 2565 pa:-

393 2576 635 2632 nitentiae
675 2588 885 2648 partem
918 2580 1040 2636 tulit
1089 2591 1253 2653 atque
1280 2584 1636 2654 persolvendo
1673 2585 1835 2657 hujus
1879 2585 1974 2642 de.

391 2666 488 2720 biti
526 2681 736 2724 canone
777 2683 1030 2725 securum
1081 2687 1302 2727 manere
1350 2673 1629 2746 praecepit.
1679 2673 1786 2729 Sed
1843 2673 1971 2734 dum
2011 2698 2015 2702 ·

391 2753 484 2809 ille
537 2755 738 2826 partito
792 2755 1058 2830 levigatus
1109 2774 1317 2827 onere,
1381 2777 1410 2818 a
1457 2762 1805 2822 districtioris
1846 2763 1974 2821 vite

388 2863 616 2904 censura
649 2849 972 2918 remittitur;
1010 2852 1112 2910 iste
1158 2853 1226 2908 ad
1277 2853 1601 2920 solutionem
1649 2857 1817 2912 debiti
1845 2870 1971 2928 pro-

392 2936 601 2993 lixioris
629 2939 732 3010 sibi
763 2939 889 2996 vitae
923 2942 1158 3012 spatium
1197 2943 1503 3014 pollicetur,
1537 2945 1814 3016 aliquanto
1847 2955 1971 3016 post

388 3029 444 3082 in
472 3028 846 3100 aegritudinem
875 3032 1096 3099 cecidit,
1133 3041 1296 3104 atque
1324 3034 1504 3090 subito
1527 3046 1780 3102 mortem,
1805 3052 1966 3108 quam

387 3119 576 3192 procul
617 3135 738 3176 esse
786 3123 1058 3191 sperabat,
1103 3123 1352 3182 incurrit.
1386 3125 1590 3181 Fuerat
1643 3136 1827 3188 autem
1879 3128 1971 3184 ille

389 3210 587 3276 frater,
615 3221 876 3284 quantum
907 3213 974 3268 ad
1001 3229 1082 3281 se,
1102 3214 1595 3286 irreprehensibilis
1614 3217 1740 3274 vita:
1770 3226 1824 3274 et
1846 3221 1970 3288 opi-

390 3301 570 3358 nionis
600 3301 741 3358 inter
775 3301 974 3362 fratres
1004 3304 1268 3362 honestae.
1297 3305 1414 3368 Non
1446 3307 1629 3365 multis
1655 3324 1786 3364 vero
1819 3319 1968 3380 post-

387 3393 606 3446 modum
635 3391 822 3450 diebus
847 3394 1132 3465 pmnitenti
1177 3396 1444 3452 monacho
1473 3398 1526 3451 in
1571 3399 1777 3454 somnis
1804 3414 1970 3470 appa-

393 3481 518 3547 ruit,
546 3497 706 3552 quem
758 3481 847 3538 ille
893 3484 1143 3552 protinus
1181 3485 1482 3554 inquisivit.
1525 3485 1663 3555 Quid
1709 3503 1838 3561 erga
1878 3498 1969 3555 te,

391 3571 576 3635 lrater,
616 3570 836 3640 agitur?
881 3571 1152 3640 quomodo
1184 3572 1277 3628 tibi
1310 3575 1432 3628 est?
1466 3573 1623 3646 Male,
1657 3575 1865 3647 inquit,
1917 3585 1972 3632 et

386 3659 544 3727 dure,
579 3661 674 3717 sed
714 3670 938 3732 propter
989 3670 1061 3717 te.
1111 3662 1247 3718 Nam
1289 3664 1428 3722 liber
1456 3681 1486 3719 a
1515 3667 1790 3736 propriis,
1842 3667 1970 3738 quia

387 3752 497 3807 tuis
521 3765 606 3806 me
618 3751 847 3807 vinculis
873 3751 1147 3817 innodavi,
1164 3761 1218 3809 et
1238 3753 1428 3810 alienae
1444 3756 1680 3812 cautioni
1705 3759 1972 3812 obnoxius

387 3859 496 3897 non
528 3843 757 3909 reddidi,
779 3859 880 3899 nec
910 3844 1168 3914 persolvi,
1196 3844 1424 3914 ﬂagellis
1448 3855 1670 3910 atterur,
1703 3856 1758 3902 et
1786 3864 1971 3906 amara

388 3933 521 3988 satis
562 3933 1030 3990 animadversione
1056 3943 1323 3992 coarctor.
1349 3966 1421 3975 —
1443 3935 1616 4001 Unde,
1648 3952 1849 4007 quaeso,
1893 3947 1968 4003 te,

388 4033 461 4088 et,
492 4039 599 4094 qua
639 4023 812 4090 valeo,
843 4023 1241 4096 supplicatione
1268 4023 1503 4094 deposco
1554 4033 1614 4080 ut
1659 4025 1847 4097 vigiles
1875 4041 1972 4102 pro

391 4126 444 4171 te
474 4130 538 4172 ac
565 4115 764 4170 liberes
795 4128 910 4180 me;
943 4114 1079 4169 vade
1109 4113 1294 4184 itaque
1323 4123 1380 4170 et
1403 4124 1650 4171 sanctum
1682 4115 1841 4188 hujus
1867 4117 1969 4172 loci

391 4220 612 4276 precare
650 4214 999 4270 conventum,
1034 4213 1093 4260 ut
1122 4205 1301 4261 debita
1330 4221 1464 4262 mete
1491 4207 1796 4277 sponsionis
1823 4223 1853 4261 a
1887 4224 1972 4264 me

390 4296 632 4366 neglecta
680 4296 1249 4368 persolvanthsicque
1279 4311 1384 4364 me,
1421 4313 1540 4367 quae
1580 4308 1779 4369 praesto
1821 4307 1969 4365 sunt,

2079 407 2365 466 cautelam.

2606 521 2937 577 ΕΡΙΞΤΟΙιΑ
2979 521 3120 578 XXI.

2169 628 2237 666 AD
2276 625 2551 666 DAHiANUﬂ
2587 626 2908 675 IONACHUI,
2949 629 3018 667 EX
3056 626 3256 668 SOROBE
3296 626 3564 668 ΙΕΡΟΤΒΙ.

2261 701 2536 770 (Habetur
2569 711 2694 756 tam.
2741 701 2836 755 III
2874 713 3051 772 cuque
3086 700 3323 771 apuscul.
3356 701 3476 773 47.)

2591 792 2926 849 EPISTOLA
2977 793 3142 848 XX".

2683 902 2750 940 ΑΒ
2789 901 3028 940 ιυιυικ.

2078 955 2474 1020 Aacuumv'wu.
2496 987 2566 1004 -.-—
2593 956 2854 1011 Eumdem
2895 955 3213 1011 Damianum
3252 955 3322 1019 de
3353 954 3564 1012 fervore
3589 956 3659 1010 li-

2149 1036 2234 1082 cet
2261 1027 2427 1080 nimio
2466 1025 2676 1089 laudat;
2719 1025 2912 1080 melius
2955 1024 3100 1082 enim
3127 1039 3273 1094 esse
3301 1026 3377 1079 ait
3407 1027 3459 1080 in
3493 1028 3653 1094 spiri-

2149 1096 2310 1151 tualis
2355 1095 2558 1150 militia:

2149 1167 2412 1221 excedere
2452 1181 2614 1235 quam
2665 1165 2959 1235 frigiditate
3007 1173 3315 1235 tepescere;
3350 1174 3532 1220 monet
3581 1175 3662 1220 ta-

2081 1291 2086 1296 _
2148 1251 2272 1294 men
2303 1276 2318 1300 ,
2368 1233 2798 1304 quotiescunque
2854 1235 3084 1304 majores
3128 1233 3432 1300 jusseriut.
3507 1235 3658 1290 illum

2147 1306 2492 1362 discretionis
2521 1304 2673 1360 freno
2703 1305 2971 1362 cohibeat.
2998 1303 3257 1370 Coarguit
3279 1304 3492 1369 deinde,
3516 1305 3660 1374 quod

2151 1391 2218 1430 ex
2247 1390 2433 1430 eremo
2462 1375 2526 1428 ad
2552 1375 2937 1444 monasterium
2970 1373 3275 1437 transierit,
3302 1375 3662 1444 praecipitque

2151 1391 2218 1430 ex
2247 1390 2433 1430 eremo
2462 1390 2526 1428 au
2552 1390 2937 1428 mouasrerium
2970 1390 3275 1437 transneru,
3349 1390 3659 1444 raecipuque

2146 1454 2203 1499 nt
2252 1447 2318 1499 ad
2371 1459 2612 1500 eremum
2654 1445 2858 1506 redeat,
2889 1443 2980 1498 ubi
3013 1457 3072 1498 se
3115 1459 3238 1498 cum
3287 1390 3503 1498 ἄπεδιο
3530 1461 3659 1499 cru-

2147 1515 2368 1585 cifigere
2399 1515 2598 1585 mundo
2640 1514 2872 1569 studeat.
2907 1514 3068 1585 Hinc
3091 1523 3302 1585 sumpta
3353 1516 3658 1579 occasione,

2147 1582 2277 1709 qui:
2451 1583 2632 1642 crucis
2679 1585 2906 1658 figuram
2941 1582 3302 1655 spiritualiter
3349 1585 3664 1657 designetur

2149 1670 2212 1709 OS
2271 1673 2302 1708 ﬂ
2347 1672 2407 1709 Ι.

2149 1655 2407 1714 Ostendit.

2147 1745 2394 1801 Danao
2428 1744 2634 1814 nepoti,
2676 1743 2891 1798 Pramus
2917 1749 3174 1812 peccator
3219 1742 3537 1809 monachus,
3567 1757 3662 1814 pa—

2075 1843 2245 1891 ternze
2271 1833 2582 1890 dilectionis
2608 1832 2882 1888 affectum.

2077 1927 2080 1930 ’
2147 1926 2204 1982 Si
2255 1926 2418 1990 Dens,
2464 1926 2554 1996 qui
2607 1924 2860 1998 populum
2909 1938 3064 1979 suum
3101 1939 3166 1979 ex
3210 1923 3480 1998 ergastulo
3516 1922 3662 1980 Pha-

2074 2017 2259 2072 raonis
2300 2017 2505 2077 eduxit,
2549 2016 2668 2086 ejus
2712 2015 2764 2070 in
2804 2015 3019 2070 deserto
3061 2013 3170 2069 dux
3189 2029 3311 2069 esse
3355 2014 3659 2082 desisteret,

2073 2104 2238 2159 Israel
2269 2104 2335 2159 ad
2367 2114 2569 2163 terram
2601 2103 3035 2173 repromissionis
3061 2103 3328 2173 attingere
3357 2103 3666 2159 nullatenus

2071 2195 2353 2278 potuisset.
2393 2194 2598 2263 Egebat
2641 2192 2806 2256 enim,
2855 2201 2917 2246 ut
2954 2192 3180 2247 haberet
3220 2192 3428 2248 itineris
3468 2194 3662 2249 ducem
3759 2211 3763 2219 ί

2073 2299 2234 2353 quem
2301 2284 2570 2339 habuerat
2635 2281 2960 2352 egressionis
3028 2290 3359 2337 auctorem:
3408 2281 3548 2335 unde
3608 2291 3665 2336 et

2073 2375 2301 2430 Abrahae
2329 2374 2539 2430 dixerat
2581 2391 2594 2427 :
2641 2391 2660 2424 ι
2696 2372 2828 2430 Veni
2864 2373 2918 2426 in
2959 2381 3157 2427 terram
3192 2387 3353 2442 quam
3390 2379 3661 2426 monstra-

2073 2481 2203 2522 vero
2232 2466 2326 2521 tibi
2356 2463 2504 2536 (Cen.
2540 2464 2658 2535 xu).
2689 2485 2706 2518 ι
2738 2463 2890 2532 Quod
2921 2465 3065 2519 enim
3092 2480 3197 2518 non
3229 2464 3324 2531 ait,
3355 2463 3538 2529 Vade;
3565 2462 3662 2518 sed

2072 2558 2272 2628 potius,
2310 2577 2329 2610 ί
2363 2557 2517 2622 Veni,
2574 2575 2593 2618 ι
2647 2553 2812 2609 futuri
2847 2569 2906 2610 se
2948 2555 3200 2609 comitem
3247 2554 3529 2624 pollicetur
3569 2553 3663 2608 iti-

2068 2646 2241 2707 neris.
2266 2649 2424 2720 Quod"
2450 2663 2580 2704 vero
2611 2647 2918 2717 subiungit,
2953 2665 2972 2698 ε
3009 2647 3062 2700 in
3094 2655 3292 2700 tcrram
3320 2660 3482 2715 quam
3514 2660 3665 2699 mon-

2070 2750 2318 2801 stravero
2347 2738 2463 2804 tibi,
2498 2757 2517 2790 ι
2553 2745 2801 2807 patenter
2829 2736 3085 2801 ostendit,
3111 2735 3237 2804 quia
3268 2749 3428 2804 quem
3462 2750 3662 2804 provo-

2074 2832 2252 2893 cabat,
2280 2837 2338 2892 ut
2363 2829 2429 2883 de
2457 2835 2599 2884 terra
2631 2826 2926 2882 nativitatis
2949 2825 3142 2892 exiret,
3174 2839 3344 2894 usque
3374 2825 3438 2878 ad
3461 2832 3661 2878 metam

2075 2930 2462 2979 consummatae
2531 2919 2877 2992 perfectionis
2940 2918 3134 2974 ductor
3206 2917 3483 2971 existeret.
3539 2914 3660 2969 Tibi

1997 3003 2042 3069 C
2072 3026 2286 3082 quoque
2314 3026 2420 3065 non
2458 3009 2704 3065 absimile
2731 3008 2858 3078 quid
2893 3007 3124 3076 cmpisse
3162 3006 3476 3076 contingere
3505 3004 3661 3059 valde

2072 3081 2286 3171 gavisus
2329 3114 2466 3161 sum,
2511 3098 2638 3152 dum
2671 3096 2922 3153 nonnulla
2970 3097 3160 3150 novitii
3206 3095 3279 3149 tui
3321 3081 3546 3150 fervoris
3581 3096 3665 3149 in-

2066 3189 2245 3261 signia
2283 3187 2492 3243 veracis
2535 3185 2825 3242 admodum
2865 3185 2967 3240 viri
3014 3185 3198 3240 fratris
3244 3183 3472 3238 Hubaldi
3523 3182 3666 3238 rela-

2074 3283 2217 3337 tione
2244 3280 2494 3352 cognovi.
2518 3279 2606 3333 Ait
2634 3279 2778 3333 enim
2809 3277 2950 3332 inter
2970 3285 3188 3342 caetera,
3211 3276 3338 3346 quia
3363 3276 3487 3330 dum
3513 3282 3662 3329 tanta

2069 3371 2333 3429 brumalis
2378 3370 2574 3441 algoris
2623 3368 2967 3424 inclementia
3018 3377 3145 3423 tunc
3189 3368 3243 3422 in
3293 3367 3398 3421 illis
3437 3366 3663 3436 Alpibus

2068 3468 2488 3528 inhorresceret,
2535 3472 2595 3518 ut
2641 3474 2898 3531 congesta
2945 3461 3147 3520 nivium
3200 3459 3368 3515 moles
3404 3474 3662 3530 quarum-

2073 3559 2201 3617 libet
2230 3566 2487 3626 tcgetum,
2532 3550 2616 3610 v'cl
2649 3556 2932 3609 domorum
2971 3552 3204 3608 culmina
3241 3559 3539 3622 superaret,
3580 3559 3660 3616 tu,

2071 3647 2325 3720 projectis
2344 3645 2606 3710 vestibus,
2629 3645 2831 3700 nudum
2859 3653 2910 3702 te
2932 3644 2984 3699 in
3009 3643 3095 3698 illa
3122 3643 3376 3697 nivalium
3401 3643 3658 3698 ruderum

2071 3743 2335 3814 profunda
2359 3741 2586 3796 latenter
2613 3741 2984 3810 immergeres,
3013 3738 3192 3808 ibique
3219 3747 3270 3792 te
3295 3736 3514 3805 quidam
3548 3734 3661 3790 fra-

2074 3844 2216 3890 trum
2248 3845 2385 3903 pene
2415 3831 2740 3887 seminecem
2777 3830 3088 3900 reperisset.
3120 3827 3238 3892 Cui,
3268 3829 3392 3884 dum
3423 3836 3475 3882 te
3504 3842 3664 3883 seve-

2073 3926 2208 3990 rius,
2238 3932 2296 3978 ut
2322 3922 2546 3994 dignum
2571 3928 2708 3988 erat,
2741 3929 3029 3991 argueret,
3063 3918 3259 3974 diceris
3281 3917 3659 3986 respondisse:

2071 4016 2211 4071 Caro
2235 4029 2321 4070 me
2352 4023 2579 4069 conatur
2607 4013 2876 4079 occidere,
2913 4012 3007 4068 sed
3033 4027 3154 4066 eam
3181 4027 3280 4082 ego
3309 4010 3489 4082 potius
3512 4009 3660 4065 occi-

2059 4091 2230 4174 dam;
2263 4115 2317 4161 et
2345 4105 2685 4176 postmodum
2720 4119 2826 4160 non
2853 4103 3072 4175 quidem
3112 4103 3210 4159 sub
3237 4101 3379 4166 divo,
3423 4100 3517 4154 sed
3560 4100 3662 4155 sub

2072 4214 2180 4272 quo
2224 4198 2430 4262 nescio,
2464 4205 2709 4267 repertus
2747 4211 2807 4260 es
2851 4194 3100 4261 aedificio,
3139 4195 3195 4250 in
3240 4193 3363 4248 nive
3410 4193 3662 4248 similiter

2067 4291 2403 4362 provolutus.
2425 4290 2483 4345 in
2507 4305 2613 4360 quo
2636 4288 2889 4344 nimirum
2913 4287 3077 4356 facto,
3106 4286 3231 4342 licet
3268 4285 3530 4356 regularis
3552 4301 3660 4340 non

2776 1078 3076 1166 rvtironibus'
3109 1078 3457 1150 discretionis
3487 1078 3662 1152 metas
3763 1078 3768 1084 ⁴

389 4351 907 4459 suppliciiseruant.
940 4351 1514 4460 Expergefactus'il'le,
1542 4351 1802 4447 fr'atribus
1829 4351 1971 4463 quod
1997 4351 2050 4413 Β
2075 4386 2148 4441 sit
2182 4381 2567 4440 dissimulanda
2597 4380 2888 4450 correptio,
2933 4379 3072 4435 malo
3113 4388 3296 4433 tamen
3339 4385 3398 4432 ut
3438 4378 3660 4432 modum

391 4478 598 4533 viderat
625 4478 828 4543 retulit,
857 4479 1000 4548 quod
1043 4479 1290 4534 audierat
1332 4479 1623 4546 intimavit,
1656 4495 1848 4552 preces
1877 4496 1974 4537 ex-
2073 4476 2416 4532 discretionis
2461 4475 2513 4529 in
2555 4474 2736 4544 aliquo
2777 4473 2977 4527 nimius
3023 4471 3204 4527 fervor
3239 4470 3464 4526 excedat
3497 4485 3662 4540 quam

389 4567 591 4640 posuit,
619 4567 909 4625 efﬁcaciter
931 4569 1262 4643 impetravit.
1286 4567 1456 4625 Porro
1483 4578 1683 4632 autem,
1710 4585 1834 4626 cum
1856 4569 1970 4640 jam
2073 4567 2369 4638 degeneres
2399 4566 2608 4621 animos
2652 4564 2852 4620 desidis
2895 4563 3120 4634 ignaviae
3150 4571 3333 4632 torpor
3371 4560 3660 4630 astringat.

390 4663 590 4720 fratres
615 4664 893 4736 praetium
937 4664 1081 4721 illius
1108 4667 1444 4738 paenitentia:
1487 4667 1844 4736 quantitatem
1893 4667 1972 4723 di-
2073 4657 2306 4713 Facilius
2344 4665 2428 4712 εει
2459 4656 2601 4710 enim
2639 4655 2805 4710 ΐεῧυο
2832 4653 2971 4722 “Si.
3017 4653 3161 4724 (ιιιοά
3207 4651 3662 4722 δυρετθιυὺετει.

387 4758 564 4813 versis
600 4768 1046 4828 argumentorum
1097 4759 1412 4828 specialium
1461 4759 1740 4815 exercitiis
1777 4759 1971 4831 imple-
2073 4751 2313 4816 demere,
2344 4764 2506 4820 quam
2532 4747 2752 4818 quodin
2776 4762 2841 4803 θο
2862 4756 3021 4801 νθεθι
3045 4745 3287 4816 ίῑηβιθτθυ
3313 4744 3665 4800 Ῑιδδοτίοείιιε

388 4847 616 4912 vissent,
646 4845 873 4917 praefato
902 4845 1170 4901 monacho
1194 4845 1363 4901 frater
1392 4846 1479 4903 ille
1509 4862 1605 4918 per
1640 4847 1815 4902 visum
1847 4863 1972 4902 rur-
2072 4852 2157 4920 εει
2186 4850 2381 4897 trunco
2417 4855 2596 4894 ramos
2634 4840 2728 4909 qui
2758 4855 2863 4894 non
2907 4839 3175 4893 habentur
3213 4838 3456 4893 inserere
3495 4853 3663 4893 uuam

309 5007 311 5009 ι
389 4954 483 4994 sus
503 4939 772 5010 apparuit,
790 4940 947 5009 eique
965 4938 1309 4994 feStivitatem
1337 4940 1512 4994 sereni
1544 4939 1678 4994 satis
1701 4947 1757 4994 et
1775 4938 1975 4994 alacris
2075 4931 2255 4986 arbori
2307 4931 2605 5001 superﬂuos
2641 4938 2943 4999 amputare.
2996 4929 3180 4999 Equus
3230 4928 3394 4984 etiam
3434 4929 3661 4999 majoris

389 5030 570 5085 vultus
612 5032 868 5086 ostendit.
897 5029 1265 5101 interrogatus
1315 5031 1515 5086 iterum
1544 5031 1674 5101 quid
1724 5031 1971 5097 haberet,
2073 5031 2158 5076 est
2188 5021 2347 5092 pre-lii
2371 5021 2462 5090 qui
2492 5036 2603 5090 prae
2627 5036 2820 5075 cursus
2845 5019 3180 5089 impatientia
3207 5018 3513 5074 cohibentia
3533 5022 3658 5074 ‘tora

390 5120 690 5189 respondit.
727 5135 786 5175 se
814 5135 911 5190 per
938 5120 1216 5176 orationes
1243 5117 1503 5181 fratrum,
1534 5129 1640 5174 no‘n
1669 5120 1827 5174 modo
1856 5133 1973 5189 pte-
2073 5112 2302 5182 requirit
2337 5127 2501 5183 quam
2536 5112 2629 5182 qui
2684 5110 2931 5166 fodienda
2985 5110 3287 5166 calcaribus
3336 5110 3506 5166 latera
3554 5123 3676 5178 per,

391 5209 606 5266 nalibus
635 5210 989 5265 Incommodis
1009 5218 1244 5273 erutum,
1269 5210 1360 5265 sed
1392 5210 1552 5264 etiam
1580 5211 1646 5264 ad
1676 5209 1971 5268 electorum
2074 5203 2343 5274 ignaviam
2396 5202 2626 5273 ingentis
2677 5205 2910 5272 torporis
2959 5202 3198 5272 exponit.
3241 5201 3334 5256 Ille
3385 5203 3656 5272 siquidem

393 5307 596 5354 sortem
628 5299 862 5355 mirabili
893 5301 1128 5360 dextera:
1151 5298 1361 5354 Excelsi
1391 5299 1763 5355 immutatione
1802 5313 1974 5368 nuper

394 5387 734 5441 translatum.
753 5388 1043 5444 Benedicta
1068 5389 1262 5444 divinae
1289 5388 1589 5444 clementia:
1614 5389 1970 5459 dispensatio,

394 5491 513 5545 quae
537 5492 632 5548 per
669 5487 911 5534 mortuos
943 5479 1107 5533 etiam
1136 5479 1356 5535 instruit
1389 5479 1562 5544 vivos,
1587 5487 1643 5533 et
1673 5478 1799 5533 dum
1841 5477 1973 5532 alios

399 5569 690 5638 verberat,
751 5570 883 5626 alios
934 5571 1165 5640 qualiter
1203 5586 1232 5625 a
1302 5570 1618 5626 verberibus
1672 5569 1971 5641 eripiantur

2073 5297 2200 5351 dum
2228 5296 2417 5366 pernix
2443 5310 2508 5352 ac
2536 5295 2687 5351 volax
2718 5295 2970 5366 prtepetis
2995 5310 3214 5366 gressus
3241 5294 3509 5349 volumina
3541 5293 3656 5364 glo-
3742 5341 3758 5355 χ

2073 5394 2270 5449 merat,
2315 5385 2533 5441 reducto
2568 5385 2843 5455 paululum
2877 5385 3092 5454 chamo,
3123 5384 3282 5440 facile
3327 5384 3649 5449 cohibetur;

2071 5475 2174 5530 iste
2200 5476 2516 5532 verberatur
2543 5485 2598 5532 et
2628 5477 2892 5544 tunditur,
2928 5491 3029 5532 nec
3069 5485 3247 5531 tamen
3290 5474 3486 5544 equina
3521 5489 3649 5528 con-

2071 5567 2211 5624 citus
2255 5567 2524 5638 agilitate,
2570 5568 2987 5641 dcproperatur,
3036 5567 3130 5625 sed
3181 5583 3238 5624 sc
3291 5582 3386 5640 per
3429 5565 3646 5638 genuini
