4018 6202
384 260 490 314 405

1524 263 1723 318 LIBER
1763 263 2056 330 SEXTUS,
2096 263 2312 319 EPIST.
2351 265 2514 320 XXII.

3555 265 3671 321 £06

388 374 622 444 torporis
659 375 928 446 ignaviam
962 375 1108 431 velut
1148 376 1360 431 asinum
1411 385 1783 446 repraesentat.
1825 375 1976 430 Licet
2005 383 2052 441 Α
2081 377 2180 432 bus
2211 378 2517 443 virtutibus,
2545 376 2815 445 videlicet,
2846 393 2963 452 spe,
3006 376 3108 434 ﬁde
3137 387 3192 434 et
3230 377 3513 444 charitate,
3538 393 3666 433 oms

389 466 567 534 itaque
595 475 652 519 et
703 468 806 520 hoc
831 467 1020 520 vilium
1051 468 1142 532 sit,
1178 468 1323 538 quod
1372 467 1598 522 limitem
1634 465 1977 521 discretionis

386 555 620 617 excedis,
665 557 858 612 melius
904 565 988 612 est
1030 565 1208 611 tamen
1258 565 1310 612 te
1355 557 1507 610 nimii
1551 555 1782 611 fervoris
1823 555 1976 626 argui

386 661 550 716 quam
601 645 746 701 foedo
789 646 1009 702 desidiae
1044 648 1236 702 morbo
1265 647 1462 701 notari.
1493 645 1606 702 Non
1651 646 1831 713 itaque
1859 645 1980 700 volo

321 722 330 726 ⁵
387 749 446 792 ιιι
478 740 591 793 haec
623 739 675 793 in
708 750 761 794 te
800 739 1089 795 laudabilis
1128 741 1229 795 zeli
1269 739 1482 796 flamma
1524 739 1818 802 deferveat,
1868 752 1981 791 ser-

387 841 512 884 Vato
543 839 745 897 tamen,
779 840 837 888 ut
867 832 1266 886 indiscretiouis
1303 846 1608 893 excessum,
1641 830 1731 884 ubi
1760 842 1982 885 necesse

387 931 490 986 est,
522 922 764 992 priorum
797 933 1008 976 tuorum
1047 925 1284 996 gravitas
1321 923 1604 992 disciplina
1652 928 1980 996 compescat.

387 1011 494 1067 Per
525 1015 667 1068 hunc
706 1014 851 1068 enim
884 1013 1078 1079 zelum,
1111 1015 1202 1084 qui
1242 1013 1294 1068 in
1339 1023 1391 1068 te
1431 1013 1613 1069 vivere
1655 1012 1834 1067 dictus
1874 1018 1980 1076 est,

390 1103 628 1157 intellexi
658 1104 802 1174 quod
830 1105 1053 1174 spiritus
1083 1104 1194 1170 ille,
1223 1105 1386 1180 210
1411 1105 1502 1174 qui
1535 1112 1610 1166 te,
1647 1114 1706 1160 ut
1729 1102 1796 1157 de
1823 1101 1984 1157 domo

391 1209 512 1248 cum
547 1194 818 1248 Abraham
849 1194 1048 1258 exires,
1082 1194 1359 1248 admonuit
1389 1191 1541 1263 (Gen.
1586 1191 1711 1261 xu),
1758 1205 1865 1250 non
1898 1205 1984 1246 re-

390 1285 574 1349 cessit,
618 1284 713 1341 sed
767 1285 875 1340 dux
918 1285 1128 1344 itineris
1176 1283 1374 1352 factus,
1428 1293 1479 1338 te
1526 1283 1830 1354 praecedere
1875 1295 1982 1338 non

393 1377 645 1431 cessavit.

463 1467 595 1521 Illud
647 1478 828 1522 tamen
878 1467 1102 1523 moleste
1147 1466 1242 1522 tuli
1293 1466 1420 1536 quia
1473 1474 1524 1520 te
1571 1479 1669 1536 pro
1713 1463 1986 1519 discendis

394 1559 779 1614 ecclesiastica:
849 1561 1137 1616 cantilenae
1199 1560 1431 1615 modulis
1481 1558 1547 1613 B.
1607 1556 1984 1620 Bartholomzei

395 1649 785 1706 monasterium
837 1649 1139 1722 ingressum
1186 1665 1306 1706 esse
1352 1649 1601 1728 cognovi.
1643 1649 1812 1708 Porro
1861 1660 1986 1705 cum

2080 468 2166 523 nis
2195 470 2280 526 lcx
2315 470 2496 524 divina
2540 471 2824 535 consistat,
2857 479 3020 540 atque
3059 485 3124 525 ex
3156 470 3240 526 his
3270 469 3512 524 omnium
3551 469 3666 522 vir,-

2081 571 2254 622 tutum
2288 561 2573 616 multitudo
2603 563 2879 632 procedat,
2919 563 2972 616 in
3004 562 3092 617 illa
3124 563 3302 617 crucis
3333 570 3515 632 parte,
3543 576 3677 630 quasi

2083 663 2240 708 terra:
2291 653 2567 722 deligitur,
2615 653 2780 719 ﬁdes,
2836 669 2956 723 qua:
3017 653 3292 723 religionis
3343 651 3683 707 Christiana:-

2081 743 2488 798 fundamentum
2538 751 2652 806 est,
2701 743 2986 814 ﬁguratur.
3031 742 3169 797 Huic
3215 742 3423 798 scilicet
3469 741 3660 796 funda—

2083 843 2264 888 mento
2312 842 2422 888 tota
2473 831 2675 887 fabrica
2722 834 2876 888 home
2918 833 3250 903 operationis
3299 831 3571 897 innititur,
3609 838 3674 884 et"

2083 931 2144 976 ut
2188 929 2335 976 stare
2378 921 2570 992 possit,
2612 922 2793 976 omnis
2833 923 3093 981 virtutum
3141 922 3503 992 spiritualium
3530 935 3668 974 nta-

2081 1013 2245 1068 china
2300 1021 2654 1069 sustentatur.
2719 1013 2868 1070 Unde
2932 1021 2986 1072 et
3035 1013 3325 1085 Apostolus
3390 1012 3683 1084 discipulis

2081 1103 2197 1158 ait:
2230 1122 2250 1154 ε
2284 1102 2415 1156 Nam
2458 1103 2562 1158 lide
2603 1105 2761 1160 statis
2802 1103 2852 1174 (1
2894 1103 3323 1178 ϐον.ινι).ιΡειι
3355 1120 3666 1175 supremum

2082 1209 2212 1250 vero
2257 1210 2450 1262 cornu,
2482 1196 2624 1266 quod
2661 1197 2873 1256 caeteris
2913 1198 3132 1260 eminet,
3164 1213 3290 1267 spes
3328 1196 3667 1268 intelligitur,

2084 1302 2189 1357 qua
2220 1299 2403 1342 noster
2431 1287 2644 1342 animus
2673 1287 2740 1342 ad
2765 1287 3094 1360 capessenda
3127 1287 3368 1343 cwleslia
3398 1301 3664 1357 provoca-

2087 1386 2194 1432 tur.
2224 1377 2316 1431 lllo
2348 1391 2474 1432 vero
2525 1377 2690 1445 ligno,
2734 1379 2876 1446 quod
2921 1379 2976 1432 in
3025 1377 3204 1432 medio
3247 1377 3482 1448 positum
3525 1375 3682 1431 binis

2087 1467 2336 1536 utrinque
2364 1467 2659 1538 porrigitur
2685 1469 2944 1534 brachiis,
2967 1469 3126 1540 211
3160 1465 3384 1524 latitudo
3413 1466 3667 1537 designa-

2087 1566 2175 1614 tur
2216 1559 2445 1629 gemina:
2486 1559 2792 1614 charitatis.
2834 1557 2947 1614 Hoc
2991 1560 3182 1614 eodem
3231 1557 3456 1614 viviﬁcze
3495 1558 3675 1612 crucis

2087 1651 2242 1720 signo
2287 1659 2520 1722 quatuor
2563 1651 2946 1725 principalium
2989 1651 3248 1706 virtutum
3298 1665 3558 1706 numerus
3595 1648 3677 1704 in-

395 1737 500 1793 hoc
529 1739 732 1810 audivi,
765 1740 836 1794 ita
869 1740 1000 1796 mihi
1034 1740 1433 1810 quodammodo
1465 1739 1639 1796 visum
1668 1749 1750 1794 eSt
1785 1733 1926 1807 quod
1951 1749 1984 1789 e
2016 1740 2059 1801 Β
2088 1743 2402 1798 dubitanter
2435 1743 2777 1813 exprimitur,
2827 1759 2893 1799 ex
2941 1744 3139 1814 quibus
3184 1742 3371 1812 utique
3417 1749 3676 1809 tanquam

396 1829 571 1884 caulis
613 1830 795 1884 ovium
841 1842 994 1885 tener
1031 1830 1312 1902 agniculus
1348 1829 1586 1886 exsilivit
1629 1836 1684 1883 et
1725 1834 1982 1883 cruentas

2087 1833 2387 1890 seminibus
2431 1835 2675 1890 omnium
2722 1836 2986 1890 virtutum
3026 1843 3240 1904 segetes
3278 1833 3676 1904 germinantur,

395 1923 504 1994 lupi
553 1923 786 1999 raptoris
833 1924 1018 1983 fauces
1064 1924 1311 1979 incurrit.
1359 1922 1494 1984 Nam
1543 1931 1599 1978 et
1647 1932 1810 1984 tunc.
1859 1916 1984 1973 cura
2081 1920 2291 1992 justitia
2339 1923 2582 1989 scilicet,
2613 1923 2895 1990 fortitudo,
2939 1926 3222 1996 prudentia
3263 1933 3426 1994 atque
3465 1933 3674 1992 tempe-

396 2011 570 2069 frater
598 2011 878 2068 Hubaldus
917 2015 1019 2069 hoc
1057 2014 1188 2072 mihi
1239 2013 1306 2070 de
1335 2022 1410 2080 te,
1453 2029 1560 2070 non
1597 2010 1739 2082 quod
1779 2006 1988 2066 scilicet

397 2103 676 2172 optabam,
705 2103 953 2159 nuntium
989 2103 1192 2169 retulit,
1224 2105 1412 2162 aderat
1441 2119 1565 2159 cum
1609 2101 1775 2158 multa
1806 2099 1988 2160 dulce-

399 2192 526 2247 diue
570 2193 886 2256 recolendas
928 2205 985 2248 et
1033 2194 1298 2264 religiosae
1343 2193 1778 2250 conversationis
1819 2191 1988 2246 hone-

400 2293 540 2338 state
573 2285 898 2354 conspicuus
923 2283 1138 2349 Petrus,
1177 2285 1344 2340 abbas
1380 2283 1716 2348 monasterii,
1743 2282 1888 2353 quod
1924 2282 1984 2336 Β.

402 2375 678 2436 Benedicti
735 2377 888 2432 titulo
941 2376 1286 2443 decoratum,
1338 2376 1392 2430 in
1439 2375 1778 2432 Salernitana
1835 2373 1989 2430 ﬂoret

405 2468 542 2521 urbe
585 2477 980 2524 constructum.
1032 2467 1131 2535 Qui
1176 2468 1305 2526 mihi
1361 2467 1601 2526 narravit
1647 2467 1772 2537 quia
1822 2481 1988 2521 vorax

405 2558 686 2614 hominum
732 2559 887 2630 lupus
924 2575 1152 2630 puerum
1202 2560 1268 2616 de
1317 2559 1516 2614 familia
1554 2558 1868 2614 monasterii
1905 2557 2017 2613 sui-

401 2651 690 2719 parvulum
733 2653 1096 2713 clandestinus
1136 2651 1386 2729 impetiit,
1417 2654 1700 2723 arpaxavit
1737 2660 1792 2708 et
1833 2651 1987 2707 abiit.

401 2741 537 2801 Post
573 2758 735 2812 quem
785 2743 1044 2800 transfixa
1089 2742 1274 2804 dolore
1313 2752 1488 2798 mater
1515 2743 1835 2815 inclamans,
1863 2742 1940 2797 ait
1972 2759 1986 2796 ε

399 2832 612 2902 Adjuro
649 2843 722 2899 te,
753 2833 948 2898 bestia,
979 2849 1076 2904 per
1110 2834 1169 2890 Β.
1210 2832 1586 2900 Benedictum,
1619 2833 1772 2909 cujus
1801 2849 1992 2894 servus

402 2935 513 2989 est,
534 2943 552 2976 ‹
579 2941 649 2980 ne
674 2925 840 2980 lilium
865 2941 1041 2982 meum
1070 2924 1298 2980 ulterius
1319 2925 1485 2992 feras,
1511 2926 1608 2982 sed
1629 2940 1754 2982 eum
1775 2925 1878 2981 sub
1899 2939 1991 2980 ce-

405 3014 624 3070 leritate
651 3016 913 3074 dimittas.
945 3035 965 3070 ι
998 3015 1116 3088 Quo
1146 3015 1303 3086 lupus
1335 3016 1541 3082 audito,
1571 3016 1718 3071 hunc
1750 3015 1989 3085 quidem,

2090 2013 2288 2068 rantia.
2320 2012 2425 2070 Per
2452 2029 2763 2084 supremum
2804 2032 3038 2086 natnque
3077 2031 3268 2079 cornu,
3300 2015 3442 2085 quod
3475 2015 3672 2070 coelum

2089 2109 2320 2171 spectat,
2351 2101 2561 2172 iustitia
2614 2103 2900 2180 ﬁguratur,
2934 2103 3076 2160 sicut
3117 2119 3184 2157 ex
3234 2103 3405 2173 ipsius
3441 2102 3676 2158 Redem-

2090 2191 2264 2261 ptoris
2310 2207 2564 2248 sermone
2613 2193 2906 2264 colligitur,
2953 2194 3044 2263 qui
3093 2209 3217 2248 cum
3265 2193 3618 2263 praemisisset
3661 2211 3676 2246 :

2098 2301 2116 2334 ‹
2148 2285 2306 2350 Quia,
2332 2283 2568 2354 Spiritus
2592 2295 2812 2342 sanctus
2833 2297 3024 2358 arguet
3054 2287 3312 2341 nmndum
3338 2287 3404 2342 de
3431 2295 3678 2355 peccato,

2091 2383 2146 2428 et
2171 2375 2237 2429 de
2254 2375 2486 2445 justitia,
2517 2384 2573 2430 et
2599 2376 2666 2430 de
2689 2376 2893 2446 judicio
2924 2376 3109 2448 (Joan.
3145 2377 3288 2448 xvi);
3320 2397 3339 2430 ι
3372 2369 3531 2448 paulo
3560 2387 3680 2448 post

2093 2464 2277 2520 intulit
2305 2484 2319 2521 :
2356 2483 2375 2518 ι
2407 2465 2484 2520 De
2506 2466 2720 2537 iustitia
2749 2483 2898 2533 vero,
2927 2469 3054 2538 quia
3091 2469 3156 2523 ad
3189 2469 3405 2526 Patrem
3436 2470 3595 2534 vado,
3625 2479 3682 2524 et

2087 2557 2200 2638 jam
2230 2573 2334 2616 non
2367 2559 2616 2615 videbitis
2655 2575 2743 2616 me
2775 2560 2985 2631 (Ibid).
3021 2580 3040 2613 ι
3084 2562 3151 2618 Et
3184 2561 3269 2618 vir
3301 2563 3518 2632 sapiens
3549 2563 3634 2625 ,ait
3663 2579 3676 2617 :

2099 2664 2120 2727 ρ
2155 2645 2372 2703 Iustitia
2420 2648 2596 2704 elevat
2636 2659 2824 2720 gentes
2864 2649 3045 2722 (Prov.
3083 2653 3219 2726 xw),
3256 2671 3273 2705 ι
3318 2668 3418 2708 nec
3459 2653 3682 2713 dubium

2096 2740 2226 2807 quin
2275 2739 2343 2794 ad
2391 2739 2612 2796 C(elum.
2663 2740 2893 2798 Inferior
2937 2749 3116 2798 autem
3160 2759 3284 2812 pars
3323 2743 3520 2805 crucis,
3561 2758 3685 2812 qua:

2095 2829 2430 2898 superiorem
2483 2831 2716 2885 sustinet
2773 2832 3002 2898 molem,
3050 2831 3417 2887 fortitudinem
3475 2834 3678 2903 signat,

2097 2935 2219 2990 qua:
2259 2919 2510 2976 videlicet
2545 2921 2726 2990 gravia
2768 2923 3046 2993 qumlibct,
3083 2935 3136 2978 et
3176 2925 3402 2979 adversa
3440 2923 3679 2994 aequani-

2099 3010 2259 3066 miter
2291 3011 2506 3070 tolerat.
2542 3013 2797 3068 Dextrum
2834 3030 2964 3071 vero
3003 3016 3182 3071 crucis
3221 3016 3504 3076 brachium
3549 3031 3679 3085 pru—

407 3124 574 3177 quem
627 3107 866 3175 ferebat,
919 3117 1107 3179 aperto
1154 3110 1402 3180 protinus
1453 3121 1549 3164 ore
1597 3107 1874 3180 deposuit;
1937 3095 2066 3166 inC
2098 3102 2337 3160 dentiam
2393 3105 2684 3175 exprimit,
2738 3121 2840 3174 qua
2899 3107 3152 3162 videlicet
3205 3107 3401 3176 injecta
3464 3105 3688 3177 maligni

408 3201 576 3256 alium
635 3218 762 3258 vero
810 3216 1040 3272 puerum
1097 3199 1414 3271 repentinus
1466 3197 1707 3265 insiluit,
1765 3212 1998 3269 eumque

409 3296 590 3352 subito
629 3296 909 3362 desecans,
951 3305 1200 3352 truncum
1235 3292 1516 3352 cadaveris
1546 3291 1773 3364 Sprevit,
1805 3289 1998 3361 praeci—

409 3401 644 3458 sumque
684 3395 847 3456 caput
893 3385 1168 3440 mordicus
1201 3382 1598 3454 apprehensum
1627 3381 1680 3435 in
1709 3394 1837 3438 suas
1865 3377 2000 3438 late-

353 3509 360 3514 -
411 3477 543 3532 bras
583 3475 834 3534 concitus
874 3473 1192 3542 asportavit.
1233 3471 1347 3546 Ego
1380 3484 1613 3542 quoque,
1642 3468 1734 3546 qui
1773 3475 1824 3523 te
1862 3466 1999 3524 iuvi-

414 3567 590 3622 sihilis
633 3549 742 3636 lupi
791 3566 951 3620 dente
993 3572 1302 3634 correptum
1350 3562 1533 3626 timeo,
1571 3561 1626 3615 in
1660 3558 1900 3629 ejusdem
1935 3556 1993 3616 S.

411 3657 475 3716 P.
506 3657 574 3714 N.
607 3656 902 3721 Benedicti,
933 3655 1086 3724 cujus
1122 3654 1348 3711 allectus
1375 3668 1434 3711 es
1465 3651 1696 3710 famulus
1723 3649 2000 3722 ereptione

415 3751 652 3807 conﬁdo.
682 3748 842 3814 Nam,
871 3763 979 3820 quo
1010 3758 1168 3817 pacto
1201 3747 1267 3802 de
1297 3760 1482 3802 eremo
1515 3743 1584 3798 ad
1611 3741 1999 3798 monasterium

415 3841 810 3908 descendisses,
837 3841 939 3896 nisi
974 3849 1025 3894 te
1053 3838 1369 3910 perniciosa:
1393 3835 1648 3898 versutia:
1674 3848 1788 3894 sua:
1815 3847 2000 3890 morsu

416 3933 646 3990 callidus
698 3932 981 3992 insidiator
1032 3929 1367 3986 attraheret?
1419 3926 1806 3984 Verumtamen
1860 3925 2003 3981 hane

415 4041 548 4097 ergo
593 4027 825 4096 primam
873 4023 1091 4093 culpam
1138 4021 1262 4077 nolo
1309 4020 1510 4076 diutius
1561 4019 1804 4090 insequi,
1850 4031 2000 4089 quae,

416 4119 561 4175 sicut
599 4117 785 4183 credo,
810 4133 920 4171 non
947 4131 1015 4172 ex
1065 4111 1431 4170 inconstantia
1467 4121 1572 4168 tute
1609 4109 1847 4167 levitatis
1872 4123 2001 4164 erus

419 4209 523 4279 pit,
546 4207 644 4264 sed
681 4223 748 4262 ex
789 4205 1074 4264 temeraria
1111 4202 1416 4274 jubentium
1461 4200 1669 4260 cautela
1701 4197 2001 4270 processit;

2096 3195 2322 3264 spiritus
2362 3195 2565 3266 jacula,
2602 3206 2862 3266 tanquam
2902 3200 3107 3253 dextra:
3145 3213 3339 3252 manus
3381 3197 3686 3268 abjectioue

2097 3284 2470 3356 propellimus,
2493 3297 2728 3358 eumque
2756 3287 2946 3344 fervidi
2977 3288 3200 3358 spiritus
3227 3287 3330 3343 telo
3357 3287 3683 3358 perfossum,

2095 3375 2281 3433 divino
2323 3379 2516 3434 muniti
2563 3379 2838 3449 presidio,
2877 3379 3095 3437 fortiter
3137 3388 3568 3448 prosternentes,
3603 3379 3685 3432 vi-

2097 3468 2284 3523 ctoriae
2314 3470 2601 3525 manubias
2630 3478 2992 3540 reportamus.
3026 3469 3130 3524 Per
3157 3471 3435 3524 sinistrum
3467 3483 3688 3538 quoque

2097 3560 2674 3629 cornutemperantia
2731 3575 2838 3614 non
2902 3559 3177 3615 immerito
3240 3559 3574 3629 designatur.
3628 3557 3688 3612 In

2097 3650 2322 3706 sinistra
2368 3650 2579 3706 scilicet
2623 3665 2787 3706 manu
2840 3652 3019 3706 minor
3063 3651 3238 3706 virtus
3277 3661 3380 3714 est,
3420 3665 3584 3720 quam
3633 3649 3688 3702 in

2101 3743 2312 3797 dextra.
2373 3743 2478 3797 Per
2533 3742 2947 3812 temperantiam
3011 3757 3142 3813 ergo
3203 3742 3418 3797 virtutis
3483 3749 3685 3796 nostra:

2099 3830 2499 3902 quodammodo
2538 3831 2705 3886 robur
2750 3831 3100 3898 attrahimus,
3137 3831 3265 3890 dum
3323 3838 3688 3902 temperanter

2100 3930 2154 3976 et
2184 3920 2426 3977 modeSte
2464 3921 2697 3976 vivimus
2725 3939 2739 3975 :
2772 3922 2897 3977 dum
2929 3937 3072 3993 sarpe
3103 3921 3334 3993 rigorem
3374 3914 3690 3976 censuram-

2101 4029 2207 4083 que
2257 4012 2485 4084 justitiae
2541 4014 2776 4083 quadam
2833 4014 3108 4083 magistra:
3168 4012 3512 4069 discretionis
3574 4020 3692 4066 arte

2101 4105 2397 4170 mollimus.
2426 4104 2566 4174 Quid
2601 4105 2796 4170 dicam,
2826 4105 2972 4175 quod
3015 4113 3072 4159 et
3115 4103 3200 4158 lex
3245 4104 3446 4159 veteris
3489 4103 3694 4158 instru-

2101 4194 2270 4251 menti
2311 4195 2363 4256 iu
2402 4194 2518 4267 ipso
2556 4209 2670 4254 Suae
2705 4195 3160 4266 promulgationis
3189 4194 3345 4249 initio
3375 4193 3691 4266 mysterium
3781 4223 3792 4228 -

418 4298 724 4371 praesertim
769 4293 913 4358 'cum
967 4295 1100 4352 mihi
1156 4291 1419 4364 praefatus
1472 4288 1748 4354 Hubaldus
1807 4287 2006 4344 dixerit
2096 4287 2210 4359 jam
2242 4286 2517 4343 redolebat
2550 4287 2749 4354 crucis,
2781 4287 2906 4342 dum
2936 4286 3208 4356 videlicet,
3237 4287 3376 4346 sicut
3410 4285 3509 4342 ista
3537 4300 3692 4339 com-

420 4391 679 4462 quoniam
728 4389 929 4450 invitus
975 4396 1140 4458 atque
1188 4399 1432 4450 coactus,
1472 4383 1562 4438 vix
1609 4383 1826 4438 tandem
1876 4379 2003 4440 huic

421 4490 696 4550 pracepto
719 4478 1084 4540 consenseris.
1115 4475 1196 4532 Ad
1235 4488 1480 4530 eremum
1506 4487 1656 4544 ergo,
1685 4470 2004 4526 charissime

425 4570 520 4634 tili,
547 4568 650 4626 sub
677 4568 824 4631 omni
854 4566 1129 4624 celeritate
1161 4573 1456 4628 revertere,
1483 4579 1551 4618 ne
1577 4563 1703 4616 dum
1734 4567 2007 4616 monaste-

425 4659 576 4722 rialis
615 4658 1033 4718 adolescentiam
1075 4665 1222 4710 tuam
1271 4653 1498 4716 latitudo
1541 4652 1798 4716 delectat,
1834 4648 2004 4708 eremi

424 4749 694 4804 districtio
742 4761 840 4818 per
881 4745 1206 4802 oblivionem
1249 4741 1623 4800 desuetudinis
1657 4740 2004 4813 quandoque,

424 4843 570 4914 quod
601 4841 767 4905 absit.
805 4850 860 4894 et
887 4840 940 4895 in
971 4839 1152 4898 odium
1185 4836 1388 4892 veniat.
1419 4834 1538 4896 illic
1578 4845 1837 4905 tropaeum
1881 4847 2008 4888 cru-

426 4933 507 4987 cis
537 4940 640 4988 tua:
671 4927 1020 4984 immobiliter
1057 4926 1182 4996 ﬁge,
1217 4923 1329 4980 illic
1362 4931 1415 4977 te
1447 4921 1606 4977 simul
1636 4936 1759 4976 cum
1788 4917 2009 4978 Christo

426 5021 730 5094 suspende,
775 5029 834 5074 ut
884 5020 938 5073 in
979 5017 1277 5080 charitate,
1327 5015 1470 5070 sicut
1512 5012 1644 5067 dicit
1686 5009 2008 5081 Aposmlus,

429 5119 703 5182 radicatus
757 5124 814 5170 et
859 5113 1139 5179 fundatus,
1177 5109 1351 5181 possis
1392 5104 1854 5176 comprehendere
1885 5117 2009 5162 cum

427 5208 681 5265 omnibus
717 5204 940 5266 sanctis,
980 5217 1101 5272 quae
1138 5201 1210 5257 sit
1253 5198 1502 5262 latitudo,
1540 5195 1838 5270 longitudo,
1881 5191 2008 5247 alti-

431 5303 593 5365 tudo,
643 5307 806 5368 atque
848 5295 1169 5367 profundum
1205 5291 1422 5363 (Ep/tes.
1455 5289 1560 5359 ιιι).
1594 5287 1724 5359 Quae
1759 5301 1892 5342 crux
1926 5294 2011 5342 est

427 5391 617 5466 procul
658 5391 821 5447 dubio
851 5387 1242 5458 Redemptoris.
1309 5385 1368 5439 ln
1429 5383 1531 5438 hac
1579 5381 1722 5437 enim
1771 5379 2010 5435 cmlestis

430 5486 606 5556 figura
634 5481 872 5542 victoriae
897 5479 1076 5534 omnis
1106 5475 1294 5546 religio
1335 5472 1646 5530 Christiana
1682 5468 2008 5539 depingitur,

434 5593 490 5635 III
522 5578 627 5631 hoc
657 5573 837 5633 vitalis
871 5570 1010 5642 signi
1048 5570 1362 5625 charactere
1398 5573 1510 5620 tota
1553 5564 1812 5618 virtutum
1847 5560 2010 5630 spiri-

437 5669 663 5726 tualium
708 5665 974 5739 perfectio
1011 5664 1344 5736 designatur.
1377 5658 1510 5720 Nam
1552 5673 1675 5722 cum
1708 5658 1761 5713 in
1797 5655 1882 5713 his
1913 5655 2010 5712 tri-

2103 4376 2346 4448 pingitur
2384 4376 2582 4449 lignis,
2622 4377 2694 4432 ita
2746 4377 3100 4434 nihilominus
3145 4386 3201 4434 et
3248 4377 3336 4432 illa
3389 4376 3553 4448 digito
3597 4373 3694 4430 Dei

2109 4469 2340 4538 geminis
2386 4477 2612 4524 exarata
2659 4479 2917 4524 noscatur
2967 4470 3020 4532 in
3063 4469 3278 4528 tabulis.
3325 4471 3390 4526 Et
3425 4471 3552 4538 quia
3596 4468 3694 4524 des

2110 4561 2296 4618 uarius
2326 4575 2586 4616 numerus
2613 4575 2710 4634 per
2746 4559 2793 4616 Χ
2830 4560 3094 4626 litteram,
3115 4576 3237 4630 qua:
3273 4561 3486 4632 signum
3515 4559 3694 4615 crucis

2111 4657 2486 4726 repraesentat,
2510 4649 2866 4726 exprimitur;
2899 4650 2984 4704 lex
3016 4660 3197 4705 autem
3238 4665 3336 4720 per
3366 4649 3693 4719 Decalogum

2112 4740 2237 4795 data
2283 4737 2453 4794 fuisse
2495 4753 2602 4798 non
2645 4739 2943 4806 dubitatur,
2973 4740 3316 4812 perspicuum
3345 4749 3428 4795 est
3457 4740 3598 4812 quod
3639 4747 3694 4793 et

2110 4828 2196 4888 lex
2240 4827 2352 4894 il'a,
2381 4828 2508 4883 licet
2557 4827 2790 4893 occulte,
2816 4828 3110 4884 salutifera
3137 4829 3315 4884 crucis
3343 4828 3396 4883 in
3426 4843 3484 4881 se
3513 4842 3696 4881 sacra-

2113 4928 2294 4979 menta
2321 4919 2620 4984 continuit;
2661 4918 2803 4987 quod
2849 4918 3190 4989 postmodum
3231 4916 3568 4973 coruscaudo
3598 4931 3697 4985 per

2112 5012 2372 5074 mundum
2408 5009 2729 5081 evangelicae
2763 5010 2953 5080 gratiae
2979 5009 3200 5072 claritas
3231 5007 3507 5063 revelavit.
3543 5006 3696 5062 Unde

2111 5114 2167 5161 et
2211 5119 2307 5176 per
2351 5103 2671 5160 Zachariam
2721 5102 2920 5158 dicitur
2951 5119 2964 5156 :
3000 5119 3018 5152 ι
3054 5100 3112 5156 ln
3151 5100 3238 5156 die
3268 5099 3358 5154 illa
3388 5099 3512 5166 erit,
3548 5099 3695 5169 quod

2112 5210 2276 5264 super
2320 5193 2530 5252 frenum
2568 5193 2693 5262 equi
2722 5201 2827 5260 est,
2869 5200 3115 5248 sanctum
3156 5189 3386 5250 Domino
3414 5189 3698 5246 vocabitur

2117 5283 2304 5358 (Zaclt.
2347 5286 2482 5354 XIV).
2519 5304 2538 5342 ι
2581 5283 2818 5344 Frenum
2865 5281 2990 5350 equi
3033 5290 3280 5335 sanctum
3322 5287 3407 5334 est
3454 5278 3699 5349 Evange-

2114 5376 2279 5440 lium,
2317 5377 2461 5447 quod
2503 5376 2688 5444 utique
2735 5373 2970 5429 carnalis
3013 5373 3267 5431 desiderii
3309 5371 3534 5434 infrenis
3571 5371 3699 5443 equi

2114 5466 2332 5523 cohibet
2376 5467 2695 5538 appetitum.
2735 5465 2910 5534 Super
2965 5479 3098 5536 ergo
3148 5464 3361 5522 frenum
3413 5480 3546 5520 crux
3591 5472 3698 5528 est.

2115 5560 2242 5630 quia
2289 5557 2547 5630 quidquid
2596 5573 2691 5627 per
2733 5556 3042 5628 evangelica
3085 5556 3340 5614 mandata
3386 5557 3699 5636 praecipitur

2117 5651 2184 5708 ad
2231 5664 2447 5708 crucem
2479 5651 2664 5724 procul
2694 5650 2891 5718 dubio,
2924 5650 3037 5724 ipso
3083 5650 3312 5710 Domino
3364 5650 3697 5724 perbibi:th
