4024 6198
363 262 466 321 ΑΟἿ

874 263 932 317 S.
978 262 1181 318 PETRI
1222 264 1510 320 DAMIANI
1546 264 1698 321 OPP.
1740 262 1922 320 PARS
1960 261 2091 318 SEU
2146 262 2384 321 TOMUS
2422 262 2462 319 I.
2505 293 2574 304 —
2612 262 2831 320 EPIST.
2872 263 3002 319 LIB.
3043 262 3175 319 VIII.

3531 259 3636 317 ‘08

363 376 461 446 1].,
490 373 743 448 pertinet]
771 390 785 428 :
832 394 850 427 ι
883 375 984 442 Qui
1033 376 1162 439 vult,
1197 376 1395 448 inquit,
1429 377 1617 431 venire
1662 385 1784 446 post
1833 391 1941 441 me,
1974 380 2019 439 Α
2048 376 2311 433 calicibus
2340 376 2655 447 epotandis?
2689 396 2707 428 ι
2741 375 2927 449 (Prov.
2958 378 3139 449 xxm.)
3167 376 3301 431 Nam
3331 379 3375 433 si
3413 378 3519 443 his,
3545 378 3637 447 qui

371 466 597 538 abneget
626 466 998 535 semetipsum,
1024 475 1079 521 et
1126 466 1277 520 tollat
1316 482 1532 522 crucem
1566 482 1719 522 suam
1772 468 1951 538 quoti-

370 557 477 621 die,
505 564 560 611 et
589 563 851 626 sequatur
878 572 964 611 me
993 556 1146 626 (Luc.
1174 558 1276 626 tx).
1308 577 1327 609 ι
1371 557 1503 625 Quae
1533 558 1785 613 nimirum
1818 573 1952 613 crux

367 655 619 701 sanctum
651 646 879 701 Domino
919 644 1042 717 jure
1072 656 1321 711 vocatur,
1351 647 1476 717 quia
1506 663 1604 717 per
1630 663 1750 702 eam
1797 663 1952 702 mun-

371 736 492 800 dus,
516 736 606 805 qui
657 736 792 789 adeo
842 734 1161 804 profanatus
1189 734 1395 800 fuerat,
1441 736 1797 792 benedicitur.
1844 736 1952 792 Sed

368 827 493 895 quia
519 826 786 896 prolixius
813 827 938 883 alibi
964 827 1033 882 de
1062 836 1252 883 sancta
1279 844 1344 883 ac
1368 828 1603 898 pretiosa
1630 843 1794 884 cruce
1819 844 1951 883 con-

370 920 711 988 scripsimus,
740 934 807 975 ne
852 919 1103 977 fortassis
1133 922 1320 977 eadem
1358 921 1447 977 hic
1478 922 1755 991 contingat
1791 923 1953 977 obre—

369 1024 517 1080 pere,
551 1010 654 1064 ista
684 1010 949 1066 duntaxat
976 1012 1029 1066 in
1061 1011 1163 1067 hoc
1191 1012 1472 1082 epistulari
1502 1012 1823 1083 compendio
1856 1011 1955 1067 sub

282 1102 285 1105 ’
366 1099 651 1155 celeritate
680 1100 935 1167 decursa,
966 1101 1212 1158 sufﬁcere
1239 1102 1572 1172 iudicamus.

446 1188 561 1245 Hoc
602 1191 727 1247 vitae
777 1201 881 1247 tuae
928 1194 1160 1263 signum,
1219 1194 1291 1248 ﬁli
1338 1172 1678 1256 charissime,
1718 1192 1859 1247 sicut
1900 1191 1955 1246 in

366 1279 551 1337 fronte
580 1280 846 1353 depingis,
878 1282 952 1337 ita
985 1282 1337 1339 nihilominus
1358 1283 1544 1353 cordis
1573 1282 1649 1337 tui
1682 1281 1960 1336 liminibus

370 1375 651 1443 imprime;
684 1375 830 1445 quod
859 1375 1002 1431 ultor
1028 1377 1252 1448 angelus
1279 1392 1533 1444 cernens,
1565 1378 1683 1432 sine
1724 1384 1817 1430 tua
1849 1390 1956 1431 non

377 1466 555 1520 tardet
593 1466 813 1523 laesione
865 1468 1097 1525 transire
1134 1468 1334 1541 (Exod.
1370 1469 1492 1539 xu).
1535 1469 1660 1525 Haec
1686 1468 1959 1539 phylacte-

376 1554 454 1608 ria
486 1571 596 1625 pra:
625 1556 797 1611 oculis
824 1557 928 1612 tuis
954 1558 1071 1613 sine
1097 1559 1403 1613 cessatione
1432 1558 1801 1629 dependeant;
1845 1558 1960 1613 haec

371 1643 624 1715 stigmata
659 1661 857 1716 corpus
893 1656 1043 1702 tuum
1080 1645 1339 1719 undique,
1370 1649 1515 1704 sicut
1559 1649 1849 1719 Apostolus
1890 1647 1959 1703 de

2054 469 2104 522 in
2135 470 2261 525 vino
2302 478 2603 534 morantur,
2634 484 2738 534 vze,
2773 484 2893 539 quae
2938 468 3192 523 nimirum
3236 468 3641 527 lamentationis

2050 568 2132 613 est
2157 574 2282 622 vox,
2325 559 2662 625 intentatur;
2710 575 2904 629 aquam
2950 576 3049 631 pro
3094 561 3188 616 Dei
3227 576 3411 617 amore
3449 562 3639 617 biben-

2052 647 2196 702 tibus
2222 647 2476 718 gaudium
2498 648 2700 718 absque
2723 647 2830 702 ulla
2856 649 3131 703 dubietate
3157 651 3513 719 promittitur.
3539 650 3640 708 Ubi

2052 736 2229 791 adhuc
2276 744 2402 807 apte
2449 736 2828 809 snbjungitur:
2882 757 2901 790 ι
2955 737 3069 792 Non
3126 739 3388 795 intuearis
3431 742 3641 796 vinum.

2052 828 2270 898 quando
2298 827 2560 895 ﬂavescit,
2586 844 2708 884 cum
2739 829 3069 900 splenduerit
3093 831 3143 885 in
3166 830 3309 886 vitro
3334 832 3483 887 color
3506 830 3641 900 ejus,

2055 918 2375 989 ingreditur,
2426 920 2642 987 blande,
2691 922 2785 979 sed
2836 923 2889 977 in
2931 924 3228 979 novissimo
3266 923 3531 978 mordebit
3587 934 3648 981 ιιι

2054 1013 2296 1079 coluber,
2326 1023 2383 1069 et
2431 1015 2572 1071 sicut
2601 1015 2818 1084 regulus
2846 1033 3055 1073 venena
3086 1017 3347 1074 dili‘uudet
3374 1018 3587 1090 (lbid.).
3619 1038 3641 1072 ι

2054 1103 2241 1175 Neque
2271 1119 2371 1161 nos
2418 1105 2623 1162 idcirco
2656 1108 2723 1162 de
2762 1107 3023 1177 przedicto
3050 1108 3260 1178 liquore
3289 1109 3543 1171 dicimus,
3588 1118 3650 1164 ut

2056 1200 2362 1249 creaturam
2391 1194 2509 1259 Dei,
2540 1211 2660 1265 quae
2688 1197 2876 1266 utique
2904 1197 3045 1252 bona
3070 1208 3172 1263 est,
3202 1199 3497 1253 obscurare
3528 1207 3649 1253 ten-

2057 1292 2253 1351 temus,
2298 1285 2391 1341 sed
2438 1286 2559 1343 ideo
2589 1289 2792 1356 vinum,
2824 1306 3039 1354 carnes,
3084 1291 3246 1362 213
3278 1290 3553 1360 conjugis,
3594 1301 3653 1347 et

2057 1374 2225 1430 multa
2272 1376 2357 1432 his
2403 1378 2623 1443 similia,
2672 1381 2953 1437 monachis
3000 1384 3373 1453 postponenda
3422 1398 3654 1453 perpen-

2056 1465 2253 1532 dimus,
2307 1474 2367 1521 ut
2410 1468 2734 1526 abstinendo
2781 1486 2812 1526 a
2864 1473 3131 1528 creaturis
3176 1471 3419 1527 Creatori
3451 1473 3657 1541 arctius

2056 1559 2549 1630 placeamus..Sed
2587 1564 2676 1633 qui
2707 1580 2903 1635 aquam
2936 1565 3076 1630 odis,
3120 1564 3234 1635 ipsa
3268 1574 3320 1621 te
3348 1565 3493 1620 velut
3517 1566 3657 1620 vivze

2060 1650 2211 1706 vocis
2244 1652 2548 1709 invectione
2576 1655 2883 1720 conveniat,
2910 1664 2965 1710 et
2994 1656 3265 1725 ingratum
3300 1665 3353 1712 te
3395 1657 3506 1711 suis
3534 1670 3659 1711 esse

374 1748 436 1789 se
466 1745 716 1802 testatur,
749 1738 970 1793 innrant
1003 1757 1018 1793 :
1055 1758 1073 1791 ι
1107 1739 1241 1810 Ego,
1282 1740 1491 1811 inquit,
1538 1742 1790 1810 stigmata
1835 1738 1962 1795 Jesu
1994 1726 2036 1785 Β
2065 1738 2361 1802 beneficiis,
2392 1743 2624 1813 propriae
2649 1744 2966 1800 assertionis
2996 1744 3317 1815 allegatione
3346 1745 3654 1799 convincat.

374 1826 430 1881 in
463 1843 694 1898 corpore
736 1844 859 1884 meo
895 1840 1053 1900 porto
1091 1830 1233 1901 (Gal.
1276 1832 1372 1899 vr).
1404 1850 1422 1883 ι
1465 1830 1626 1900 212
1658 1830 1866 1900 Frange
1884 1828 1969 1898 je-

370 1917 545 1987 juniis
590 1935 809 1990 corpus,
842 1922 1081 1991 propriis
1111 1921 1478 1976 voluntatibus
1514 1921 1748 1985 abstine,
1779 1920 1970 1975 alienat

376 2020 431 2066 te
468 2009 734 2080 jussionis
776 2012 1003 2081 imperio
1046 2012 1452 2082 promptissima
1511 2011 1799 2066 devotione
1846 2009 1971 2064 sub.

376 2109 581 2167 sterne,
616 2101 862 2172 procacis
900 2100 1095 2170 lingua:
1129 2100 1455 2170 petulantias
1490 2101 1733 2156 modesta
1768 2098 1971 2154 silentii

378 2206 607 2245 censura
666 2192 950 2256 cohibeat,
991 2191 1167 2260 jocosi
1222 2192 1488 2247 sermonis
1541 2191 1808 2247 lenocinia
1859 2203 1967 2243 non

380 2288 694 2349 erumpant,
719 2281 890 2338 illices
916 2282 1214 2337 carnalium
1243 2283 1554 2353 passionum
1586 2291 1764 2337 motus
1791 2279 1976 2335 distri-

378 2380 481 2426 cta:
518 2371 870 2429 continentiae
910 2374 1057 2445 rigor
1102 2374 1300 2439 elidat,
1341 2383 1400 2428 ut
1444 2373 1537 2444 qui
1577 2386 1722 2428 nunc
1758 2371 1975 2427 Christo

379 2472 577 2531 sponte
598 2464 977 2529 commoreris,
1005 2475 1210 2534 quanto
1236 2464 1451 2536 gravior
1479 2479 1611 2519 crux
1637 2462 1756 2532 ejus
1786 2464 1840 2517 in
1885 2474 1974 2517 tua

382 2553 800 2608 conversatione
843 2554 1198 2624 conspicitur,
1231 2564 1382 2610 tanto
1421 2555 1517 2610 tibi
1548 2554 1762 2625 plenior
1793 2569 1976 2609 resur-

386 2641 647 2697 rectionis
676 2641 795 2712 ejus
820 2643 992 2713 gloria
1019 2644 1349 2699 cumuletur.

916 2752 1251 2810 EPISTOLA
1290 2752 1481 2809 XXIII.

788 2862 857 2899 AD
896 2861 1227 2902 θυιιιεωιωι
1267 2862 1577 2903 ιιοΜειςυκ.

384 2933 785 2990 Anconsxwu.
826 2966 896 2977 --
934 2937 1278 3004 Monachum,
1306 2942 1396 3009 qui
1441 2955 1507 2994 ex
1540 2940 1872 2997 monasterio
1913 2940 1981 2995 ad

457 3020 697 3078 eremum
729 3022 791 3063 se
811 3016 1093 3063 venturum
1139 3010 1410 3078 pollicitus
1453 3025 1567 3064 rem
1604 3011 1659 3065 in
1686 3011 1800 3065 dies
1829 3010 1981 3066 dilfe-

2144 1830 2282 1901 Age,
2337 1832 2534 1902 inquit,
2576 1832 2716 1889 bone
2759 1834 2863 1899 vir,
2909 1850 3008 1890 cur
3057 1849 3143 1889 me
3177 1834 3320 1890 elato
3368 1833 3660 1906 supercilio

2072 1919 2346 1990 despicis?
2373 1936 2470 1975 cur
2502 1936 2588 1976 me
2612 1925 2972 1989 exsecrando,
3016 1924 3427 1989 stomachando,
3456 1938 3654 1995 rugosa

2074 2008 2250 2063 fronte
2276 2008 2529 2065 fastidis?
2548 2027 2649 2066 cur
2685 2026 2771 2066 me
2802 2022 3083 2081 tantopere
3109 2029 3137 2067 a
3166 2020 3255 2067 tua
3280 2014 3539 2069 societate
3566 2029 3658 2069 re-

2071 2097 2266 2168 pellis?
2287 2099 2343 2153 Si
2373 2100 2424 2152 id
2443 2100 2509 2153 de
2538 2109 2592 2155 te
2620 2115 2854 2166 mereor,
2879 2116 2986 2156 non
3012 2103 3226 2165 resisto,
3244 2118 3349 2156 non
3380 2110 3658 2169 torqueor,

2073 2190 2339 2258 siquidem
2365 2190 2512 2261 juste
2552 2191 2693 2246 hanc
2733 2192 3113 2247 contumeliam
3141 2194 3316 2263 patior
3346 2210 3362 2245 :
3394 2193 3663 2262 responde

2074 2279 2205 2335 mihi
2234 2280 2362 2349 quid
2395 2296 2495 2349 ego
2531 2279 2624 2335 tibi
2649 2297 2895 2349 unquam,
2922 2281 3046 2337 mali
3078 2281 3216 2347 feci,
3239 2282 3351 2338 imo
3376 2283 3503 2352 quid
3532 2283 3661 2336 boni

2074 2385 2181 2423 non
2228 2369 2472 2424 contuli?
2516 2370 2629 2440 Ego
2660 2371 2914 2426 nimirum
2944 2381 3001 2427 te
3032 2388 3131 2443 per
3183 2373 3440 2427 virtutem
3483 2372 3662 2427 sancti

2075 2458 2332 2530 Spiritus,
2374 2460 2465 2529 qui
2502 2476 2589 2516 me
2636 2470 3073 2527 consecraverat,
3122 2462 3189 2516 de
3237 2477 3394 2517 servo
3437 2461 3663 2527 diaboli,

2076 2550 2192 2605 ﬁeri
2220 2550 2322 2606 feci
2372 2551 2539 2605 filium
2570 2551 2685 2607 Dei.
2718 2552 2828 2622 Ego
2861 2563 2913 2607 te
2955 2554 3021 2607 de
3055 2568 3371 2623 possessore
3402 2553 3666 2623 gehennae

2076 2642 2306 2713 produxi
2349 2642 2502 2712 regni
2528 2642 2767 2699 cmlestis
2805 2643 3105 2708 haeredem,
3140 2643 3205 2699 de
3228 2643 3419 2698 colono
3441 2641 3663 2705 inferni,

2078 2735 2251 2790 civem
2306 2733 2513 2788 reddidi
2554 2732 2822 2804 paradisi;
2876 2735 2942 2789 de
2971 2733 3251 2788 tenebrosa
3298 2732 3494 2802 stipula
3523 2732 3667 2801 ignis

2078 2824 2291 2890 aeterni,
2319 2838 2471 2880 novat
2510 2823 2698 2894 gratiae
2743 2823 2925 2878 lumen
2956 2824 3198 2879 exhibui.
3233 2841 3252 2875 ί
3298 2820 3478 2876 Eratis
3516 2819 3668 2875 enim

2080 2916 2369 2986 aliquando
2417 2916 2697 2981 tenebrae,
2757 2930 2901 2971 nunc
2953 2924 3131 2970 autem
3182 2916 3273 2969 lux
3320 2914 3374 2969 in
3435 2914 3670 2968 Domino

2083 3007 2299 3080 (Ephes.
2335 3006 2411 3077 v).
2451 3025 2471 3059 ι
2531 3006 2607 3061 De
2650 3018 2781 3060 vase
2836 3006 2932 3061 im
2985 3006 3264 3076 composui
3312 3020 3406 3059 vas
3454 3004 3671 3058 miseri-

459 3077 645 3138 rebat;
695 3089 979 3201 praeterea,
1027 3074 1170 3149 quod
1216 3080 1325 3134 vini
1375 3082 1520 3150 potui
1567 3081 1878 3135 renuntiare
1924 3089 1977 3135 et

462 3160 659 3201 auitam
734 3148 881 3201 ibere
913 3165 1017 3201 non
1047 3149 1181 3201 satis
1206 3166 1361 3201 manu
1387 3152 1569 3201 animo
1597 3162 1827 3201 poterat.
1861 3160 1977 3201 tan-

2086 3074 2305 3153 cordite.
2354 3074 2466 3166 Ego
2521 3106 2576 3152 te
2604 3104 2816 3151 vetusta
2860 3074 3225 3151 damnationis
3250 3094 3430 3149 tunica
3460 3093 3585 3148 exui
3611 3101 3675 3148 et

462 3160 659 3215 aquam
692 3148 881 3221 bibere
913 3165 1017 3221 non
1046 3148 1181 3221 satis
1206 3166 1361 3219 aequo
1377 3148 1569 3205 animo
1597 3162 1827 3221 poterat,
1861 3160 1981 3204 tan-

459 3231 621 3285 quam
650 3218 811 3271 niuiis
834 3219 1048 3291 mollem
1076 3218 1628 3291 Ieniteriperslrit-git',
1656 3230 1711 3275 et
1734 3222 1981 3291 apposita

464 3301 620 3359 aquae
657 3290 1071 3358 prosopopteia,
1108 3306 1212 3359 qua
1260 3290 1419 3359 hujus
1460 3290 1710 3345 elementi
1748 3290 1859 3345 tum
1901 3292 1983 3345 di-

460 3357 641 3429 gnitas
687 3357 1004 3429 summaque
1034 3359 1086 3414 in
1127 3357 1379 3416 homines
1417 3360 1638 3426 utilitas,
1676 3370 1789 3415 tum
1818 3361 1983 3415 etiam

462 3427 693 3501 plurima
736 3430 843 3482 vini
879 3427 1077 3501 damna
1107 3440 1499 3501 proponuntur,
1537 3447 1643 3486 nun
1687 3431 1986 3486 abhorren-

462 3498 585 3570 daui
625 3497 742 3566 ejus
770 3514 891 3555 esse
930 3497 1522 3569 potionem'concludit.
1570 3502 1808 3570 Denique
1850 3501 1987 3556 ditii-

461 3567 690 3622 cultatcs
718 3584 905 3623 omnes
936 3567 1055 3624 sese
1086 3572 1137 3624 in
1164 3571 1251 3625 via
1280 3572 1503 3641 spiritus
1528 3567 1864 3641 objicientes,
1896 3571 1982 3635 iis,

459 3640 873 3763 quainpraacipit
916 3641 1227 3710 Apostolus,
1277 3643 1445 3697 armis
1483 3640 1815 3712 superandas
1866 3656 1987 3696 esse

462 3724 562 3763 ioc
623 3748 638 3762 .

462 3724 638 3764 ιῑοοθι.

466 3825 825 3882 Dilectissimo
871 3826 1026 3881 fratri
1066 3826 1390 3893 GUILtsLuo,
1422 3825 1638 3883 Pernus
1670 3834 1986 3896 perpetuam

396 3916 721 3971 charitatem
749 3917 802 3971 in
833 3915 1070 3972 Christo.

465 4005 652 4072 Miror,
693 4005 1039 4061 dilectissime
1082 4007 1273 4070 frater,
1303 4021 1403 4062 cur
1440 4007 1507 4061 ad
1534 4022 1801 4071 ercmum,
1845 4006 1990 4062 sicut

393 4097 743 4167 promiseras,
776 4110 881 4150 non
922 4096 1139 4162 venisti,
1178 4096 1289 4151 imo
1316 4096 1459 4170 quod
1490 4112 1700 4152 mecum
1746 4112 1852 4151 non
1893 4112 1990 4167 per

394 4190 668 4253 nuntium,
709 4190 803 4244 sed
856 4203 955 4259 per
1003 4190 1347 4258 sponsionem
1392 4189 1626 4258 propriae
1678 4187 1801 4245 ﬁdei
1841 4188 1991 4259 pepi-

395 4295 575 4350 geras,
616 4295 722 4333 non
754 4277 1010 4348 implesti.
1043 4277 1161 4341 Dic,
1191 4292 1341 4348 rogo,
1368 4278 1458 4346 qui
1501 4285 1552 4332 te
1597 4276 1664 4338 ab
1692 4276 1861 4332 eremi
1900 4291 1992 4329 au-

396 4371 645 4426 steritate
682 4369 983 4425 deterruit?
1026 4368 1137 4423 Cur
1183 4368 1422 4422 animum
1470 4368 1746 4423 bellatoris
1789 4366 1993 4428 Christi

396 4473 579 4517 terror
607 4462 841 4533 degener
867 4460 1195 4533 occupavit?
1241 4458 1492 4530 Nunquid
1530 4458 1640 4513 vini
1671 4472 1832 4528 sapor
1869 4473 1988 4513 mu-

397 4559 551 4615 liebri
573 4558 829 4612 blanditia
853 4558 1082 4627 rigidum
1106 4558 1352 4622 militem,
1378 4558 1519 4611 intra
1539 4556 1731 4611 domus
1751 4555 1987 4610 claustra

400 4652 653 4717 retinuit;
704 4660 761 4706 et
797 4651 909 4721 jam
953 4651 1244 4723 galeatum,
1291 4649 1404 4720 jam
1446 4651 1613 4704 armis
1659 4648 1987 4710 accinctum,

394 4742 509 4811 jam
556 4754 749 4809 magna
798 4741 1116 4809 spirantem,
1148 4741 1298 4795 exire
1328 4738 1397 4794 ad
1438 4739 1681 4808 praelium
1714 4752 1819 4791 non
1860 4750 1989 4806 per—

402 4832 595 4887 misit?
642 4831 749 4885 Sed
800 4831 943 4885 beu!
1000 4831 1123 4901 quis
1170 4830 1344 4900 pudor
1380 4838 1614 4884 mentem
1666 4826 1843 4882 mollis
1888 4824 1991 4880 viri

402 4925 564 4995 hujus
612 4924 851 4989 invadet,
883 4924 1003 4991 quis
1032 4923 1368 4977 verecundiae
1400 4922 1568 4977 rubor
1596 4920 1713 4990 ejus
1746 4934 1841 4974 ora
1870 4933 1995 4988 per-

403 5016 632 5081 fundet,
687 5030 809 5070 cum
858 5013 1053 5069 viderit
1093 5013 1227 5069 alios
1270 5012 1466 5082 opimis
1512 5019 1734 5066 onustos
1777 5008 1996 5080 spoliis,

404 5111 640 5166 victores
667 5109 735 5165 de
766 5109 907 5164 bello
932 5108 1144 5171 reverti,
1176 5115 1231 5163 et
1255 5105 1487 5176 copiosis
1518 5104 1713 5159 ditatos
1737 5102 1997 5172 praemiis,

406 5210 532 5272 post
562 5200 889 5270 triumphum
922 5214 1042 5255 cum
1084 5207 1232 5253 tanta
1276 5196 1445 5267 gloria
1478 5194 1772 5250 coronari?
1797 5192 1995 5260 Quanti

410 5291 539 5347 huic
572 5293 841 5348 constabit
876 5292 1145 5345 modicum
1183 5290 1388 5351 vinum,
1434 5287 1525 5357 qui
1571 5286 1673 5341 sibi
1722 5294 1801 5339 tot
1851 5284 1996 5339 votis

411 5384 619 5455 optabit
654 5385 895 5438 hausisse
934 5379 1243 5435 venenum?
1275 5379 1414 5433 Audi
1461 5377 1590 5447 quid
1637 5376 1853 5445 sapiens
1895 5372 1996 5428 Sa-

415 5474 596 5528 lomon
640 5473 827 5526 dicat:
866 5488 885 5523 (
919 5469 1015 5525 Cui
1044 5469 1159 5524 vae?
1203 5468 1355 5538 cujus
1398 5466 1538 5538 patri
1565 5465 1678 5519 vat?
1717 5464 1801 5519 cui
1830 5461 1998 5517 rixaz?

417 5565 503 5619 cui
535 5563 742 5618 fovete?
765 5562 848 5617 cui
879 5563 997 5618 sine
1020 5577 1181 5617 causa
1211 5561 1476 5615 vulnera?
1504 5559 1590 5614 cui
1614 5555 1837 5613 suﬂ‘usio
1864 5570 1996 5610 ocu-

418 5656 630 5713 lorum?
659 5669 838 5713 nonne
883 5655 967 5711 bis
1016 5654 1106 5725 qui
1148 5660 1430 5708 morantur
1455 5650 1508 5705 in
1540 5650 1665 5707 vino
1689 5657 1745 5706 et
1781 5647 1999 5705 student

2086 3190 2211 3241 novi
2258 3187 2493 3242 hominis
2534 3186 2652 3242 luce
2693 3186 2908 3241 vestivi.
2963 3185 3075 3257 Ego
3106 3194 3159 3239 te
3185 3184 3403 3240 vinculo
3429 3185 3674 3254 antiquae

2085 3277 2551 3348 praevaricationis
2581 3276 2807 3341 absolvi,
2840 3286 2894 3331 et
2925 3292 3023 3346 per
3051 3291 3136 3331 me
3181 3284 3558 3345 regeneratum
3583 3274 3671 3327 di-

2085 3371 2223 3425 vinat
2264 3369 2570 3441 adoptionis
2602 3369 2726 3424 ﬁliis
2754 3368 3065 3440 aggregavi.
3102 3367 3220 3436 Ipse
3246 3366 3376 3421 mihi
3408 3366 3559 3421 testis
3586 3380 3671 3429 es,

2086 3463 2210 3534 quia
2254 3478 2377 3518 cum
2426 3470 2633 3532 septem
2681 3460 3036 3532 originalibus
3078 3460 3222 3513 vitiis
3254 3459 3305 3512 in
3338 3472 3513 3513 memn
3546 3472 3674 3527 gre-

2088 3555 2254 3611 mium
2306 3555 2651 3620 dcscendisti,
2698 3563 2754 3610 et
2801 3570 2927 3608 mox
2976 3554 3295 3623 puriﬁcatns
3332 3562 3386 3607 et
3440 3550 3674 3616 nitidus,

2087 3644 2293 3713 absque
2343 3643 2449 3698 ulla
2503 3657 2726 3713 prorsus
2782 3640 2991 3712 peccati
3034 3642 3353 3711 contagione
3395 3641 3673 3711 prodiisti.

2087 3734 2202 3806 Ego
2222 3744 2274 3789 te
2300 3734 2576 3789 sordidum
2602 3734 2935 3803 fetidumque
2971 3732 3268 3803 reperiens,
3300 3748 3405 3787 non
3429 3732 3674 3786 dubitavi

2089 3825 2325 3879 animam
2373 3823 2535 3879 simul
2581 3832 2638 3879 et
2691 3838 2888 3894 corpus
2936 3821 3190 3887 abluere;
3228 3830 3282 3876 et
3323 3831 3378 3876 tu
3410 3838 3497 3877 me
3526 3837 3675 3877 nunc

2090 3915 2404 3986 dedignaris
2450 3914 2641 3970 saltem
2681 3913 2840 3968 labiis
2886 3913 3163 3969 adhibere.
3214 3912 3325 3982 Ego
3378 3923 3428 3967 te
3474 3912 3678 3965 divinis

2090 4003 2230 4059 facio
2262 4005 2527 4060 interesse
2554 4003 2818 4059 conviviis
2850 4019 2864 4056 :
2896 4011 2953 4057 et
2983 4011 3038 4056 tu
3080 4016 3166 4057 me
3196 4003 3262 4057 ab
3290 4001 3542 4056 humanis
3566 4018 3673 4057 non

2090 4095 2365 4150 erubescis
2412 4093 2675 4165 projicere
2724 4094 2946 4149 mensis.
3004 4092 3156 4159 Esto,
3215 4093 3296 4148 sic
3318 4095 3675 4155 eat,caeteris
3733 4104 3749 4133 ο

2092 4186 2261 4241 rebus
2286 4201 2382 4240 sua
2404 4186 2527 4253 jura
2559 4193 2863 4247 serventur,
2895 4183 3025 4239 mihi
3052 4184 3175 4249 soli,
3206 4193 3264 4261 ut
3288 4198 3525 4247 mereor,
3548 4199 3674 4251 pm-
3735 4222 3749 4255 ε

2092 4276 2195 4348 prii
2244 4276 2489 4331 honoris,
2521 4274 2859 4345 privilegium
2927 4270 3315 4329 subtrahatur!
3366 4272 3671 4335 videlicet,

2096 4367 2222 4435 quia
2261 4365 2475 4421 caeteris
2502 4364 2785 4420 clementis
2813 4379 2932 4419 sum
2965 4363 3151 4431 junior
3172 4372 3432 4431 tempore,
3472 4364 3676 4415 idcirm

2099 4455 2329 4511 forsitan
2372 4454 2626 4509 omnibus
2654 4453 2826 4508 debeo
2848 4466 2969 4507 esse
2989 4451 3216 4507 inferior
3242 4452 3538 4521 dignitate?
3569 4452 3675 4503 Sed

2094 4548 2393 4615 interroga,
2419 4546 2667 4610 obsecro,
2696 4542 2940 4614 Moysen,
2965 4544 3217 4613 perquire
3240 4543 3294 4596 in
3315 4543 3500 4595 mundi
3526 4542 3675 4610 prin-

2093 4636 2235 4707 cipio
2267 4637 2409 4706 quod
2461 4636 2563 4691 sibi
2593 4636 2920 4692 elementum
2944 4636 3011 4689 ad
3037 4635 3386 4690 habitandum
3438 4632 3677 4701 Spiritus

2093 4736 2319 4783 sanctus
2341 4726 2586 4796 elegerit.
2620 4725 2872 4795 Nunquid
2898 4726 3137 4780 terram?
3185 4724 3429 4793 nunquid
3456 4723 3677 4776 aerem?

2095 4818 2336 4889 nunquid
2366 4818 2583 4880 ignem?
2610 4816 2797 4881 Plane,
2822 4817 2924 4872 nisi
2965 4816 3220 4882 mentior,
3254 4816 3327 4869 illi
3350 4830 3675 4883 correspon-

2098 4911 2247 4966 debit
2270 4928 2283 4962 :
2311 4930 2329 4961 ι
2349 4910 2583 4979 Spiritus
2611 4910 2701 4965 Dei
2730 4906 3004 4964 ferebatur
3026 4924 3186 4978 super
3206 4906 3541 4978 aquas(6en.
3559 4905 3618 4975 I).
3653 4927 3672 4955 ι

2098 5001 2185 5066 Et,
2214 5009 2273 5054 ut
2296 5001 2407 5069 jam
2438 5000 2505 5055 de
2553 4999 2921 5069 spiritualibus
2943 4999 3152 5063 sileam,
3181 5013 3281 5067 ego
3330 4998 3426 5052 tibi
3452 5009 3676 5065 corpus,

2098 5101 2154 5147 et
2182 5092 2501 5146 vestimenta
2534 5098 2588 5143 et
2632 5100 2850 5155 cuncta,
2899 5088 3095 5159 quibus
3138 5090 3326 5152 uteris,
3354 5086 3546 5152 abluo;
3576 5101 3679 5156 ego

2099 5183 2196 5239 tibi
2220 5198 2348 5236 arva
2379 5183 2445 5236 ad
2474 5181 2831 5252 proferendas
2874 5178 3059 5250 fruges
3100 5179 3327 5248 irrigare
3356 5193 3461 5231 non
3485 5192 3675 5241 cesso;

2100 5289 2201 5346 ego
2252 5272 2483 5344 navigiis
2534 5272 2638 5327 iter
2686 5271 3142 5341 praebeo,cuncta
3191 5278 3350 5325 terra:
3378 5266 3677 5320 animantia

2102 5380 2312 5431 recreo,
2339 5379 2500 5434 poma
2529 5376 2745 5433 quoque
2799 5370 2854 5417 et
2891 5360 3060 5425 olera,
3085 5359 3282 5428 quibus
3314 5355 3573 5419 vesceris,
3606 5354 3679 5407 ad

2102 5460 2434 5513 incrementa
2507 5454 2765 5524 perduco.
2830 5451 3009 5506 Taceo
3074 5448 3353 5512 volucres,
3411 5453 3679 5515 praetereo

2102 5552 2298 5623 pisces,
2343 5548 2432 5618 qui
2463 5546 2705 5617 quotidie
2750 5559 2849 5615 per
2888 5558 3009 5599 mea
3060 5556 3225 5612 regna
3269 5547 3587 5599 nascuntur,
3616 5543 3678 5589 et

2104 5641 2209 5700 mei
2248 5639 2380 5698 laris
2418 5652 2478 5697 se
2526 5636 2778 5695 vernulas
2834 5634 3079 5694 conﬁteri
3116 5631 3428 5690 nullatenus
3480 5626 3680 5688 erube-
