4024 6198
293 285 398 340 409

1474 299 1674 359 LIBER
1701 297 1995 366 SEXTUS,
2035 298 2248 356 EPIST.
2284 301 2471 359 XXIII.

3453 312 3558 367 ΜΟ

292 409 468 456 scunt.
505 401 636 472 Ipsae
661 404 894 477 denique
932 409 1088 476 vites,
1113 427 1271 484 quas,
1297 429 1385 471 me
1421 426 1755 487 contempto,
1785 417 1870 468 in-
1901 417 1948 472 Α
1976 413 2166 470 Graeco
2192 415 2452 471 vocabulo
2476 415 2675 472 dicitur
2697 432 2856 487 aqua,
2887 420 3130 490 profecto
3157 422 3360 496 musica
3388 429 3559 481 nostri

287 508 420 546 sana
468 497 904 567 concupiscentia
957 503 1158 575 diligis,
1203 506 1308 561 nisi
1333 523 1454 564 meo
1481 508 1750 578 adjutorio
1780 523 1872 561 ra-

288 588 486 643 dicitus
509 589 899 659 coalescerent,
922 597 1172 664 protinus
1203 601 1458 655 arefacta:
1491 601 1667 672 ignem
1691 600 1871 672 potius

286 691 574 749 pascerent
617 699 780 753 quam
845 686 1232 745 inundantibus
1295 693 1506 762 poculis
1564 693 1868 748 bibulorum

283 783 506 828 ventres
561 774 978 848 ingurgitarent.
1008 778 1113 836 Sed
1138 797 1237 837 cur
1261 798 1360 853 ego
1383 784 1435 837 in
1475 783 1729 841 brevibus
1764 785 1868 840 im-

281 865 504 919 moror?
524 866 972 938 Quandoquidem
1001 881 1057 927 et
1086 873 1200 944 ipsa
1227 882 1384 929 terra:
1406 874 1596 941 moles,
1625 876 1715 931 ubi
1739 877 1870 931 visi-

281 955 412 1010 bilia
457 973 686 1029 quaeque
734 971 1064 1030 nascuntur,
1119 965 1374 1036 adjuncto
1415 967 1547 1022 mihi
1588 970 1866 1024 consortio

280 1046 450 1111 aeris,
494 1049 629 1103 meis
679 1052 1064 1109 sustentaculis
1115 1054 1266 1110 velut
1299 1057 1595 1126 suppositis
1640 1059 1867 1129 quibus-

280 1136 404 1189 dam
437 1137 676 1202 basibus,
701 1150 754 1194 ut
779 1142 1080 1198 consistere
1097 1146 1290 1213 possit,
1313 1146 1588 1213 innititur,
1616 1164 1736 1204 mea
1756 1149 1866 1204 vir-

275 1231 398 1280 tute
421 1225 661 1281 fulcitur.
691 1228 796 1284 Sed
823 1229 952 1285 dum
988 1240 1188 1288 terram
1216 1237 1478 1303 sustineo,
1518 1254 1862 1309 nequaquam

275 1313 406 1370 itnis
431 1327 706 1387 contenta,
735 1335 868 1377 mete
896 1323 1085 1378 ditioni
1113 1325 1277 1380 etiam
1307 1328 1430 1384 cceli
1461 1329 1674 1386 culmen
1702 1347 1863 1386 usur-

273 1421 366 1476 po.
399 1406 556 1463 Sicut
585 1410 638 1465 in
676 1409 874 1468 Genesi
908 1413 1107 1483 legitur
1135 1435 1150 1471 :
1182 1435 1202 1470 ε
1237 1418 1431 1475 Divisit
1459 1436 1678 1492 quoque
1719 1423 1862 1478 Deus

273 1513 470 1568 aquas,
497 1517 620 1571 quae
646 1514 804 1559 erant
827 1504 930 1560 sub
959 1505 1320 1573 ﬁrmamento,
1354 1512 1423 1567 ab
1444 1513 1526 1568 eis
1551 1527 1672 1582 qua
1704 1521 1862 1568 erant

273 1607 444 1662 super
464 1594 872 1652 firmamentum
903 1596 1057 1669 (Gen.
1094 1601 1156 1670 ι).
1195 1620 1214 1653 ι
1248 1601 1440 1657 Totam
1469 1604 1634 1677 214
1662 1605 1862 1676 quippe

273 1695 480 1740 terram
523 1686 761 1743 caalestis
810 1688 950 1760 ignis
991 1699 1267 1756 exureret,
1322 1693 1427 1748 nisi
1457 1703 1643 1750 noster
1672 1695 1861 1750 mador

1972 507 2208 562 nominis
2234 508 2390 563 titulo
2413 510 2653 564 cernitur
2679 509 2951 580 insignita.

2041 593 2151 650 Nec
2176 596 2341 651 etiam
2374 598 2487 667 ipse
2511 607 2700 654 auctor
2721 598 3055 671 Pythagoras
3085 618 3115 657 a
3146 614 3326 659 nostra
3359 607 3562 662 disser-

1968 685 2116 740 tione
2153 686 2447 753 discordat,
2477 689 2568 758 qni
2618 689 2891 754 videlicet,
2942 700 3001 746 ut
3048 692 3208 762 hujus
3258 695 3557 766 discipiiuze

1967 773 2236 831 inveniret
2262 777 2424 840 viam,
2450 779 2730 835 acetabula
2753 781 2998 849 quaedam
3027 783 3094 837 ad
3116 798 3378 852 aquarum
3407 802 3558 842 men-

1966 879 2148 921 suram
2175 867 2414 922 studiose
2443 870 2762 938 composuit,
2792 879 2848 926 et
2868 873 2946 926 sic
2975 872 3190 928 omne’m
3219 874 3556 932 harmonicae

1963 952 2238 1010 facultatis
2267 957 2538 1026 peritiam,
2580 972 2667 1013 me
2710 959 2868 1025 duce,
2916 976 3004 1016 me
3045 962 3294 1032 praeside,
3339 965 3556 1020 tandem

1961 1044 2256 1102 efﬁcaciter
2301 1047 2408 1102 voti
2457 1063 2679 1118 compos
2724 1049 3022 1116 adinvenit,
3071 1051 3339 1121 hodieque
3384 1053 3553 1108 etiam

1963 1138 2222 1209 quidquid
2257 1139 2311 1193 in
2338 1139 2697 1214 hydraulicis,
2727 1141 2988 1212 quidquid
3033 1143 3088 1196 in
3117 1145 3336 1214 organis
3375 1145 3559 1198 suavi‘

1963 1236 2048 1283 ter
2073 1228 2399 1296 modulatur,
2445 1245 2563 1285 mea
2597 1232 2951 1287 nihilominus
2980 1233 3180 1289 virtute
3210 1233 3450 1289 fulcitur.
3487 1235 3556 1290 Et

1961 1333 2021 1377 ut
2047 1321 2159 1391 jam
2187 1323 2703 1381 excellentissimum
2743 1342 2879 1381 meae
2911 1328 3188 1398 dignitatis
3216 1329 3555 1401 privilegium

1961 1411 2216 1480 pandam,
2246 1426 2509 1481 suspenso
2545 1413 2601 1469 in
2627 1429 2792 1470 cruce
2817 1417 3063 1483 Domino,
3093 1434 3160 1473 ex
3191 1420 3309 1488 ipso
3339 1418 3559 1475 Creato-

1961 1501 2038 1556 ris
2063 1503 2169 1555 mei
2195 1501 2364 1557 latere
2388 1504 2560 1574 prodii
2579 1505 2759 1575 (Joan.
2782 1508 2897 1577 xix)
2929 1525 2942 1561 :
2966 1519 3022 1562 et
3040 1524 3255 1564 omnem
3281 1519 3550 1575 terrarum

1960 1595 2149 1646 orbem
2182 1599 2459 1662 totumque
2501 1609 2705 1660 acrem,
2752 1596 2960 1653 sociato
2990 1598 3122 1653 mihi
3155 1599 3556 1668 pretiosissimo

1961 1682 2080 1753 ejus
2105 1687 2367 1757 sanguine
2406 1689 2743 1744 consecravi.
2776 1689 2912 1746 Hinc
2939 1700 3024 1746 est
3055 1692 3199 1746 enim
3228 1692 3370 1761 quod
3393 1691 3558 1747 Joan-

269 1773 511 1830 iucendii
541 1776 687 1831 vires
712 1753 926 1834 assidue
973 1753 1321 1850 temperaret.
1350 1783 1421 1837 At
1451 1782 1704 1849 fortasse,
1731 1784 1856 1854 quia

1966 1790 2060 1831 nes
2085 1753 2362 1845 apostolus
2406 1779 2514 1833 ait:
2551 1797 2569 1831 ι
2616 1779 2717 1835 llic
2762 1789 2848 1836 est
2890 1781 2980 1850 qui
3024 1782 3172 1837 venit
3215 1753 3313 1853 per
3357 1797 3555 1852 aquam

269 1864 536 1934 liquidam
587 1869 771 1924 cernis
820 1885 1012 1926 carere
1059 1872 1284 1938 viribus,
1321 1874 1609 1930 invalidam
1650 1875 1860 1931 credis?

269 1956 381 2011 Sed
407 1956 452 2010 si
478 1958 632 2013 vobis
661 1975 778 2014 mea
825 1960 1086 2017 fortitudo
1125 1963 1358 2031 deesset,
1411 1966 1555 2035 quis,
1608 1982 1760 2037 rogo,
1789 1967 1858 2022 ad

271 2047 528 2101 terendas
574 2046 756 2119 fruges
783 2051 969 2119 gravia
1023 2052 1292 2110 molarum
1323 2069 1452 2110 saxa
1478 2056 1720 2111 rotaret?
1739 2055 1858 2110 Non

266 2145 353 2191 est
377 2152 513 2208 ergo
530 2138 700 2194 virtus
725 2143 1120 2198 contemnenda
1147 2143 1391 2214 liquoris.
1419 2161 1539 2215 quae
1561 2155 1670 2201 tam
1698 2144 1858 2202 facile

269 2236 455 2282 movet
488 2229 744 2285 duritiam
803 2229 1016 2301 lapidis,
1049 2241 1125 2297 et,
1150 2241 1209 2288 ut
1249 2249 1355 2288 non
1395 2234 1612 2304 ignores
1655 2235 1858 2289 miran-

269 2317 398 2373 dam
451 2329 664 2375 naturae
710 2335 846 2377 mere
882 2324 1200 2392 patentiam,
1237 2325 1353 2395 ipse
1389 2325 1548 2396 ignis,
1589 2327 1679 2396 qui
1724 2327 1856 2382 mihi

269 2410 462 2475 etiam,
508 2413 663 2482 juxta
693 2413 1102 2470 dialecticorum
1146 2416 1288 2472 dicta
1323 2420 1858 2475 contrariuscerni-

270 2510 384 2564 tur,
413 2515 484 2555 ex
533 2517 620 2556 me
647 2513 792 2558 certe
819 2504 1177 2574 depromitur,
1221 2516 1276 2562 ct
1300 2523 1369 2563 ex
1398 2509 1536 2564 meis
1557 2510 1857 2564 visceribus

265 2603 608 2663 procreatur.
658 2593 791 2648 Nam
830 2596 874 2651 si
924 2596 1264 2668 crystallum,
1315 2599 1460 2668 quod
1507 2600 1712 2671 absque
1747 2600 1856 2655 ulla

266 2685 569 2755 quaestione
584 2685 899 2741 obdurescit
920 2703 984 2742 ex
1008 2687 1199 2758 glacie,
1215 2690 1370 2745 radio
1392 2691 1522 2746 solis
1541 2692 1855 2762 opponitur,

269 2777 401 2832 nulli
432 2777 657 2834 dubium
696 2780 827 2850 quin
855 2796 922 2836 ex
953 2794 1018 2836 eo
1061 2783 1306 2852 protinus
1337 2784 1477 2856 ignis
1501 2785 1730 2840 oriatur.
1751 2786 1861 2842 La-

265 2867 421 2938 pides
457 2884 679 2939 quoque
727 2871 819 2940 qui
859 2871 926 2925 ad
963 2870 1267 2927 faciendam
1317 2874 1521 2930 calcem
1559 2876 1613 2930 in
1640 2877 1856 2932 camino

267 2960 480 3014 decocti
525 2970 673 3025 sunt,
715 2962 759 3015 si
795 2972 915 3032 post
953 2964 1229 3032 quodlibet
1257 2964 1473 3036 longum
1519 2975 1735 3037 tempus
1757 2983 1857 3039 ego

270 3050 518 3120 tetigero,
552 3051 820 3123 fumigare
848 3053 1008 3109 simul
1037 3063 1094 3110 et
1123 3055 1315 3110 ardere
1351 3057 1600 3125 protinus
1635 3058 1850 3122 videas;

1961 1876 2016 1921 et
2038 1870 2379 1938 sanguinem,
2407 1869 2568 1926 Jesus
2593 1871 2842 1927 Christus
2867 1873 2918 1942 (Ι
2945 1873 3106 1928 Joan.
3128 1875 3217 1946 v):
3263 1894 3282 1927 ι
3317 1886 3371 1929 et
3397 1876 3557 1945 paulo

1962 1967 2086 2028 post
2100 1960 2316 2015 s'ubdit:
2345 1979 2364 2012 ι
2397 1961 2530 2016 Tres
2555 1971 2702 2028 sunt,
2726 1965 2817 2032 qui
2845 1965 3210 2019 testimonium
3239 1964 3402 2036 215
3425 1966 3554 2020 dant

1959 2047 2016 2102 in
2043 2057 2208 2112 terra,
2227 2049 2469 2117 spiritus,
2486 2065 2625 2119 aqua
2643 2059 2699 2106 et
2719 2053 2939 2123 sanguis
2953 2051 3164 2124 (Ibid.).
3190 2073 3208 2106 ›
3227 2053 3346 2108 .lam
3367 2069 3496 2109 vero
3509 2055 3554 2109 si

1959 2146 2152 2192 cuncta
2191 2140 2439 2208 superius
2467 2141 2858 2210 comprehensa
2887 2146 3154 2208 attendas,
3191 2145 3398 2214 reliqua
3428 2160 3546 2199 om-

1960 2227 2048 2282 nia
2081 2242 2214 2282 mea:
2261 2227 2451 2282 ditioni
2495 2227 2735 2296 subjecta
2781 2231 3048 2286 elementa
3093 2233 3398 2286 considera.
3446 2232 3554 2287 Sed

1958 2315 2085 2372 dum
2125 2317 2395 2386 praeconia
2439 2333 2572 2373 meae
2613 2318 2788 2374 laudis
2818 2334 3097 2386 enumero,
3133 2322 3226 2391 qui
3266 2323 3392 2387 sim,
3422 2321 3555 2392 quid

1956 2410 2189 2475 valeam,
2217 2411 2412 2466 melius
2455 2413 2682 2467 forsitan
2721 2413 2912 2478 doceo,
2943 2415 2988 2470 si
3023 2424 3074 2469 te
3114 2417 3180 2469 ad
3212 2417 3552 2486 temetipsum

1957 2503 2180 2568 reduco,
2207 2512 2474 2573 quatenus
2501 2503 2628 2558 dum
2652 2519 2769 2559 mea
2802 2505 2856 2559 in
2897 2513 2949 2560 te
2977 2506 3245 2560 dominari
3273 2505 3395 2574 jura
3427 2522 3554 2576 per-

1958 2592 2226 2661 spexeris,
2279 2593 2347 2648 de
2397 2593 2621 2662 reliquis
2664 2595 2830 2648 etiam
2873 2593 3009 2648 meis
3053 2593 3264 2648 viribus
3305 2595 3556 2650 dubitare

1956 2697 2065 2737 non
2098 2684 2291 2752 possis.
2321 2683 2491 2754 Igitur
2516 2700 2622 2739 non
2656 2685 2873 2756 ignoras
2908 2685 3050 2754 quod
3079 2701 3145 2740 ex
3175 2696 3407 2757 quatuor
3434 2687 3549 2742 ele-

1956 2775 2156 2829 mentis
2175 2774 2290 2845 ipse
2315 2775 2586 2840 consistis,
2612 2777 2704 2830 sed
2734 2775 2859 2828 dum
2883 2790 3068 2829 eorum
3093 2776 3193 2829 tria
3227 2790 3322 2845 per
3348 2775 3556 2846 reliqua

1957 2866 2200 2934 corporis
2257 2866 2497 2920 membra
2548 2864 2868 2930 subsidunt,
2935 2865 3278 2935 omnipotens
3323 2865 3554 2921 Creator

1957 2955 2093 3012 mihi
2124 2954 2569 3011 excellentiorem
2602 2954 2944 3025 dignitatem,
2987 2963 3044 3010 et
3081 2955 3228 3010 velut
3261 2957 3554 3025 quamdam

1956 3046 2293 3117 principatus
2337 3060 2518 3100 arcem
2565 3045 2709 3100 inter
2754 3045 2858 3099 alia
2903 3045 3150 3108 contulit,
3190 3045 3315 3098 dum
3367 3060 3454 3100 me
3499 3046 3554 3100 in

266 3145 322 3192 et
366 3109 460 3207 qui
515 3109 745 3195 eatenus
789 3152 948 3197 erant
1001 3142 1204 3214 frigidi,
1248 3109 1375 3214 pos;
1410 3146 1582 3200 nostri
1613 3155 1852 3203 attactus

1962 3109 2077 3206 ipso
2135 3109 2318 3206 capite
2380 3138 2562 3191 sedem
2617 3137 2817 3194 habere
2867 3139 3168 3193 constituit.
3225 3137 3360 3194 Nam
3428 3141 3554 3194 dum

270 3226 558 3298 imperium
588 3231 657 3285 ad
682 3231 918 3288 calorem
946 3233 1236 3303 pristinum
1255 3245 1382 3291 sunt
1405 3237 1644 3292 adducti.
1661 3237 1858 3305 Quaero

269 3317 364 3374 abs
400 3334 476 3385 te,
519 3323 564 3374 si
594 3322 760 3387 nosti,
790 3322 919 3392 quid
949 3331 1033 3379 est
1061 3326 1204 3394 quod
1235 3325 1288 3380 in
1315 3325 1588 3398 plerisque
1616 3327 1856 3382 flumini-

267 3407 389 3474 bus,
417 3421 698 3467 crescente
722 3413 808 3469 vel
825 3422 1084 3484 surgente
1110 3413 1260 3480 luna,
1286 3431 1374 3470 me
1394 3417 1580 3472 videas
1608 3418 1662 3472 in
1685 3417 1855 3475 altum

268 3518 533 3566 crescere,
566 3504 848 3560 deficiente
879 3521 1005 3562 vero
1037 3509 1225 3562 eadem
1271 3507 1396 3564 luna
1426 3511 1690 3566 cessare?
1716 3510 1856 3578 Quid

269 3602 349 3647 est
376 3595 564 3658 etiam,
607 3596 652 3650 si
685 3597 964 3662 didiceris,
995 3599 1139 3668 quod
1183 3595 1361 3655 fontes
1388 3599 1442 3655 in
1491 3601 1692 3668 hieme,
1731 3618 1855 3657 cum

270 3686 444 3739 omnia
484 3701 619 3754 pene
649 3688 830 3759 algore
857 3690 1154 3761 rigescunt,
1189 3707 1278 3746 me
1306 3692 1539 3762 tepidam
1561 3701 1615 3748 et
1642 3691 1858 3750 fuman-

272 3786 397 3843 tem,
431 3781 620 3834 aestivo
645 3789 826 3836 autem
878 3793 1118 3853 tempore
1162 3782 1414 3852 frigidam
1453 3784 1728 3840 reddunt?
1769 3787 1855 3842 An

270 3867 502 3924 fortasse
534 3870 976 3941 philosophorum
1002 3874 1331 3931 vanitatibus
1359 3877 1558 3942 credis,
1594 3877 1686 3947 qui
1729 3885 1859 3933 tunc

270 3961 406 4028 apud
453 3964 736 4031 antipodas
763 3976 884 4018 esse
920 3965 1212 4034 Opinantur
1254 3977 1501 4022 aestatem
1545 3982 1670 4023 cum
1714 3967 1858 4038 apud

273 4065 493 4119 superos
523 4051 600 4106 sol
634 4053 892 4108 recedens
916 4054 1079 4108 faciat
1116 4055 1389 4111 hiemem?
1417 4055 1524 4111 Sed
1553 4058 1597 4112 si
1624 4057 1855 4128 diligen-

275 4149 354 4194 ter
387 4142 641 4205 attendis,
692 4143 796 4198 hoc
836 4143 1057 4199 omnino
1095 4142 1288 4202 falsum
1319 4154 1376 4200 et
1415 4147 1601 4202 solidas
1641 4148 1858 4202 veritati

277 4232 541 4298 reperitur
578 4247 697 4286 esse
724 4234 1082 4288 contrarium.
1123 4235 1246 4290 Haec
1278 4235 1442 4306 igitur
1471 4237 1612 4306 apud
1655 4247 1706 4293 te
1740 4245 1857 4293 stu-

274 4321 420 4376 diose
471 4325 745 4394 perquire,
778 4335 836 4380 et
887 4340 1010 4381 cum
1052 4327 1118 4382 ad
1152 4328 1412 4398 liquidum
1457 4330 1696 4386 enodare
1747 4345 1856 4385 non

275 4417 492 4482 poteris,
521 4417 997 4487 profundissimam
1021 4429 1228 4476 natura:
1249 4437 1382 4477 mea:
1402 4423 1509 4477 vim
1531 4423 1856 4493 impenetra-

276 4505 430 4558 bilem
455 4522 578 4561 esse
608 4509 858 4563 decerne.
899 4507 1030 4573 Sed,
1061 4509 1188 4564 dum
1218 4511 1501 4566 brevitatis
1526 4512 1707 4568 studio
1737 4529 1854 4566 ma-

265 4594 477 4661 justalis
500 4615 632 4652 mea:
648 4600 772 4666 jura
801 4601 1076 4656 succincte
1103 4610 1431 4668 transcurro,
1457 4603 1583 4659 nolo
1614 4615 1666 4660 te
1691 4604 1857 4660 lateat

271 4688 394 4756 quia
423 4699 476 4742 et
503 4689 555 4745 in
588 4689 890 4746 liberaliUm
924 4693 1120 4747 artium
1159 4693 1352 4750 studiis
1386 4710 1491 4750 non
1526 4696 1854 4754 mediocrem

271 4780 556 4848 primatum
617 4791 794 4838 teneo.
848 4782 1290 4854 Quandoquidem
1350 4787 1417 4841 ad
1465 4785 1720 4842 discenda
1759 4788 1858 4843 ho-

271 4887 452 4925 rarum
498 4873 694 4942 spatia,
745 4875 812 4928 ad
858 4876 1278 4944 comparandum
1319 4877 1448 4932 solis
1496 4879 1682 4934 orbem
1731 4895 1854 4934 cum

270 4961 481 5028 sphaera
507 4963 653 5027 coeli,
681 4964 747 5017 ad
775 4963 1164 5018 dimensiouem
1196 4965 1400 5021 zodiaci
1431 4977 1857 5038 cunctarumque

269 5051 568 5120 signorum,
599 5055 667 5109 ad
706 5055 1088 5110 discernendos
1127 5055 1466 5125 planetarum
1494 5059 1752 5125 circulos,
1789 5060 1858 5115 ad

271 5150 634 5209 dimensiones
690 5162 958 5209 terrarum
1008 5171 1129 5210 cum
1172 5155 1292 5212 caeli
1347 5167 1594 5227 partibus
1642 5174 1859 5231 compa-

269 5253 492 5319 randas,
538 5256 664 5310 dum
703 5265 1009 5326 geometra,
1059 5254 1143 5310 vel
1186 5257 1490 5328 astrologus
1535 5273 1861 5329 componere

267 5365 524 5428 satagunt
544 5359 906 5430 horologium,
937 5361 1003 5415 ad
1030 5371 1278 5417 nostrum
1303 5371 1589 5419 recurrunt
1607 5365 1856 5435 protinus

266 5459 616 5516 elementum.
643 5461 765 5518 Jam
786 5477 915 5519 vero
939 5465 1004 5520 de
1029 5465 1233 5522 musica
1254 5481 1353 5523 cur
1371 5467 1572 5537 aliquid
1591 5467 1851 5550 _r.efe_r_a_n_t_,

264 5575 404 5618 cum
431 5561 542 5632 ipso
583 5578 682 5618 suo
715 5564 933 5620 nomine
962 5566 1167 5622 nostris
1209 5583 1269 5623 se
1312 5568 1521 5639 legibus
1556 5571 1852 5638 subditam,

263 5674 348 5718 ex
395 5671 570 5720 nostro
603 5663 871 5738 principio
907 5673 1133 5726 testetur
1155 5671 1438 5728 exortam?
1467 5670 1600 5728 Nam
1623 5673 1668 5730 si
1701 5690 1852 5734 musa

1908 3231 1920 3242 '
1960 3235 2175 3281 constet
2202 3225 2458 3295 quoniam
2487 3225 2677 3296 llegma
2718 3243 2787 3283 ex
2826 3244 2980 3299 aqua:
3024 3230 3254 3284 humore
3291 3231 3550 3301 gignitur,

1957 3315 2151 3388 fiegma
2179 3325 2361 3371 autem
2388 3318 2441 3372 in
2468 3319 2651 3388 capites
2667 3320 2757 3384 sit,
2783 3319 2914 3375 nulli
2944 3315 3164 3376 dubium
3181 3323 3307 3392 quin
3329 3324 3554 3376 thronus

1959 3420 2113 3476 aqua:
2174 3406 2225 3460 in
2275 3407 2454 3476 capite
2501 3408 2789 3478 praesidere
2832 3410 3101 3465 videatur.
3149 3410 3302 3467 Unde
3352 3413 3550 3466 mirum

1958 3498 2094 3553 satis
2118 3497 2262 3565 quod
2291 3496 2527 3567 liquidus
2549 3497 2744 3553 humor
2769 3508 2923 3554 tanto
2962 3501 3280 3569 magisterio‘
3300 3502 3351 3555 in
3394 3517 3556 3572 supe-

1958 3587 2090 3643 riori
2117 3598 2268 3658 parte
2301 3591 2666 3659 suspenditur,
2705 3599 2764 3644 ut
2795 3593 2862 3645 ad
2906 3590 3160 3645 inferiora
3209 3591 3432 3646 minime
3463 3594 3554 3647 de-

1958 3664 2192 3744 labatur,
2221 3690 2448 3750 excepto
2475 3695 2572 3750 per
2599 3681 2832 3736 arterias
2854 3682 3065 3737 cerebri
3106 3682 3304 3738 leniter
3330 3682 3549 3748 deﬂuat,

1959 3779 2018 3826 et
2057 3771 2334 3841 spiramen
2375 3771 2488 3826 oris
2519 3771 2663 3826 unde
2707 3771 2884 3827 valeat
2925 3771 3129 3842 egredi,
3159 3772 3307 3826 velut
3346 3774 3547 3828 ostium

1960 3866 2129 3930 petat.
2175 3859 2232 3914 In
2282 3875 2390 3930 quo
2438 3859 2696 3914 nimirum
2749 3863 3034 3931 perspicue
3079 3863 3330 3930 superbia
3373 3873 3553 3917 vestra

1960 3952 2291 4016 retunditur,
2325 3967 2448 4023 qua:
2476 3953 2604 4006 dum
2650 3952 2988 4008 extrinsecus
3037 3953 3266 4022 positam
3297 3954 3554 4025 dedigna-

1961 4051 2051 4098 tur
2098 4042 2340 4108 haurire,
2371 4041 2591 4098 assidue
2633 4052 2814 4098 tamen
2866 4043 3078 4115 cogitur
3109 4061 3195 4099 me
3247 4048 3390 4099 inter
3439 4048 3553 4102 oris

1960 4143 2113 4205 septa
2158 4133 2390 4199 versari,
2428 4143 2488 4188 et
2527 4141 2586 4188 ut
2631 4134 2704 4189 ita
2744 4133 2956 4206 loquar,
3000 4152 3086 4192 me
3131 4153 3342 4192 mecum
3389 4137 3554 4209 fugis,

1961 4228 2088 4282 dum
2113 4241 2435 4296 quocunque
2458 4235 2509 4281 te
2531 4228 2780 4292 verteris,
2816 4229 2932 4284 sine
2963 4243 3047 4283 me
3071 4243 3192 4285 esse
3216 4246 3320 4286 non
3349 4233 3549 4301 possis.

1960 4315 2117 4380 Nam,
2146 4314 2287 4370 sicut
2313 4313 2643 4384 aquimolum
2687 4331 3026 4387 nequaquam
3062 4328 3240 4388 potest
3273 4320 3388 4375 sine
3426 4336 3554 4392 gur-

1961 4406 2088 4478 gitis
2108 4405 2421 4460 inundantia
2446 4405 2714 4461 frumenta
2759 4407 3080 4475 permolere,
3113 4410 3184 4463 ita
3214 4425 3299 4465 me
3326 4426 3550 4466 necesse

1961 4507 2047 4553 est
2080 4497 2223 4552 inter
2249 4505 2538 4566 utrumque
2577 4498 2797 4552 humani
2840 4499 2954 4554 oris
3004 4500 3175 4554 molas
3221 4501 3339 4556 sine
3382 4503 3554 4558 inter-

1963 4589 2224 4644 missione
2274 4587 2586 4651 decurrere,
2633 4596 2694 4640 ut
2744 4603 2841 4641 sua
2889 4588 3059 4657 possit
3114 4589 3273 4642 verba
3329 4591 3554 4658 loquens

1961 4680 2142 4748 lingua
2189 4677 2449 4732 formare.
2495 4676 2553 4731 Si
2590 4691 2718 4746 ergo
2764 4677 2818 4730 in
2848 4677 3098 4732 omnibus
3141 4679 3224 4732 bis
3254 4693 3374 4732 meo
3404 4677 3556 4745 adju-

1965 4773 2105 4827 torio
2145 4770 2371 4841 indiges,
2427 4783 2545 4823 mea
2579 4779 2747 4837 opera
2794 4767 3102 4820 necessario
3130 4767 3320 4829 uteris,
3363 4781 3461 4821 cur
3500 4768 3552 4821 in

1963 4862 2079 4918 solo
2109 4860 2302 4932 poculo
2333 4875 2513 4915 meum
2539 4859 2740 4913 habere
2771 4857 3178 4913 contubernium
3210 4857 3557 4928 dedignaris?

1960 4953 2095 5008 Redi
2121 4967 2250 5024 ergo
2282 4953 2350 5007 ad
2381 4965 2484 5012 me,
2519 4949 2763 5022 fugitive,
2795 4956 3091 5013 revertere,
3127 4949 3208 5002 vir
3236 4949 3459 5020 ingrate,
3497 4957 3551 5004 et

1959 5042 2050 5112 qui
2085 5050 2190 5097 tua:
2218 5057 2314 5112 per
2337 5041 2520 5096 omnia
2558 5050 2640 5096 est
2668 5040 2857 5095 salutis
2886 5039 3176 5106 obnoxius,
3209 5053 3277 5093 ne
3319 5038 3557 5095 videaris

1961 5133 2163 5189 habere
2189 5133 2406 5188 fastidio
2433 5142 2745 5187 nauseatus.

2030 5225 2103 5280 At
2147 5223 2370 5280 forsitan
2414 5223 2654 5293 inquies,
2687 5221 2842 5277 doleo
2869 5230 3048 5292 caput,
3097 5222 3325 5294 langueo
3351 5232 3553 5278 stoma-

1962 5318 2147 5372 chum.
2190 5313 2316 5370 Ilaec
2364 5321 2490 5369 sunt
2524 5313 2816 5382 emplastra
2857 5314 3118 5377 mollium,
3160 5316 3274 5370 haec
3315 5316 3557 5385 paliiatio

1961 5403 2254 5460 carnaliter
2283 5402 2576 5456 viventium
2605 5403 3016 5458 monachorum.
3048 5405 3192 5458 Satis
3227 5421 3406 5460 macra
3440 5405 3556 5461 bsic

1961 5495 2205 5550 cernitur
2229 5492 2525 5558 excusatio,
2557 5507 2679 5547 cum
2707 5502 2938 5560 aegrotos
2961 5502 3015 5550 et
3043 5509 3180 5564 aqua
3213 5494 3471 5562 refoveat,
3499 5503 3556 5550 et

1959 5587 2144 5641 vinum
2174 5586 2486 5655 frequenter
2524 5586 2756 5642 occidat.
2796 5587 3050 5658 Nunquid
3077 5589 3221 5644 enim
3245 5588 3557 5644 Praecursor

1965 5675 2180 5736 Domini
2213 5675 2506 5747 aliquando
2543 5687 2776 5750 :egrotus
2817 5678 3080 5753 elanguit,
3128 5681 3218 5753 qui
3264 5681 3447 5738 vinum
3496 5684 3552 5732 ct
