4024 6198
426 271 520 322 ιιι

919 260 978 319 S.
1018 257 1225 315 PETRI
1262 256 1545 312 DAMIANI
1584 254 1737 313 OPP.
1779 238 1962 310 PARS
1994 251 2125 308 SEU
2170 247 2406 307 TOMUS
2436 246 2475 303 In.
2518 278 2584 288 —
2617 242 2834 299 EPIST.
2877 239 3006 295 LIB.
3049 236 3180 294 VIII.

3580 231 3686 286 412

428 377 658 430 siceram
698 390 972 446 nunquam
1018 375 1204 428 bibit?
1250 372 1498 444 Nunquid
1541 368 1772 425 Iacobus
1802 366 2007 437 Alphaei
2040 371 2084 427 Α
2112 371 2233 433 post
2280 359 2528 416 subditur
2564 377 2577 412 :
2639 377 2657 411 ‹
2688 356 2755 411 Et
2783 354 2936 426 posui
2970 367 3157 409 coram
3206 349 3331 405 liliis
3359 350 3553 405 domus
3595 349 3696 403 fle-

422 472 659 531 mcdicos
690 468 947 537 qumsisse
972 466 1183 534 legitur,
1214 464 1306 533 qui
1332 464 1466 519 istos
1492 463 1730 532 liquores
1760 475 1825 515 ex
1858 471 2011 513 utero

426 562 618 615 matris
644 571 922 627 ignorasse
948 554 1304 624 perhibetur?
1370 555 1643 617 Iamvero,
1675 560 1734 606 ut
1770 566 1801 604 a
1828 548 2011 607 saculi
2052 552 2057 555 “

426 650 634 719 urigine
664 657 993 715 repetamus,
1036 646 1266 700 mundus
1296 645 1386 700 hic
1427 660 1596 712 usque
1644 644 1710 698 ad
1738 650 2018 698 sexcente—

430 741 625 793 simum
654 739 869 793 tertium
889 736 999 792 Noe
1021 753 1219 791 annum
1247 752 1470 809 prorsus
1486 736 1712 807 (vinum)
1736 736 2017 805 ignorasse

424 831 795 900 cognoscitur,
820 844 940 885 eum
974 844 1069 901 per
1093 840 1170 884 tot
1195 828 1461 884 curricula
1488 839 1786 897 temporum
1817 826 2017 885 abiisse

425 922 673 993 quidem,
721 920 813 976 sed
869 919 1047 975 nullus
1101 919 1379 977 hominum
1433 926 1742 987 a'grotasse,
1786 917 2014 987 legatur.

426 1014 531 1071 Sed
558 1028 679 1069 cum
710 1013 761 1068 in
784 1012 979 1067 Genesi
1011 1012 1236 1066 dicitur:
1273 1028 1291 1062 ‹
1320 1010 1497 1080 Coepit
1525 1011 1635 1069 Noe
1664 1011 1746 1065 vir
1773 1008 2013 1080 agricola

423 1120 680 1161 exercere
729 1115 954 1171 terram,
1006 1113 1061 1159 et
1109 1104 1372 1174 plantavit
1410 1104 1646 1164 vineam.
1700 1122 1718 1155 ο
1776 1102 1922 1159 velut
1963 1102 2016 1156 in

425 1197 637 1253 laudem
671 1212 843 1268 aquae,
868 1197 1115 1267 protinus
1140 1197 1392 1252 additur:
1427 1215 1446 1248 ι
1475 1196 1779 1265 Bibensque
1807 1195 2015 1259 viuum,

426 1288 728 1344 inebriatus
765 1298 870 1351 est,
919 1296 975 1342 et
1018 1288 1250 1344 nudatus
1295 1296 1381 1343 est
1426 1287 1479 1342 in
1530 1283 1878 1343 tabernaculo
1921 1299 2019 1341 suo

430 1374 584 1446 (Gen.
629 1376 729 1446 Ix).
793 1397 812 1429 ι
862 1377 940 1432 Ac
979 1378 1024 1430 si
1054 1377 1338 1447 perspicue
1373 1375 1679 1431 diceretur:
1728 1388 1889 1444 quem
1928 1373 2019 1429 diu

432 1482 573 1535 aqua
610 1467 865 1523 vestitum
909 1467 1025 1522 sine
1055 1466 1372 1521 confusione
1398 1464 1685 1528 continuit,
1733 1463 1893 1532 hujus
1937 1476 2023 1517 re-

431 1565 591 1629 pente
635 1557 816 1611 vinum
854 1556 1087 1611 verenda
1126 1556 1370 1611 nudavit.
1410 1555 1509 1609 Cui
1554 1552 1838 1608 sententia:
1884 1551 2023 1606 bene

435 1646 598 1700 etiam
641 1645 896 1701 Salomon
942 1646 1200 1709 concinit,
1234 1646 1419 1701 dicens
1454 1664 1468 1699 :
1501 1663 1519 1695 ι
1565 1643 1795 1707 Vinum,
1828 1639 2021 1709 inquit,

2118 452 2461 508 cbabitarutn
2497 449 2729 520 scyphos
2778 446 2968 515 plenos
2995 444 3141 508 vino,
3181 452 3236 497 et
3256 441 3476 505 calices,
3507 451 3564 495 et
3582 439 3696 495 dixi

2114 544 2183 601 ad
2217 557 2353 598 eos:
2408 540 2584 595 Bibtte
2629 538 2812 595 vinum
2844 536 3065 607 (lbid.).
3101 553 3119 586 ι
3173 533 3334 597 Ecce,
3382 532 3548 601 quod,
3586 531 3698 585 Deo

2115 643 2355 698 auctore,
2407 631 2736 703 praecipitur,
2773 628 2918 700 quod
2951 626 3226 697 prophetae
3276 623 3578 681 ministerio
3606 623 3699 678 de-

2117 725 2417 787 nuntiatur,
2478 734 2818 792 nequaquam
2862 716 3206 788 cognoscitur
3248 712 3413 770 fuisse
3459 711 3701 782 comple-

2121 825 2253 870 tum.
2303 811 2561 883 Sequitur
2602 809 2745 865 enim
2786 807 3165 874 Scriptura,et
3194 804 3322 858 dicit
3354 822 3366 856 :
3404 821 3423 854 ι
3466 802 3566 870 Qui
3610 817 3701 857 re-

2117 900 2486 971 sponderunt:
2516 897 2629 952 Non
2665 897 2902 953 bibimus
2939 896 3123 949 viuum
3156 912 3169 949 :
3208 893 3331 965 quia
3361 891 3604 948 Ionadab
3632 892 3703 945 li-

2118 992 2222 1051 lius
2252 990 2472 1048 Rechab
2516 1000 2670 1060 pater
2725 998 2913 1043 noster
2945 986 3197 1061 praecepit
3245 984 3421 1047 nobis,
3468 983 3700 1039 dicens:

2120 1082 2234 1139 Non
2265 1082 2460 1138 bibetis
2502 1081 2685 1134 viuum
2714 1093 2833 1144 vos,
2865 1086 2919 1132 et
2948 1076 3041 1131 filii
3089 1075 3253 1133 vestri
3285 1089 3453 1143 usque
3479 1073 3532 1127 in
3562 1087 3708 1128 sem-

2119 1173 2387 1251 piternum
2411 1170 2623 1241 (lbid.).
2659 1188 2678 1222 ι
2712 1168 2819 1224 Sed
2865 1168 3105 1236 nunquid
3135 1167 3187 1220 in
3211 1166 3312 1220 hac
3341 1163 3707 1220 reluctatione

2120 1267 2263 1321 Deus
2304 1262 2635 1323 offenditur?
2681 1261 2930 1333 Nunquid
2962 1262 3067 1316 hoc
3110 1258 3216 1315 illis
3267 1258 3335 1313 ad
3392 1255 3713 1312 inohedien»

2122 1358 2252 1417 tiam
2275 1356 2603 1427 reputatur?
2630 1354 2739 1411 Sed
2765 1354 2917 1418 audi,
2951 1352 3082 1423 quid
3110 1351 3216 1406 illis
3247 1347 3587 1419 postmodum
3623 1345 3709 1400 di—

2121 1448 2247 1507 vina
2278 1460 2381 1501 vox
2437 1445 2586 1500 dicat
2618 1462 2631 1501 :
2661 1461 2678 1495 ι
2716 1443 2822 1500 Pro
2874 1456 2940 1498 eo
2977 1441 3121 1511 quod
3148 1438 3410 1495 obedistis
3438 1442 3710 1506 praecepto

2122 1536 2367 1597 Ionadab
2395 1536 2569 1607 patris
2596 1535 2784 1603 vesui,
2830 1542 2887 1589 et
2910 1531 3221 1588 custodistis
3250 1529 3431 1585 omnia
3457 1528 3711 1584 mandata

2126 1628 2263 1701 ejus,
2290 1637 2578 1701 propterea
2609 1627 2723 1682 haec
2755 1624 2889 1685 dicit
2914 1624 3177 1681 Dominus
3202 1622 3538 1677 exercituum
3564 1619 3713 1674 Deus

432 1746 741 1804 apostatare
802 1736 931 1791 facit
995 1736 1159 1791 etiam
1205 1736 1478 1804 sapientes
1525 1733 1728 1805 (Eccli.
1791 1729 1940 1800 xix).
1999 1747 2020 1781 ι
2054 1716 2102 1778 Β
2129 1724 2295 1780 Israel
2325 1737 2340 1779 :
2371 1721 2486 1778 Non
2517 1720 2733 1777 deficiet
2775 1720 2859 1775 vir
2891 1720 2957 1773 de
3004 1718 3175 1787 stirpe
3208 1715 3450 1773 Ionadab
3476 1713 3568 1769 lilii
3600 1711 3713 1769 Rev

431 1826 570 1879 Loth
586 1840 819 1896 quoque,
841 1827 932 1894 qui
954 1835 1009 1880 et
1029 1826 1169 1881 inter
1185 1825 1492 1881 Sodomitas
1515 1824 1568 1878 in
1594 1823 1841 1879 castitate
1866 1821 2023 1887 vixit,

432 1918 488 1972 in
506 1926 686 1973 monte
706 1918 1046 1988 postmodum
1072 1926 1326 1988 percepto
1350 1918 1499 1982 vino,
1523 1931 1645 1971 cum
1674 1923 1902 1984 utraque
1918 1912 2025 1968 ﬁlia

432 2008 725 2063 nesciendo
745 2008 1071 2063 concubuit:
1101 2017 1155 2063 et
1175 2007 1394 2078 pudoris
1419 2005 1737 2061 munditiam
1759 2004 1942 2057 vinum
1971 2002 2025 2056 in

432 2097 722 2152 solitudine
745 2112 849 2151 una
880 2108 1037 2153 nocte
1063 2097 1234 2154 suasit
1265 2096 1536 2159 amittere,
1565 2111 1725 2166 quem
1750 2095 1840 2149 diu
1880 2094 2025 2148 inter

432 2196 515 2243 tot
548 2187 822 2243 adulteros
854 2189 1017 2263 216
1049 2190 1165 2259 ipsa
1194 2203 1299 2244 non
1330 2189 1506 2259 potuit
1525 2186 1760 2244 Sodoma
1788 2186 2017 2242 violare.

436 2279 634 2348 Sicque
678 2278 877 2335 factum
911 2289 996 2335 est
1032 2289 1090 2335 ut
1132 2280 1291 2342 Loth.
1323 2278 1415 2348 qui
1447 2287 1674 2334 eatenus
1712 2279 1765 2333 in
1800 2278 2012 2334 cunctis

435 2373 721 2430 exstiterat
739 2370 937 2440 justus.
969 2373 1083 2442 jam
1123 2372 1177 2427 in
1206 2372 1310 2427 hac
1362 2387 1469 2425 una
1492 2386 1552 2427 re
1586 2385 1841 2441 perverso
1871 2368 2021 2438 jure,

437 2458 613 2526 Moab,
649 2468 703 2517 et
730 2462 903 2515 Amon
930 2476 1070 2516 unus
1099 2470 1327 2531 uterque
1354 2460 1508 2516 fieret
1536 2469 1591 2515 et
1607 2469 1763 2529 pater
1786 2468 1842 2514 ct
1869 2474 2025 2513 avus.

438 2547 595 2609 Unde
623 2565 728 2604 non
760 2551 1052 2621 incongrue
1083 2550 1338 2608 Salomon
1372 2570 1386 2611 :
1416 2569 1435 2602 ι
1469 2550 1796 2618 Luxuriosa,
1830 2549 2025 2620 inquit,

439 2653 528 2693 res
569 2638 775 2707 vinum,
808 2648 863 2693 et
893 2640 1221 2696 tumultuosa
1272 2640 1539 2706 ebrietas;
1597 2640 1904 2711 quicunque
1943 2638 2031 2695 bis

441 2727 759 2794 delectatur,
790 2744 896 2783 non
918 2730 1025 2785 erit
1058 2730 1275 2799 sapiens
1302 2727 1485 2801 (Prov.
1509 2730 1625 2800 xx).
1668 2750 1689 2784 ι

512 2816 595 2871 Ad
618 2819 734 2875 haec
763 2818 1343 2889 respondetlanguidus
1367 2828 1577 2875 noster:
1603 2818 1708 2875 Sed
1720 2817 2029 2888 Apostolus,

442 2908 639 2979 inquit,
661 2925 760 2967 suo
791 2910 1059 2979 discipulo
1092 2911 1350 2981 prmcepit
1375 2911 1566 2967 dicens
1598 2928 1612 2964 :
1652 2928 1671 2963 ι
1703 2909 1819 2965 Noli
1851 2910 2029 2967 adhuc

445 3017 642 3071 aquam
666 3001 871 3066 bibere,
897 3002 990 3057 sed
1022 3002 1232 3059 modico
1255 3002 1383 3056 vino
1409 3011 1561 3056 utere
1582 3010 1800 3071 prepter
1825 3010 2028 3061 stoma-

444 3076 639 3157 chum,
702 3100 757 3145 et
824 3090 1137 3161 frequentes
1188 3100 1309 3149 tuas
1376 3059 1717 3147 infirmitates
1782 3091 1846 3162 (1
1894 3059 2104 3145 Tim.C

2127 1815 2284 1878 ehab,
2306 1824 2458 1870 stans
2482 1814 2534 1868 in
2558 1820 2847 1882 conspectu
2870 1825 2990 1866 meo
3017 1808 3228 1868 cunctis
3251 1804 3702 1873 diebus(lbid.).s

2126 1905 2172 1964 Ο
2208 1905 2339 1960 felix
2370 1902 2757 1967 inobedientia,
2797 1917 2918 1973 qua:
2972 1901 3104 1957 tanti
3157 1898 3362 1955 Iudicis
3408 1898 3569 1968 digna
3606 1895 3716 1955 fuit

2128 1994 2331 2057 habere
2361 1992 2717 2063 prazconium,
2756 2006 2876 2061 qua:
2902 1989 3069 2045 divini
3118 1988 3364 2057 obsequii
3392 1995 3717 2056 perpetuum

2127 2086 2327 2143 meruit
2356 2081 2879 2147 famulatumlFelix,
2907 2081 3148 2150 inquam,
3181 2077 3564 2141 inobedientia,
3593 2088 3719 2145 qua

2128 2191 2239 2231 non
2267 2173 2754 2230 animadversionis
2774 2172 3035 2244 judicium
3059 2170 3253 2237 sensit,
3280 2170 3373 2233 sed
3394 2167 3593 2225 divinae
3617 2180 3714 2223 re-

2130 2267 2519 2325 munerationis
2545 2266 2824 2336 praemium
2858 2263 3174 2335 reportavit.

2200 2358 2540 2413 Libetautem
2555 2354 2706 2419 mihi,
2721 2354 3090 2419 dilectissime,
3104 2351 3409 2421 hujusmodi
3426 2349 3706 2413 familiari-

2132 2448 2261 2505 tatis
2281 2447 2621 2503 sermonibus
2634 2446 2721 2501 diu
2746 2454 2921 2501 tecum
2935 2452 3146 2519 servata
3159 2440 3724 2512 217gravitatecol—

2132 2538 2337 2604 ludere;
2358 2537 2475 2603 sed,
2494 2546 2551 2593 ut
2564 2536 2677 2607 ipse
2690 2535 2819 2600 scis,
2835 2550 2940 2589 nou
2957 2535 3081 2589 licet
3093 2534 3265 2598 brevi,
3279 2532 3379 2586 nisi
3394 2531 3624 2586 breviter
3637 2530 3725 2585 di-

2131 2639 2380 2700 sputare;
2402 2636 2773 2682 verumtamen
2793 2624 2968 2679 adhuc
2981 2625 3257 2687 exhortor,
3273 2621 3451 2676 adlntc
3469 2621 3719 2676 obsecro.

2255 2729 2452 2790 Segnes
2474 2739 2646 2788 rumpe
2669 2737 2847 2783 moras,
2875 2725 3086 2786 torporis
3111 2721 3282 2783 frange
3305 2728 3520 2771 catenas.

2202 2812 2321 2869 Non
2343 2821 2394 2867 te
2418 2809 2686 2871 vibrantia
2716 2809 2950 2865 hostium
2994 2805 3173 2877 jacula
3216 2813 3477 2866 terreant,
3514 2815 3618 2855 non
3666 2807 3727 2854 te

2134 2905 2441 2962 domeSticaz
2462 2900 2867 2981 parsumptiouis
2894 2898 3262 2956 blandimenta
3294 2895 3585 2958 resolvant,
3612 2907 3725 2947 non

2136 3008 2189 3053 te
2217 2996 2507 3052 vehemens
2524 2994 2771 3048 tubarum
2794 2990 3014 3061 clangor
3035 2989 3327 3049 exanimet,
3352 3001 3456 3041 non
3477 2994 3529 3040 te
3555 2984 3727 3038 densa

2138 3087 2365 3143 telorum
2394 3083 2528 3139 silva
2571 3083 2715 3137 intra
2761 3080 2994 3136 cubiculi
3040 3088 3245 3135 secreta
3294 3076 3543 3132 retineat.
3577 3071 3729 3128 Iam-

448 3182 523 3252 v).
565 3200 583 3234 ι
620 3179 872 3245 Utinam,
916 3180 1107 3247 frater,
1143 3181 1226 3237 sic
1270 3181 1584 3239 memoriter
1608 3190 1917 3238 teneremus
1946 3196 2035 3236 re-
2131 3178 2247 3248 jam
2284 3176 2510 3246 insignis
2553 3173 2801 3240 bellator,
2836 3172 3080 3243 deposito
3118 3169 3267 3226 omni
3312 3177 3538 3229 terrore,
3589 3180 3730 3220 con-

448 3276 626 3347 liquas
684 3290 853 3333 sacra:
904 3274 1201 3344 Scriptura:
1255 3273 1573 3338 sententias,
1624 3289 1744 3343 qua:
1769 3272 2035 3343 jejunium

449 3366 764 3437 praedicant,
794 3366 934 3420 sicut
962 3366 1105 3421 hanc
1131 3380 1317 3430 unam,
1348 3380 1466 3434 qua:
1497 3364 1728 3435 rigorem
1760 3363 2039 3418 abstinen«

453 3457 545 3512 tiae
595 3472 664 3511 ex
711 3456 1039 3513 discretione
1074 3453 1313 3510 relaxat!
1342 3454 1519 3521 Quare
1553 3469 1661 3509 non
1709 3452 1790 3508 sic
1819 3452 2039 3507 remini-

454 3546 660 3601 scimur
683 3546 825 3614 quod
870 3545 1011 3599 idem
1056 3544 1254 3600 Paulus
1282 3543 1409 3598 alibi
1460 3542 1593 3599 dicit
1624 3560 1637 3597 :
1678 3562 1696 3596 ι
1726 3540 1903 3598 Nolite
1931 3541 2042 3599 ine-

396 3648 399 3651 '
452 3636 623 3693 briari
652 3636 800 3700 vino,
824 3636 877 3690 in
902 3650 1013 3705 quo
1042 3644 1125 3690 est
1156 3635 1367 3689 luxuria
1396 3633 1614 3705 (Eplies.
1641 3632 1724 3706 v)?
1751 3652 1770 3686 ι
1797 3632 1906 3688 Cur
1932 3646 2039 3687 non

455 3730 529 3783 ita
569 3729 859 3787 recolimus
886 3730 1030 3800 quod
1066 3726 1236 3784 Isaias
1271 3727 1390 3782 ait:
1442 3745 1461 3779 t
1515 3725 1637 3793 Vat,
1692 3726 1785 3797 qui
1853 3734 2039 3796 poterio

456 3830 541 3877 tes
592 3821 725 3877 estis
778 3823 848 3876 ad
892 3820 1183 3875 bibendum
1248 3818 1463 3882 vinum,
1561 3825 1618 3871 et
1679 3816 1784 3870 viri
1875 3814 2043 3870 fortes

457 3911 526 3965 ad
559 3910 890 3965 miscendam
936 3907 1296 3963 ebrietatem?
1334 3926 1352 3961 ι
1414 3904 1550 3974 (Im.
1578 3904 1656 3976 v.)
1711 3903 1889 3973 Quare
1932 3918 2042 3958 non

460 3998 541 4066 sic
568 3999 915 4055 recordamur
952 3996 1080 4050 illud
1109 3995 1251 4066 quod
1295 3994 1547 4055 Salomon
1577 3994 1653 4053 ait
1687 4011 1701 4046 :
1737 4011 1757 4047 r
1794 3991 1932 4058 Noli,
1964 3993 2046 4047 in-

460 4089 579 4159 quit
595 4088 846 4161 ,regibus,
862 4086 1147 4149 oLamuel,
1170 4084 1279 4142 noli
1304 4084 1518 4161 regibus
1554 4086 1684 4140 dare
1701 4083 2046 4154 vinum,quia

461 4179 668 4233 nullum
699 4188 967 4235 secretum
998 4184 1081 4233 est
1103 4178 1190 4232 ubi
1220 4184 1408 4249 regnat
1430 4175 1686 4231 ebrietas.
1716 4175 1785 4229 Et
1805 4189 1871 4230 ne
1908 4174 2048 4245 forte

464 4270 670 4332 bibant,
695 4277 752 4324 et
774 4270 1165 4325 obliviscantur
1205 4269 1632 4339 judiciorum,et
1663 4275 1872 4325 mutent
1914 4282 2046 4321 cau-

465 4374 582 4414 sam
614 4359 848 4416 liliorum
873 4361 1127 4433 pauperis
1158 4357 1343 4431 (Prov.
1376 4360 1551 4430 xxxi).
1585 4376 1602 4410 ι
1674 4357 1783 4414 Sed
1812 4367 1867 4414 et
1902 4358 2047 4414 istud

466 4447 640 4516 Pauli,
676 4450 820 4522 quod
844 4449 976 4507 mihi
1020 4458 1127 4504 tam
1157 4449 1389 4505 libenter
1426 4449 1637 4519 objicis,
1682 4457 1739 4505 et
1782 4448 1884 4503 alia
1924 4448 2049 4504 huic

424 4582 425 4585 η
467 4539 687 4605 similia,
717 4555 825 4611 qua
854 4541 1194 4597 discretionis
1237 4550 1354 4597 arte
1407 4540 1725 4611 praecipiat,
1776 4539 1889 4610 ipse
1920 4538 2049 4595 alibi

470 4628 800 4697 manifestat,
830 4646 955 4687 cum
985 4632 1119 4687 dicit
1146 4646 1161 4685 :
1199 4651 1218 4689 ς
1256 4631 1389 4696 Hoc,
1423 4632 1614 4703 inquit,
1644 4631 1941 4688 secundum
1964 4631 2050 4684 in-

469 4719 822 4792 dulgentiam,
873 4738 981 4778 non
1027 4725 1324 4780 secundum
1359 4724 1642 4794 imperium
1674 4724 1796 4779 dico
1823 4722 1875 4794 (ι
1927 4721 2051 4776 Cor.

471 4812 593 4880 vn).
627 4830 646 4865 ι
678 4812 967 4871 Enimvero
987 4815 1041 4870 in
1071 4815 1175 4879 his,
1196 4831 1317 4885 qua:
1341 4814 1636 4871 secundum
1663 4813 2053 4884 indulgentiam

473 4901 877 4969 permittuntur,
911 4904 1081 4976 magis
1116 4904 1290 4975 placet
1316 4904 1628 4975 discipulus,
1671 4902 1713 4959 si
1753 4902 2052 4970 jussionetn

474 4992 791 5062 simpliciter
812 4997 1053 5066 praeterit
1080 5011 1241 5071 quam
1274 4998 1319 5051 si
1363 5005 1644 5066 promptus
1668 4994 1870 5049 obedit.
1901 4991 2056 5060 Quod

476 5081 635 5138 facile
662 5086 1033 5155 perpenditur,
1057 5086 1102 5142 si
1132 5086 1274 5155 quod
1300 5085 1565 5143 Ieremias
1614 5096 1802 5140 ttarrat
1841 5085 1909 5139 ad
1937 5099 2052 5140 me-

479 5176 708 5232 moriam
734 5179 1049 5235 reducatur.
1078 5180 1169 5235 Ait
1205 5179 1350 5236 enim
1381 5197 1395 5234 :
1437 5197 1456 5231 ι
1490 5178 1747 5245 Verbum,
1778 5178 1922 5248 quod
1975 5176 2059 5231 fa-

480 5277 627 5324 ctum
654 5281 736 5329 est
766 5273 833 5328 ad
861 5271 1151 5329 Ieremiam
1179 5272 1479 5345 a.Domino,
1509 5273 1694 5329 dicens
1721 5289 1734 5326 :
1794 5269 1941 5325 Vade
1988 5270 2058 5325 ad

480 5364 698 5419 domum
728 5364 1173 5431 Rechabitarum,
1197 5375 1252 5421 et
1272 5367 1494 5436 loquere
1519 5365 1620 5427 eis.
1650 5372 1704 5419 et
1751 5363 2063 5423 introduces

482 5470 576 5512 eos
611 5457 665 5512 in
691 5458 911 5514 domum
940 5460 1149 5517 Domini
1182 5461 1235 5515 in
1268 5476 1431 5521 unam
1472 5460 1729 5519 exedram
1782 5458 2065 5515 thesauro-

484 5569 627 5620 rum,
656 5564 714 5610 et
741 5556 894 5612 dabis
920 5554 1001 5610 eis
1051 5555 1236 5611 bibere
1281 5554 1465 5611 vinum
1494 5552 1631 5621 (λεν.
1656 5547 1872 5617 xxxv)»
1926 5549 2068 5604 Ecce

483 5650 811 5718 przeceptum
873 5643 1133 5701 divinitus
1195 5642 1418 5708 datum,
1498 5640 1589 5697 ubi
1688 5640 1855 5697 etiam
1909 5637 2067 5707 paulo

2137 3269 2385 3340 gredere,
2426 3276 2481 3321 et
2509 3266 2563 3321 in
2604 3264 2812 3319 medios
2845 3263 3078 3321 hostium
3118 3274 3336 3322 cuneos,
3370 3258 3516 3313 velut
3552 3256 3726 3311 emis-

2139 3374 2260 3417 Sum
2286 3356 2502 3414 caelitus
2526 3354 2724 3423 fulgur,
2752 3353 3009 3421 irrutnpe.
3039 3351 3266 3420 Corripe
3296 3364 3442 3403 arma
3472 3346 3724 3410 viriliter,

2139 3458 2196 3504 et
2222 3446 2434 3503 sublato
2461 3443 2664 3503 Christi
2706 3441 2923 3511 vexillo,
2966 3440 3055 3495 ubi
3101 3438 3452 3506 constipatior
3484 3435 3730 3491 cernitur

2140 3538 2305 3603 acies,
2341 3536 2579 3595 fervidus
2604 3535 2779 3599 irrue;
2804 3532 3003 3586 festina
3020 3530 3209 3601 gladiis
3230 3543 3458 3598 quaeque
3478 3526 3729 3598 proxima

2142 3630 2369 3701 caedere,
2416 3635 2800 3696 mementoque
2846 3638 3060 3693 semper
3111 3621 3452 3691 temetipsum
3492 3618 3733 3685 undique

2142 3724 2473 3780 circumacto
2515 3720 2704 3791 clypeo
2747 3716 3059 3773 custodire:
3095 3723 3172 3778 et,
3224 3728 3293 3768 ne
3339 3728 3435 3768 cor
3482 3719 3629 3765 tuum
3659 3709 3735 3764 de

2144 3811 2447 3888 inﬂigendis
2472 3808 2788 3867 vulneribus
2828 3805 3060 3861 formido
3105 3802 3401 3868 concutiat,
3450 3800 3572 3888 audi
3601 3796 3734 3867 quid

2145 3901 2243 3957 tibi
2275 3887 2582 3970 Sapientia,
2629 3894 2936 3952 Salomonis
2982 3891 3351 3954 attestatione,
3403 3887 3729 3958 promittat:

2150 4012 2169 4044 ι
2212 3990 2309 4056 Ne,
2338 3990 2535 4060 inquit,
2566 4001 2763 4056 paveas
2787 3984 3065 4061 repentino
3098 3992 3304 4037 terrore
3333 3980 3600 4034 irruentes
3631 3974 3729 4029 tibi

2143 4079 2414 4151 potentias
2451 4077 2757 4148 impiorum,
2779 4073 3038 4129 Dominus
3060 4072 3204 4126 enim
3230 4070 3336 4124 crit
3362 4069 3413 4122 in
3441 4068 3608 4121 latere
3636 4074 3732 4119 tuo

2146 4184 2203 4228 et
2230 4170 2496 4229 custodiet
2525 4168 2714 4238 pedem
2742 4176 2915 4229 tuum,
2950 4180 3016 4219 ne
3064 4161 3296 4232 capiaris
3330 4158 3513 4231 (Prov.
3562 4154 3664 4225 tn).
3703 4175 3727 4209 ι

2152 4262 2279 4329 Sed,
2306 4274 2377 4316 ne
2417 4258 2538 4328 quis
2566 4271 2653 4311 me
2682 4256 2784 4310 hoc
2811 4251 3193 4325 congrediendi
3228 4264 3397 4320 genus
3427 4262 3562 4303 nova
3609 4259 3740 4315 pro-

2152 4354 2253 4423 prii
2284 4365 2477 4409 sensus
2501 4347 2881 4404 adinventione
2922 4342 3124 4413 ﬁngere
3154 4346 3382 4403 asserat,
3415 4343 3567 4391 notet
3602 4334 3738 4404 quid

2153 4445 2446 4500 instructor
2471 4454 2640 4496 sacra:
2668 4436 2873 4494 militia:
2910 4434 3107 4489 Paulus
3134 4432 3316 4487 dicat:
3355 4449 3374 4483 ε
3416 4428 3528 4499 Ego
3553 4436 3736 4480 autem

2153 4534 2232 4589 sic
2258 4547 2418 4589 curro
2441 4546 2547 4585 non
2577 4528 2731 4598 quasi
2759 4527 2811 4580 in
2844 4526 3134 4587 incertum,
3158 4522 3237 4579 sic
3257 4534 3435 4595 pugno
3453 4516 3735 4585 nonquasi

2153 4640 2334 4683 aerem
2361 4622 2674 4677 verberans.
2697 4619 2743 4688 (ι
2779 4618 2902 4672 Cor.
2930 4617 3030 4687 Ix).
3061 4634 3080 4667 ι
3109 4615 3175 4668 Et
3197 4613 3391 4667 iterum
3420 4628 3432 4667 :
3460 4627 3478 4661 ι
3506 4607 3738 4672 Induite,

2156 4719 2347 4791 inquit,
2385 4730 2483 4770 vos
2506 4721 2837 4768 armaturam
2866 4708 2984 4773 Dei,
3016 4714 3076 4765 ut
3110 4705 3330 4776 possitis
3351 4712 3499 4759 stare
3537 4700 3734 4756 adver-

2156 4790 2249 4865 sus
2279 4804 2500 4860 insidias
2548 4800 2766 4866 diaboli,
2796 4799 2922 4869 quia
2959 4813 3066 4857 non
3115 4806 3199 4852 est
3238 4794 3391 4849 vobis
3433 4790 3743 4847 colluctatio

2160 4902 2419 4957 adversus
2442 4909 2659 4952 carnem
2689 4902 2743 4949 et
2771 4891 3087 4962 sanguinem
3111 4930 3130 4956 ,
3160 4889 3254 4943 sed
3299 4886 3558 4941 adversus
3584 4882 3739 4951 prin—

2159 4992 2307 5061 cipes
2332 4999 2385 5044 et
2413 4994 2729 5059 potestates,
2773 4984 3033 5037 adversus
3070 4979 3253 5035 mundi
3300 4985 3542 5035 rectores
3588 4981 3744 5027 tene-

2162 5082 2383 5137 brarum
2418 5081 2631 5143 harum,
2663 5084 2853 5129 contra
2885 5070 3185 5143 spiritualia
3239 5067 3497 5143 nequitia:
3528 5063 3580 5117 in
3630 5076 3743 5116 cre-

2162 5177 2425 5240 lestihus;
2471 5193 2489 5227 ι
2530 5172 2725 5229 deinde
2772 5166 3046 5237 subiungit
3079 5184 3091 5218 :
3130 5183 3149 5216 ι
3184 5163 3474 5233 Pr0pterea
3512 5156 3747 5226 accipite

2163 5278 2494 5325 armaturam
2521 5262 2846 5333 Dei(Ephes.
2873 5257 2971 5330 vt).
3000 5278 3018 5311 ›
3052 5258 3155 5313 Sed
3177 5255 3371 5327 quibus
3394 5261 3543 5308 tanto
3566 5249 3747 5306 studio

2165 5358 2440 5427 corripere
2470 5369 2617 5408 arma
2649 5351 2857 5417 suadet,
2906 5364 3026 5419 quae
3054 5347 3217 5401 etiam
3260 5340 3562 5414 hujusmodi
3593 5353 3747 5393 arma

2167 5425 2326 5511 sunt,
2345 5445 2623 5500 evidenter
2654 5446 2975 5522 enumerat:
3006 5455 3023 5487 ι
3055 5436 3229 5498 State,
3261 5432 3455 5501 inquit,
3485 5425 3752 5483 succincti

2169 5544 2381 5598 lumbos
2407 5550 2621 5595 vestros
2650 5520 2703 5592 In
2734 5535 2986 5598 veritate,
3013 5540 3069 5587 et
3096 5528 3264 5584 induti
3308 5527 3473 5581 lorica
3497 5520 3751 5590 iustitiae,

2170 5643 2227 5690 et
2249 5630 2470 5689 calceati
2493 5628 2657 5701 pedes
2682 5627 2737 5682 in
2768 5622 3162 5696 prmparationc
3188 5615 3463 5687 Evangelii
3492 5613 3663 5684 pacis,
3690 5610 3755 5665 in
