4024 6198
316 262 417 316 613

1483 262 1681 321 LIBER
1724 266 2018 334 SEXTUS,
2048 266 2264 323 EPIST.
2307 267 2515 326 XXVII.

3471 268 3575 322 ιιι

311 368 561 424 Omnibus
585 377 1089 426 sumentesscutum
1115 370 1693 444 fidei,iuqu0possitis
1712 377 1891 430 omnia
1923 386 1971 449 Α
1998 377 2199 432 latione
2243 349 2406 444 illius,
2457 377 2550 447 qui
2596 379 2700 434 hoc
2748 377 2976 442 viderat,
3010 377 3340 449 agnovisset,
3387 379 3572 432 occul-

316 459 416 514 tela
447 459 761 528 nequissimi
806 460 962 531 ignea
993 461 1359 533 exstinguere,
1386 473 1441 518 et
1469 465 1679 535 galeam
1707 465 1896 521 salutis

311 551 558 619 accipite,
580 560 635 605 et
662 551 899 622 gladium
932 553 1174 620 spiritus,
1215 555 1357 622 quod
1402 565 1486 610 est
1523 557 1747 610 verbum
1798 556 1894 611 Dei

311 640 652 712 (Ephes.vt.).
667 660 684 692 ι
704 639 816 696 Hoc
833 641 1079 698 videlicet
1094 643 1288 698 bellum
1305 659 1647 716 nequaquam
1659 653 1715 700 et
1737 644 1895 700 Salo-

308 749 432 787 mon
459 735 823 804 iguoraverat,
853 750 976 789 cum
1002 735 1216 790 dicebat
1241 753 1254 788 :
1293 753 1312 788 ‹
1341 736 1418 790 En
1444 735 1702 791 lectulum
1733 735 1892 790 Salo-

308 825 486 881 monis
515 828 794 897 sexaginta
824 825 996 882 fortes
1017 828 1260 882 ambiunt
1283 843 1349 884 ex
1375 826 1687 884 fortissimis
1708 829 1893 897 israel,

305 931 496 972 omnes
556 925 800 972 tenentes
849 915 1071 987 gladios,
1125 925 1181 972 et
1242 917 1310 974 ad
1375 918 1517 974 bella
1573 919 1892 984 doctissimi,

306 1004 729 1080 uniuscujusque
755 1007 902 1061 ensis
923 1022 1084 1076 super
1108 1007 1286 1062 femur
1307 1022 1466 1062 suum
1492 1017 1712 1078 propter
1741 1009 1894 1062 timo-

302 1114 393 1152 res
420 1084 924 1169 nocturnosiCant.
957 1098 1064 1170 tu).
1105 1119 1124 1152 ι
1172 1098 1278 1154 Sed
1320 1101 1411 1168 qui
1441 1099 1667 1170 gladios,
1696 1101 1894 1170 quibus

303 1191 604 1246 adversarii
645 1191 1048 1256 confodiantur,
1097 1201 1401 1258 enumerat,
1442 1192 1606 1246 etiam
1651 1192 1890 1264 clypeos,

303 1281 501 1350 quibus
533 1296 633 1336 nos
673 1282 1001 1346 muniamur,
1032 1267 1372 1350 exsequitur,
1397 1297 1520 1338 cum
1563 1281 1725 1352 paulo
1771 1289 1894 1352 post

301 1372 482 1439 sponsi
513 1386 644 1427 voce
687 1372 754 1428 ad
785 1387 1042 1441 sponsam
1078 1371 1277 1430 dicitur
1305 1389 1318 1428 :
1364 1389 1382 1424 ι
1414 1372 1566 1428 Sicut
1596 1372 1762 1428 turris
1789 1371 1893 1425 Da-

300 1461 389 1514 vid
413 1459 610 1516 collum
645 1468 792 1515 tuum
821 1477 941 1530 quae
967 1461 1231 1516 aedificata
1261 1471 1346 1518 est
1376 1477 1495 1518 cum
1517 1477 1888 1534 propugnacu-

301 1549 384 1616 lis,
419 1551 564 1605 miile
595 1551 764 1622 clypei
788 1553 1023 1622 pendent
1046 1567 1114 1610 ex
1138 1569 1223 1619 ea,
1256 1554 1433 1610 omnis
1469 1563 1744 1610 armatura
1778 1551 1889 1608 for-

299 1642 434 1697 tium
483 1641 663 1712 (Cant.
715 1645 810 1713 tv).
855 1662 873 1695 ι
931 1643 1033 1710 Qui
1083 1654 1264 1700 autem
1319 1643 1373 1699 bi
1438 1643 1612 1715 ciypei
1664 1642 1890 1714 intelligi

2000 466 2220 520 tandum
2265 481 2384 522 esse
2425 467 2700 537 praecepit.
2743 476 2925 537 atque,
2956 475 3112 523 utne
3159 468 3246 523 cui
3283 469 3572 536 diceretur,

1998 553 2170 608 donec
2221 555 2436 623 quidem
2473 555 2640 611 abbas
2685 556 2976 620 adviveret,
3009 558 3231 612 omnino
3275 559 3573 626 prohibuit.

1999 641 2098 710 Qui
2129 644 2289 713 paulo
2313 653 2434 714 post
2457 654 2661 700 sanctae
2691 645 3117 700 conversationis
3143 647 3322 701 studio
3343 647 3575 713 deditus,

1997 733 2162 802 obiit;
2206 749 2307 796 nec
2337 733 2496 805 longo
2521 745 2642 805 post
2675 735 2953 790 intervallo
2982 735 3029 792 is
3061 751 3276 806 quoque
3321 737 3406 792 cui
3440 738 3576 791 visio
3632 803 3638 810 .

1997 821 2140 878 facta
2172 823 2366 888 fuerat,
2421 825 2488 878 ad
2540 825 2826 880 Dominum
2867 841 2936 880 ex
2978 825 3082 885 hac
3129 827 3249 881 luce
3299 826 3574 897 migravit.

1996 913 2148 980 Quod
2176 916 2428 971 videlicet
2449 917 2757 988 exemplum
2772 918 2839 973 ad
2869 917 2996 986 quid
3022 931 3109 972 me
3127 917 3271 973 aliud
3298 926 3575 987 provocat,

1995 1003 2099 1058 nisi
2130 1012 2189 1057 ut
2216 1005 2584 1075 occupationis
2609 1006 2989 1062 ecclesiasticae
3023 1006 3436 1065 sollicitudinem
3484 1010 3577 1065 de,

1995 1111 2196 1159 seram,
2226 1107 2389 1166 atque
2430 1097 2498 1152 ad
2527 1097 3001 1167 contemplationis
3045 1097 3287 1166 requiem
3319 1105 3430 1155 tota
3466 1098 3577 1167 spi-

1994 1188 2132 1244 ritus
2157 1188 2404 1244 libertate
2432 1190 2795 1244 contendam?

2067 1280 2174 1335 Sed
2200 1281 2324 1335 dum
2357 1283 2461 1337 hoc
2493 1281 2625 1335 mihi
2674 1297 2772 1352 per
2815 1281 3062 1336 ordinem
3113 1280 3402 1344 diceretur,
3429 1279 3576 1335 aliud

1996 1387 2209 1442 quoque
2237 1372 2338 1427 sub
2365 1372 2555 1427 eodem
2594 1371 2707 1427 fere
2735 1381 3010 1428 momento
3037 1372 3268 1427 relatum
3296 1380 3400 1438 est,
3430 1371 3577 1440 quod

1997 1460 2272 1515 memoria:
2301 1461 2560 1515 mandare
2597 1460 2827 1516 otiosum
2858 1474 2980 1515 esse
3036 1475 3144 1514 non
3202 1459 3392 1520 credo;
3448 1457 3575 1528 quia

1994 1556 2122 1613 licet
2151 1558 2218 1613 ad
2239 1557 2341 1612 hoc
2369 1557 2642 1627 negotium
2666 1572 2772 1611 non
2797 1556 3086 1625 pertineat,
3117 1554 3184 1608 ad
3217 1553 3310 1607 Dei
3336 1554 3577 1622 omnipo.

1997 1648 2180 1712 tentis,
2229 1648 2313 1702 cui
2344 1647 2605 1716 quidquid
2651 1645 2958 1711 scribimus,
3001 1645 3219 1710 militat,
3267 1644 3425 1698 laude
3470 1658 3575 1698 non

297 1733 554 1798 debeant,
581 1733 723 1790 idem
749 1731 1004 1789 Salomon
1034 1734 1086 1790 in
1127 1734 1437 1790 Proverbiis
1459 1734 1748 1790 manifeste
1788 1736 1883 1790 de-
1917 1725 1962 1792 Β
1991 1747 2165 1792 vacat.
2207 1735 2511 1792 Richardus
2530 1738 2690 1808 plane
2719 1746 2902 1792 rector
2940 1736 3274 1799 monasterii,
3297 1735 3383 1790 cui
3412 1733 3575 1789 Cam-o

296 1822 488 1887 clarat,
516 1839 638 1876 cum
666 1823 796 1878 dicit
823 1841 835 1877 :
871 1843 888 1876 ι
922 1823 1111 1880 Omnis
1133 1840 1314 1880 sermo
1338 1825 1431 1886 Dei
1451 1826 1651 1896 ignitus
1669 1825 1889 1900 clypeus

295 1923 378 1968 est
417 1915 764 1986 sperantibus
811 1916 864 1970 in
913 1931 971 1971 se
1001 1915 1184 1987 (Prov.
1218 1917 1390 1988 xxxr).
1429 1937 1448 1970 ι
1493 1917 1592 1972 Diu
1624 1925 1726 1983 est,
1755 1917 1890 1971 diie-

266 2005 540 2059 ctissime
583 2003 774 2070 frater,
806 2005 951 2075 quod
991 2006 1084 2061 tibi
1127 2006 1274 2076 loqui
1301 2007 1469 2063 aridis
1498 2006 1753 2062 desiderii
1782 2004 1887 2064 mei

296 2094 546 2151 faucibus
572 2097 738 2163 sitivi,
764 2112 908 2151 nunc
928 2107 1149 2166 accepta
1179 2099 1482 2160 occasione,
1507 2099 1633 2152 dum
1649 2098 1831 2152 viuum
1855 2113 1886 2153 a

296 2203 482 2241 mensa
521 2190 907 2246 monachorum
955 2189 1148 2260 repuli,
1177 2191 1436 2247 uberibus
1462 2206 1550 2249 me
1571 2205 1884 2246 sermonum

295 2277 485 2333 rivulis
506 2279 720 2334 satiavi.

813 2389 1148 2446 EPISTOLA
1178 2389 1368 2447 XXIV.

717 2497 748 2536 Δ
758 2495 787 2535 ο
823 2496 1104 2537 HONESTUM
1149 2494 1456 2536 IONACIIUH.

533 2572 800 2644 (llabetur
827 2583 954 2628 tam.
977 2573 1097 2639 Ill,
1132 2585 1309 2644 estque
1331 2585 1508 2642 opusc.
1538 2571 1653 2644 48.)

723 2663 893 2734 213
930 2663 1261 2720 EPISTOLA
1295 2661 1458 2718 xxv.

760 2770 828 2810 AD
847 2769 1084 2808 JOANNEI
1113 2768 1424 2808 IONACHUI.

291 2845 700 2904 Δβδυιιεμτυκ.
731 2876 804 2888 --
826 2845 1078 2901 Defendit
1107 2861 1166 2899 se
1192 2856 1383 2901 contra
1405 2843 1670 2898 Joannem
1700 2859 1887 2912 quem.

359 2921 488 2971 dam
539 2916 898 2988 monachum,
944 2915 1228 2988 quiillqu
1279 2915 1702 2988 reprehenderat
1745 2916 1888 2988 quod

359 2988 732 3056 episcopatum
755 2987 1025 3055 deponere
1051 2985 1104 3039 in
1140 2985 1320 3038 animo
1345 2985 1602 3038 habebat.

1989 1830 2234 1900 porizani
2269 1829 2587 1885 vocabulum
2633 1838 2739 1893 est,
2787 1829 2892 1883 hoc
2921 1843 2981 1882 se
3025 1827 3191 1882 certis
3218 1825 3574 1895 quorumdam

1990 1921 2341 1976 relationibus
2385 1919 2638 1974 didicisse
2687 1918 2929 1972 narravit
2968 1935 2982 1972 :
3033 1915 3186 1983 Quod
3229 1915 3314 1969 vir
3353 1912 3572 1983 quidam

1988 2027 2052 2068 ex
2085 2011 2469 2081 Lougobardiae
2497 2009 2744 2077 par-tibus
2769 2023 2892 2062 cum
2918 2022 3089 2061 uxore
3114 2003 3273 2060 simul
3311 2003 3378 2056 ad
3406 2016 3570 2056 vene-

1989 2102 2154 2156 randa
2191 2099 2468 2154 beatorum
2501 2095 2864 2166 apostolorum
2917 2095 3106 2149 limina
3173 2091 3568 2156 contendebat;

1985 2205 2216 2257 eumque
2242 2189 2417 2244 lacum
2457 2185 2660 2242 Vulsini
2687 2185 2904 2240 obvium
2928 2183 3093 2253 219
3112 2183 3290 2236 viator
3317 2181 3570 2244 haberet,

1985 2279 2256 2348 navigium
2321 2274 2611 2346 piscatoris
2668 2275 2980 2346 ingressus,
3035 2273 3214 2340 pisces
3259 2269 3420 2334 emit;
3477 2266 3572 2322 sed

1986 2385 2238 2425 reversus
2267 2367 2332 2421 ad
2363 2367 2533 2430 littus,
2564 2363 2922 2434 marsupium,
2959 2363 3013 2416 in
3034 2363 3161 2430 tque
3189 2359 3273 2414 bis
3296 2357 3573 2414 duodenos

1986 2477 2328 2518 nummorum
2365 2459 2710 2529 Papiensium
2753 2457 2953 2513 solidos
2977 2456 3264 2519 habuerat,
3291 2468 3350 2508 se
3391 2452 3572 2523 perdi-

1985 2551 2131 2605 disse
2167 2549 2437 2618 cognovit.
2493 2548 2738 2618 Cumque
2781 2562 2919 2602 uxor
2964 2546 3082 2616 ejus
3127 2553 3353 2615 propter
3405 2541 3569 2596 vilem

1985 2654 2195 2696 coenam
2228 2654 2443 2708 gravem
2481 2655 2541 2694 se
2587 2648 2910 2708 quereretur
2939 2635 3224 2707 pertulisse
3270 2633 3568 2703 iacturam,

1985 2729 2072 2784 vir
2095 2729 2476 2798 magnanimus
2501 2730 2606 2787 hoc
2629 2729 3009 2798 aequanimiter
3041 2727 3180 2790 tulit,
3222 2725 3572 2792 doloremque

1987 2816 2231 2893 conjugis
2256 2821 2467 2877 blandis
2489 2820 2956 2875 adhortationibus
2977 2819 3150 2873 lenire
3171 2816 3410 2878 curavit:
3435 2813 3566 2879 Sex,

1989 2915 2182 2985 inquit,
2210 2915 2386 2970 adhuc
2427 2913 2774 2970 denariorum
2826 2911 3148 2968 Lucensium
3189 2907 3355 2962 libras
3403 2906 3573 2961 habe-

1991 3019 2132 3069 mus,
2163 3003 2322 3073 hujus
2344 3018 2570 3061 summm
2599 3002 2864 3056 duntaxat
2891 2999 3167 3068 impendio
3196 2995 3437 3056 valemus
3467 2993 3573 3048 iter

362 3078 580 3131 Domuo
630 3073 816 3130 lorum
867 3074 1121 3144 religioso
1171 3074 1310 3140 viro,
1360 3072 1574 3130 Parens
1623 3081 1883 3144 peccator

1987 3071 2485 3153 nostrumﬁhoneste
2511 3093 2831 3164 transigere.
2870 3090 3016 3144 Nam
3055 3089 3236 3145 divina
3281 3085 3567 3146 clementia

291 3171 597 3224 ntonachus
619 3168 846 3222 salutem
881 3167 932 3221 in
967 3167 1213 3221 Domino.

358 3259 520 3326 Quod
547 3258 916 3328 episcopatum
957 3272 1044 3311 me
1075 3256 1379 3326 relinquere
1406 3254 1542 3311 velle
1567 3269 1878 3323 succenses,

288 3351 539 3419 ina-isque
558 3349 879 3404 utilitatibus
895 3348 1247 3420 prospiciens,
1277 3346 1540 3412 consulis,
1561 3355 1621 3400 ut
1635 3361 1768 3415 pace
1788 3355 1879 3402 tua

286 3442 506 3512 loquar,
554 3457 689 3506 rem,
733 3441 927 3506 fateor,
953 3439 1125 3495 oculis
1167 3438 1540 3509 spiritualibus
1570 3453 1678 3492 non
1705 3447 1881 3493 atten-

285 3536 389 3590 dis.
428 3535 536 3589 Tot
571 3535 713 3590 enim
742 3549 1031 3590 causarum
1071 3532 1412 3588 saacularium
1441 3531 1680 3600 tenebris
1706 3531 1878 3587 obvo-

284 3624 457 3692 litus,
507 3626 682 3680 intimi
712 3625 931 3680 luminis
958 3624 1259 3678 claritatem
1298 3623 1484 3678 videre
1525 3637 1634 3676 non
1683 3621 1875 3689 valeo;

284 3715 350 3769 ad
391 3713 816 3784 contemplanda
859 3713 1164 3784 Spirituaiia
1191 3713 1473 3769 confusam
1501 3712 1663 3767 nimis
1692 3723 1747 3767 et
1776 3713 1875 3767 ob-

285 3816 469 3862 tusam
495 3805 692 3860 mentis
721 3804 895 3860 aciem
926 3805 1133 3861 attollo.
1165 3804 1306 3858 Ante
1335 3812 1542 3873 septem
1572 3801 1688 3857 fere
1708 3817 1880 3858 annos

284 3898 463 3954 abbas
497 3899 815 3954 monasterii
840 3899 906 3952 ad
948 3898 1211 3953 honorem
1241 3899 1299 3952 B.
1341 3897 1485 3952 Petri
1519 3898 1572 3952 in
1616 3897 1879 3953 Perusino

282 3990 554 4044 suburbio
591 3988 895 4051 constituti,
923 3989 1198 4044 commissi
1229 3988 1334 4045 sibi
1371 3988 1651 4059 regimiuis
1689 4003 1877 4043 curam

281 4081 497 4150 sprevit
525 4091 901 4149 rectoremque
930 4079 1031 4135 ioci
1055 4079 1270 4136 sibimet
1298 4094 1364 4134 ex
1400 4078 1709 4148 apostolica:
1735 4078 1879 4134 sedis

280 4171 619 4226 auctoritate
647 4170 949 4237 substituit,
979 4171 1044 4225 de
1071 4185 1180 4240 quo
1200 4169 1333 4224 mihi
1360 4168 1647 4223 Bainerius
1688 4167 1876 4237 judex,

280 4260 366 4314 vir
385 4259 644 4314 videlicet
673 4260 900 4330 insignis
925 4269 979 4316 et
1021 4259 1290 4316 facundia:
1320 4258 1504 4329 lepore
1531 4258 1874 4328 conspicuus,

282 4365 464 4417 nuper
491 4349 682 4405 retulit
715 4349 860 4420 quod
887 4365 1103 4406 enarro.
1135 4351 1339 4417 Abbas,
1368 4351 1543 4420 inquit
1570 4350 1677 4414 ille,
1725 4357 1877 4420 post-

1980 3205 2077 3244 sua
2111 3187 2488 3244 benedictione
2519 3184 2830 3254 dignabitur
2856 3191 3055 3238 nostra:
3091 3179 3321 3250 jactura;
3349 3177 3576 3245 dispen-r

1980 3282 2128 3336 dium
2155 3292 2526 3348 compensare.
2554 3274 2777 3329 Factum
2798 3281 2886 3327 est
2917 3281 3119 3335 autem,
3161 3283 3310 3333 cum,
3349 3263 3570 3336 expedi.

1980 3375 2128 3428 tione
2175 3381 2416 3444 peracta,
2468 3367 2724 3440 praefatus
2755 3367 2838 3420 vir
2885 3363 3037 3434 juxta
3085 3362 3334 3416 eumdem
3387 3358 3566 3412 lacum

1978 3464 2263 3519 metiretur
2309 3459 2645 3529 hospitium,
2705 3456 2872 3525 coepit
2929 3451 3354 3524 gratulabundus
3404 3446 3567 3502 sociis

1979 3553 2195 3608 dicere:
2231 3550 2366 3616 Quia
2402 3549 2552 3602 lacus
2583 3547 2703 3612 iste,
2747 3545 2973 3607 fratres,
3007 3540 3161 3602 nobis
3191 3536 3370 3592 intulit
3415 3536 3566 3591 dam-

1980 3657 2130 3706 num,
2168 3639 2388 3709 dignum
2420 3637 2662 3708 profecto
2707 3646 2810 3699 est,
2857 3641 2919 3688 ut
2957 3630 3258 3688 auxiliante
3307 3628 3440 3690 Deo,
3495 3624 3566 3680 ad

1980 3733 2203 3804 propria
2246 3727 2652 3801 repedantibus,
2702 3727 2881 3781 laetum
2911 3723 3171 3793 praebeat,
3213 3734 3279 3774 ac
3324 3717 3567 3777 solemne

1979 3826 2282 3881 convivium
2308 3838 2324 3877 ε
2349 3833 2405 3877 et
2424 3835 2719 3878 conversus
2741 3819 2808 3873 ad
2839 3816 3095 3875 accolas:
3123 3813 3274 3881 Quis,
3307 3811 3400 3872 ait,
3433 3809 3566 3864 mihi

1977 3916 2339 3970 distracturus
2394 3919 2480 3966 est
2537 3908 2820 3964 dbodecim
2871 3905 3260 3960 numismatum
3315 3896 3564 3968 piscem?

1977 4008 2076 4064 Cui
2120 4008 2356 4076 piscator
2385 4003 2668 4064 assistens,
2707 4007 2907 4069 pra‘sto
2953 3992 3232 4064 respondit
3258 4008 3273 4044 :
3303 3987 3561 4054 Venaiem

1977 4095 2222 4168 profecto
2269 4094 2476 4165 piscem
2522 4090 2786 4160 optimum
2822 4087 2998 4142 habeo
3029 4125 3045 4150 ,
3103 4082 3198 4140 sed
3249 4079 3563 4168 quindecim

1977 4166 2356 4258 proculdubio
2407 4182 2539 4237 mihi
2566 4179 2816 4242 denarios
2845 4174 3180 4237 numerabis,
3211 4172 3256 4234 si
3291 4185 3414 4230 eum
3461 4166 3562 4229 tibi

1977 4274 2256 4330 vindicare
2280 4271 2534 4327 volueris.
2583 4270 2760 4338 Quam
2792 4268 2882 4323 ille
2910 4279 3178 4323 summam
3209 4277 3316 4320 non
3343 4266 3563 4315 cuncta-

1979 4382 2066 4428 tus
2093 4370 2343 4432 exsolvit,
2370 4379 2720 4438 emptumque
2755 4365 2958 4435 piscem
2997 4360 3178 4423 uxori,
3217 4366 3276 4415 ut
3304 4354 3560 4414 esculent-

279 4456 451 4508 quam
485 4455 516 4494 a
548 4441 778 4509 depositi
812 4441 1090 4510 regiminis
1117 4441 1588 4496 administratione
1617 4440 1873 4504 cessavit,
1904 4421 1953 4490 1)
1980 4421 2688 4530 ίεῖξεῦἶξιξέίξηξίλίυηκξι,
2709 4421 2879 4521 ρξιειη
2901 4451 3093 4508 mulier
3111 4421 3171 4504 ut
3198 4444 3562 4508 exenteravit,

279 4531 533 4599 quatidie
562 4530 758 4586 missas
794 4533 1007 4603 gemino
1033 4531 1343 4587 celebrabat
1370 4530 1581 4595 cilicio;
1612 4530 1697 4584 cui
1722 4536 1877 4597 pater

282 4637 447 4675 meus
479 4621 590 4688 iam
621 4630 932 4684 veteranus,
961 4637 1122 4690 quem
1169 4620 1260 4676 ille
1299 4619 1502 4675 dudum
1551 4616 1876 4672 monachum

277 4709 512 4774 fecerat,
564 4711 617 4765 in
649 4711 814 4766 divini
845 4711 1024 4766 cultus
1066 4711 1281 4768 assidue
1330 4707 1670 4764 ministrabat
1715 4708 1875 4762 obse-

275 4801 451 4870 quii-3
481 4801 724 4868 Quadam
773 4803 955 4871 itaque
982 4802 1069 4858 die
1099 4802 1226 4856 dum
1279 4801 1518 4871 periecto
1563 4797 1876 4868 Evangelio,

277 4887 648 4944 caelestesilie
675 4887 924 4942 victimas
952 4888 1326 4943 immolaturus
1351 4897 1518 4952 esset,
1549 4894 1705 4956 pater
1725 4899 1876 4941 meus

276 4991 490 5048 agnum
513 4975 670 5044 juxta
702 4976 874 5031 altare
901 4977 1049 5031 videt
1095 4977 1374 5038 assistere,
1414 4990 1578 5046 quem
1620 4989 1744 5030 cum
1773 4988 1872 5030 vo-

275 5067 482 5122 iui-sset
506 5075 729 5136 repente
758 5067 1054 5136 corripere,
1086 5066 1438 5122 tremefactus
1473 5064 1710 5136 expavit,
1757 5078 1874 5122 ma.

274 5171 532 5226 numque
561 5155 614 5210 in
646 5172 767 5212 eum
791 5158 1085 5213 extendere
1112 5173 1221 5213 non
1249 5157 1607 5227 praesumpsit.
1633 5155 1877 5224 Cumque

273 5250 346 5304 ad
381 5248 440 5304 il
487 5257 803 5317 perventum
829 5257 975 5304 esset
1011 5257 1072 5302 ut
1111 5264 1308 5318 corpus
1354 5247 1690 5304 Dominicum
1729 5245 1878 5300 fran-

276 5347 548 5411 geretur,
596 5338 879 5406 prazfatum
935 5355 1133 5410 agnum
1179 5354 1343 5408 super
1396 5353 1640 5394 mensam
1691 5336 1876 5397 altaris

276 5430 446 5494 vidit,
477 5444 635 5498 quem
660 5430 786 5484 dum
809 5429 930 5484 fixis
952 5429 1233 5486 obtutibus
1259 5430 1434 5488 denuo
1453 5429 1766 5491 miraretur,
1791 5443 1875 5482 re-

278 5527 456 5589 pente
489 5517 772 5588 disparuit.
804 5519 958 5586 Quod
980 5519 1109 5576 dum
1139 5519 1464 5576 venerabilis
1491 5518 1658 5578 abbas
1691 5533 1760 5576 ex
1788 5533 1874 5580 re-

354 5628 486 5697 (97)
518 5628 687 5700 Epist.
720 5629 881 5702 hujus
909 5631 1032 5688 finis
1059 5630 1235 5688 desid.
1265 5631 1317 5688 in
1346 5645 1476 5691 mss.

1980 4552 2032 4606 in
2063 4549 2320 4606 intestino
2349 4545 2468 4615 ejus
2488 4544 2784 4601 folliculum
2813 4557 2937 4597 eum
2966 4538 3156 4609 viginti
3185 4545 3418 4605 quatuor
3458 4532 3561 4587 Pa-

1977 4641 2180 4712 piensis
2228 4646 2459 4694 monetae
2501 4636 2686 4692 solidis
2737 4633 2957 4702 reperit.
3013 4630 3166 4685 Tunc
3207 4641 3418 4692 omnes,
3462 4623 3566 4692 qui

1979 4734 2225 4798 aderant,
2263 4732 2320 4786 in
2361 4744 2649 4786 commune
2674 4725 2877 4798 gratias
2903 4723 3147 4779 referunt
3182 4728 3236 4776 et
3283 4719 3337 4776 in
3371 4730 3564 4776 succe-

1980 4823 2232 4880 dentibus
2255 4822 2358 4878 sibi
2379 4820 2608 4892 jacturis
2636 4831 2852 4896 semper
2879 4816 2932 4870 in
2981 4815 3091 4868 Deo
3119 4826 3270 4882 spem
3313 4822 3433 4864 esse
3461 4820 3561 4875 ρος

1977 4913 2212 4968 nentiam
2234 4911 2603 4969 indubitanter
2623 4914 2922 4979 agnoscunt
2950 4904 3085 4975 (97).

2481 4999 2816 5062 EPIS’I‘OLA
2857 4997 3045 5053 XXVI.

1977 5111 2046 5150 ΑΙ)
2069 5109 2309 5151 IAN!!!“
2344 5107 2484 5150 813οΠ
2516 5105 2853 5152 Μἠιυειιειι,
2883 5101 3168 5144 κουλειιυιι
3203 5094 3553 5148 ςιλεεεμεειι.

2193 5183 2457 5256 (Habetur
2491 5193 2618 5236 tam.
2662 5179 2782 5245 III,
2812 5189 2987 5246 estque
3015 5192 3194 5246 opus.
3232 5175 3343 5246 69.)

2474 5270 2806 5327 EPISTULA
2855 5268 3064 5328 XXVII.

2259 5377 2327 5416 AD
2351 5377 2565 5417 PETRUI
2591 5374 2933 5428 εειιιιιιιοειιιι
2963 5371 3268 5412 κοιλοιιωί.

1979 5457 2373 5515 Ancuusuruu.
2389 5483 2460 5498 —-
2473 5453 2608 5527 Tota
2637 5452 2753 5506 haec
2765 5450 2991 5527 epistola
3004 5458 3195 5503 contra
3217 5447 3434 5502 Petrum

2051 5527 2330 5590 rebrosum
2358 5524 2681 5584 monachum
2705 5523 2909 5592 scripta
2941 5528 3045 5589 est,
3061 5533 3223 5593 quem
3251 5532 3376 5576 cum
3401 5523 3553 5587 prius
