4018 6202
455 239 560 294 615

948 236 1004 293 S.
1029 236 1236 297 PETRI
1277 237 1562 295 DAMIANI
1596 236 1749 293 OPP.
1793 233 1974 288 PARS
2015 232 2149 289 SEU
2179 233 2416 295 TOMUS
2453 241 2494 295 1.
2537 271 2606 284 -—
2659 240 2882 301 EPIST.
2916 243 3045 300 LIB.
3083 247 3213 304 νιῑι.

3606 257 3715 312 M6

527 350 593 404 de
634 349 936 408 coercenda
969 353 1145 422 lingua
1181 363 1236 408 et
1266 352 1444 434 verbis
1487 360 1690 438 temere
1733 348 1842 404 non
1867 428 1881 438 Δ
1907 344 2038 401 effu-
2061 343 2116 405 Δ
2141 349 2268 422 quia
2289 353 2532 422 quisquis
2567 356 2620 410 in
2653 356 2754 414 hac
2786 360 2893 414 vita
2926 362 3220 430 perfectam
3246 365 3416 435 egerit
3445 382 3715 438 putamen-

529 420 727 479 tiendis
778 420 1208 502 adaiqnuis'set._
1239 423 1420 502 statim
1478 421 1669 475 deinde
1726 428 2036 502 spontaneze

526 495 810 550 verberum
852 492 1130 548 inllictioni
1175 492 1550 548 detrahentem
1601 492 1842 561 graviter
1879 505 2035 544 coar-

525 566 638 632 guit
673 577 1066 642 seoparumqiie
1117 563 1413 642 remedium
1434 576 1562 642 Anon
1594 563 1751 642 modo
1780 576 1885 615 non
1908 575 2033 642 esse

525 628 837 714 absurdum,
868 641 926 684 ut
977 628 1065 689 ille
1105 631 1470 714 existimabat,
1516 630 1820 714 scalpitur},
1867 628 2030 714 etJad

523 702 797 772 purganda
826 711 1047 772 peccata
1083 702 1431 772 peridoneum
1477 701 1824 757 validissimis
1868 701 2034 756 ratio-

531 771 688 826 nibus
712 782 768 826 et
789 771 1048 841 exemplis
1067 771 1423 826 demonstrat.

520 859 708 915 Psrtto
733 860 1045 916 Csassaoso
1072 861 1359 926 monacho,
1395 859 1608 917 Psrsus
1635 869 1890 932 peccator
1915 875 2032 916 mo-

451 949 658 1006 nachus
685 949 934 1006 salutem.

523 1040 624 1109 Qui
651 1040 916 1096 dieaciam
945 1040 1305 1111 eloquentiam
1335 1051 1508 1112 putat,
1547 1057 1728 1098 rerum
1771 1040 2027 1097 similitu-

450 1127 576 1183 dine
602 1128 814 1194 duetus,
856 1129 1093 1185 oberrat.
1137 1130 1289 1186 Sicut
1314 1131 1460 1185 enim
1487 1131 1570 1185 vir
1596 1129 1824 1201 Sapiens
1849 1130 1982 1186 dicit
2007 1147 2024 1184 :

453 1234 474 1269 ε
502 1215 666 1272 Labia
687 1217 1106 1287 imprudentium
1129 1221 1290 1276 stulta
1320 1223 1637 1286 narrabunt,
1657 1221 1822 1276 verba
1845 1227 2025 1276 autem

447 1307 790 1374 prudentium
834 1318 1040 1365 statera
1085 1311 1528 1380 ponderabuntur
1570 1310 1757 1382 (Eccli.
1809 1311 1946 1382 xxt).
2000 1330 2021 1364 ι

447 1394 612 1450 Plane
654 1397 794 1452 sicut
835 1412 1007 1468 equus
1057 1399 1276 1455 effrenis
1322 1415 1420 1470 per
1462 1401 1740 1455 anfractus
1787 1409 1844 1457 et
1878 1402 2024 1456 invia

445 1484 625 1555 plana,
642 1486 726 1542 vel
749 1489 916 1542 ardua
931 1503 1156 1559 quaeque
1179 1491 1514 1553 transmittit,
1540 1492 1618 1546 sic
1632 1491 1812 1562 lingua
1834 1491 2025 1546 stulto-

446 1590 563 1629 rum
595 1585 765 1644 recta,
791 1579 873 1634 vel
893 1578 1105 1646 frivola,
1134 1581 1298 1651 220
1332 1589 1391 1635 ut
1437 1582 1686 1651 quaelibet
1710 1591 2022 1652 suppetunt,

445 1664 815 1723 indifferenter
840 1684 904 1724 ac
949 1669 1139 1726 leviter
1159 1670 1346 1725 efﬂuit.
1378 1671 1622 1727 Prudens
1651 1681 1854 1737 autem,
1901 1687 2022 1742 qua:
2047 1683 2101 1747 ι

443 1754 670 1811 dicenda
716 1767 862 1824 sunt,
894 1761 1185 1830 ponderat;
1217 1772 1274 1816 et
1317 1771 1573 1833 tanquam
1602 1773 1794 1819 cautus
1822 1763 2022 1830 viator,

442 1842 673 1900 solerter
696 1849 926 1902 attendit
955 1851 1044 1906 ubi
1071 1851 1264 1921 lingua:
1301 1868 1414 1908 suae
1449 1845 1733 1925 vestigium
1759 1855 1905 1926 figat.
1931 1855 2025 1913 Ille

443 1933 701 2004 quidquid
729 1938 1002 1994 occultum
1033 1949 1136 2006 est,
1165 1956 1261 2010 per
1288 1942 1681 2012 impatientiam
1712 1944 1860 2000 fandi
1893 1962 2020 2016 pro-

441 2020 590 2076 ducit
631 2023 684 2076 in
728 2025 1001 2093 medium;
1037 2027 1159 2094 iste,
1188 2029 1234 2084 si
1273 2031 1441 2087 dictet
1482 2032 1707 2100 utilitas,
1734 2034 1835 2090 sub
1871 2035 2023 2091 clave

437 2107 639 2164 silentii
685 2122 867 2167 servat
913 2131 1194 2173 arcanum.
1245 2118 1398 2174 Unde
1448 2131 1505 2176 et
1553 2123 1695 2178 idem
1749 2123 2019 2196 Sapiens:

445 2217 465 2250 ι
513 2199 568 2253 In
595 2216 711 2268 ore,
750 2203 944 2273 inquit,
978 2205 1247 2264 fatuorum
1293 2225 1389 2265 eor
1411 2226 1625 2278 eorum,
1654 2222 1709 2268 et
1758 2215 1814 2268 in
1858 2217 2023 2272 corde

436 2289 763 2358 sapientium
776 2310 838 2350 os
863 2296 1074 2352 illorum
1092 2298 1304 2372 (lbid.).
1339 2321 1358 2355 ι
1389 2302 1686 2360 Plurimum
1711 2305 1805 2372 fel,
1827 2305 2020 2374 frater,

437 2379 495 2434 in
535 2397 635 2438 nos
669 2401 841 2456 nuper
891 2393 1198 2457 evomuisti,
1263 2393 1450 2450 dicetis
1497 2404 1552 2450 et
1591 2398 1834 2454 scribens
1875 2401 2018 2469 quod

437 2476 625 2532 vesani
662 2479 851 2551 utique
883 2483 1080 2553 capitis
1109 2484 1358 2541 videatur
1389 2488 1615 2546 ebullire
1639 2489 1900 2547 furorem.
1952 2493 2021 2548 Et

435 2572 630 2619 cetera
665 2567 902 2636 quidem,
925 2587 1048 2641 quae
1069 2572 1361 2631 simultatis
1391 2579 1672 2635 acerrima:
1715 2579 1886 2636 livore
1928 2582 2021 2638 de-

433 2651 727 2711 bacchatus
755 2672 834 2724 es,
876 2660 1208 2730 omittimus;
1239 2665 1307 2720 de
1335 2665 1637 2737 disciplinis
1685 2679 1867 2725 autem
1897 2687 2022 2728 ver-

433 2743 646 2812 berum,
683 2764 820 2818 quas
854 2751 956 2806 sibi
988 2751 1185 2809 fratres
1216 2759 1733 2816 consuetudinaliter
1759 2762 2016 2832 inferunt,

433 2829 523 2886 ubi
551 2832 904 2894 detractionis
931 2842 1117 2911 pedem
1131 2905 1138 2908 Α,
1161 2844 1364 2902 diutius
1394 2847 1738 2918 impressisti,
1768 2868 1892 2909 cum
1920 2829 2016 2910 Dei

434 2921 636 2978 auxilio
669 2932 1073 2998 respondemus.
1105 2933 1218 2991 Hoc
1267 2936 1450 3008 itaque
1505 2939 1806 3011 disciplina:
1843 2958 2014 3014 genus

432 3027 771 3085 nequaquam
800 3022 1073 3079 modernis
1095 3027 1384 3084 eststudiis
1411 3031 1622 3086 noviter
1641 3033 2010 3102 adinventum,
2037 3027 2087 3092 Ο

432 3104 527 3160 sed
553 3120 618 3160 ex
649 3123 822 3166 sacra:
851 3111 1146 3184 Scriptura:
1169 3117 1348 3187 potius
1371 3121 1695 3177 auctoritate
1717 3123 2008 3193 prolatum.

431 3193 692 3254 Novimus
743 3202 886 3258 enim
955 3203 1244 3261 Dominum
1304 3207 1639 3266 Salvatorem
1682 3227 1714 3266 a
1765 3215 2012 3282 praesidis

429 3286 694 3344 militibus
721 3293 1095 3361 verberatum;
1146 3296 1334 3352 beatos
1363 3298 1638 3368 apostolos
1665 3300 1720 3354 in
1767 3303 2012 3360 conciliis

428 3391 461 3432 a
506 3381 847 3438 sacerdotum
891 3385 1225 3456 principibus
1271 3402 1474 3455 carsos;
1525 3391 1814 3448 nonnullos
1841 3394 2006 3450 etiam

425 3481 736 3528 sanctorum
766 3485 1063 3548 martyrum
1091 3478 1318 3550 legimus
1346 3483 1511 3554 virgis
1533 3497 1599 3540 ac
1616 3483 1801 3556 flagris
1825 3488 2012 3543 durio—

426 3564 578 3622 ribus
603 3565 868 3635 laniatos;
899 3568 1099 3628 Paulus
1143 3574 1303 3628 etiam
1333 3575 1463 3645 quia
1493 3585 1577 3632 ter
1618 3567 1787 3648 virgis
1835 3595 2008 3637 casus

421 3666 529 3724 est,
577 3669 633 3717 et
671 3661 812 3729 quod
863 3663 1153 3734 quinquies
1203 3667 1602 3739 quadragenas,
1656 3686 1764 3726 una
1803 3673 2004 3741 minus,

421 3749 631 3819 accepit
659 3750 745 3822 (ΙΙ
781 3751 905 3807 Cor.
935 3753 1035 3824 xi).
1069 3755 1224 3822 Quod
1263 3758 1448 3828 utique
1473 3760 1583 3816 tale
1609 3769 1711 3818 est.
1742 3761 2008 3833 Praecepit

419 3838 478 3894 in
523 3839 942 3899 Deuteronomio
970 3845 1251 3912 Dominus,
1293 3849 1524 3905 dicens:
1561 3869 1580 3902 ι
1614 3850 1674 3907 Si
1713 3867 1862 3920 eum,
1911 3855 2006 3925 qui

421 3936 751 4004 peccaverit,
777 3936 988 4006 judices
1010 3940 1229 4010 dignum
1256 3940 1514 4008 viderint,
1553 3953 1920 4014 prosternent,
1947 3956 2006 4004 et

416 4038 602 4080 coram
636 4041 697 4082 se
730 4025 932 4083 facient
956 4028 1256 4085 verberari.
1291 4050 1312 4084 ι
1345 4031 1447 4088 Ubi
1474 4041 1528 4089 et
1575 4049 1700 4091 mox
1737 4036 1998 4092 additur:

423 4133 444 4167 ο
483 4115 590 4172 Pro
614 4131 866 4172 mensura
897 4120 1105 4188 peccati
1145 4121 1249 4176 erit
1287 4132 1341 4178 et
1369 4123 1652 4195 plagarum
1681 4127 1893 4193 modus,
1925 4129 2001 4185 ita

416 4215 480 4261 ut
527 4209 1016 4280 quadragenarium
1059 4228 1342 4269 numerum
1380 4216 1642 4272 duntaxat
1688 4233 1796 4274 non
1845 4235 2005 4276 exce-

414 4299 564 4361 dant,
591 4313 661 4354 ne
689 4297 827 4356 [uade
849 4301 1120 4358 laceratus
1144 4311 1270 4359 ante
1289 4306 1475 4363 oculos
1501 4316 1620 4365 tuos
1647 4309 1809 4366 obeat
1829 4310 2002 4368 frater

2137 444 2288 508 tiam,
2314 445 2513 499 nullam
2538 451 2880 517 postmodum
2912 467 3010 521 pro
3036 454 3151 509 suis
3176 459 3487 515 excessibus
3515 465 3714 520 sentiet

2132 545 2369 604 pteuam.
2413 534 2582 592 Porro
2605 540 2877 595 ternarius
2909 555 3130 612 propter
3170 551 3483 618 mysterium
3511 567 3714 611 sanctae

2133 621 2438 690 Trinitatis,
2468 628 2535 684 ad
2559 629 2751 697 fidem;
2781 633 3063 702 quinarius
3085 649 3303 710 propter
3329 643 3566 714 quinque
3586 663 3712 702 sen-

2131 731 2224 774 sus
2255 728 2486 782 nostros,
2521 724 2755 790 pertinet
2789 727 2855 780 ad
2888 731 3274 797 Operationem.
3319 733 3385 788 Et
3410 738 3532 806 quia
3561 740 3714 809 quis-

2130 824 2235 880 que
2260 827 2382 872 eum
2425 825 2636 884 peccat,
2676 818 2762 874 vel
2799 829 2946 876 errat
2990 822 3042 878 in
3081 824 3206 891 fide,
3251 827 3333 881 vel
3359 829 3624 901 delinquit
3654 834 3709 890 in

2128 915 2313 970 opere,
2343 903 2562 976 dignum
2587 905 2708 970 fuit,
2751 919 2812 964 ut
2841 911 3058 978 Paulus,
3085 914 3176 984 qui
3200 917 3489 988 utrobique
3515 935 3710 990 pecea-

2128 1001 2301 1058 verat,
2347 994 2412 1048 ad
2455 995 2710 1064 perfectae
2737 1002 3072 1070 purgationis
3113 1003 3364 1061 effectum
3419 1019 3502 1064 ter
3543 1013 3710 1082 virgis

2127 1097 2324 1148 etesiis,
2351 1093 2406 1139 et
2437 1087 2725 1156 quinquies
2752 1093 3035 1146 verberum
3061 1107 3311 1151 ureretur
3346 1099 3711 1171 quadragenis

2128 1174 2216 1245 (II
2237 1175 2360 1230 Cor.
2393 1179 2488 1248 χι).
2539 1178 2689 1246 Quod
2725 1191 2904 1238 autem
2943 1185 3161 1252 dicitur,
3201 1205 3306 1243 una
3356 1191 3555 1257 minus,
3605 1193 3708 1250 hoc

2126 1274 2211 1321 est
2234 1267 2422 1335 procul
2451 1268 2634 1336 dubio,
2663 1274 2916 1340 quoniam
2961 1274 3270 1333 Iudaeorum
3303 1278 3514 1348 judices
3541 1298 3707 1338 unum

2127 1357 2486 1415 decreverunt
2516 1362 2679 1417 ictum
2703 1364 2770 1420 de
2797 1367 3151 1438 quadraginta
3185 1373 3468 1438 minuere;
3493 1383 3551 1428 ut
3578 1376 3705 1431 dum

2125 1447 2193 1502 ad
2221 1448 2446 1520 legalem
2474 1453 2737 1510 calculum
2767 1473 2874 1513 non
2909 1462 3298 1532 pertingerent,
3345 1475 3536 1521 contra
3565 1481 3706 1536 prte-

2124 1547 2341 1608 ceptum
2376 1540 2510 1612 legis
2541 1543 2847 1626 nullatenus
2872 1549 3134 1605 excedere
3156 1553 3476 1621 potuissent,
3499 1565 3554 1611 et
3576 1558 3705 1613 dum

2127 1632 2261 1686 citra
2291 1634 2663 1704 persisterent,
2700 1637 2927 1695 ulterius
2947 1657 3052 1696 non
3085 1645 3394 1700 transirent.

2196 1721 2330 1777 Cum
2385 1739 2516 1794 ergo
2563 1741 2668 1781 non
2714 1730 2873 1784 modo
2923 1741 3149 1787 vetustae
3203 1734 3334 1806 legis
3387 1739 3705 1806 auctoritas,

2124 1813 2221 1868 sed
2281 1824 2336 1868 et
2374 1817 2683 1888 evangeliea
2741 1821 2912 1888 gratia
2949 1824 3235 1879 verborum
3291 1827 3476 1898 plagas
3546 1833 3708 1885 modo

2125 1919 2223 1975 per
2251 1919 2539 1979 praecepta,
2591 1913 2751 1969 modo
2801 1930 2900 1984 per
2943 1918 3190 1988 exempla
3231 1925 3611 1990 commendet;
3646 1937 3708 1982 ut

2125 2001 2283 2072 221
2337 2011 2398 2068 et.
2427 2013 2645 2061 sanctos
2694 2010 2972 2077 apostolos
3018 2012 3073 2066 in
3130 2014 3361 2068 concilio
3405 2030 3598 2082 caesos,
3649 2029 3706 2074 et

2122 2091 2310 2148 beatos
2355 2105 2627 2167 martyres
2676 2097 2915 2168 legamus
2961 2116 3329 2171 smpenumero
3367 2109 3700 2165 verberatos.

2129 2202 2148 2235 ι
2184 2182 2530 2256 Quaecunque
2587 2199 2767 2244 autem
2813 2192 3015 2262 scripta
3059 2205 3202 2256 sunt,
3225 2196 3300 2266 ad
3331 2207 3570 2253 nostram
3602 2202 3702 2256 do-

2121 2275 2354 2328 ctrinam
2393 2277 2594 2346 scripta
2637 2287 2764 2333 sunt
2794 2279 2983 2350 (Rom.
3017 2285 3130 2354 xv).
3157 2304 3177 2337 ›
3218 2285 3357 2353 Quid
3406 2289 3700 2346 absurdum

2119 2373 2225 2428 est,
2256 2365 2385 2435 quid
2417 2367 2682 2439 ineptum,
2707 2371 2752 2426 si
2783 2387 2927 2427 nunc
2956 2383 3142 2430 sancta
3187 2376 3425 2433 Ecclesia
3466 2381 3518 2435 in
3551 2384 3704 2451 pacis

2119 2454 2233 2509 otio
2278 2457 2450 2511 utitur
2494 2474 2601 2528 quo
2627 2460 2828 2516 dudum
2863 2465 3121 2520 utebatur
3163 2467 3216 2522 in
3265 2469 3450 2524 bello?
3484 2471 3617 2526 Nam
3643 2484 3703 2528 et

2119 2544 2416 2615 Apostolus
2453 2548 2648 2605 iterum
2677 2551 2808 2606 dicit
2835 2567 2852 2606 :
2890 2571 2909 2604 ι
2939 2552 3158 2625 Castigo
3189 2572 3385 2626 corpus
3417 2575 3614 2625 meum,
3643 2571 3707 2617 et

2119 2635 2174 2690 in
2204 2638 2519 2694 servitutem
2545 2642 2728 2712 redigo
2755 2642 2816 2714 (1
2847 2643 2968 2698 Cor.
3000 2645 3097 2716 Ix).
3123 2666 3142 2700 ι
3174 2647 3240 2702 Et
3259 2651 3387 2704 alibi
3416 2667 3430 2704 :
3468 2669 3487 2703 ι
3513 2652 3704 2709 Sancti

2118 2725 2350 2784 ludibria
2395 2739 2450 2786 et
2478 2733 2702 2788 verbera
2737 2737 2945 2804 experti
2973 2737 3160 2805 (Hebr.
3189 2740 3288 2810 xi).
3318 2724 3344 2793 ἶ
3380 2740 3547 2797 Porro
3570 2744 3704 2799 dum

2117 2833 2309 2874 manus
2329 2821 2602 2878 carnificis
2634 2839 2776 2879 nunc
2797 2826 2865 2880 ab
2897 2826 3185 2899 inlligendo
3218 2832 3546 2903 martyribus
3577 2849 3710 2888 ver-

2116 2909 2248 2965 bere
2276 2919 2472 2976 cessat,
2501 2911 2629 2982 quid
2647 2912 2825 2978 obest,
2873 2917 2919 2971 si
2951 2928 3138 2974 saneta
3169 2919 3385 2976 devotio
3417 2923 3530 2992 ipsa
3568 2923 3706 2979 sibi-

2117 3009 2251 3066 met,
2275 3002 2416 3058 unde
2439 3006 2643 3061 sanctis
2667 3009 2997 3078 martyribus
3040 3013 3312 3082 particeps
3339 3015 3455 3070 fieri
3491 3032 3706 3073 merea~

2116 3100 2224 3158 tur,
2256 3093 2549 3150 exhibeat?
2575 3095 2708 3152 Nam
2725 3114 2848 3154 cum
2873 3111 3066 3170 sponte
3088 3118 3174 3158 me
3195 3107 3428 3176 propriis
3448 3110 3705 3165 manibus

2112 3192 2239 3240 ante
2269 3196 2618 3256 conspectum
2669 3190 2763 3247 Dei
2813 3196 3061 3259 verbero,
3110 3197 3410 3255 devotionis
3450 3201 3704 3272 ingenua

2111 3273 2459 3343 desiderium,
2488 3280 2534 3335 si
2560 3281 2807 3338 carnifex
2830 3296 3160 3352 occurreret,
3195 3301 3478 3360 promptus
3505 3302 3703 3348 osten-

2110 3363 2199 3419 do.
2233 3364 2370 3433 Quia
2413 3367 2460 3422 si
2505 3383 2604 3438 pro
2650 3385 2836 3427 amore
2862 3373 3061 3430 Christi
3105 3385 3214 3432 tam
3241 3379 3412 3434 dulcis
3450 3391 3534 3435 est
3563 3383 3704 3438 mihi

2109 3471 2290 3526 pinna,
2321 3474 2446 3514 cum
2491 3463 2680 3529 deest;
2717 3479 2826 3534 quo
2868 3467 3244 3538 susciperetur
3270 3471 3472 3536 animo,
3492 3474 3537 3526 si
3568 3490 3698 3543 per-

2109 3558 2326 3606 secutor
2349 3551 2612 3609 offerret?
2644 3555 2845 3612 Vellem
2874 3573 2974 3628 pro
3003 3559 3222 3616 Christo
3253 3564 3438 3618 subire
3481 3575 3699 3638 marty-

2109 3642 2270 3710 rium,
2298 3659 2406 3701 non
2436 3645 2632 3712 habeo,
2660 3662 2909 3706 cessante
2947 3654 3146 3718 studio,
3179 3655 3488 3711 facultatem
3519 3675 3535 3720 ;
3580 3659 3700 3728 ipse

2107 3749 2196 3790 me
2241 3737 2559 3794 verberibus
2615 3748 2873 3807 atterens,
2925 3745 3151 3800 ostendo
3193 3745 3383 3802 saltem
3435 3748 3702 3805 ferventis

2105 3826 2274 3882 animi
2331 3827 2685 3886 voluntatem.
2753 3832 3045 3892 Enimvero
3105 3837 3150 3892 si
3220 3854 3308 3894 me
3369 3852 3699 3910 persecutor

2106 3916 2373 3984 allideret,
2421 3920 2537 3990 ipse
2585 3938 2674 3978 me
2701 3923 3068 3994 verberarem,
3111 3929 3235 3999 quia
3291 3933 3699 3989 verberandum

2103 4023 2192 4063 me
2224 4010 2506 4068 ultroneus
2531 4014 2868 4070 exhiberem.
2897 4015 3032 4072 Nam
3063 4019 3106 4073 si
3149 4019 3378 4075 solerter
3405 4021 3700 4093 Scriptura

2103 4100 2412 4168 discutitur,
2443 4104 2556 4175 ipse
2602 4122 2699 4162 rex
2741 4120 3040 4182 martyrum
3088 4112 3336 4171 Christus
3367 4132 3472 4170 non
3513 4118 3700 4174 solum

2103 4209 2133 4248 a
2156 4194 2312 4262 Juda,
2341 4198 2436 4253 sed
2483 4199 2649 4256 etiam
2683 4216 2714 4255 a
2758 4201 2920 4260 Patre
2971 4213 3027 4259 et
3063 4221 3096 4260 a
3149 4208 3440 4278 semetipso
3468 4227 3705 4280 quoque

2101 4289 2334 4346 traditus
2380 4291 2670 4348 invenitur.
2708 4293 2842 4350 Nam
2883 4296 2948 4351 de
2977 4295 3139 4352 Patre
3193 4299 3323 4354 dicit
3354 4303 3650 4370 Apostolus
3678 4322 3698 4359 :

416 4397 542 4445 tuus
571 4390 750 4460 (Deut.
782 4394 932 4465 xxv).
971 4413 990 4447 ι
1034 4394 1187 4462 Quod
1221 4397 1471 4454 videlicet
1495 4399 1572 4456 illi
1600 4402 1798 4472 populo
1823 4393 2075 4474 legaleD
2105 4403 2123 4436 ε
2149 4382 2287 4450 Quia
2331 4387 2550 4456 ριόρτῑο
2607 4387 2745 4444 Filio
2788 4405 2895 4444 ηοη
2955 4392 3217 4460 repere",
3245 4395 3340 4449 sed
3385 4409 3484 4462 Ρτο
3529 4397 3704 4453 nobis

409 4490 764 4550 preceptum,
820 4483 978 4540 nobis
1017 4493 1102 4540 est
1147 4484 1417 4557 allegoria:
1468 4491 1810 4559 mysterium.
1844 4491 1996 4560 Qua-

407 4569 768 4642 dragenarius
791 4574 1057 4644 siquidem
1086 4592 1346 4633 numerus
1385 4577 1636 4636 humana:
1667 4581 1790 4636 vita:
1822 4582 1996 4654 signi-

409 4661 542 4718 ﬁcat
569 4677 810 4720 cursum.
827 4665 967 4720 Hine
986 4676 1072 4722 est
1087 4668 1234 4737 quod
1256 4667 1419 4724 lsrael
1447 4671 1604 4727 annis
1631 4673 1992 4743 quadraginta

409 4753 654 4824 graditur
676 4771 773 4826 per
797 4757 1093 4822 desertum,
1133 4758 1259 4814 hinc
1315 4758 1525 4830 Moyses
1553 4772 1606 4817 et
1644 4763 1812 4831 Elias,
1839 4765 1992 4820 insu-

373 4909 376 4911 λ
405 4861 505 4917 per
531 4854 587 4902 et
610 4845 724 4916 ipse
753 4845 1014 4904 Dominus
1037 4857 1116 4904 tot
1143 4849 1334 4906 diebus
1357 4861 1677 4921 protraxere
1699 4853 1989 4924 jejunium.

407 4935 508 5002 Qui
530 4935 694 4991 etiam
719 4937 861 4992 sicut
880 4938 1030 4994 horis
1055 4940 1432 5010 quadraginta,
1467 4942 1520 4998 in
1547 4945 1798 5013 sepulcro
1841 4963 1988 5002 mor-

407 5037 532 5081 tuus
577 5025 772 5096 jacuit,
829 5029 903 5084 ita
957 5029 1310 5086 nihilominus
1362 5041 1484 5102 post
1529 5036 1988 5094 resurrectionem

406 5130 558 5170 suam
600 5117 791 5174 diebus
829 5120 1052 5175 totidem
1093 5137 1218 5177 cum
1248 5121 1527 5192 discipulis
1556 5123 1674 5191 fuit,
1723 5134 1990 5194 quatenus

371 5255 376 5261 .
405 5221 503 5261 nos
533 5221 630 5262 sua
661 5210 903 5265 membra
934 5211 1054 5281 pius
1091 5211 1348 5284 magister
1370 5215 1614 5277 edoceat.
1640 5226 1698 5270 ut
1720 5231 1817 5284 per
1840 5218 1988 5285 capi-

407 5296 475 5350 tis
505 5298 678 5352 nostri
710 5300 934 5372 vestigia
959 5303 1286 5372 gradientes,
1319 5314 1378 5360 et.
1422 5306 1620 5360 mortui
1671 5304 1893 5372 mundo,
1934 5315 1990 5362 et

402 5389 550 5440 velut
586 5391 855 5460 peregrini
886 5392 1224 5463 bospitemur
1252 5395 1306 5449 in
1338 5397 1553 5452 sarculo.
1585 5396 1810 5469 Mystice
1847 5412 1986 5470 quo-

401 5490 507 5545 que
550 5487 806 5546 peccator
837 5482 894 5536 in
935 5481 1051 5553 lege
1079 5484 1206 5539 dum
1237 5487 1492 5556 vapulare
1520 5489 1856 5558 pnecipitur,
1885 5503 1981 5544 ex-

403 5567 1018 5650 cediiqua‘dragenarius
1046 5575 1322 5646 plagarum
1347 5595 1605 5636 numerus
1626 5581 1978 5653 prohibetur;

2096 4476 2348 4533 omnibus
2381 4479 2603 4534 tradidit
2633 4480 2780 4534 illum
2806 4480 2986 4553 (Rom.
3010 4481 3162 4554 vm);
3194 4504 3212 4534 ι
3245 4485 3313 4537 de
3338 4484 3471 4538 Filio
3501 4495 3706 4542 autem

2098 4567 2264 4623 alibi:
2293 4587 2313 4621 ι
2351 4570 2452 4638 Qui
2481 4570 2690 4640 dilexit,
2724 4573 2920 4644 inquit,
2966 4590 3072 4639 me,
3104 4586 3160 4629 et
3197 4577 3418 4630 tradidit
3442 4577 3704 4646 scipsum

2095 4673 2195 4728 pro
2223 4674 2308 4714 me
2337 4658 2539 4728 (Galat.
2571 4662 2654 4733 tt).
2689 4681 2710 4715 ι
2763 4662 2890 4720 Sive
2927 4680 3057 4735 ergo
3107 4682 3194 4720 me
3241 4668 3458 4736 propria
3491 4684 3710 4724 uiantis

2096 4749 2316 4820 allligat,
2354 4751 2468 4806 sive
2495 4753 2741 4808 carnifex
2771 4755 2936 4810 ictum
2975 4755 3199 4828 inlligat,
3242 4772 3344 4828 ego
3371 4759 3711 4828 specialiter

2094 4840 2254 4910 hujus
2279 4844 2696 4902 examinationis
2729 4855 2920 4901 auctor
2943 4848 3140 4912 existo,
3171 4850 3263 4919 qui
3313 4865 3399 4904 me
3446 4851 3517 4903 ad
3545 4866 3708 4908 exa-

2093 4934 2406 4989 minandum
2447 4936 2728 4992 ultroneus
2756 4938 2946 4993 oﬂ'ero.
2982 4937 3276 5007 Praeterea,
3309 4942 3434 5012 quia
3470 4953 3714 5013 tympa-

2091 5039 2220 5080 num
2277 5036 2361 5082 est
2411 5026 2566 5097 pellis
2616 5029 2791 5094 arida,
2846 5027 2958 5094 ille,
3017 5029 3172 5099 juxta
3217 5030 3570 5102 Prophetam,
3638 5037 3715 5092 in

2093 5128 2346 5188 tympano
2379 5118 2663 5174 Dominum
2715 5122 2980 5176 veraciter
3010 5122 3192 5176 laudat
3227 5121 3400 5191 (Psal.
3432 5124 3547 5193 cs),
3587 5130 3716 5195 qui

2089 5207 2393 5264 confectum
2411 5207 2621 5280 jejunio
2671 5227 2868 5281 corpus
2892 5227 2986 5283 per
3024 5213 3366 5284 disciplinam
3397 5216 3714 5275 verberat.

2090 5299 2257 5355 Plane
2306 5310 2362 5357 et
2407 5303 2547 5357 sacri
2592 5318 2828 5359 canones
2857 5306 3164 5371 nonnullos,
3211 5306 3304 5376 qui
3331 5305 3717 5378 delinquunt,

2089 5395 2348 5465 vapulare
2375 5397 2724 5467 prmcipiunt;
2763 5400 2902 5454 unde
2933 5401 3106 5453 sancti
3138 5399 3352 5470 plurimi
3387 5399 3718 5468 pontiﬁces

2089 5486 2351 5554 quosdam
2399 5488 2465 5541 ad
2497 5489 2870 5556 ptenitentiam
2895 5491 3197 5554 venientes,
3236 5490 3388 5558 prius
3416 5489 3470 5542 in
3501 5493 3722 5553 oculis

2089 5579 2201 5634 suis
2225 5580 2500 5636 verberari
2524 5581 2866 5653 praecipiunt,
2897 5582 3085 5654 sicque
3112 5582 3365 5652 deinceps
3399 5579 3722 5651 pumilea-
