4024 6198
333 358 436 416 M7

328 474 412 527 tiae
425 468 687 541 judicium
716 467 1020 536 imponunt.
1065 463 1202 518 Nam
1241 471 1300 520 et
1338 473 1466 520 ante
1508 479 1626 529 nos,
1654 461 1904 518 omnibus
1930 464 1984 523 Α

327 563 440 619 fere
495 560 701 618 sanctis
729 557 1076 614 monasteriis
1107 557 1224 612 haec
1275 556 1572 626 disciplina:
1597 555 1781 626 regula
1812 571 1906 610 ne-

324 666 598 724 quaquam
629 648 730 703 fuit
757 646 1168 716 incognita,etsi
1199 661 1304 701 non
1351 646 1486 701 adeo
1513 645 1858 715 frequentata
1883 661 1899 710 ;

325 745 467 798 unde
509 751 566 797 et
599 739 838 809 singulos
867 752 1040 792 annos
1079 736 1411 806 poenitentiae
1449 736 1683 792 millenis
1727 736 1906 805 scopis

321 836 593 891 redimere
642 839 1061 887 consueverunt.
1093 829 1174 882 Tu
1211 844 1426 898 quoque
1461 845 1568 883 non
1611 828 1907 898 disciplina:

323 927 590 996 regulam.
624 924 719 979 sed
769 920 1027 991 longioris
1076 919 1378 988 disciplinae
1420 919 1709 975 detestaris
1764 919 1907 973 insa-

323 1019 498 1082 niam,
530 1032 631 1072 nec
663 1015 938 1086 improbas
971 1029 1092 1070 cum
1142 1013 1424 1082 disciplina
1479 1012 1583 1067 dici
1614 1011 1903 1081 psalmum,

321 1109 419 1162 sed
464 1106 861 1177 perhorrescis,
925 1113 986 1159 ut
1040 1105 1386 1158 continuetur
1448 1117 1570 1155 cum
1622 1099 1905 1170 disciplina

321 1197 670 1253 Psalterium.
724 1196 830 1252 Sed
875 1196 982 1261 die,
1020 1197 1273 1260 obsecro,
1303 1193 1495 1257 frater,
1525 1202 1584 1247 ut
1621 1208 1742 1247 cum
1774 1207 1907 1262 pace

326 1297 421 1340 tua
468 1286 682 1355 loquar,
713 1285 1000 1340 detestaris
1027 1283 1170 1348 illas,
1205 1298 1326 1353 qua:
1370 1296 1436 1336 ex
1489 1295 1640 1336 more
1685 1280 1823 1336 fiunt
1851 1282 1905 1336 in

319 1375 560 1446 capitulo
590 1373 952 1444 disciplinas?
1001 1375 1227 1429 damnas
1263 1373 1514 1429 fortassis
1553 1381 1608 1428 et
1633 1372 1736 1427 hoc
1762 1373 1907 1442 quod

321 1482 470 1537 saepe
516 1464 677 1520 fratri
713 1468 780 1521 de
835 1465 938 1520 levi
985 1465 1231 1536 qualibet
1281 1463 1580 1520 offensione
1633 1463 1904 1530 confesso,

320 1557 545 1611 vicenas
588 1554 846 1620 fortasse,
890 1554 996 1619 vel,
1057 1562 1118 1609 ut
1175 1553 1430 1618 multum,
1495 1553 1906 1624 quinquagenas

319 1649 612 1705 verberum
675 1645 863 1718 plagas
921 1647 1107 1702 subire
1172 1645 1559 1718 pmcipimus?
1624 1644 1732 1700 Sed
1780 1644 1907 1714 quia

319 1739 624 1812 disciplina:
652 1739 769 1794 ista;
792 1739 859 1794 ad
884 1737 1221 1794 tolerandum
1265 1737 1412 1793 leves
1437 1747 1565 1792 sunt
1587 1746 1644 1793 et
1672 1737 1904 1808 exiguae,

1463 349 1664 415 LIBER
1692 347 1988 414 SEXTUS,
2021 347 2237 406 EPIST.
2269 347 2502 405 XXVIII.

3475 345 3583 402 M8

2495 457 2830 517 EPISTOLA
2867 459 3101 518 XXVIII.

2630 571 2698 609 Αἰ)
2733 569 2972 610 ευιυειι.

2004 644 2402 702 Annuus-run.
2434 676 2504 686 —
2529 645 2672 700 Duas
2700 646 3026 715 quaestiones
3067 644 3169 699 sibi
3209 658 3240 697 a
3278 643 3437 699 Petro
3471 659 3587 699 mo-

2078 717 2599 786 uachoﬁpmpositas
2643 715 2907 786 dissolvit.
2941 715 3121 786 Prima
3156 723 3293 779 erat,
3331 728 3429 786 cur
3468 729 3587 768 ma-

2076 800 2214 849 gnus
2239 783 2531 854 Gregorius
2570 787 2799 840 dixisset
2849 785 2970 838 ideo
3008 784 3252 849 divitem,
3297 783 3387 852 qui
3428 798 3584 853 opem

2076 854 2286 910 Lazaro
2339 857 2586 910 mendico
2643 855 2786 910 ferre
2839 854 3182 921 contempsit,
3242 854 3307 908 ad
3351 861 3587 908 aeternos

2077 925 2349 1005 cruciatus
2391 926 2715 1005 damnatum
2755 939 2900 1005 esse,
2939 923 3063 1005 quia
3095 924 3194 977 sub
3223 921 3370 977 Novo
3397 921 3588 1003 Testa-
3653 957 3657 960 -

2079 1003 2286 1058 mento,
2315 995 2368 1048 in
2397 1010 2505 1063 quo
2533 994 2904 1048 misericordia
2953 991 3008 1047 in
3052 1005 3316 1062 pauperes
3343 991 3588 1063 praecipi-

2078 1072 2189 1128 tur,
2214 1074 2371 1118 natus
2398 1061 2533 1118 erat.
2565 1065 2747 1118 Altera
2786 1064 3015 1133 qumstio
3041 1064 3107 1115 de
3135 1064 3265 1133 vitio
3302 1061 3588 1133 curiosita-

2079 1135 2176 1198 tis;
2210 1135 2275 1188 de
2311 1150 2419 1203 quo
2462 1133 2606 1188 idem
2645 1134 2702 1188 S.
2744 1130 2934 1190 doctor
2981 1131 3311 1187 mentionem
3354 1130 3582 1196 fecerat,

2077 1203 2220 1272 quod
2250 1204 2336 1258 hic
2359 1205 2489 1272 quid
2515 1205 2606 1270 sit,
2635 1205 2960 1258 ostenditur.

2079 1291 2262 1347 Pmno
2282 1293 2606 1349 charissimo
2633 1293 2812 1360 fratri,
2842 1294 3059 1349 Psrnus
3081 1292 3329 1349 salutem.

2079 1381 2288 1448 Quaeris
2333 1399 2364 1438 a
2418 1399 2523 1448 me,
2575 1385 2928 1440 dilectissime
2982 1385 3076 1450 fili,
3117 1383 3246 1453 quid
3294 1381 3396 1438 sibi
3435 1381 3585 1446 velit,

2009 1475 2152 1543 quod
2182 1474 2234 1528 in
2265 1475 2482 1530 homilia
2520 1477 2701 1531 divitis
2734 1477 2794 1531 Β.
2823 1475 3118 1548 Gregorius
3158 1477 3235 1530 ait
3281 1475 3482 1549 (homil.
3516 1472 3588 1528 40

2007 1565 2063 1618 in
2114 1564 2372 1636 Evang.):
2431 1567 2729 1622 «Nonnulli
2794 1575 2989 1647 putant
3041 1575 3312 1637 praecepta
3375 1564 3590 1619 Veteris

2009 1653 2351 1712 Testamenti
2397 1657 2727 1713 districtiora
2754 1675 2876 1715 esse
2898 1674 3058 1728 quam
3091 1657 3266 1714 Novi:
3293 1657 3390 1713 sed
3420 1656 3474 1712 hi
3505 1657 3592 1710 ni-

2010 1746 2207 1801 mirum
2263 1746 2562 1817 improvida
2612 1746 3046 1801 consideratione
3074 1745 3352 1800 falluntur.
3394 1743 3450 1799 In
3497 1743 3593 1799 illo

219 1829 222 1834 ’
317 1842 488 1903 atque
515 1831 660 1886 inter
690 1828 888 1885 fratres
912 1829 1238 1901 regulariter
1277 1837 1530 1893 assueta,
1556 1828 1902 1899 perspicuum
1932 1829 1980 1891 Β
2005 1837 2150 1890 enim
2193 1851 2298 1890 ηοη
2358 1836 2590 1901 tenacia,
2649 1835 2745 1891 sed
2804 1835 2992 1904 rapina
3041 1833 3336 1900 multatur;
3370 1832 3444 1888 ibi
3500 1848 3593 1887 τε,

319 1935 407 1982 est
434 1925 562 1995 quia
608 1939 718 1979 non
759 1923 1008 1993 derogas,
1053 1937 1163 1977 non
1223 1921 1595 1993 reprehendis,
1621 1934 1690 1976 ne
1711 1928 1905 1975 contra
2006 1924 2204 1994 injuste
2247 1925 2457 1980 sublata
2496 1925 2836 1981 restitutione
2862 1923 3194 1994 quadruplici
3224 1923 3461 1994 punitur.
3490 1921 3590 1976 Hic

319 2031 672 2072 communem
726 2015 899 2069 sancti
957 2013 1166 2069 ordinis
1217 2012 1661 2068 consuetudinem
1721 2011 1907 2064 venire
2007 2029 2188 2072 autem
2231 2019 2379 2073 dives
2405 2019 2506 2073 iste
2553 2033 2659 2072 non
2709 2017 2997 2073 abstulisse
3039 2016 3212 2071 aliena
3242 2013 3596 2084 reprehendi-

319 2105 584 2160 videaris.
628 2104 744 2174 Age
806 2103 992 2174 igitur,
1045 2103 1090 2158 si
1144 2102 1569 2173 quinquagenas,
1600 2107 1659 2154 ut
1700 2099 1906 2154 dictum

319 2208 428 2263 est,
465 2197 594 2253 licet
627 2196 928 2266 imponere,
969 2209 1067 2250 cur
1112 2210 1218 2249 non
1263 2193 1428 2246 etiam
1462 2205 1776 2262 sexagenas,
1823 2189 1908 2245 vel

319 2291 512 2357 etiam,
547 2287 593 2343 si
622 2285 997 2356 praesumimus
1021 2285 1221 2348 dicere,
1249 2297 1420 2353 usque
1439 2282 1734 2337 centenas?
1754 2280 1909 2347 Quod

322 2383 365 2437 si
397 2380 775 2437 centenarium
811 2379 864 2433 in
907 2377 1012 2433 hoc
1037 2377 1139 2447 pize
1169 2375 1472 2431 devotionis
1498 2373 1769 2430 sacrificio
1804 2388 1900 2426 nu.

321 2489 538 2527 merum
574 2472 701 2527 licet
741 2471 1026 2541 attingere,
1057 2484 1158 2524 cur
1186 2483 1292 2523 non
1321 2467 1485 2523 etiam
1520 2466 1907 2530 ducentorum,

2009 2121 2117 2179 tur,
2168 2112 2262 2167 sed
2305 2125 2400 2166 sua
2455 2125 2562 2165 non
2587 2109 2830 2164 dedisse.
2866 2127 2884 2160 ι
2927 2107 3133 2175 Quibus
3181 2106 3367 2175 utique
3415 2103 3594 2159 verbis

2009 2204 2198 2259 doctor
2229 2202 2454 2272 insignis
2484 2201 2586 2256 hoc
2611 2200 2876 2255 duntaxat
2905 2196 3205 2269 approbare
3231 2196 3418 2250 nititur
3440 2195 3592 2264 quia,

2009 2292 2053 2347 si
2086 2292 2236 2348 dives
2283 2289 2371 2346 ille
2399 2291 2453 2344 in
2489 2288 2667 2344 Veteri
2710 2288 3058 2356 Testamento
3101 2284 3289 2340 fuisset
3317 2283 3591 2346 inventus,

2010 2379 2266 2434 tartareis
2314 2378 2475 2448 223
2522 2379 2699 2446 pmnis
2753 2376 3058 2431 nullatenus
3112 2381 3256 2429 esset
3323 2371 3589 2426 addictus.

2008 2467 2168 2523 Juxta
2195 2481 2324 2538 ergo
2349 2469 2488 2522 hanc
2523 2466 2876 2522 assertionem
2901 2465 3103 2519 idcirco
3133 2461 3314 2532 periit,
3338 2461 3462 2530 quia
3492 2460 3594 2514 sub

322 2579 426 2618 cur
444 2578 552 2616 ιιοη
572 2569 958 2623 ireceniomm.
990 2557 1166 2629 quad?
1169 2556 1533 2627 ingeniorum.
1565 2555 1727 2624 222
1751 2554 1912 2623 ψιίη-
2011 2575 2147 2616 nova
2178 2560 2348 2630 gratia
2374 2560 2702 2615 constitutus
2728 2556 3078 2628 Evangelium
3101 2569 3322 2610 servare
3351 2563 3594 2610 contem-

324 2652 656 2725 gentorum?
686 2667 785 2706 cur
829 2659 977 2705 certe
1023 2656 1080 2703 et
1119 2647 1500 2710 millenarium,
1549 2659 1614 2699 ac
1657 2643 1912 2713 deinceps

2025 2650 2139 2719 psit.
2179 2648 2285 2704 Sed
2333 2665 2366 2704 e
2390 2649 2624 2714 diverso,
2655 2656 2710 2703 tu
2764 2645 3018 2712 moveris,
3046 2654 3101 2699 et
3124 2644 3282 2709 dicis,
3320 2642 3595 2713 quomodo

327 2763 442 2801 non
465 2746 626 2800 liceat
647 2753 891 2799 attexere
927 2737 1416 2797 numerum?Satis
1443 2736 1588 2792 enim
1619 2735 1908 2790 absurdum
2005 2741 2118 2811 jam
2169 2749 2300 2796 tunc
2357 2739 2562 2796 N0vum
2603 2740 3006 2795 Testamentum
3060 2736 3301 2791 illuxisse
3355 2735 3593 2798 dicatur,

326 2846 440 2901 est,
465 2847 522 2890 ut
545 2835 696 2905 cujus
721 2833 798 2888 rei
823 2847 949 2901 pars
978 2831 1197 2884 minima
1223 2836 1377 2898 grate
1402 2825 1714 2895 suscipitur,
1738 2822 1913 2878 maxi-

2025 2848 2134 2888 :um
2164 2833 2412 2888 Christus
2443 2833 2672 2887 necdum
2723 2831 2776 2884 in
2830 2843 2994 2884 cruce
3020 2841 3332 2896 suspensus,
3365 2824 3594 2879 necdum

328 2945 416 2983 ma
454 2927 852 2996 reprobetur,et
877 2921 1036 2976 nimis
1059 2920 1297 2990 ineptum
1325 2925 1408 2973 est
1430 2917 1597 2982 credi,
1629 2925 1689 2969 ut
1709 2915 1911 2970 bonum

2025 2940 2111 2994 per
2138 2924 2553 2979 resurrectionis
2581 2933 2635 2977 et
2662 2918 2996 2976 ascensionis
3025 2917 3250 2987 gloriam
3281 2914 3460 2970 fuerat
3495 2929 3592 2968 su-

323 3018 460 3088 quid
488 3017 683 3071 debeat
713 3013 892 3082 incipi,
918 3011 1012 3065 sed
1043 3024 1150 3064 non
1175 3007 1520 3078 permittatur
1535 3005 1741 3075 augeri.
1765 3005 1913 3071 Quo-

2025 3015 2301 3072 blimatus?
2352 3014 2464 3069 lmo
2517 3015 2688 3082 ipsum
2752 3009 3141 3078 Evangelium,
3189 3005 3332 3076 quod
3380 3003 3593 3060 servari

321 3107 491 3163 modo
519 3105 663 3161 enim
697 3110 872 3173 potest
901 3100 1038 3166 fieri,
1075 3098 1200 3152 utsi
1227 3111 1394 3166 parva
1439 3095 1722 3165 disciplina
1759 3095 1910 3164 puri-

2025 3105 2341 3175 praecipitur,
2384 3104 2612 3158 necdum
2665 3110 2784 3156 erat
2829 3101 2882 3155 in
2936 3100 3126 3154 orbem
3184 3105 3451 3152 terrarum
3497 3110 3598 3165 per

321 3197 479 3262 ficat,
529 3195 583 3250 in
609 3164 903 3263 conspectu
929 3164 1030 3244 Dei
1061 3164 1413 3258 multiplicata
1444 3164 1908 3240 sordescat'lNam

2025 3164 2381 3265 apostolorum
2429 3210 2525 3249 ora
2580 3192 2854 3247 diffusum.
2901 3189 3182 3245 Postremo
3212 3202 3311 3244 nec
3360 3164 3598 3257 Spiritus

321 3290 368 3345 Si
393 3288 657 3342 diurnum
679 3281 942 3352 Jejuﬂium
973 3280 1172 3334 bonum
1222 3285 1327 3342 θεῖν
1356 3275 1676 3340 biduanum,
1719 3284 1776 3330 θῑ
1818 3274 1917 3329 ιε’ί·
2013 3295 2234 3342 sanctus
2279 3286 2557 3342 hominum
2582 3286 2745 3338 corda
2778 3282 3100 3353 repleverat,
3132 3279 3223 3349 qui
3255 3279 3323 3334 ad
3341 3279 3597 3333 mandata

321 3379 568 3433 duanum
606 3374 799 3429 melius
824 3379 925 3427 est.
965 3369 1057 3425 Sic
1105 3367 1348 3440 vigilare,
1405 3365 1485 3421 sic
1532 3364 1783 3436 psallere,
1834 3365 1916 3419 sic

321 3472 598 3534 laborare,
629 3469 710 3525 sic
737 3467 980 3532 obedire,
1010 3465 1091 3522 sic
1136 3461 1577 3519 meditationibus
1606 3458 1917 3529 Scriptura-

321 3577 451 3616 rum
507 3559 797 3628 vigilanter
848 3556 1119 3610 insistere.
1171 3552 1554 3621 Unusquisque
1588 3550 1710 3618 pius
1763 3547 1917 3602 labor

321 3666 435 3720 quo
468 3648 731 3719 prolixior
777 3654 885 3711 est,
927 3660 994 3700 eo
1032 3643 1402 3716 propensioris
1429 3639 1698 3696 mercedis
1746 3638 1916 3709 gloria

322 3741 526 3810 dignus
564 3745 683 3802 est;
727 3735 904 3790 solum
950 3743 1134 3788 autem
1192 3734 1294 3788 hoc
1337 3730 1555 3801 pietatis
1589 3743 1762 3801 genus
1806 3743 1916 3799 quo

321 3833 508 3900 magis
559 3839 808 3900 augetur,
838 3843 904 3883 eo
955 3826 1192 3882 deterius
1233 3822 1602 3892 judieabitur?
1646 3821 1808 3888 Dicis,
1857 3828 1916 3875 ut

321 3920 461 3990 quid
483 3921 758 3991 percutior
781 3917 1040 3973 carnem?
1069 3914 1400 3985 respondeo:
1433 3923 1494 3968 ut
1513 3911 1642 3982 quid
1670 3910 1916 3982 percutio

322 4011 622 4083 spiritum?
664 4010 804 4065 Dicit
852 4010 996 4064 enim
1031 4007 1360 4062 Psalmista:
1403 4024 1422 4058 ι
1459 4004 1816 4060 Exercitabar
1860 4008 1918 4057 et

322 4101 624 4171 scopebam
652 4099 900 4170 Spiritum
940 4113 1118 4152 meum
1162 4095 1336 4168 (Paul.
1383 4096 1592 4164 Lxxvt).
1627 4111 1647 4145 ι
1683 4091 1916 4147 Carnem

320 4193 629 4262 siquidem,
667 4198 722 4245 et
769 4189 1016 4260 spiritum
1048 4202 1231 4258 scopo,
1259 4186 1351 4256 qui
1377 4199 1464 4241 me
1489 4183 1782 4254 deliquisse
1821 4197 1919 4253 per

322 4297 556 4338 carnem
602 4292 660 4339 et
706 4281 959 4350 spiritum
998 4291 1366 4349 recognosco:
1403 4275 1571 4333 istum
1612 4274 1906 4345 correptio-

328 4388 493 4436 nurn,
526 4369 675 4425 illam
725 4385 851 4425 cum
903 4369 1117 4424 caeteris
1157 4366 1537 4422 aﬂlictionibus
1573 4366 1738 4422 etiam
1795 4379 1918 4435 per-

323 4461 590 4518 cussione
643 4461 940 4528 virgarum,
976 4466 1033 4510 ut
1055 4457 1178 4525 quia
1207 4455 1328 4510 laeta
1369 4469 1457 4510 me
1499 4469 1629 4510 caro
1661 4453 1825 4508 traxit
1847 4452 1914 4507 ad

322 4549 574 4619 culpam,
603 4547 796 4603 afflicta
828 4547 1050 4602 reducat
1083 4545 1151 4600 ad
1173 4544 1618 4600 veniam.Loriea
1647 4553 1729 4598 est
1755 4543 1916 4598 homo

324 4642 559 4695 indutus
591 4640 656 4693 ad
694 4653 935 4703 carnem,
958 4636 1154 4691 ferreis
1183 4636 1427 4690 membra
1452 4634 1667 4690 diversa
1696 4631 1920 4689 circulis

320 4731 526 4794 ambit,
554 4729 722 4784 mittit
747 4743 870 4782 cum
906 4727 1090 4782 labore
1117 4735 1442 4790 metanmas,
1469 4721 1642 4778 allidit
1673 4723 1728 4777 in
1761 4722 1917 4792 pavi-

323 4831 581 4878 mentum
637 4820 884 4875 crebrius
949 4818 1183 4888 palmas;
1218 4825 1280 4870 ut
1324 4815 1452 4886 quid
1517 4816 1654 4881 haec,
1715 4825 1770 4870 et
1831 4815 1918 4869 his

322 4913 558 4977 similia,
595 4911 696 4965 nisi
732 4921 812 4976 ut,
837 4911 962 4964 dum
1001 4926 1099 4980 per
1125 4911 1242 4965 haec
1261 4923 1460 4980 corpus
1487 4906 1761 4979 afﬂigitur,
1810 4908 1924 4962 ani-

325 5022 436 5059 mae
503 5002 848 5073 refrigerium
919 4999 1279 5071 procuretur?
1333 4999 1705 5069 Quodcunque
1769 4998 1914 5053 enim

323 5094 471 5150 illud
511 5103 596 5148 est
620 5108 718 5162 per
740 5091 882 5161 quod
915 5105 1046 5146 caro
1082 5091 1414 5159 pmnitentire
1457 5105 1618 5145 causa
1648 5089 1921 5145 laceratur

323 5197 506 5255 atque
553 5183 882 5252 percellitur,
915 5197 1009 5251 per
1057 5182 1159 5237 hoc
1197 5181 1360 5235 homo
1387 5179 1573 5250 procul
1596 5180 1756 5234 dubio
1789 5195 1920 5234 con-

326 5275 506 5332 tracti
532 5283 715 5330 reatus
740 5273 988 5342 squalore
1007 5280 1287 5343 purgatur.
1315 5271 1478 5336 Audi,
1498 5271 1627 5342 quid
1656 5287 1742 5326 me
1760 5286 1921 5327 nosse

321 5365 632 5435 contigerit
685 5365 842 5419 tertio
903 5364 1013 5428 die,
1076 5374 1363 5434 postquam
1410 5363 1464 5418 in
1530 5378 1619 5419 me
1665 5371 1770 5418 tua:
1811 5377 1918 5418 non

324 5460 524 5514 dicam
584 5456 953 5527 malignitatis,
1002 5457 1098 5512 sed
1159 5455 1526 5526 simplicitatis
1575 5455 1920 5525 phreneticus

321 5549 513 5606 ardor
531 5549 807 5604 incanduit
837 5547 972 5620 (98).

405 5700 536 5773 (98)
570 5700 772 5757 Czetera
803 5702 1179 5759 desiderantur
1204 5701 1258 5757 in
1289 5718 1418 5758 mss.

2014 3379 2277 3434 servanda
2333 3379 2475 3432 vires
2531 3376 2805 3430 mentibus
2865 3373 3242 3429 administrat:
3311 3369 3596 3440 «Spiritus

2013 3478 2229 3524 sanctus
2279 3484 2384 3523 non
2435 3475 2554 3522 erat
2607 3466 2788 3530 datus,
2845 3464 2971 3534 quia
3016 3461 3174 3518 Jesus
3200 3461 3429 3516 necdum
3477 3466 3599 3514 erat

2013 3560 2338 3618 clarificatus
2367 3559 2549 3630 (Joan.
2572 3559 2703 3630 vlt).
2736 3575 2755 3608 ι

2085 3651 2222 3706 Huic
2249 3649 2553 3721 quaestioni,
2588 3648 2735 3703 salva
2781 3648 3060 3703 doctorum
3095 3643 3420 3709 reverentia,
3449 3641 3595 3713 quod

2015 3757 2156 3798 nunc
2207 3740 2466 3802 occurrit,
2524 3739 2760 3793 breviter
2804 3736 3194 3806 respondemus
3256 3751 3270 3788 :
3344 3732 3488 3789 Dicit
3539 3732 3596 3788 in

2017 3833 2304 3904 Evangelio
2357 3831 2658 3886 Dominus:
2719 3848 2739 3882 ι
2774 3829 2887 3885 Lex
2915 3839 2970 3884 et
2997 3829 3270 3900 propheta:
3315 3842 3487 3896 usque
3527 3825 3597 3881 ad

2014 3922 2273 3978 Joannem
2317 3919 2534 3991 (Matth.
2593 3918 2694 3990 XI).
2727 3937 2745 3967 ν
2796 3917 3034 3974 Joannes
3075 3927 3256 3973 autem
3306 3917 3590 3988 praecipit:

2021 4033 2040 4067 ι
2072 4013 2173 4080 Qui
2209 4012 2372 4068 habet
2400 4011 2535 4066 duas
2566 4009 2800 4074 tunicas,
2836 4011 2924 4063 det
2973 4023 3078 4064 non
3109 4006 3368 4073 habenti;
3401 4015 3457 4061 et
3501 4005 3598 4076 qui

2017 4105 2180 4160 habet
2227 4117 2396 4164 escas,
2427 4101 2676 4156 similiter
2718 4099 2886 4157 faciat
2919 4097 3070 4172 (Luc.
3107 4099 3214 4168 Ill).
3246 4116 3267 4152 ι
3299 4097 3454 4153 Sicut
3502 4112 3602 4151 au-

2019 4206 2126 4251 tem
2165 4195 2269 4250 duo
2297 4195 2397 4250 sub
2429 4193 2532 4247 hac
2560 4192 2828 4247 sententia
2852 4199 2983 4246 sunt
3026 4190 3278 4245 mandata
3329 4187 3596 4244 Joannis:

2018 4285 2094 4340 ita
2121 4285 2229 4339 duo
2273 4291 2400 4340 sunt
2443 4290 2666 4354 peccata
2708 4281 2912 4337 divitis.
2961 4282 3066 4337 Iste
3111 4280 3378 4350 siquidem
3426 4279 3597 4334 dicit:

2018 4374 2118 4443 Qui
2140 4375 2302 4430 habet
2324 4375 2460 4429 duas
2495 4373 2725 4438 tunicas,
2753 4372 2844 4427 det
2874 4386 2979 4426 non
3009 4369 3260 4434 habenti;
3293 4369 3382 4423 ille
3412 4369 3604 4423 indue-

2020 4467 2181 4522 batur
2231 4479 2469 4536 purpura
2509 4473 2565 4518 et
2615 4465 2796 4534 bysso.
2835 4461 2934 4528 Qui
2969 4461 3132 4515 habet
3161 4475 3318 4516 escas
3345 4460 3598 4514 similiter

2021 4560 2216 4624 faciat;
2252 4559 2341 4613 ille
2392 4557 2714 4628 epulabatur
2760 4553 3003 4624 quotidie
3054 4552 3358 4623 splendide,
3414 4552 3507 4606 sed
3539 4552 3595 4605 in

2018 4659 2251 4719 utroque
2303 4649 2470 4702 durus
2519 4655 2575 4702 et
2607 4647 2932 4700 inhumanus
2979 4642 3342 4707 convincitur,
3392 4641 3517 4695 dum
3546 4647 3605 4693 et

2019 4737 2224 4794 nudum
2274 4735 2540 4792 Lazarum
2595 4749 2758 4790 canes
2806 4733 3094 4804 lingerent,
3148 4747 3249 4786 nec
3280 4730 3503 4785 vestiret
3546 4735 3605 4783 et

2019 4831 2256 4904 cupienti
2291 4831 2476 4886 satiari
2509 4831 2576 4885 de
2628 4829 2808 4893 micis,
2835 4841 2955 4896 qua:
3001 4825 3273 4880 cadebant
3300 4823 3365 4879 de
3394 4836 3603 4886 mensa,

2019 4923 2222 4979 victum
2268 4921 2370 4977 sibi
2428 4920 2672 4974 funditus
2720 4919 3031 4987 denegaret.
3089 4915 3282 4984 Magna
3337 4925 3444 4977 res,
3494 4925 3604 4966 non

2025 5013 2245 5078 mirum,
2281 5011 2326 5067 si
2382 5009 2598 5081 longum
2666 5009 2828 5063 habet
2877 5007 3110 5061 initium.
3164 5003 3372 5059 Novum
3424 5002 3608 5072 itaque

2025 5103 2452 5165 Testamentum,
2500 5100 2695 5155 saltem
2745 5109 3004 5169 quantum
3043 5097 3112 5151 ad
3161 5097 3303 5152 hanc
3361 5094 3602 5165 pertinet

2023 5194 2438 5257 humanitatem,
2482 5189 2596 5260 jam
2641 5201 2762 5245 erat
2799 5199 3063 5260 emptum,
3093 5189 3195 5243 etsi
3228 5190 3466 5247 nondum
3505 5201 3607 5241 uu-

2025 5287 2187 5356 dique
2215 5293 2364 5350 esset
2385 5284 2450 5337 ad
2480 5281 2865 5352 perfectionem
2889 5295 3059 5352 usque
3089 5279 3429 5349 perductum.
3461 5277 3606 5348 Ergo

2026 5377 2188 5434 datur
2209 5375 2450 5446 intelligi,
2480 5374 2605 5444 quia
2637 5374 2786 5429 dives
2827 5374 2929 5427 iste
2961 5381 3203 5444 tempore
3237 5369 3462 5426 Joannis
3482 5368 3606 5434 fuit,

2026 5471 2122 5525 sed
2149 5466 2265 5536 ejus
2290 5465 2560 5521 mandatis
2597 5466 2974 5535 obtemperare
3018 5464 3362 5531 contempsit.
3390 5460 3465 5516 De
3498 5476 3610 5530 quo

2024 5560 2274 5617 videlicet
2301 5568 2541 5631 tempore
2572 5557 2823 5616 Salvator
2847 5559 2959 5615 ait:
2999 5577 3016 5610 ι
3051 5559 3091 5612 Α
3119 5569 3360 5628 tempore
3385 5553 3612 5612 Joannis
