4024 6198
397 383 504 439 ιιο

895 381 953 439 S.
995 381 1200 437 PETRI
1225 380 1509 438 DAMIANI
1540 381 1694 439 OPP.
1737 380 1920 438 PARS
1967 379 2098 438 SEU
2132 379 2369 438 TOMUS
2399 377 2437 436 I.
2463 407 2534 422 -—
2572 379 2786 437 EPIST.
2824 381 2950 436 LIB.
2983 381 3116 438 VIII.

3544 379 3647 436 420

393 497 654 566 Baptism
699 503 924 564 regnum
971 494 1234 549 cmlorum
1267 494 1374 548 vim
1405 495 1626 564 patitur,
1663 504 1718 548 et
1753 493 1972 548 violenti
2004 499 2048 556 Α
2078 493 2249 560 scepit
2275 492 2510 562 propriae
2541 491 2734 546 salutis
2783 501 3080 546 auctorem.
3118 485 3332 562 Optima
3363 508 3499 550 sane
3528 511 3643 567 sper

392 588 656 656 diripiunt
691 587 817 640 illud
847 585 1061 655 (Matth.
1096 588 1195 654 xu).
1230 605 1249 636 ι
1283 586 1359 639 Ex
1404 600 1512 654 quo
1540 585 1704 655 igitur
1735 594 1974 654 tempore

393 694 622 750 regnum
655 677 915 733 calorum
947 677 1053 730 vim
1091 677 1291 731 dicitur
1328 677 1462 746 pati,
1491 676 1837 745 perspicuum
1865 676 1970 739 est,

393 769 517 837 quia
541 767 653 837 jam
681 777 736 822 et
758 767 857 836 legi
887 767 1125 820 succedit
1153 766 1528 834 Evangelium:
1559 775 1613 821 et
1641 775 1764 837 post
1786 767 1971 833 Vetus,

393 859 602 913 Novum
623 869 910 913 coruscare
939 859 1135 912 merito
1165 859 1362 913 dicitur
1391 859 1820 912 Testamentum.
1846 857 1975 913 Jure

392 965 525 1020 ergo
547 951 696 1005 dives
721 951 824 1004 iste
851 965 974 1005 cum
1003 949 1249 1018 reprohis
1295 958 1380 1003 est
1405 949 1692 1004 damnatus
1720 951 1772 1003 in
1800 958 1974 1004 tarta-

394 1054 538 1100 rum,
590 1039 714 1108 quia
772 1052 895 1092 cum
946 1038 1137 1093 electis
1166 1038 1337 1092 noluit
1394 1040 1504 1092 vim
1563 1039 1764 1094 inferre
1810 1053 1975 1110 regno

387 1129 598 1184 cceloru
607 1144 657 1182 tn
667 1167 680 1181 .

465 1219 525 1273 Si
557 1220 679 1287 quis
709 1229 891 1272 autem
939 1217 1096 1271 nobis
1143 1216 1382 1286 objiciat,
1413 1219 1559 1287 quod
1610 1219 1760 1274 diviti
1801 1219 1975 1273 Abra-

388 1310 520 1364 ham
565 1309 736 1362 dicit:
795 1327 811 1360 ‹
845 1307 1053 1361 Habent
1105 1308 1338 1379 Moysen,
1373 1317 1426 1362 et
1469 1310 1770 1379 Prophetas
1809 1309 1971 1378 (Luc.

394 1398 531 1466 ινι).
563 1415 582 1447 ι
616 1397 718 1451 hoc
745 1397 916 1463 ipsum
954 1411 1050 1465 pro
1081 1397 1237 1451 nobis
1268 1397 1415 1451 facit.
1449 1397 1608 1461 Nam,
1646 1414 1768 1452 cum
1811 1397 1975 1453 Joan-

393 1505 492 1544 nes
520 1505 624 1543 nou
665 1489 823 1544 modo
863 1489 1122 1558 prephcta
1169 1490 1262 1554 sit,
1295 1491 1389 1545 sed
1438 1500 1494 1544 et
1531 1492 1814 1562 plusquam
1852 1507 1976 1561 pro-

392 1579 578 1648 pheta,
607 1578 865 1648 quidquid
896 1579 962 1632 ad
995 1577 1253 1634 Joannem
1282 1581 1533 1647 mittitur,
1555 1583 1621 1636 ad
1653 1584 1972 1651 prophetam

393 1667 580 1738 procul
611 1668 772 1743 dubio
825 1668 1164 1734 destinatur;
1212 1671 1512 1739 praesertim
1587 1687 1711 1726 cum
1765 1681 1821 1726 et
1872 1673 1972 1727 ista

386 1758 664 1812 sententia
728 1756 954 1813 Joannis
1025 1759 1370 1829 antiquorum
1427 1763 1815 1830 prophetarum
1867 1781 1973 1820 non

2073 593 2158 638 est
2183 586 2324 652 apud
2361 598 2480 636 eam
2527 583 2726 638 habere
2754 582 3085 651 rOufugium,
3113 598 3234 652 quae
3265 585 3473 641 scilicet
3511 588 3652 643 inter

2073 690 2264 730 omnes
2293 675 2532 730 cmlestis
2582 673 2750 728 curias
2802 683 3104 737 senatores,
3139 675 3462 743 impetrandi
3507 680 3650 746 apul

2075 767 2244 820 Deum
2281 767 2511 835 primum
2542 766 2753 820 obtinet
2800 766 2997 821 locum.
3029 765 3231 835 Nempe
3260 769 3466 823 sororis
3516 783 3648 824 mem

2073 855 2217 912 ﬁlius
2262 857 2573 922 Damianus,
2624 857 2892 926 religiosae
2941 857 3191 912 videlicet
3230 857 3422 914 indolis
3469 861 3650 916 adole-

2074 957 2251 1003 scens.
2281 943 2406 997 dum
2435 943 2549 998 haec
2579 959 2760 997 coram
2789 959 2856 999 eo
2899 944 3221 1010 scriberem,
3268 949 3474 1014 retulit,
3503 952 3647 1020 quod

2075 1030 2216 1099 apqu
2241 1030 2444 1086 Gallias
2473 1031 2524 1085 in
2567 1031 2868 1086 litterarum
2900 1033 3096 1089 studiis
3124 1037 3472 1102 constitutus,
3505 1040 3646 1094 fama

2073 1121 2348 1190 vulgante,
2395 1123 2670 1190 cognovit.
2723 1124 2970 1179 Clericus
3025 1125 3244 1193 quidam
3298 1125 3648 1187 Nivernensis

2072 1209 2330 1266 Ecclesia:
2351 1213 2541 1268 morbo
2562 1215 2848 1283 depressus
2875 1215 3136 1286 elanguit,
3167 1215 3273 1284 iam
3298 1214 3520 1284 jamque
3551 1235 3644 1267 δυ·
3743 1256 3754 1261 -

2073 1311 2521 1368 perexcresceute
2560 1304 2824 1367 molestia,
2887 1306 3238 1360 moribundus
3289 1309 3357 1361 ad
3407 1316 3647 1362 extrema

2073 1387 2338 1456 pervenit.
2380 1391 2481 1446 Hic
2517 1392 2676 1461 plane
2723 1394 2960 1464 regulam
3007 1392 3108 1448 sibi
3139 1403 3339 1448 saucue
3373 1397 3650 1452 servitutis

2073 1476 2363 1544 indixerat,
2420 1489 2480 1535 ut
2525 1481 2696 1536 beata:
2741 1483 2835 1537 Dei
2893 1483 3141 1553 genitrici
3197 1486 3510 1553 quotidiana
3553 1500 3652 1556 per

2075 1571 2318 1642 singulas
2350 1574 2512 1628 horas
2535 1575 2752 1629 laudum
2781 1586 2903 1630 vota
2935 1577 3288 1645 persolveret;
3328 1585 3559 1648 eumque
3581 1581 3649 1634 de

2073 1660 2180 1714 vita
2203 1660 2474 1730 illiusjam
2501 1679 2661 1718 nemo
2683 1680 2818 1734 pene
2846 1666 3180 1732 confideret;
3210 1676 3264 1722 et
3292 1667 3442 1723 velut
3466 1683 3650 1738 egres-

2074 1765 2234 1805 surus
2258 1751 2311 1805 in
2338 1750 2454 1819 ejus
2481 1762 2700 1823 pectore
2743 1753 2965 1824 spiritus
2995 1757 3160 1809 anxie
3190 1755 3498 1826 palpitaret,
3521 1773 3651 1813 ecce

395 1848 663 1903 discordet
689 1849 942 1902 oraculis,
973 1851 1126 1918 Apud
1159 1850 1304 1919 ipsos
1341 1852 1486 1905 enim
1517 1867 1658 1922 sape
1691 1852 1797 1907 [ale
1847 1855 1975 1923 quid
2008 1845 2054 1904 Β
2080 1842 2312 1912 gloriosa
2345 1843 2518 1898 Mater
2557 1845 2650 1900 Dei
2708 1845 2812 1900 Silii
2855 1847 3146 1901 visibiliter
3192 1849 3389 1912 astitit,
3428 1859 3481 1903 et
3509 1849 3651 1904 sacri

395 1937 667 1992 invenitur
696 1956 709 1992 :
743 1956 761 1990 ι
794 1938 1004 2009 Frange
1032 1941 1291 1996 esurienti
1330 1957 1526 2012 panem
1557 1951 1730 2009 tuum,
1755 1953 1810 1999 et
1847 1959 1972 2014 ege-

393 2043 515 2094 nos,
567 2043 839 2099 vagosque
869 2029 1029 2085 induc
1062 2031 1114 2084 in
1160 2031 1378 2086 domum
1409 2041 1552 2087 tuam
1579 2047 1594 2097 ;
1626 2050 1747 2088 cum
1773 2035 1976 2092 videris

393 2119 619 2182 nudum,
645 2120 794 2188 operi
837 2135 958 2174 eum
993 2120 1148 2189 (Isai.
1179 2121 1352 2193 Lvtn).
1391 2141 1410 2174 ι
1445 2122 1656 2194 Moyses
1694 2126 1858 2180 etiam
1888 2127 1973 2181 di-

391 2210 505 2264 cit:
539 2227 557 2258 ι
590 2207 915 2277 Prophetam
946 2209 1230 2264 suscitahit
1257 2211 1409 2265 vobis
1434 2212 1576 2267 Deus
1604 2213 1672 2268 de
1713 2214 1976 2270 fratribus

389 2282 610 2364 vestris,
639 2314 822 2368 quem,
853 2308 913 2352 ut
938 2299 1222 2370 meipsum,
1256 2301 1489 2358 audietis
1523 2303 1701 2373 (Deut.
1738 2309 1915 2375 mu).
1948 2323 1970 2358 ι

391 2390 459 2445 Ει
490 2389 604 2458 ipse
633 2389 893 2442 Dominus
918 2389 993 2442 ait
1019 2407 1030 2442 :
1087 2407 1105 2440 ι
1139 2390 1194 2443 Si
1227 2391 1524 2446 crederetis
1553 2392 1742 2464 Moysi.
1786 2397 1979 2452 crede‘

392 2479 524 2534 retis
580 2478 766 2546 utique
819 2486 874 2531 et
927 2478 1059 2531 mihi
1102 2495 1117 2531 :
1169 2478 1236 2534 de
1291 2496 1376 2535 me
1411 2482 1554 2536 enim
1617 2483 1708 2539 ille
1760 2486 1979 2556 scripsit

395 2569 576 2640 (Joan.
600 2569 676 2638 ν).
716 2588 735 2621 ι
771 2568 874 2634 Qui
931 2583 1060 2639 ergo
1093 2570 1160 2624 ad
1211 2570 1430 2642 Moysen
1479 2575 1773 2630 mittuntur
1810 2586 1976 2648 atque

393 2664 718 2736 prophetas,
741 2661 808 2714 ad
853 2658 1116 2715 Joannem
1147 2661 1334 2732 utique
1371 2663 1713 2720 destinantur
1740 2677 1795 2722 et
1820 2668 1978 2724 Chri-

392 2763 559 2826 stum.

464 2841 618 2909 Quoa
653 2851 832 2896 autem
863 2857 1054 2896 rursus
1086 2843 1316 2912 inquiris
1346 2846 1475 2914 quid
1504 2847 1574 2901 sit
1604 2849 1747 2916 quod
1789 2849 1841 2903 in
1869 2849 1974 2904 alia

393 2931 606 3001 praafati
638 2931 886 2987 doctoris
915 2933 1180 2987 sententia
1225 2937 1510 3006 reperitur,
1540 2937 1726 2992 vitium
1752 2941 1980 2996 curiosi-

392 3023 542 3079 tatis.

402 3160 418 3188 ._
467 3113 632 3186 224
677 3113 831 3181 Quod
863 3113 951 3169 ille
974 3115 1204 3169 obscure
1234 3116 1434 3184 posuit,
1463 3117 1642 3172 studio
1671 3119 1973 3188 brevitatis,

2077 1931 2260 1988 uberis
2281 1933 2476 2003 papilla
2505 1935 2588 1990 lac
2613 1937 2947 2006 exprimens,
2996 1938 3114 2006 ejus
3139 1937 3298 1994 labiis
3331 1939 3648 2006 instillavit;

2071 2031 2128 2078 et
2153 2023 2347 2079 divinae
2383 2026 2599 2081 virtutis
2640 2028 2884 2085 antidoto
2928 2031 3176 2099 protinus
3226 2029 3326 2092 ille,
3361 2033 3652 2100 resumptis

2076 2113 2301 2180 viribus,
2329 2130 2398 2170 ex
2429 2115 2744 2174 infirmitate
2767 2119 3058 2184 convaluit,
3076 2131 3133 2175 et
3163 2138 3285 2176 mox
3312 2123 3652 2178 clericalibus

2074 2206 2411 2261 ornamentis
2446 2207 2682 2272 indutus,
2723 2209 3010 2264 ecclesiam
3033 2211 3188 2276 adiit,
3220 2226 3446 2283 seseque
3478 2215 3652 2270 choro

2075 2295 2419 2366 psallentium
2446 2296 2677 2352 fratrum
2723 2298 2877 2354 lzetus
2933 2301 3291 2370 interserens,
3335 2303 3530 2357 mirum
3565 2305 3652 2358 via

2077 2387 2327 2441 dentibus
2355 2387 2720 2456 spectaculum
2767 2390 3018 2458 praebuit.
3050 2392 3259 2447 Dicitur
3291 2393 3478 2456 etiam,
3505 2395 3652 2463 quod

2077 2475 2252 2531 adhuc
2282 2486 2410 2532 tunc
2437 2479 2488 2532 iu
2515 2477 2673 2534 labiis
2703 2479 2821 2549 ejus
2849 2482 3097 2550 quaedam
3127 2482 3281 2537 lactis
3329 2484 3654 2540 videbantur

2075 2565 2324 2632 vestigia.
2356 2564 2486 2632 Qua:
2509 2575 2687 2622 autem
2724 2569 2826 2623 sibi
2853 2570 3016 2624 verba
3064 2571 3124 2624 Β.
3155 2569 3320 2643 Virgo
3345 2573 3652 2642 protulerit,

2077 2653 2238 2724 225
2257 2656 2504 2724 quamvis
2536 2657 2666 2710 mihi
2701 2669 2972 2728 utcunque
3015 2659 3283 2724 dicantur,
3315 2662 3442 2731 quia
3469 2672 3654 2718 certus

2078 2759 2185 2798 non
2213 2760 2352 2808 sum,
2400 2760 2506 2800 non
2558 2747 2790 2803 adhiheo
2820 2749 3000 2815 fidem,
3027 2753 3281 2819 quoniam
3323 2753 3379 2807 in
3407 2753 3653 2807 veritatis

2077 2832 2276 2889 lineam
2303 2835 2388 2890 vel
2440 2835 2632 2890 leviter
2671 2839 2967 2910 impingere
3019 2843 3378 2911 pertimesco:
3408 2845 3656 2914 quamvis

2076 2937 2174 2994 per
2195 2924 2297 2978 hoc
2325 2925 2519 2994 conjici
2553 2928 2741 2995 possit,
2765 2929 3020 2997 quoniam
3044 2931 3232 2986 iisdem
3259 2932 3434 2998 labiis,
3457 2934 3654 3002 quibus

2077 3029 2198 3070 eam
2222 3014 2309 3070 ille
2329 3014 2563 3071 laudavit
2589 3027 2644 3072 et
2667 3018 2852 3085 coluit,
2884 3019 3120 3090 gloriosa
3145 3022 3307 3092 Virgo
3353 3022 3435 3077 lac
3459 3023 3654 3078 salutis

2079 3106 2342 3160 immulsit
2373 3123 2386 3160 :
2429 3117 2488 3162 ut
2519 3123 2616 3178 per
2644 3110 2772 3164 illud
2802 3113 3046 3181 corporis
3072 3113 3396 3179 membrum,
3420 3129 3527 3184 quo
3546 3116 3653 3170 sibi

392 3203 456 3276 β,
488 3205 772 3274 Augustini
813 3203 997 3259 verbis
1041 3218 1107 3258 ex
1165 3205 1304 3259 nodo
1350 3220 1436 3259 me
1478 3206 1640 3276 hujus
1690 3211 1973 3279 expediam
2002 3189 2046 3251 C
2076 3197 2402 3254 venerabilis
2434 3199 2664 3255 clericus
2710 3200 2885 3256 laudis
2929 3203 3201 3258 obtulerat
3227 3203 3476 3274 gloriam,
3521 3219 3654 3260 con-

390 3297 727 3369 quaestionis.
754 3297 846 3352 Ait
867 3297 1036 3363 enim,
1059 3297 1187 3352 dum
1219 3297 1279 3351 Β.
1307 3297 1531 3354 Joannis
1557 3302 1783 3369 apostoli
1813 3318 1973 3373 expo-

391 3388 476 3442 uit
531 3387 839 3456 epistolam,
891 3387 1218 3443 desiderium
1269 3387 1549 3443 oculorum
1587 3389 1718 3444 dicit
1757 3406 1974 3448 omnem

393 3473 782 3532 curiositatem.
814 3475 932 3531 Jam
980 3493 1144 3547 quam
1172 3476 1279 3532 late
1319 3487 1467 3546 patet
1495 3479 1784 3536 curiositas
1819 3481 1973 3551 ipsa;

397 3568 451 3621 in
474 3567 816 3638 spectaculis,
834 3567 889 3621 in
920 3567 1168 3632 theatris,
1193 3567 1247 3622 in
1283 3570 1638 3625 sacramentis
1674 3570 1974 3638 diabolicis,

393 3660 449 3714 in
482 3659 706 3730 magicis
735 3659 968 3722 artibus,
999 3659 1052 3713 in
1089 3659 1370 3715 maleficiis
1401 3660 1516 3730 ipsa
1545 3670 1626 3718 est
1652 3663 1970 3730 curiositas;

384 3750 686 3820 aliquando
716 3758 885 3804 tentat
907 3764 1092 3806 servos
1135 3750 1249 3816 Dei,
1279 3760 1337 3804 ut
1367 3751 1533 3806 velint
1561 3753 1714 3822 quasi
1744 3755 1978 3810 miracu-

389 3839 505 3894 lum
554 3838 758 3904 facere,
811 3848 1022 3894 tentare
1053 3848 1234 3894 utrum
1280 3842 1536 3895 exaudiat
1564 3857 1658 3897 eos
1705 3843 1866 3899 Deus.
1917 3845 1978 3900 In

391 3930 679 3986 miraculis
718 3929 1110 3994 curiositatem,
1144 3929 1245 3984 hoc
1293 3930 1620 3986 desiderium
1663 3947 1768 3987 non
1809 3943 1895 3990 est
1943 3950 1976 3991 a

390 4019 576 4074 Patre.
633 4020 835 4074 Solutis
897 4033 1027 4087 ergo
1077 4019 1490 4088 quaestionibus,
1537 4021 1787 4077 beneficii
1851 4035 1977 4094 peto

396 4112 594 4177 vicem,
628 4121 688 4166 ut
736 4119 936 4165 sancta:
963 4111 1228 4165 orationis
1260 4120 1363 4165 tute
1399 4126 1617 4166 merear
1645 4115 1974 4183 portionem.

395 4203 573 4254 Aucto
613 4200 810 4270 quippe
837 4199 1043 4254 faenore
1086 4201 1372 4266 mercedis,
1417 4203 1543 4256 talio
1573 4204 1902 4271 redhibetur,
1931 4209 1977 4263 si

397 4292 701 4360 peccatoris
743 4291 1051 4346 obedientia
1087 4292 1262 4346 sancti
1292 4293 1390 4346 viri
1431 4295 1683 4362 precibus
1716 4311 1975 4369 compen-

395 4391 567 4446 setur.

911 4469 1244 4526 EPISTULA
1283 4473 1472 4527 XXIX.

806 4579 874 4617 AD
911 4579 1224 4619 STEPHANUI
1265 4580 1571 4621 IONACHUI.

398 4655 799 4724 Anconem-rust.
819 4682 890 4693 —
911 4652 1188 4724 Stephano
1210 4655 1419 4709 cuidam
1444 4658 1708 4714 monacho
1734 4659 1840 4715 duo
1861 4673 1978 4719 tan-

467 4739 629 4793 quam
671 4722 1028 4778 saluberrima
1071 4725 1340 4792 praecipue
1376 4731 1752 4792 commendat;
1779 4729 1841 4786 Β.
1867 4735 1977 4790 Ma-

472 4795 567 4848 riae
620 4793 846 4870 virginis
889 4794 1123 4870 ofﬁcium
1154 4794 1411 4870 .singulis
1448 4796 1635 4852 diebus
1669 4801 1876 4870 recitet,
1920 4815 1976 4862 et

416 4913 422 4922 ,
465 4877 635 4946 sacrae
691 4862 987 4946 Scriptura
1045 4862 1261 4946 lectioni
1295 4865 1639 4946 “diligentem
1672 4862 1970 4931 incumbat,

467 4933 709 5000 Quorum
743 4933 1022 5001 utriusque
1051 4943 1250 5001 quanta
1263 4935 1334 4988 sit
1360 4933 1584 5001 utilitas,
1607 4937 1785 4993 docet.

425 5025 431 5031 '
469 5025 678 5079 Domno
701 5023 985 5080 STEPHANO
1017 5024 1271 5095 religioso
1297 5025 1436 5091 viro,
1471 5025 1689 5084 Penus
1717 5039 1974 5098 peccator

395 5118 694 5172 monachus
713 5116 944 5172 salutem
970 5115 1026 5169 in
1053 5116 1302 5170 Domino.

416 5261 426 5268 ,
470 5207 604 5262 Cum
634 5208 687 5261 in
732 5206 1053 5262 Psalmodia:
1081 5207 1276 5262 studiis
1303 5219 1359 5263 et
1389 5208 1586 5266 divinis
1616 5210 1872 5268 laudibus
1918 5221 1972 5270 te

396 5300 686 5369 vigilanter
728 5314 1010 5364 exerceas,
1064 5299 1273 5366 hortor,
1325 5303 1632 5358 venerande
1669 5302 1858 5370 frater,
1916 5316 1973 5361 et

400 5403 615 5462 moneo,
649 5398 709 5442 ut
750 5390 1123 5459 quotidianum
1154 5405 1370 5461 quoque
1418 5392 1476 5446 Β.
1528 5393 1714 5450 Mariae
1757 5409 1972 5466 semper

399 5480 628 5550 virginis
677 5479 910 5536 ofﬁcium
942 5499 1048 5538 non
1095 5485 1336 5540 omittas.
1370 5485 1595 5555 Dignum
1624 5488 1822 5559 quippe
1867 5497 1989 5554 est,-

400 5580 458 5628 ut
487 5586 606 5638 qua:
632 5570 845 5624 laudum
876 5575 1144 5641 praeconia
1175 5587 1416 5631 meretur
1443 5579 1512 5631 ab
1553 5580 1970 5649 angelis,’obse-

399 5661 541 5728 quiis
609 5662 769 5716 etiam
824 5662 1198 5733 frequentetur
1256 5669 1542 5734 humanis,
1625 5674 1784 5740 eique
1852 5683 1972 5743 post

402 5748 572 5806 Deum
623 5761 768 5806 totus
795 5755 944 5810 orbis
970 5755 1223 5811 exhibeat
1260 5757 1496 5820 laudem.
1549 5773 1642 5827 per
1667 5776 1828 5818 uuam
1877 5780 1968 5817 su-

2003 4525 2056 4586 D

2077 3305 2209 3361 grua
2233 3291 2602 3348 vicissitudine
2640 3295 3022 3364 recuperandae
3049 3295 3238 3351 salutis
3273 3312 3385 3352 sua:
3402 3298 3654 3369 percipec

2077 3391 2161 3435 ret
2187 3382 2531 3438 medicinam.

2145 3469 2278 3526 illud
2315 3482 2575 3542 praeterea
2618 3482 2819 3529 sancta:
2865 3475 3162 3548 prudentiae
3211 3484 3314 3533 tuae
3359 3491 3656 3549 suggerere

2077 3565 2438 3620 necessarium
2459 3564 2720 3635 judicavi,
2744 3573 2801 3620 ut
2829 3567 2914 3620 vel
2938 3583 3213 3622 sacrarum
3242 3570 3656 3640 Scripturarum

2077 3653 2284 3723 paginae
2307 3669 2520 3724 semper
2562 3664 2845 3710 versentur
2888 3657 2943 3711 in
2979 3659 3249 3714 manibus.
3294 3659 3350 3714 In
3399 3661 3484 3715 his
3509 3669 3656 3718 totus

2077 3755 2217 3811 esto,
2255 3745 2341 3800 his
2387 3747 2702 3812 immorare,
2730 3747 2784 3801 in
2829 3747 2914 3803 his
2945 3749 3148 3818 jugiter
3194 3752 3501 3821 requiesce;
3552 3767 3655 3809 na

2075 3851 2199 3892 cum
2248 3836 2600 3892 molaribus
2652 3846 2705 3892 te
2750 3837 2980 3893 delectet
3027 3842 3256 3896 miscere
3301 3841 3651 3912 colloquium,

2076 3927 2220 3996 quod
2271 3927 2470 3982 mentis
2516 3927 2684 3982 Deum
2729 3929 3021 3996 quarentis
3065 3945 3210 3999 saepe
3241 3933 3556 3988 reverberat
3597 3943 3654 3988 et

2077 4014 2357 4072 confundit
2385 4015 2653 4072 obtutum.
2686 4016 2837 4073 Mens
2863 4025 2953 4072 tua
2979 4018 3175 4074 divinis
3203 4035 3263 4075 se
3291 4021 3656 4079 voluminibus

2077 4115 2325 4176 occupet,
2354 4107 2442 4162 his
2467 4108 2692 4172 intenta,
2724 4109 2968 4179 pervigili
3009 4124 3226 4180 semper
3251 4111 3504 4167 instantia
3532 4129 3656 4183 per-

2078 4205 2309 4251 severet.
2342 4195 2438 4250 llis
2472 4197 2725 4265 antiquus
2755 4197 3040 4252 insidiator
3058 4213 3180 4254 cum
3224 4209 3275 4255 te
3306 4201 3450 4257 videt
3477 4203 3654 4258 inten-

2081 4295 2212 4350 tum,
2241 4285 2391 4342 velut
2431 4285 2642 4342 hostem
2670 4286 2806 4357 fugit
2849 4296 3118 4344 armatum
3144 4299 3201 4344 et
3227 4291 3380 4346 timet
3409 4293 3656 4348 cominus

2078 4379 2320 4450 aggredi,
2360 4379 2531 4433 donec
2562 4387 2616 4434 te
2653 4379 2920 4449 conspicit
2963 4381 3045 4435 his
3077 4381 3198 4436 telis
3227 4389 3283 4436 et
3329 4382 3657 4452 impenetra-

2080 4471 2196 4534 bili,
2231 4479 2289 4524 ut
2330 4469 2406 4525 ita
2453 4470 2646 4544 fatear,
2692 4469 2858 4526 lorica
2904 4472 3124 4526 muniri.
3159 4473 3306 4528 Idem
3354 4474 3516 4544 plane
3560 4475 3654 4544 qui

2080 4575 2262 4629 supra,
2287 4573 2441 4615 meus
2481 4541 2831 4628 Exadelpbus,
2859 4569 3007 4616 certa
3033 4576 3090 4616 se
3115 4541 3376 4618 relatione
3400 4541 3654 4618 didicisse

2079 4640 2323 4705 narravit
2357 4651 2484 4721 quia
2517 4649 2920 4707 Northmannus
2967 4653 3208 4722 quidam,
3237 4653 3365 4708 dum
3409 4669 3516 4710 non
3553 4656 3654 4709 mi-

2077 4740 2279 4795 nimam
2317 4755 2602 4795 aureorum
2633 4741 2941 4811 congeriem
2976 4743 3278 4813 possideret
3304 4757 3476 4814 eoque
3510 4744 3654 4799 unde

2077 4829 2257 4886 fuerat
2305 4831 2568 4886 oriundus
2622 4833 2801 4888 redire
2849 4834 3222 4899 contenderet,
3262 4835 3420 4904 cmpit
3453 4835 3649 4907 (locus,

2075 4923 2219 4994 cor.)
2255 4934 2362 4978 tam
2400 4923 2629 4978 crimine
2658 4923 2950 4978 formidare
2987 4939 3148 4994 quam
3178 4926 3322 4990 vita,
3359 4941 3428 4981 ne
3463 4926 3653 4981 videli-

2077 5025 2167 5072 cet
2199 5015 2244 5069 si
2267 5012 2645 5070 suffarcinatus
2675 5014 2971 5080 incederet,
3004 5015 3244 5071 isturicie
3283 5014 3374 5086 Π..
3415 5015 3648 5088 injuste]

2077 5107 2398 5178 direptionis
2431 5104 2691 5173 impetum
2724 5103 3060 5159 incurrisset.
3091 5104 3334 5175 Cumque
3364 5106 3416 5159 id
3453 5105 3652 5160 sollici-

2080 5206 2166 5250 tus
2206 5195 2412 5249 intenta
2459 5192 2810 5247 meditatione
2856 5193 3174 5260 revolveret,
3227 5201 3283 5249 et
3329 5197 3488 5250 tnoio
3527 5195 3648 5259 iret,

2078 5286 2238 5343 modo
2283 5302 2388 5342 non
2433 5287 2597 5342 varias
2637 5285 3040 5343 deliberationis
3075 5288 3294 5344 aestibus
3334 5289 3650 5357 alternaret,

2080 5378 2562 5447 advesperascente
2583 5377 2698 5447 jam
2724 5375 2986 5442 Sabbato,
3015 5379 3170 5436 adest
3203 5381 3458 5450 antiquus
3482 5382 3653 5437 hostis

2080 5466 2180 5521 sub
2211 5466 2393 5535 specie
2434 5465 2674 5528 viatoris.
2713 5465 2868 5536 cujus
2897 5468 3223 5523 desiderium
3252 5485 3376 5524 cum
3421 5483 3652 5542 percun-

2079 5566 2261 5611 ctatus
2291 5557 2614 5620 addisceret,
2660 5557 2845 5612 decem
2874 5559 3248 5629 byzantiorum
3288 5562 3488 5644 pepigit
3523 5575 3669 5615 cum.

2077 5646 2261 5702 futuro
2301 5647 2612 5702 conviatore
2648 5647 2986 5714 mercedem;
3037 5651 3222 5720 sicque
3272 5666 3392 5706 sese
3438 5650 3653 5726 spondit

2077 5752 2132 5796 et
2167 5741 2378 5795 itineris
2405 5739 2593 5796 ducem
2631 5746 2686 5792 et
2726 5737 2959 5795 indubia!
2999 5743 3306 5798 securitatis
3350 5751 3646 5796 auctorem.
