4024 6198
249 377 338 432 421

1405 373 1606 431 LIBER
1647 375 1939 442 SEXTUS,
1977 375 2196 432 EPIST.
2227 375 2438 433 XXXII.

3391 383 3511 468 te:

247 483 521 546 Proxima,
553 479 750 550 inquit,
781 487 961 546 nocte,
991 479 1233 536 collectis
1263 495 1442 537 rerum
1475 493 1688 539 tuarmn
1708 501 1825 541 sar—
1853 497 1900 551 Α
1927 486 2210 556 spiritibus
2254 487 2534 546 valeamus
2562 488 2921 552 infmderabili
2970 495 3269 555 certamine
3314 495 3514 550 tritur-

245 572 457 638 ciuulis,
500 574 781 643 requiesce
805 586 999 641 meque
1033 571 1099 626 ad
1131 579 1184 626 te
1206 580 1490 627 venturum
1517 574 1636 629 sine
1655 575 1822 630 dubio

244 666 574 740 praestolare,
621 674 682 720 ut
711 677 814 734 ego
858 672 1126 718 nocturno
1173 661 1386 719 silentio
1434 666 1822 735 superveniens

245 771 398 830 teque
427 758 722 828 reperiens,
756 757 861 812 iter
887 765 1117 826 uterque
1161 755 1322 811 simul
1361 757 1655 814 debeamus
1677 758 1822 813 arri—

242 867 388 924 pere.
429 850 667 906 Credidit
712 849 874 904 nomo
918 849 1263 904 sermonibus
1289 849 1615 919 alloquentis
1648 859 1704 906 et
1733 866 1824 906 so-

241 942 354 1013 pori
382 956 440 997 se
469 941 709 1008 tradens,
734 939 876 994 sicut
900 939 1212 993 admonitus
1243 939 1441 1005 fuerat,
1466 941 1820 1011 exspectavit.

244 1031 441 1086 Eadem
471 1037 629 1084 nocte
669 1028 975 1098 versipellis
1003 1027 1228 1098 spiritus
1266 1029 1335 1083 ad
1372 1043 1494 1083 eum
1533 1031 1674 1084 sicut
1697 1045 1827 1100 pro-

241 1121 462 1182 miserat
488 1119 636 1174 venit
662 1119 821 1188 eique
867 1117 1008 1173 dixit
1041 1135 1053 1171 :
1086 1119 1227 1173 Ecce
1255 1128 1327 1184 te,
1359 1118 1476 1174 sine
1499 1129 1590 1174 tuo
1614 1119 1820 1187 labore,

240 1211 290 1264 in
337 1208 573 1278 patriam
624 1216 807 1273 tuam,
840 1215 895 1264 te
952 1208 1248 1274 nesciente,
1307 1209 1518 1274 reduxi,
1579 1220 1634 1266 et
1677 1211 1823 1280 quod

242 1299 332 1353 tibi
384 1298 743 1368 promiseram
788 1311 894 1352 non
937 1296 1120 1367 segnis
1162 1297 1404 1368 implevi.
1455 1299 1700 1368 Cumque
1764 1314 1824 1354 se

239 1391 402 1445 homo
424 1404 589 1459 super
617 1389 790 1456 rivum
821 1388 1131 1458 quemdam,
1157 1404 1318 1459 quem
1347 1389 1548 1445 dudum
1579 1390 1823 1460 apprime

239 1487 488 1542 noverat,
525 1475 842 1542 invenisset,
873 1485 928 1532 et
953 1476 1071 1533 loca
1102 1492 1328 1549 quaeque
1353 1479 1602 1547 contigua
1647 1480 1827 1551 inspe-

238 1579 356 1624 rato
403 1585 469 1625 ac
513 1569 693 1623 subito
723 1567 1058 1637 postliminio
1101 1568 1276 1624 revisa
1319 1577 1688 1639 cognosceret,
1718 1578 1828 1624 tre-

238 1663 510 1718 mefactus
551 1663 789 1733 expavit,
821 1671 877 1717 et
920 1663 1064 1717 hunc
1092 1662 1389 1734 malignum
1417 1663 1689 1732 spiritum,
1731 1663 1824 1733 qui

237 1768 292 1810 se
317 1763 432 1808 tam
464 1763 686 1824 repente
727 1755 793 1808 de
819 1752 1135 1824 longinquis
1161 1753 1360 1809 finibus
1389 1762 1821 1824 transposuerat,

240 1845 614 1902 indubitanter
655 1845 893 1916 agnovit.
951 1843 1050 1898 Cui
1101 1858 1228 1899 mox
1273 1845 1498 1915 spiritus
1550 1843 1823 1901 fallaciter
1853 1847 1898 1907 Β

238 1952 433 2002 verax,
485 1937 596 1991 imo
633 1936 904 1991 veraciter
948 1934 1132 2002 fallax,
1163 1935 1279 1990 ait:
1307 1928 1458 2003 Vide,
1497 1952 1604 1992 non
1648 1937 1823 2010 negli-

237 2042 328 2097 gas
360 2035 424 2081 ut
447 2026 636 2096 quinta
665 2024 798 2080 feria
835 2025 1086 2094 proxime
1108 2033 1334 2079 ventura
1380 2025 1486 2080 huc
1522 2025 1591 2080 ad
1620 2041 1707 2082 me
1733 2041 1822 2082 ve-

236 2121 352 2176 nias
403 2127 460 2174 et
496 2118 776 2188 prarfixum
828 2117 1097 2173 mercedis
1152 2131 1284 2171 mete
1334 2117 1577 2187 debitum
1625 2117 1837 2172 solvas..

236 2209 447 2278 Quibus
476 2209 696 2274 auditis,
724 2209 810 2262 vir
859 2208 952 2263 ille
996 2209 1333 2263 sacerdotem
1381 2209 1669 2277 quemdam
1699 2224 1828 2264 con-

235 2303 375 2356 citus
421 2300 577 2360 adiit.
632 2314 860 2370 quaeque
909 2298 1010 2353 sibi
1043 2298 1387 2368 contigerant
1433 2311 1529 2366 per
1575 2297 1825 2352 ordinem

240 2392 459 2457 retuiit;
521 2391 650 2460 quid
705 2389 867 2445 etiam
915 2390 1018 2444 sibi
1062 2389 1128 2443 de
1173 2387 1396 2459 praefato
1456 2388 1638 2442 debito
1685 2387 1830 2442 foret

235 2483 508 2553 agendum
542 2481 776 2535 solerter
815 2479 1116 2550 inquisivit.
1157 2479 1330 2546 Quem
1370 2480 1658 2550 presbyter
1683 2492 1826 2547 aqua

237 2573 582 2628 sanctificata
629 2587 931 2641 respersum
958 2612 974 2636 ,
1024 2570 1348 2640 quibusdam
1395 2571 1569 2624 sacris
1631 2570 1829 2626 litteris

236 2674 663 2733 sanctorumque
717 2663 1035 2732 patrociniis
1083 2661 1418 2732 praemunit,
1472 2677 1706 2732 eumque
1759 2662 1829 2717 ad

236 2755 594 2808 constitutum
629 2753 909 2808 remittens
935 2752 1134 2817 locum,
1173 2751 1410 2806 condicti
1451 2751 1618 2806 debiti
1657 2766 1830 2820 quan-

237 2844 473 2910 titatem,
505 2859 613 2898 non
650 2852 707 2896 ut
754 2843 998 2899 exactori
1043 2843 1381 2912 nequissimo
1420 2843 1684 2906 traderet,
1733 2841 1829 2895 sed

235 2944 295 2989 ut
323 2935 380 2988 in
427 2950 491 2988 os
521 2933 687 3004 226
713 2933 830 3004 ejus
874 2933 1186 3004 projiceret,
1221 2921 1527 3003 imperavit.
1580 2931 1832 3001 Cumque

236 3027 302 3081 ad
329 3025 624 3096 praefatum
667 3026 842 3080 locum
879 3035 1108 3095 uterque
1152 3025 1381 3080 invicem
1427 3023 1829 3089 convenissent,

237 3125 291 3169 et
338 3117 428 3170 vir
457 3116 547 3170 ille
587 3116 881 3186 byzanleos
929 3116 981 3169 in
1033 3131 1212 3169 aerem
1267 3123 1568 3186 spargeret,
1602 3115 1826 3169 dicens:

237 3202 389 3259 Tolle
431 3203 674 3258 debitum
725 3213 898 3267 tuum,
944 3203 1188 3258 diabolus
1232 3203 1415 3273 procul
1465 3203 1726 3257 assistens
1763 3216 1828 3257 ac
1855 3191 1901 3254 C

233 3297 467 3368 propius
503 3295 766 3350 accedere
811 3303 1058 3350 metuens
1087 3294 1343 3364 conqueri
1380 3295 1549 3364 coepit
1573 3304 1627 3348 et
1651 3293 1833 3361 gravi-

237 3395 320 3441 ter
350 3385 951 3456 expostulare,_dicens
978 3403 992 3438 :
1020 3384 1282 3438 Armatus
1312 3385 1575 3438 adversus
1605 3400 1691 3438 me
1737 3399 1834 3439 ve-

235 3476 355 3543 nis;
387 3453 514 3531 telis
542 3453 840 3544 gladiisque
881 3474 1228 3544 praecinctus,
1262 3472 1832 3544 tanquampracliatu—

237 3582 331 3621 rus
355 3568 630 3622 occurris.
670 3566 771 3621 Ubi
812 3577 893 3620 est
934 3565 1070 3619 lides
1114 3564 1235 3618 tua?
1260 3561 1380 3618 Jam
1411 3565 1538 3633 quia
1573 3563 1666 3617 tibi
1704 3579 1829 3633 pro-

235 3659 511 3730 pinquare
541 3675 650 3714 non
701 3658 898 3724 audeo,
929 3656 1177 3712 mercede
1226 3671 1345 3710 mea
1385 3655 1677 3710 frustratus
1703 3655 1827 3708 abs-

236 3752 410 3817 cedo;
453 3762 511 3804 et
555 3765 682 3805 mox
726 3765 910 3804 aerem
960 3749 1251 3804 obscurum
1281 3748 1494 3802 turbine
1540 3746 1834 3801 concitavit

233 3851 290 3895 ct
315 3858 450 3897 cum
485 3855 681 3912 magno
703 3839 906 3894 furoris
938 3839 1144 3908 impetu
1174 3837 1242 3890 ab
1265 3845 1491 3907 aspectu
1515 3835 1832 3906 trepidantis

235 3932 490 3985 evanuit.
526 3929 630 3997 Qui
679 3930 928 4000 protinus
977 3943 1194 3993 aureos,
1243 3937 1302 3980 ut
1326 3925 1568 3996 jacebat,
1611 3939 1643 3979 e
1683 3925 1833 3994 pavi-

234 4033 432 4078 mento
459 4023 710 4094 collegit;
762 4037 827 4076 ac
871 4036 1064 4076 rursus
1093 4021 1161 4074 ad
1203 4020 1542 4075 sacerdotem
1590 4018 1831 4083 rediens,

233 4115 368 4185 quid
396 4117 506 4172 sibi
537 4114 604 4169 de
658 4115 742 4170 his
773 4113 1039 4185 agendum
1085 4121 1250 4176 esset,
1285 4111 1564 4181 inquirere
1603 4110 1830 4164 studuit.

237 4206 417 4273 Quem
451 4207 740 4276 presbyter
777 4205 844 4260 de
891 4205 1280 4275 byzantcorutn
1331 4203 1653 4258 collectione
1679 4202 1836 4258 valde

233 4297 536 4368 corripuit,
580 4297 664 4350 cui
699 4307 878 4349 tamen
919 4294 1020 4350 hoc
1049 4293 1335 4348 consilium
1362 4293 1533 4357 dedit,
1560 4301 1620 4352 ut
1653 4305 1720 4346 ex
1751 4291 1836 4346 his

237 4385 292 4439 in
346 4387 478 4440 loco
527 4385 660 4440 satis
709 4383 1020 4439 necessario
1069 4391 1289 4452 pontem
1333 4389 1697 4446 construeret,
1743 4379 1837 4448 qui

233 4477 678 4532 commeantium
723 4474 911 4529 usibus
956 4472 1273 4543 profuturus
1314 4479 1479 4527 esset.
1528 4469 1695 4539 Cujus
1744 4470 1836 4525 ille

231 4568 434 4622 verbis
488 4565 767 4621 humiliter
813 4565 1014 4633 paruit,
1069 4572 1123 4617 et
1169 4573 1414 4633 pontem,
1472 4562 1612 4617 sicut
1647 4561 1833 4630 jussus

231 4656 451 4719 fuerat,
483 4654 794 4708 fabricavit.
828 4653 932 4708 Sed
964 4653 1222 4722 quidquid
1249 4651 1338 4705 ille
1368 4666 1492 4705 cuin
1539 4651 1756 4704 latomis
1779 4658 1834 4703 et

229 4747 629 4802 ctementariis
683 4744 1016 4800 elaborando
1054 4742 1388 4805 construxit,
1440 4741 1545 4796 hoc
1585 4739 1834 4795 diabolus

229 4849 527 4894 nocturno
579 4835 798 4893 silentio
865 4835 1131 4890 violenter
1185 4835 1462 4900 obruens,
1525 4832 1829 4903 dissipavit.

227 4931 421 4998 Quem
445 4931 739 5002 praedictus
761 4929 845 4983 vir
871 4943 1041 4998 usque
1069 4926 1228 4982 tertia
1269 4926 1382 4980 sive
1411 4933 1630 4996 quarta,
1658 4933 1718 4978 ut
1745 4924 1829 4979 di-

223 5027 411 5089 citur,
443 5025 587 5088 vice,
623 5033 706 5078 est
727 5032 960 5078 conatus
986 5020 1217 5091 erigere.
1257 5016 1366 5074 Sed
1399 5016 1660 5087 quidquid
1689 5031 1834 5087 pra:-

227 5115 467 5170 cedenti
497 5113 584 5169 die
611 5130 720 5169 non
764 5113 884 5168 sine
915 5127 1112 5182 magno
1146 5110 1333 5166 labore
1361 5109 1682 5173 construxit,
1730 5109 1834 5164 hoc

223 5204 321 5260 die
367 5205 554 5260 altero
591 5220 689 5274 per
720 5213 1019 5260 nocturnas
1060 5201 1259 5258 diaboli
1307 5200 1592 5254 machinas
1619 5199 1832 5253 destru-

224 5308 392 5350 ctum
423 5295 652 5364 reperit.
685 5296 750 5351 Ut
777 5295 944 5366 igitur
971 5301 1172 5350 caetera
1199 5293 1446 5363 exempla
1483 5291 1642 5362 hujus
1669 5292 1832 5348 omit-

222 5395 372 5448 tam,
411 5385 464 5439 si
503 5385 589 5439 ille
629 5387 721 5455 qui
763 5399 950 5440 sacras
993 5384 1204 5438 litteras
1238 5391 1661 5451 sanctorumque
1702 5380 1830 5434 reli-

221 5479 404 5545 quias
454 5475 704 5540 habebat,
752 5485 998 5530 armatus
1041 5488 1204 5544 atque
1236 5473 1493 5529 terribilis
1527 5473 1580 5527 in
1629 5470 1838 5541 antiqui

217 5567 431 5622 hostis
465 5567 634 5623 oculis
659 5570 966 5635 videbatur,
999 5570 1167 5645 itaut
1206 5568 1273 5623 ad
1312 5581 1438 5622 eum
1469 5566 1728 5621 accedere
1757 5563 1840 5619 vel

216 5659 690 5728 appropinquare
718 5662 1042 5731 nequiverit,
1078 5669 1284 5732 quanto
1309 5657 1489 5714 studio
1530 5673 1630 5714 nos
1673 5657 1839 5712 debe-

214 5764 359 5807 mus
387 5749 638 5808 caeleste
660 5753 860 5822 eloquii
906 5752 1026 5809 telis
1063 5751 1376 5823 accingere,
1402 5758 1460 5806 ut
1485 5749 1551 5806 de
1588 5748 1843 5819 malignis

1926 578 2118 646 phare,
2147 578 2405 648 Apostolo
2431 595 2532 636 nos
2569 585 2914 652 exhortante,
2946 589 3039 658 qui
3069 592 3178 644 ait:
3217 604 3237 637 ι
3273 587 3507 644 διεῖπεν-σ-

1929 677 2008 723 tes
2036 678 2250 722 scutum
2283 669 2431 734 fidei,
2465 671 2518 725 in
2561 688 2668 742 quo
2702 675 2920 743 possitis
2951 679 3131 733 omnia
3159 676 3265 732 tela
3293 682 3512 749 nequis-

1922 756 2046 812 simi
2075 758 2229 828 ignea
2260 760 2631 830 exstinguere,
2660 771 2716 816 et
2752 764 2959 833 galeam
2987 767 3177 824 salutis
3217 770 3504 834 assumite,

1924 854 1980 899 et
2009 844 2246 915 gladium
2293 848 2538 917 Spiritus,
2577 853 2720 920 quod
2766 861 2849 907 est
2894 856 3116 911 verbum
3159 858 3254 914 Dei
3281 859 3501 930 (Epltes.

1924 936 2022 1007 vr).
2063 954 2081 988 ι
2144 937 2258 992 Hoc
2321 939 2506 1010 itaque
2559 940 2736 1010 gladio
2768 983 2783 1006 ,
2835 944 3226 1013 dilectissime,
3295 966 3512 1022 semper

1923 1027 2230 1098 accingere,
2262 1045 2370 1099 quo
2403 1031 2650 1085 videlicet
2696 1041 2754 1087 et
2794 1033 3020 1090 callidus
3051 1037 3334 1093 insidiator
3374 1056 3507 1095 con-

1923 1115 2102 1172 fossus
2140 1119 2388 1184 intereat,
2437 1131 2492 1174 et
2520 1120 2768 1177 Christus
2795 1122 2850 1176 in
2885 1133 2938 1178 te
2976 1125 3121 1180 velut
3152 1126 3206 1180 in
3259 1132 3510 1184 munitis-

1924 1207 2062 1264 simo
2083 1217 2388 1264 castrorum
2409 1225 2629 1264 suorum
2655 1214 3063 1283 propugnaculo
3087 1216 3258 1272 victor
3279 1219 3503 1274 existat.

2439 1339 2773 1397 EPISTOLA
2816 1343 2982 1399 XXX.

1925 1442 1994 1482 AD
2045 1442 2328 1484 TEUZOSBI!
2379 1443 2669 1487 IONACHUH
2731 1449 3049 1491 llONASTl-ZRII
3101 1453 3418 1495 FLOltEN‘l‘lNl
3456 1457 3502 1499 S.

2614 1517 2816 1558 IARIE.

2163 1589 2428 1661 (flabetur
2449 1602 2573 1646 tom.
2599 1591 2718 1659 ΙΙΙ,
2752 1605 2928 1666 estque
2948 1614 3126 1666 opusc.
3159 1600 3274 1670 5i.)

2434 1701 2770 1760 EPISTOLA
2812 1705 3005 1762 XXXI.

1931 1804 1998 1845 AD
2036 1807 2330 1848 DOIINICUI
2371 1807 2677 1851 LORICATUI
2717 1812 2950 1853 PRIOREM
2979 1815 3028 1854 S.
3063 1817 3243 1858 IIARDE
3283 1819 3502 1872 διτηιιε,

2437 1881 2665 1930 musque
2703 1883 2990 1925 suauius.

2149 1954 2418 2026 (Habetur
2443 1965 2570 2012 (om.
2608 1956 2730 2023 ΙΙΙ,
2758 1971 2934 2030 estque
2963 1979 3142 2032 opusc.
3170 1963 3287 2036 53.)

2415 2069 2754 2127 EPISTOLA
2797 2072 3007 2128 XXXII.

2031 2173 2100 2212 AD
2153 2172 2282 2215 SUOS
2337 2173 2605 2216 EREIITAS
2661 2175 2982 2218 HONASTERII
3039 2179 3402 2221 GAHUGNENSIS

2529 2247 2575 2286 8.
2625 2246 2900 2287 ΒΔἎΝΔΒΑΕ.

1925 2344 2324 2400 Ancuuuuruu.
2378 2375 2453 2408 -—;
2495 2341 2784 2402 Monachos
2829 2348 2880 2401 in
2930 2347 3091 2403 vicini
3154 2348 3254 2404 sibi
3309 2351 3512 2406 montis

1996 2430 2179 2490 eremo
2236 2426 2636 2490 commorantes
2678 2417 2855 2490 A227
2916 2421 3296 2488 reprehendit,
3364 2423 3510 2490 quod

1997 2485 2258 2553 quasdam
2305 2486 2450 2554 leges
2491 2501 2522 2540 a
2566 2501 2627 2541 se
2676 2485 2989 2542 itTTuSt-um'
3014 2490 3342 2544 monasterio
3375 2485 3507 2546 con-

1999 2555 2216 2629 stitutus
2242 2571 2466 2629 prorsus
2490 2557 2823 2629 negligerent
2851 2566 2906 2629 et
2928 2559 3214 2622 violarent,
3245 2560 3503 2629 quodque

2000 2627 2053 2679 in
2078 2626 2399 2692 quibusdam
2427 2625 2588 2678 rebus
2621 2625 2968 2682 siecularibus
3003 2625 3314 2684 scandalum
3353 2625 3510 2685 affer-

1999 2703 2140 2749 rent.
2187 2695 2415 2766 Eosdem
2458 2709 2693 2765 quoque,
2722 2698 2866 2766 quod
2913 2706 3249 2752 terrenarum
3295 2701 3512 2756 divitia-

1999 2779 2118 2840 rum
2153 2765 2462 2834 cupidiores
2489 2775 2674 2820 essent
2716 2765 2968 2840 quodque
2997 2769 3134 2840 cibis
3176 2770 3510 2824 delicatiori-

1997 2836 2098 2889 bus
2121 2845 2405 2888 uterentur
2428 2850 2589 2904 quam
2621 2836 2808 2890 eorum
2843 2847 2995 2892 arcto
3018 2839 3231 2892 vivendi
3261 2840 3514 2895 instituto

1999 2904 2332 2978 conveniret,
2361 2905 2681 2978 gravissime
2706 2907 3043 2978 perstringit.
3071 2909 3148 2961 Ad
3179 2919 3509 2974 extremum,

1999 2984 2208 3049 quanta
2239 2975 2311 3026 sit
2349 2975 2531 3029 cautio
2559 2975 2860 3049 adhibenda
2891 2975 2971 3030 in'
2998 2977 3064 3030 iis
3092 2979 3272 3049 rebus,
3310 2995 3430 3049 quae
3477 2997 3510 3034 a

1999 3043 2296 3112 majoribus
2325 3054 2473 3114 recte
2512 3046 2828 3100 constituta:
2862 3055 3008 3109 sunt,
3037 3043 3352 3114 evellendis,
3383 3065 3512 3105 non-

2000 3111 2269 3168 nullorum
2297 3111 2496 3169 infelici
2522 3117 2911 3170 monachorum
2939 3117 3089 3171 exitu
3120 3111 3380 3174 ostendit.

1999 3201 2284 3258 Fratribus
2321 3203 2374 3256 in
2401 3201 2668 3273 Gamugni
2715 3217 2904 3260 eremo
2944 3207 3270 3276 constitutis,
3296 3207 3515 3266 PETRUS

1929 3303 2186 3364 peccator
2214 3295 2512 3350 monachus
2531 3295 2783 3350 salutem.

2006 3402 2025 3434 ι
2055 3383 2223 3439 Filius
2261 3385 2496 3454 sapiens,
2525 3386 2601 3439 ait
2630 3384 2906 3451 Salomon,
2937 3387 3175 3444 laetificat
3193 3396 3424 3459 patrem,
3449 3390 3512 3445 (ὶ-
3547 3441 3552 3446 .

1931 3471 2034 3528 lius
2062 3489 2192 3528 vero
2218 3474 2414 3528 stultus
2434 3475 2690 3530 maestitia
2716 3485 2800 3530 est
2817 3475 3009 3531 matris
3033 3491 3146 3531 sua:
3166 3475 3350 3547 (Prov.
3370 3483 3448 3548 x).
3485 3500 3504 3533 ι
3548 3522 3556 3541 ,

1931 3563 2035 3632 Qui
2077 3580 2266 3620 rursus
2321 3565 2398 3619 ait
2435 3583 2450 3620 :
2483 3584 2501 3617 ι
2531 3564 2633 3632 Qui
2685 3575 2979 3637 congregat
3022 3567 3076 3622 in
3120 3583 3329 3635 messe,
3372 3569 3515 3626 filius

1929 3655 2144 3722 sapiens
2181 3663 2298 3721 est;
2327 3655 2418 3725 qui
2459 3665 2644 3711 autem
2673 3658 2860 3712 stertit
2888 3658 2943 3711 in
2969 3665 3183 3724 aestate,
3212 3657 3355 3715 filius
3380 3675 3518 3715 eon-

1930 3744 2160 3800 fusionis
2202 3746 2401 3816 (ibid).
2433 3765 2452 3798 ι
2508 3747 2622 3803 Hoc
2663 3762 2795 3818 ergo
2843 3762 2942 3802 cur
2976 3747 3176 3813 dicam,
3226 3749 3512 3818 aperiam:

1933 3838 2029 3893 \lir
2055 3837 2276 3907 quidam
2307 3853 2339 3892 a
2372 3837 2760 3894 Mediolanensi
2805 3838 2940 3894 urbe
2966 3840 3345 3910 progrediens,
3385 3842 3516 3896 dum

1931 3945 2018 3984 me
2047 3937 2341 3999 qutereret,
2368 3943 2464 3999 per
2498 3944 2596 3984 vos
2627 3929 2911 3984 transitum
2934 3929 3158 3996 habuit;
3191 3930 3286 3984 sed
3325 3937 3381 3986 et
3420 3932 3518 3986 ha-

1931 4019 2108 4074 bitare
2143 4019 2443 4084 vobiscum,
2475 4029 2536 4074 ut
2574 4021 2688 4089 ipse
2727 4019 3006 4090 professus
3029 4028 3134 4085 est,
3179 4022 3280 4076 sub
3309 4035 3376 4076 eo
3412 4037 3520 4077 no-

1933 4112 2081 4167 mine
2125 4111 2455 4182 concupivit.
2503 4111 2606 4177 Qui
2651 4112 2779 4166 dum
2817 4110 2993 4166 lassus
3038 4111 3265 4177 itinere;
3306 4128 3522 4168 moram

1936 4204 2089 4260 velut
2133 4204 2464 4274 quiescendo
2503 4204 2873 4274 protraheret,
2900 4204 2996 4259 sed
3037 4205 3107 4260 ab
3132 4205 3523 4275 explorationis

1933 4303 2132 4352 vestra:
2161 4295 2410 4350 custodia
2439 4293 2656 4351 clausos
2679 4293 2866 4350 oculos
2910 4311 3018 4351 non
3049 4295 3302 4362 haberet,
3333 4297 3525 4353 nescio

1936 4403 2074 4460 quos
2137 4398 2376 4443 vestrum
2430 4386 2603 4442 aniles
2637 4401 2808 4458 nugas
2852 4396 2910 4443 et
2947 4388 3120 4443 otiosa
3164 4387 3523 4443 deliramenta

1936 4479 2222 4549 perpendit
2261 4476 2614 4548 profundere,
2650 4487 2706 4533 et
2733 4493 2858 4533 eum
2903 4477 3058 4532 laicis
3082 4478 3342 4533 scurriles
3363 4477 3528 4546 jocos

1938 4581 1995 4627 et
2020 4571 2250 4626 ludibria
2287 4571 2423 4624 vidit
2458 4569 2666 4624 urbana
2708 4570 2962 4625 miscere.
2996 4569 3151 4625 Unde
3195 4569 3399 4624 factum
3435 4577 3528 4624 est

1929 4647 1998 4716 ut
2026 4675 2134 4716 non
2176 4661 2336 4714 modo
2367 4673 2466 4714 nos
2511 4667 2868 4727 nostrumque
2924 4666 3146 4729 propter
3185 4673 3285 4714 vos
3323 4668 3519 4713 contu-

1934 4752 2184 4808 bernium
2209 4765 2371 4806 omne
2390 4757 2787 4813 contemneret,
2809 4749 2900 4804 sed
2923 4758 2978 4803 et
2999 4749 3176 4819 ipsum
3203 4749 3544 4804 conversiov

1935 4843 2021 4898 nls
2065 4841 2326 4904 animum,
2382 4848 2650 4910 quantum
2702 4839 2907 4908 potuit,
2959 4837 3206 4893 funditus
3249 4839 3524 4893 amisisset

1936 4931 2282 5003 (amitteret).
2332 4929 2534 4998 Aperte
2572 4928 2780 4984 scilicet
2822 4928 2932 4983 vita
2987 4937 3171 4984 nostra
3207 4927 3527 4992 fructificat,
3572 4951 3582 4987 ;

1939 5029 2002 5074 ut
2028 5035 2136 5074 non
2177 5019 2338 5074 modo
2372 5032 2471 5088 per
2501 5016 2784 5074 anfractus
2817 5025 2875 5072 et
2915 5018 3064 5074 invia
3091 5033 3120 5070 a
3146 5017 3372 5087 justitiae
3411 5028 3542 5072 tra-.

1938 5111 2078 5166 inite
2123 5123 2340 5178 semper
2392 5110 2509 5180 ipsa
2556 5108 2810 5174 declinet,
2848 5123 3038 5163 verum
3078 5108 3242 5163 etiam
3284 5122 3315 5161 a
3353 5108 3524 5162 divini

1937 5201 2118 5256 cultus
2145 5215 2370 5271 egressu
2395 5215 2491 5270 per
2515 5214 2626 5254 suae
2651 5199 2938 5268 pravitatis
2971 5198 3221 5268 exempla
3247 5197 3524 5252 deturbet.

1939 5290 2086 5346 Satis
2124 5289 2286 5360 plane
2315 5288 2604 5358 vigilanter
2645 5288 2976 5344 attendimus
3009 5290 3153 5357 quod
3196 5304 3294 5358 per
3327 5302 3524 5358 expro-

1938 5380 2246 5439 brationem
2274 5379 2549 5448 prophetae
2579 5377 2880 5432 minitantis
2918 5379 3168 5433 audimus
3199 5397 3213 5433 :
3249 5397 3266 5430 ι
3299 5377 3404 5433 Per
3428 5393 3530 5433 vos

1939 5487 2136 5528 nomen
2171 5470 2265 5525 Dei
2307 5469 2715 5539 blasphematur
2745 5470 2900 5542 (Isai.
2929 5487 3036 5536 LII;
3085 5471 3237 5524 Rom.
3269 5472 3356 5540 it).
3388 5489 3408 5522 ι
3458 5471 3528 5524 ll-

1941 5562 2032 5620 lud
2071 5564 2237 5619 etiam
2290 5561 2434 5631 quod
2461 5565 2527 5616 de
2572 5559 2696 5626 filiis
2741 5561 2858 5618 Heli
2916 5562 3198 5634 Scriptura
3254 5570 3522 5616 testatur:

1945 5672 1966 5705 ι
1997 5653 2152 5717 Erat,
2190 5650 2382 5720 inquit,
2435 5658 2715 5721 peccatum
2763 5666 3054 5721 puerorum
3111 5650 3314 5722 grande
3361 5651 3525 5704 nimis

1947 5760 2132 5802 coram
2159 5743 2412 5811 Domino,
2439 5743 2566 5814 quia
2595 5743 2954 5800 detrahebant
2982 5744 3231 5800 homines
3259 5757 3292 5796 a
3315 5741 3524 5798 sacrifi-
