4024 6198
477 378 582 433 ιεδ

988 331 1077 433 ¹5.
1116 375 1323 433 PETRI
1363 373 1648 430 DAMIANI
1686 374 1840 431 OPP.
1883 373 2066 430 PARS
2104 371 2237 432 SEU
2266 372 2502 431 TOMUS
2528 372 2569 429 l.
2606 403 2680 417 —-
2715 374 2935 432 EPIST.
2976 375 3107 431 LIB.
3144 375 3276 431 Vill.

3639 376 3744 432 424

476 493 560 547 cio
604 491 700 546 Dei
746 489 799 562 (ι
828 488 957 560 Reg.
993 488 1077 559 tt).
1114 507 1132 539 ι
1190 485 1360 541 Porro
1403 492 1585 540 autem
1636 499 1801 555 quam
1841 483 2055 554 plurimi
2086 492 2133 549 Α
2161 485 2456 540 salubriter
2499 484 2866 551 interdictum,
2901 487 3003 543 hoc
3043 487 3238 543 lethale
3270 486 3472 543 factum
3519 499 3605 545 est
3642 490 3746 545 bo-

476 600 604 645 sunt
644 586 733 656 qui
771 584 853 639 sic
900 583 951 637 in
993 579 1282 636 turbulenti
1311 577 1493 634 saeculi
1529 586 1788 647 tanquam
1830 577 1889 633 in
1933 592 2065 646 spu-

476 678 615 737 mosi
665 676 831 731 maris
874 672 1125 743 procellis
1178 686 1241 726 ac
1290 668 1547 724 ﬂuctibus
1595 667 1946 730 ventilantur,
2003 675 2065 721 ut

476 770 578 823 nisi
626 767 695 821 ad
741 765 983 834 quietum
1032 760 1196 830 hujus
1240 759 1382 814 sacri
1427 758 1635 813 ordinis
1679 772 1737 812 se
1782 755 2067 811 conferant

475 867 713 929 portum,
746 854 889 910 nulla
921 852 1130 907 ratione
1159 850 1434 907 confidant
1454 849 1687 920 propria:
1715 849 1905 903 salutis
1933 864 2064 903 eva-

476 952 603 1004 dere
633 964 791 1019 posse
822 945 1180 1015 naufragium.
1210 940 1411 1008 Quanti
1454 955 1584 1011 ergo
1627 940 1907 1010 sanguinis
1934 953 2063 994 reus

475 1049 583 1104 est,
632 1040 723 1109 qui
756 1037 855 1091 sub
902 1036 1045 1090 sacri
1090 1033 1307 1089 habitus
1346 1032 1624 1086 schemate
1657 1031 1819 1084 talem
1868 1044 1928 1085 se
1965 1045 2063 1098 per

481 1140 746 1198 suscepta:
761 1125 1121 1200 professionis
1141 1123 1404 1179 incuriam
1429 1121 1666 1185 exhibet,
1690 1130 2063 1191 utquterentes

479 1222 763 1285 accedere,
806 1229 1060 1289 perverse
1104 1215 1353 1277 vivendo,
1397 1211 1701 1269 diSturbet?
1744 1211 2061 1282 Evangelica

483 1313 557 1369 illi
589 1312 844 1367 nimirum
889 1307 1156 1364 sententia
1201 1304 1470 1376 congruit,
1499 1318 1607 1373 qua
1634 1302 1833 1358 dicitur
1860 1320 1874 1357 :
1907 1322 1926 1354 ι
1960 1302 2064 1370 Qui

481 1401 929 1459 scandalizaverit
958 1415 1122 1454 unum
1152 1413 1219 1453 ex
1269 1399 1352 1453 his
1393 1396 1625 1467 pusillis,
1671 1396 1891 1466 expedit
1926 1397 1975 1452 ei
2006 1404 2065 1451 ut

479 1496 843 1565 suspendatur
870 1491 1010 1546 mola
1059 1490 1296 1545 asinaria
1338 1488 1391 1542 in
1421 1486 1561 1543 collo
1586 1487 1726 1557 ejus,
1759 1494 1815 1542 et
1852 1488 2064 1543 demer-

390 1650 397 1657 ε
481 1593 641 1654 gatnr
684 1582 736 1636 in
764 1580 1089 1650 profundum
1135 1579 1303 1632 maris
1340 1576 1556 1646 (Matth.
1585 1576 1765 1646 xvttt).
1794 1596 1813 1629 ι
1844 1576 2063 1632 Tolera-

480 1676 643 1731 bilius
680 1674 827 1728 enim
857 1671 1054 1736 fuerat,
1103 1679 1163 1724 ut
1208 1669 1354 1725 solus
1403 1669 1457 1723 in
1497 1668 1619 1737 ejus
1653 1684 1816 1738 quem
1846 1669 2066 1739 reliquit

484 1765 673 1819 mundi
722 1763 987 1832 vertigine
1031 1770 1336 1823 rotaretur,
1388 1775 1548 1829 quam
1597 1759 1793 1815 multos
1840 1775 1983 1815 nunc
2029 1775 2061 1814 a

2162 576 2292 630 mini
2316 589 2412 645 per
2441 584 2711 645 usurpata:
2736 575 3006 631 libertatis
3033 578 3341 633 arbitrium.

2237 664 2353 720 Hoc
2384 664 2544 734 primi
2574 664 2810 720 hominis
2834 678 3137 735 peccatum,
3166 666 3362 722 fratres
3388 667 3515 733 mei,
3538 675 3597 723 ut
3621 684 3744 725 cum

2164 771 2302 827 pace
2350 766 2531 811 vestra
2585 756 2796 826 loquar,
2848 774 2946 813 vos
2981 759 3181 814 iterare
3230 774 3402 830 usque
3436 760 3595 815 hodie
3639 778 3745 817 non

2163 848 2431 913 desinitis,
2463 850 2508 902 si
2538 850 2683 918 quod
2713 849 2864 903 vobis
2895 850 3181 905 inhibitum
3215 862 3318 915 est,
3351 867 3449 922 per
3471 854 3744 922 pruritum

2163 939 2522 994 lenocinantis
2575 939 2840 994 illecebrae
2868 940 3186 1009 degustatis.
3228 940 3449 1007 Quoties
3492 944 3638 997 enim
3677 943 3749 1001 ad

2165 1029 2310 1084 hunc
2362 1029 2547 1084 cibum
2594 1043 2786 1083 manus
2837 1029 3213 1084 inobedientite
3258 1031 3526 1095 tenditur,
3585 1033 3747 1088 toties

2162 1118 2351 1188 procul
2375 1118 2537 1172 dubio
2567 1118 2724 1187 primi
2749 1119 2994 1189 parentis
3019 1119 3174 1189 culpa
3206 1119 3457 1184 iteratur,
3484 1129 3537 1173 et
3559 1135 3745 1175 semen

2164 1210 2350 1280 stirpis
2396 1209 2637 1279 erumpit
2681 1218 3082 1280 consequenter
3131 1211 3187 1265 in
3240 1211 3428 1267 ramis.
3480 1210 3590 1278 Sic,
3621 1230 3748 1283 pro-

2162 1299 2364 1355 fluente
2387 1314 2541 1365 vena,
2577 1300 2723 1355 rivus
2754 1299 2923 1367 fonti,
2954 1309 3159 1356 tractus
3188 1303 3477 1372 respondet
3499 1305 3716 1374 origini.

2236 1390 2350 1447 Hoc
2377 1392 2542 1446 etiam
2589 1408 2677 1447 me
2729 1409 2834 1448 non
2883 1393 3058 1449 levius
3104 1405 3306 1459 movet,
3354 1397 3479 1466 quia
3525 1408 3748 1467 prseter-

2162 1495 2349 1551 gresso
2371 1480 2721 1537 nihilominus
2751 1482 3127 1538 inobedientiaz
3152 1483 3342 1551 limite,
3371 1484 3747 1556 eleemosynas

2165 1590 2195 1629 a
2235 1574 2584 1630 saecularibus
2630 1574 3008 1631 indifferenter
3053 1577 3334 1646 accipitis,
3384 1580 3747 1649 possessionis

2165 1674 2360 1721 vestrae
2406 1665 2672 1722 funiculos
2697 1666 2968 1723 inhianter
2994 1668 3309 1732 extenditis,
3350 1678 3421 1732 et,
3463 1679 3519 1721 ut
3548 1678 3745 1723 cuncta

2163 1758 2346 1815 brevis
2373 1774 2555 1814 sermo
2581 1760 2888 1824 concludat,
2928 1761 2979 1815 in
3014 1762 3231 1815 occulto
3257 1761 3415 1816 simul
3445 1771 3500 1816 et
3523 1760 3744 1831 publico

481 1854 776 1912 salutifera:
803 1853 1056 1909 stationis
1099 1862 1385 1907 revocaret
1413 1866 1657 1907 accessu.
1704 1850 1759 1905 Si
1787 1865 1914 1920 ergo
1953 1850 2061 1905 vita
2092 1852 2140 1914 Β
2169 1850 2284 1905 ﬁeri
2324 1850 2520 1905 divites
2565 1848 2854 1905 festinatis.
2883 1850 3008 1905 Haec
3055 1862 3235 1905 autem
3276 1850 3560 1915 facientes,
3596 1868 3749 1906 ama-

481 1958 666 2005 nostra
703 1957 810 2001 tam
844 1960 1008 2016 prava
1033 1944 1243 1999 videtur
1263 1953 1318 1998 et
1342 1942 1585 2012 squalida
1616 1952 1672 1996 ut
1702 1941 1864 1996 etiam
1896 1956 2063 1997 carne

486 2037 697 2091 vestitis
722 2034 1031 2088 hominibus
1079 2031 1263 2096 feteat,
1299 2031 1473 2101 qualis
1502 2039 1662 2100 putas
1708 2039 1793 2085 est
1834 2029 2061 2101 angelis,

481 2128 571 2196 qui
594 2125 799 2194 jugiter
826 2127 1039 2192 semper
1064 2123 1307 2177 eminent
1336 2122 1389 2176 in
1440 2119 1740 2189 spiritualis
1785 2119 2065 2175 munditiae

481 2218 750 2281 culmine;
791 2215 967 2284 qualis
1003 2216 1132 2278 Deo,
1180 2213 1271 2282 qui
1301 2222 1355 2267 et
1384 2213 1558 2283 ipsam
1605 2220 1828 2282 superat
1869 2210 2069 2281 angeli-

482 2324 603 2363 cam
632 2304 987 2377 dignitatem?
1020 2303 1174 2360 Unde
1206 2311 1260 2358 et
1294 2301 1423 2356 illud
1461 2301 1807 2357 formidolose
1829 2316 2066 2370 pensan-

484 2397 611 2452 dum
642 2403 746 2461 est,
773 2410 841 2449 ne
870 2394 1010 2458 illos,
1040 2393 1131 2463 qui
1175 2392 1241 2447 ad
1290 2391 1591 2447 custodiam
1623 2400 1864 2445 nostram
1900 2390 2070 2459 depu-

484 2489 584 2541 tati
612 2490 756 2550 sunt,
793 2486 1014 2556 angelos
1039 2487 1163 2538 vitae
1212 2492 1413 2538 nostrae
1454 2483 1595 2539 fetor
1621 2482 1878 2548 offendat,
1904 2482 2070 2553 228

486 2586 547 2631 ut
598 2576 781 2646 potius
816 2574 957 2644 apud
1005 2573 1173 2627 Deum
1208 2573 1465 2642 conqueri
1493 2588 1657 2643 quam
1690 2587 1787 2627 sua
1838 2586 1937 2627 nos
1977 2573 2070 2627 de.

483 2669 647 2723 beant
678 2665 1025 2720 attestatione
1053 2663 1210 2718 tueri.

555 2759 690 2815 Illud
718 2772 935 2828 quoque
964 2757 1030 2811 de
1051 2755 1357 2811 sanctitatis
1388 2764 1578 2810 vestra:
1603 2754 1889 2825 praeconiis
1923 2754 2068 2809 noti-

485 2853 573 2907 tiae
600 2860 798 2906 nostrae
833 2849 1245 2920 superaecessit,
1276 2847 1401 2916 quia
1432 2847 1689 2916 pleraque
1718 2846 1949 2915 capitula
2000 2845 2067 2900 ad

484 2941 833 2997 continentis:
876 2937 1203 3009 pertinentia
1241 2936 1603 3006 disciplinam,
1649 2951 1768 3005 quae
1799 2937 1940 2991 inter
1973 2950 2067 2991 vos

483 3030 806 3104 regulariter
850 3030 1262 3095 constituimus,
1323 3027 1400 3083 ita
1449 3043 1592 3082 nunc
1637 3027 1893 3083 oblivioni
1939 3033 2068 3082 sunt

486 3124 707 3187 tradita,
737 3137 802 3176 ac
842 3120 889 3175 si
920 3119 1091 3175 deliro
1120 3118 1346 3173 cuilibet
1375 3117 1576 3172 fuerint
1615 3116 1872 3173 oblivioni
1915 3131 2067 3172 man-

2165 1942 2393 1997 rissimis
2415 1956 2517 1995 nos
2550 1951 2703 1995 tetrae
2724 1943 3173 2012 concupiscentia:
3199 1944 3434 1996 motibus
3460 1943 3743 2005 laceratis;

2171 2049 2279 2089 non
2309 2034 2486 2088 solum
2515 2032 2692 2098 vobis,
2722 2032 2817 2087 sed
2843 2040 2897 2086 et
2923 2031 3157 2100 posteris
3181 2033 3378 2086 vestris
3401 2032 3739 2087 dulcedinem

2167 2121 2363 2191 quietis
2426 2120 2686 2186 adimitis,
2726 2133 2983 2174 curarum
3025 2119 3364 2175 saecularium
3400 2136 3496 2175 vos
3530 2121 3741 2190 laqueis

2165 2211 2461 2277 innodatis,
2490 2221 2545 2267 et
2567 2212 2712 2281 quod
2734 2212 3084 2268 deterrimum
3106 2221 3211 2278 est,
3239 2214 3506 2284 pugnandi
3530 2229 3749 2283 semper

2166 2317 2290 2357 cum
2345 2301 2733 2367 saecularibus,
2784 2302 2873 2357 vel
2924 2304 3103 2372 potius
3146 2304 3427 2357 materiam
3473 2304 3748 2359 serviendi

2167 2391 2519 2456 constituitis,
2565 2407 2672 2446 non
2702 2391 3116 2447 considerantes
3157 2391 3286 2445 illud
3316 2392 3516 2461 egregii
3548 2392 3746 2461 prazdi-

2168 2482 2369 2537 catoris
2395 2521 2411 2546 ,
2454 2481 2597 2552 quod
2638 2482 2786 2537 veris
2825 2481 3364 2537 abrenuntiatoribus
3402 2482 3478 2537 ait
3522 2500 3537 2535 :
3592 2502 3610 2534 ι
3642 2482 3753 2538 lla-

2167 2573 2358 2628 bentes
2404 2571 2659 2626 alimenta
2702 2580 2759 2626 et
2800 2571 3000 2642 quibus
3054 2581 3332 2642 tegamur,
3385 2572 3452 2628 iis
3506 2573 3753 2628 contenti

2168 2664 2357 2719 simus.
2424 2662 2559 2717 Nam
2622 2662 2713 2731 qui
2792 2662 2979 2717 volunt
3044 2662 3237 2719 divites
3313 2661 3431 2717 fieri
3505 2663 3754 2717 incidunt

2169 2754 2225 2809 in
2273 2754 2496 2823 laqueos
2556 2753 2796 2819 diaboli,
2869 2763 2925 2808 et
2972 2754 3340 2819 tentationes,
3407 2770 3472 2809 ac
3536 2755 3755 2810 deside-

2170 2842 2250 2897 ria
2291 2842 2460 2897 multa
2511 2842 2720 2897 inutilia
2766 2850 2823 2898 et
2866 2843 3083 2909 nociva,
3128 2859 3248 2913 quae
3278 2855 3525 2907 mergunt
3573 2846 3753 2900 homi-

2169 2948 2294 2989 nem
2326 2934 2378 2987 in
2409 2934 2687 2988 interitum
2734 2942 2790 2988 et
2849 2934 3203 3004 perditionem
3259 2934 3327 3007 (ι
3361 2935 3495 2989 Tim.
3547 2937 3681 3006 vt);
3724 2956 3743 2990 ι

2169 3028 2334 3099 229
2375 3027 2466 3082 ubi
2515 3027 2897 3097 et'sequitur:
2940 3046 2957 3079 ι
2991 3026 3161 3083 Radix
3202 3027 3441 3082 omnium
3478 3027 3752 3083 malorum

2168 3131 2254 3177 est
2278 3120 2528 3185 avaritia,
2567 3135 2729 3189 quam
2759 3119 2976 3189 quidam
3019 3128 3329 3189 appetentes
3357 3130 3677 3175 erraverunt
3720 3136 3753 3175 a

2869 2763 2925 2808 et
2972 2754 3301 2809 tentationes
3325 2794 3340 2819 ,

486 3218 638 3281 data,
693 3212 946 3267 videlicet
996 3219 1058 3263 ut
1109 3209 1295 3262 vinum
1338 3218 1570 3276 utroque
1611 3204 2063 3277 quadragesima“
2092 3206 2137 3270 C
2171 3212 2275 3267 fide
2324 3220 2380 3267 et
2429 3212 2774 3266 inseruerunt
2828 3226 2885 3266 se
2932 3210 3204 3267 doloribus
3239 3211 3421 3267 multis
3469 3212 3682 3282 (Ibid.).
3724 3230 3745 3265 ι

485 3317 728 3373 tempore
777 3317 881 3355 non
918 3299 1152 3362 bibatur,
1202 3312 1309 3352 non
1360 3297 1525 3366 piscis
1572 3297 1785 3363 edatur,
1836 3304 1897 3350 ut
1945 3296 2054 3351 nisi

485 3393 770 3464 pracipuis
810 3388 1215 3453 festivitatibus,
1254 3386 1411 3440 molis
1439 3386 1708 3455 legumina
1744 3401 1852 3440 non
1886 3392 2068 3440 teran-

485 3494 596 3547 tur,
627 3493 688 3538 ut
713 3480 1037 3552 vespertinae
1067 3477 1346 3533 refectioni
1372 3475 1794 3546 pulmentarium
1823 3490 1930 3530 non
1966 3489 2066 3544 pa-

485 3586 671 3641 retur;
704 3582 768 3627 ut
809 3573 1058 3628 oleastra:
1104 3568 1325 3624 frixurae
1370 3567 1648 3622 rarissime
1674 3567 2066 3631 concedantur,

482 3666 735 3724 etmulta
786 3662 1007 3728 similia,
1046 3675 1168 3730 quae
1217 3658 1390 3729 magis
1446 3657 1673 3712 colenda
1719 3671 1879 3727 quam
1931 3655 2069 3710 scri-

485 3759 659 3814 benda
702 3752 1065 3810 decernimus.
1111 3748 1221 3803 Nec
1270 3747 1493 3812 mirum,
1540 3746 1586 3801 si
1631 3746 1753 3811 hoc,
1799 3759 1886 3800 me
1925 3758 2069 3799 nunc

488 3845 675 3917 procul
704 3854 917 3913 agente,
955 3838 1324 3909 praesumitur,
1365 3851 1487 3890 cum
1516 3850 1653 3890 orno
1672 3833 1923 3890 videlicet
1965 3832 2068 3888 sub

488 3939 604 4006 ipsa
654 3933 937 3989 nativitate
990 3927 1289 3990 Dominica,
1347 3940 1434 3981 me
1482 3934 1770 3994 praesente,
1829 3924 1925 3979 sed
1970 3938 2070 3979 ne-

486 4031 715 4089 sciente,
745 4023 978 4078 mulsum
1015 4018 1195 4083 melle,
1216 4016 1381 4073 simul
1410 4025 1466 4072 et
1496 4014 1732 4070 diversis
1758 4014 2062 4086 pigmento-

486 4133 611 4175 rum
653 4113 945 4187 generibus
982 4110 1298 4180 parabatur.
1343 4107 1497 4174 Quod
1541 4114 1602 4160 ut
1642 4105 1859 4174 agnovi,
1912 4112 2066 4160 tanto

487 4210 664 4281 magis
703 4205 930 4278 prodigii
955 4202 1195 4258 novitate
1225 4214 1513 4271 percussus
1540 4197 1824 4264 exhorrui,
1863 4205 2066 4268 quanto

487 4304 540 4359 id
573 4302 625 4356 in
650 4313 834 4354 eremo
860 4294 1063 4350 factum
1089 4307 1159 4347 ne
1185 4290 1423 4346 audiisse
1460 4306 1547 4345 me
1590 4290 1807 4360 quidem
1837 4299 2065 4345 eatenus

485 4391 826 4460 contigisset.
857 4385 1054 4440 Verum
1092 4383 1197 4438 ista
1243 4382 1503 4444 dicentes,
1550 4394 1650 4435 nec
1675 4394 1801 4434 cum
1830 4379 1935 4434 illis
1967 4394 2066 4434 nos

486 4482 690 4539 sentire
737 4478 860 4550 quis
898 4476 1124 4549 judicet,
1156 4473 1247 4543 qui
1300 4472 1593 4542 prohibent
1645 4486 1676 4525 a
1720 4471 1879 4534 cibis,
1927 4484 2066 4540 quos

488 4576 630 4629 Deus
657 4545 867 4626 creavit
900 4545 975 4639 (1
1009 4565 1133 4620 Cor.
1171 4564 1268 4636 x);
1311 4579 1411 4618 nec
1454 4562 1763 4633 apostolicae
1788 4562 2064 4617 contraire
2094 4545 2142 4604 Ι)

487 4661 788 4725 sententiae,
829 4671 935 4728 qua
964 4671 1064 4711 nos
1085 4654 1411 4709 manducare
1441 4652 1686 4725 praecipit
1728 4664 2068 4721 quaecunque

486 4760 863 4826 apponuntur,
910 4756 968 4802 et
1015 4744 1150 4800 nihil
1197 4743 1551 4814 rejiciendum
1595 4742 1739 4811 quod
1779 4756 1904 4796 cum
1938 4756 2064 4811 gra-

488 4846 687 4901 tiarum
743 4841 957 4895 actione
1014 4833 1310 4905 percipitur
1351 4830 1404 4901 (ι
1434 4830 1569 4884 Tim.
1611 4830 1708 4901 tv).
1773 4828 1934 4883 Aliud
1980 4838 2068 4885 est

485 4936 650 4996 cnim,
684 4930 828 5002 quod
867 4934 1150 4983 creaturas
1188 4922 1283 4977 Dei
1322 4922 1494 4976 bonas
1523 4920 1896 4974 indifferenter
1925 4934 2069 4975 asse-

488 5025 688 5086 rimus;
718 5018 888 5080 aliud,
919 5014 1064 5085 quod
1103 5010 1375 5083 pudicitia:
1423 5009 1816 5077 sobrietatique
1843 5023 2066 5063 servan-

489 5117 571 5172 dae
595 5110 953 5183 castigatione
985 5118 1273 5175 corporum
1312 5101 1679 5172 providemus.
1709 5099 1915 5155 Bonum
1948 5108 2068 5155 erat

486 5210 687 5277 quippe
726 5204 778 5256 in
807 5199 1060 5271 paradiso
1089 5196 1316 5266 lignum,
1360 5209 1389 5246 a
1430 5191 1573 5248 bono
1616 5191 1823 5247 scilicet
1860 5189 2067 5261 Opifice

489 5296 803 5357 conditum;
838 5292 1038 5346 bonum
1067 5284 1419 5342 nihilominus
1448 5297 1555 5338 non
1584 5281 1685 5337 fuit
1715 5284 2065 5345 manducare,

487 5384 679 5441 eodem
719 5381 1039 5437 instituente
1086 5382 1418 5447 praeceptum
1446 5370 1602 5442 (Gen.
1632 5371 1728 5443 tt);
1773 5372 1888 5435 sed,
1937 5370 2066 5425 dum

490 5477 689 5530 bonum
715 5472 858 5527 bono
900 5484 1007 5523 non
1050 5468 1191 5522 bene
1230 5464 1501 5534 jungitur,
1547 5478 1696 5518 mors
1722 5462 1970 5533 protinus
2001 5476 2072 5516 ex

492 5566 764 5623 virulento
810 5563 1019 5619 semine
1058 5557 1325 5629 superbia:
1368 5565 1679 5626 generatur.
1725 5554 1881 5622 Quod
1922 5553 2070 5609 enim

492 5660 696 5715 bonum
734 5655 914 5709 fuerat
948 5666 1043 5721 per
1090 5655 1363 5707 naturam.
1401 5645 1601 5700 malum
1636 5643 1836 5700 factum
1865 5655 1949 5700 est
1974 5656 2070 5713 per

491 5748 870 5807 inobedientite
914 5744 1161 5813 culpam;
1211 5746 1267 5793 et
1308 5737 1452 5807 quod
1500 5738 1568 5793 ab
1615 5736 1853 5793 Auctore
1892 5736 2067 5794 fuerat

2167 3303 2460 3358 Enimvero
2498 3303 2637 3373 dona
2695 3301 2779 3357 vel
2807 3302 3109 3357 oblationes
3136 3302 3205 3357 ab
3229 3304 3412 3374 iniquo
3440 3304 3749 3373 suscipere,

2168 3394 2297 3464 quid
2335 3403 2424 3464 est
2468 3392 2613 3448 aliud
2656 3408 2818 3463 quam
2867 3394 3143 3463 propriam
3187 3395 3425 3449 animam
3467 3411 3531 3451 ex
3570 3396 3751 3451 dantis

2168 3483 2420 3553 squalore
2448 3481 2697 3537 foedare?
2736 3482 2871 3537 Hinc
2899 3484 3042 3538 enim
3066 3482 3324 3553 scriptum
3348 3493 3467 3539 est:
3505 3503 3523 3536 ι
3554 3484 3754 3539 immo-

2168 3575 2329 3630 lantis
2364 3590 2429 3629 ex
2471 3574 2657 3643 iniquo
2687 3573 2888 3628 oblatio
2930 3582 3015 3628 est
3060 3574 3357 3637 maculata,
3389 3585 3441 3629 et
3472 3591 3578 3630 non
3622 3585 3752 3630 sunt

2167 3665 2512 3736 beneplacitae
2526 3665 2973 3720 subsannationcs
2990 3665 3295 3735 iniquorum
3310 3664 3713 3736 (Eccli.xntv).
3724 3685 3743 3719 ι

2168 3758 2235 3814 Et
2264 3772 2518 3812 rursum:
2555 3774 2573 3807 ‹
2623 3756 2770 3810 Dona
2800 3755 3104 3824 iniquorum
3155 3771 3260 3810 non
3311 3756 3503 3825 prohat
3537 3756 3751 3811 Altissi-

2166 3862 2307 3911 mus,
2346 3861 2446 3901 nec
2483 3845 2704 3914 respicit
2732 3844 2784 3897 in
2815 3843 3179 3900 oblationibus
3212 3843 3539 3913 iniquorum,
3568 3860 3667 3901 nec
3695 3846 3746 3900 in

2168 3938 2510 3993 multitudine
2556 3936 2945 3992 sacrificiorum
2995 3950 3182 3991 eorum
3227 3936 3608 4007 propitiabitur
3650 3953 3748 4007 pro

2165 4027 2403 4098 peccatis
2447 4025 2677 4097 (fbid.).
2715 4045 2734 4079 ι
2768 4026 2834 4080 Ει
2867 4040 3073 4090 revera,
3112 4026 3241 4096 quid
3287 4027 3507 4097 prodest
3540 4026 3746 4095 justum

2165 4121 2372 4175 orando
2402 4118 2704 4181 aedificare,
2734 4118 2877 4186 quod
2912 4134 3111 4188 pravus
3138 4116 3357 4173 festinat
3385 4132 3639 4189 perverse
3666 4120 3752 4172 vi-

2164 4210 2343 4266 vendo
2372 4208 2690 4264 destruere?
2726 4207 2880 4263 Unde
2921 4216 2977 4263 et
3016 4223 3113 4278 per
3138 4208 3390 4264 eumdem
3433 4207 3746 4278 Sapientem

2166 4301 2400 4357 dicitur:
2432 4317 2453 4350 ι
2479 4297 2634 4354 Unus
2670 4298 2946 4354 aedificans
2991 4309 3047 4353 et
3088 4299 3229 4353 alter
3264 4300 3572 4366 destruens,
3619 4298 3747 4370 quid

2166 4394 2385 4462 prodest
2412 4391 2539 4453 illis,
2569 4391 2669 4446 nisi
2701 4390 2897 4446 labor?
2935 4391 3086 4447 Unus
3125 4407 3289 4448 orans
3324 4401 3380 4448 et
3415 4408 3552 4448 unus
3577 4392 3747 4446 male-

2168 4483 2375 4544 dicens,
2404 4482 2555 4550 cujus
2580 4496 2766 4537 vocem
2792 4483 3045 4537 exaudiet
3082 4482 3268 4537 Deus?
3308 4501 3327 4535 ι
3363 4481 3549 4552 (Ιὸὶά.)
3580 4481 3743 4537 Porro

2168 4583 2348 4627 autem
2378 4571 2445 4625 ad
2474 4570 2602 4640 quid
2629 4572 2937 4625 divitiarum
2964 4572 3111 4626 lucra
3141 4572 3596 4642 congerimuslan
3619 4572 3749 4641 quia

2167 4664 2284 4718 liter.
2316 4663 2369 4716 iu
2392 4672 2611 4717 nostros
2637 4677 2766 4717 usus
2803 4663 3128 4733 expendere,
3161 4671 3353 4717 natura
3383 4662 3595 4718 modico
3622 4678 3750 4718 con-

2168 4759 2313 4807 tenta
2341 4750 2680 4820 prohibente,
2712 4764 2815 4803 non
2840 4765 3144 4819 possumus,
3169 4750 3224 4804 in
3252 4763 3387 4819 quos
3412 4748 3620 4819 prodigi
3654 4766 3748 4803 va-

2167 4840 2336 4905 leant,
2367 4840 2529 4894 anxia
2558 4852 2773 4909 semper
2800 4839 3158 4894 sollicitudine
3179 4839 3580 4910 perquirimus?
3607 4840 3748 4895 lute-

2166 4933 2270 4988 rim
2300 4940 2477 4986 autem
2502 4930 2563 4985 in
2582 4945 2771 4985 earum
2797 4930 3250 5000 contemplatione
3279 4930 3422 4986 solas
3448 4930 3743 4986 infelicium

2167 5020 2447 5075 oculorum
2494 5027 2803 5075 nostrorum
2844 5019 3125 5075 illecebras
3160 5020 3451 5090 pascimus,
3500 5037 3624 5075 cum
3654 5037 3747 5077 eas

2168 5110 2483 5180 intorquere
2509 5109 2563 5164 in
2590 5117 2787 5164 nostra:
2814 5110 3154 5165 necessitatis
3184 5112 3450 5181 impendia
3477 5127 3583 5166 non
3606 5112 3746 5166 vale—

2168 5213 2309 5253 mus.
2342 5198 2496 5254 Unde
2534 5207 2588 5252 et
2626 5197 2880 5253 Salomon
2908 5186 3028 5253 cum
3060 5200 3449 5269 premisisset:
3484 5218 3503 5252 ι
3536 5202 3744 5256 Avarus

2169 5302 2274 5342 non
2303 5286 2555 5358 impletur
2582 5286 2831 5356 pecunia,
2861 5293 2918 5341 et
2944 5287 3033 5354 qui
3062 5297 3209 5342 amat
3237 5288 3513 5357 pecunias,
3541 5289 3744 5344 fructus

2169 5392 2276 5432 non
2307 5379 2451 5447 capit
2478 5393 2541 5432 ex
2569 5376 2647 5431 eis
2669 5376 2894 5449 (Eccles.
2916 5378 3002 5447 v);
3037 5396 3055 5430 ι
3084 5380 3331 5446 protinus
3360 5378 3573 5433 intulit:
3604 5397 3624 5430 ι
3646 5378 3740 5435 Ubi

2171 5476 2298 5521 sunt
2322 5481 2451 5536 opes
2480 5465 2681 5533 multae,
2713 5465 2864 5520 multi
2887 5475 2939 5522 et
2963 5467 3055 5536 qui
3083 5467 3375 5522 comedunt
3398 5483 3510 5523 eas.
3534 5467 3604 5522 Et
3622 5466 3742 5537 quid

2171 5558 2391 5629 prodest
2418 5557 2737 5627 possessori.
2776 5556 2881 5612 nisi
2922 5556 3064 5626 quod
3110 5557 3325 5612 divitias
3367 5558 3543 5613 cernit
3579 5556 3743 5611 oculis

2170 5647 2331 5702 suis?
2359 5665 2378 5698 ι
2407 5646 2593 5717 (ιὺὲά.)
2618 5644 2769 5713 Quod
2800 5654 2980 5701 autem
3011 5646 3210 5702 divitiae
3236 5646 3634 5717 possidentibus
3663 5645 3745 5697 in-

2171 5744 2361 5807 gerant
2385 5736 2824 5806 sollicitudinem,
2854 5751 2954 5793 nec
2978 5750 3074 5793 eos
3110 5738 3389 5809 quiescere
3416 5749 3606 5792 secure
3632 5747 3725 5805 per
