2009 3101
177 147 230 175 Δὶὸ

748 143 848 170 LIBER
870 141 1016 174 SEXTUS,
1034 142 1141 170 EPIST.
1162 143 1267 171 XXXII.

1762 148 1811 174 4⁸2ιὶ

177 204 294 231 mimum
320 200 431 226 ιη’,ιῖςιηι
448 198 587 230 monachi,
613 205 726 232 quorum
746 203 820 224 certe
841 197 973 231 professio
988 200 1008 228 Λ
1024 203 1066 223 cst
1080 199 1222 232 appetitur,
1253 200 1299 226 sed
1316 199 1446 226 bonorum
1471 201 1558 235 potius
1575 204 1760 230 communiqu
1776 208 1814 231 til-

176 256 230 276 non
247 245 421 274 sollicitudini
442 244 557 276 militat,
573 243 620 270 sed
643 243 727 277 quieti
742 252 748 269 :
766 252 774 267 ι
798 242 887 270 Dulcis
910 246 968 274 est,

176 292 274 328 inquit.
291 298 403 319 somnus
416 289 549 324 aperanti,
568 289 626 315 sive
644 288 775 319 multum,
797 288 854 315 sive
875 295 969 323 parum

174 337 309 365 comedat.
326 336 459 363 Saturitas
474 339 565 361 autem
582 334 673 361 divitis
685 341 737 360 non
752 333 817 360 sinit
833 341 895 360 eum
907 333 970 360 dor-

174 381 354 416 mire(£ccle.
369 381 406 413 v).
429 390 437 406 ι
453 380 599 411 Praeterea,
613 379 720 407 tametsi
733 378 815 406 homo
825 378 968 410 violenter,

174 432 222 454 aut
244 427 345 454 furtive
368 433 421 453 non
440 424 545 460 rapiat,
567 424 649 451 etiam
676 423 872 458 sinequaquam
892 430 968 450 men-

174 472 277 504 tiendo,
291 471 335 498 vel
348 469 584 498 circumveniendo
601 468 728 502 decipiat,
745 475 798 495 non
820 467 915 495 leviter
929 471 970 495 ta-

173 525 235 545 men
263 519 373 551 peceat,
400 515 421 541 si
447 514 580 541 duntaxat
603 513 718 540 alienam
739 519 795 540 rem
809 512 970 546 simpliciter

172 561 358 597 concupiscat.
376 560 452 588 Unde
464 566 571 594 quoque
586 559 612 585 in
626 558 749 594 catalogo
765 558 857 585 decem
867 564 968 592 praece-

172 614 280 643 ptorum
301 606 428 642 ponitur:
443 615 453 631 ‹
467 605 525 632 Non
538 604 712 639 concupisces
727 612 784 632 rem
798 603 913 639 proximi
928 603 967 630 tui

172 654 262 689 (Deut.
277 652 325 688 vr).
347 662 356 678 ι
375 652 440 686 Quis
452 656 543 678 autem
562 654 653 678 reatus
673 650 709 678 sit
723 649 884 684 alienijuris
908 656 967 676 am-

171 699 249 731 bilio,
266 705 295 726 ut
309 706 341 726 ex
357 697 489 725 industria
504 696 586 724 multa
599 701 770 731 praiteream,
782 703 836 723 uno
848 695 879 722 Β.
893 694 966 722 Petri

170 745 283 773 docetur
297 743 431 777 exemplo.
451 752 460 769 ί
475 742 570 773 Nemo.
592 741 696 777 inquit.
710 746 832 769 vestrum
847 740 967 776 patiatur

171 796 301 825 tanquam
319 789 465 819 homicida,
482 792 528 814 aut
545 788 598 819 fur,
615 792 660 814 aut
674 787 830 818 maledicus,
843 791 889 812 aut
901 785 966 813 alie-

169 844 267 864 norum
283 835 417 871 appetitor
429 834 458 869 (I
473 834 535 860 Pelr
558 834 606 868 tv).
624 843 632 858 ι
649 833 698 866 Qui
710 833 781 859 enim
797 832 866 858 inter
880 831 965 859 homi-

1022 244 1163 271 stribtttor.
1194 245 1254 272 lla-c
1273 250 1364 272 autent
1394 246 1512 273 breviter
1540 248 1669 281 diximus,
1694 254 1724 277 ut
1744 251 1815 278 inter

1021 288 1169 316 alienortuu
1191 290 1365 324 appetitores,
1390 296 1418 317 et
1434 291 1526 319 fideles
1540 293 1740 328 dispensatores
1755 303 1815 324 esse

1021 334 1175 362 distantiam
1182 340 1403 369 moustraremus,
1412 344 1444 363 ne
1453 338 1574 365 videlicet
1585 339 1813 374 aliquaudosuutr.

1019 380 1069 407 sub
1083 380 1175 407 colore
1189 381 1297 408 virtutis
1309 382 1401 408 vitium
1417 382 1518 417 palliet,
1539 384 1579 410 vel
1597 392 1690 413 rursus
1705 387 1814 415 virtutis

1020 424 1121 453 intima:
1149 426 1314 460 puritatem,
1344 426 1440 454 falsum
1470 428 1527 455 vitii
1555 437 1651 457 nomen
1674 431 1811 460 obscuret.

1019 470 1093 498 Giezi
1117 479 1182 499 sane
1205 480 1272 506 puer
1294 473 1390 505 Elis-ei,
1417 474 1439 502 si
1459 476 1653 510 prophetarum
1682 478 1763 510 filiis,
1785 484 1813 507 ut

1019 516 1149 543 mentitus
1162 521 1215 549 est,
1229 518 1333 552 argenti
1349 518 1449 546 talenta
1467 520 1647 555 suscipiendo,
1664 523 1813 551 consuluis-

1018 565 1069 594 set,
1086 569 1256 596 nequaquam
1271 563 1417 591 subeunda:
1435 564 1516 598 lepra:
1542 567 1703 594 sententiam
1717 573 1811 603 pertu-

1018 605 1103 633 lisset.
1119 606 1186 633 Nam
1201 607 1301 634 idcirco
1316 608 1392 643 plaga
1414 616 1560 643 percussus
1579 615 1621 638 est
1636 619 1717 646 quant
1732 614 1811 641 dator

1018 651 1157 684 amiserat,
1175 652 1240 687 quia
1264 660 1317 679 non
1338 654 1371 681 ad
1396 654 1447 681 hoc
1472 654 1560 682 aliena
1584 658 1713 692 suscepit.
1738 659 1809 687 utin

1016 703 1088 730 opus
1098 696 1208 731 pietatis
1219 698 1394 731 expenderet,
1412 699 1458 726 sed
1475 704 1505 727 ut
1517 708 1573 728 sua:
1583 703 1808 737 concupiscentia

1016 741 1186 770 satisfaciens
1201 743 1302 778 proprii
1314 743 1384 777 juris
1402 744 1552 778 possideret
1569 747 1714 781 peculium.
1732 748 1810 778 Unde

1016 787 1058 814 vir
1071 788 1118 815 Dei
1131 792 1275 823 postquam
1287 796 1348 816 eum
1358 790 1438 825 digne
1448 791 1608 826 corripiens,
1623 793 1674 820 ait:
1689 804 1698 820 ι
1714 795 1809 823 Nonne

1016 840 1064 861 cor
1086 840 1175 861 meum
1195 834 1222 861 in
1244 835 1372 869 praesenti
1393 841 1470 868 erat,
1495 839 1604 871 quando
1623 847 1749 869 reversus
1766 847 1809 870 est

147 896 150 899 ’
163 886 252 917 cidas.
267 884 341 912 fures
353 888 434 918 atque
445 882 590 910 maledicos
601 881 645 915 qui
660 887 770 914 regnum
784 879 829 905 Dei
841 877 961 912 profecto
978 887 1000 916 Β
1014 878 1095 905 homo
1106 878 1139 906 de
1154 887 1235 907 curru
1246 887 1295 907 suo
1307 880 1334 907 in
1349 888 1492 909 occursum
1506 883 1553 909 tibi
1565 883 1576 910 ?
1592 893 1602 910 ι
1625 884 1679 920 (IV
1695 885 1756 922 Reg.
1769 887 1808 921 v.)

164 938 220 957 non
237 930 393 965 possident,
413 929 589 963 appetitorem
605 926 739 953 facultatis
755 925 847 951 aliena:
863 923 962 952 consti—

165 977 230 1008 tuit,
245 983 327 1011 quam
343 982 426 1010 grave
440 974 543 1001 crimen
564 979 698 1007 quamque
713 971 865 999 damnabile
880 971 960 1001 sit,ex

162 1020 311 1048 collatione
332 1019 461 1048 similium
476 1018 617 1046 evidenter
638 1017 766 1044 ostendit.
785 1016 861 1049 Quod
878 1015 960 1043 etiam

162 1067 282 1094 lucidius
298 1065 430 1097 cemitur,
446 1064 468 1091 si
487 1062 558 1098 quod
574 1062 616 1090 his
631 1062 721 1089 verbis
737 1060 907 1094 subiunctum
920 1064 960 1087 est

160 1111 301 1138 subtiliter
323 1109 489 1137 attendatur.
514 1106 582 1134 Nam
606 1107 730 1141 protinus
753 1105 855 1132 addidit
878 1113 885 1130 :
904 1114 913 1129 ‹
931 1104 960 1131 Si

162 1161 255 1184 autent
283 1159 313 1182 ut
322 1154 554 1185 Christianu.,nou
564 1152 718 1184 erubescat,
729 1150 860 1186 glorificet
870 1154 959 1176 autem

161 1203 189 1229 in
217 1202 270 1229 isto
292 1200 401 1229 nomine
423 1199 583 1230 Dominum,
598 1197 725 1233 quoniam
742 1201 848 1230 tempus
868 1199 909 1222 est
930 1199 960 1222 ut

160 1247 277 1282 incipiat
290 1246 420 1281 judicium
437 1245 471 1273 de
485 1245 565 1272 domo
580 1244 628 1271 Dei
649 1243 754 1278 (Ibid.).
767 1248 779 1268 ι
796 1241 832 1270 Ut
844 1248 909 1277 ergo
927 1241 960 1268 de

160 1293 252 1321 aliena
268 1291 455 1327 appetentibus
471 1290 646 1322 disseramus,
665 1296 716 1315 non
739 1288 807 1315 sicut
828 1287 959 1314 Christia-

162 1347 230 1370 nus,
244 1338 292 1366 sed
306 1338 376 1365 sicut
387 1336 571 1365 Antichristus
587 1335 679 1370 procul
694 1334 775 1361 dubio
788 1333 898 1368 patitur,
912 1332 958 1367 qui

162 1383 230 1410 dum
253 1382 349 1409 alienis
366 1380 525 1408 substantiis
545 1380 642 1411 inhiat,
661 1378 808 1412 ingruentis
828 1384 890 1404 eum
908 1376 957 1403 ad-

160 1426 304 1455 versitatis
317 1425 468 1454 sollicitudo
486 1424 637 1460 perturbat.
660 1423 785 1451 Christus
798 1422 870 1449 enim
885 1421 958 1449 venit

160 1472 342 1506 semetipsum
357 1476 385 1498 et
397 1470 536 1500 cmlestcm
555 1469 670 1505 gloriam
685 1468 803 1495 tradere.
819 1466 957 1495 Antichri-

160 1522 223 1546 stus
243 1522 335 1545 autem
359 1517 481 1549 veniens,
498 1516 603 1543 animas
628 1514 785 1548 hominum,
809 1514 955 1548 pretiosam

160 1564 290 1592 videlicet
305 1563 494 1595 substantiam,
518 1569 632 1593 conatur
653 1561 770 1589 auferre.
785 1560 814 1588 Si
828 1568 893 1596 ergo
908 1562 953 1596 qui
968 1563 990 1593 C

159 1610 251 1638 aliena
269 1610 372 1645 appetit
392 1609 563 1637 Christianus
578 1616 631 1636 non
649 1612 701 1640 est,
715 1615 768 1642 qua
782 1607 886 1635 ratione
900 1615 956 1635 mo—

160 1657 268 1684 nachus
282 1656 412 1685 dicendus
423 1655 483 1683 est?

195 1700 442 1737 230Notandum
460 1705 550 1729 tamen
572 1701 636 1736 quia
648 1700 772 1736 quisquis
793 1707 847 1727 non
870 1700 956 1728 scele-

159 1747 232 1776 ratis
243 1766 251 1778 ,
267 1746 315 1774 sed
329 1746 526 1774 honestioribus
539 1746 606 1773 viris
618 1745 719 1780 aliquid
734 1745 785 1774 hoc
796 1745 886 1773 studio
903 1744 953 1772 tol—

158 1792 204 1824 lit,
222 1796 254 1819 ut
275 1791 395 1822 subsidia
410 1791 540 1819 fratribus
560 1792 586 1818 in
602 1795 721 1826 egestate
732 1790 889 1825 provideat,
911 1789 954 1817 vel

158 1838 208 1873 pio
232 1837 344 1866 cuilibet
364 1838 438 1872 operi
466 1841 589 1872 sumptus
615 1837 761 1869 exhibeat;
778 1836 835 1864 sive
860 1836 953 1869 etiam,

158 1883 235 1919 quod
248 1882 381 1917 insignius
403 1887 456 1914 est,
471 1883 634 1917 pauperibus
659 1882 686 1913 in
707 1881 870 1909 necessitate
894 1888 954 1908 suc-

158 1932 271 1960 currat,
297 1927 342 1955 hic
352 1935 404 1955 non
417 1927 547 1955 dicendus
561 1931 605 1957 est
620 1926 707 1955 aliena
723 1926 892 1961 impudenter
907 1933 955 1960 ap-

160 1978 268 2009 petere,
283 1972 330 2000 sed
344 1973 443 2007 potius,
466 1980 526 2007 quae
540 1972 691 2001 communia
707 1976 781 2004 sunt,
794 1979 809 1999 a
826 1971 954 1999 fratribus

159 2021 189 2048 in
207 2020 306 2048 fratres
325 2019 398 2054 juste
413 2018 571 2046 transferre.
587 2017 628 2044 Ad
643 2017 694 2045 hoc
706 2017 778 2044 enim
793 2024 863 2044 unus
873 2021 952 2044 caue-

160 2067 201 2094 ri:
216 2066 298 2093 ditior
311 2069 354 2092 est
366 2069 396 2092 ut
417 2072 470 2092 non
483 2063 568 2091 solum
582 2063 725 2091 commissa
738 2061 886 2097 possideat,
905 2061 953 2089 sed

158 2116 191 2139 ut
216 2118 269 2138 non
300 2109 461 2138 habentibus
485 2112 590 2144 eroget,
607 2112 634 2136 et
660 2115 714 2135 non
738 2112 792 2135 tam
810 2108 854 2142 pie
872 2114 953 2141 quam

155 2157 231 2192 iuste
256 2156 379 2183 minister
393 2156 459 2190 ipse,
476 2162 529 2182 non
544 2154 680 2186 dominus,
703 2160 763 2188 quze
786 2156 850 2181 sunt
866 2151 952 2179 aliena

156 2203 307 2236 dispenset.
327 2200 404 2229 Unde
418 2200 552 2235 Propheta
564 2206 626 2227 cum
638 2198 740 2226 diceret
754 2205 762 2223 :
781 2206 790 2223 ε
810 2197 952 2231 Dispersit.

157 2248 234 2276 dedit
252 2247 416 2282 pauperibus
427 2245 515 2281 (Paul.
531 2245 599 2280 ext),
618 2254 627 2271 ι
645 2251 698 2272 non
722 2243 949 2277 addidit,munera
965 2239 990 2268 D

156 2293 237 2327 eius:
257 2292 304 2320 sed
316 2312 323 2323 .
340 2301 350 2317 ι
363 2291 467 2327 justitia
485 2290 543 2325 eius
562 2294 653 2318 manet
666 2289 693 2317 in
715 2288 844 2317 saeculum
859 2287 949 2315 saeculi

158 2337 268 2373 (lbid.).
278 2347 287 2363 ι
297 2337 365 2365 Hinc
376 2338 471 2369 etiam,
485 2344 546 2364 eum
557 2336 590 2364 de
605 2334 763 2364 exhibendis
773 2333 950 2369 eleemosyuis

159 2383 292 2411 Dominus
305 2383 480 2417 loqueretur:
509 2391 518 2407 ι
537 2380 650 2412 Videte.
676 2380 773 2415 inquit,
799 2386 832 2406 ne
845 2378 951 2406 faciatis

157 2429 292 2464 iustitiam
306 2432 422 2455 vestram
438 2435 530 2456 coram
542 2427 705 2459 hominibus,
720 2430 749 2453 ut
760 2425 902 2453 videamini
916 2424 950 2451 ab

157 2477 198 2503 eis
208 2473 371 2511 (Hattlt.vt).
389 2484 398 2500 ›
415 2474 491 2508 Quod
505 2478 594 2501 autem
606 2473 785 2508 elcemosynte
800 2472 949 2507 largitatem

157 2521 203 2548 hic
218 2520 355 2556 praecipue
376 2519 510 2554 justitiam
530 2519 586 2546 vult
602 2518 726 2552 intelligi,
745 2518 863 2545 insinuat
883 2517 950 2551 ipse,

157 2577 222 2596 cum
246 2573 345 2602 pnesto
363 2567 519 2602 subjungit-
550 2576 560 2592 ι
578 2566 645 2594 Cum
662 2565 729 2593 facis
741 2564 949 2600 elcemosynam,

157 2614 214 2641 noli
229 2615 292 2641 tuba
306 2621 404 2641 callere
415 2613 521 2648 (Ibid).
540 2622 549 2638 I
563 2612 600 2639 ιω
612 2612 715 2647 iustitia
728 2614 778 2641 est,
793 2618 853 2645 qure
863 2610 951 2637 aliena

158 2664 225 2686 sunt
237 2658 535 2694 reddere.Qoapropter
546 2658 591 2692 qui
606 2658 735 2685 divitibus
746 2656 871 2684 auferens
883 2655 949 2690 (99).

159 2704 345 2738 indigentibus
376 2703 509 2735 exhibet,
548 2711 600 2730 non
636 2703 786 2730 alienorum
824 2701 953 2729 dicendus

198 2780 255 2815 (99)
272 2780 389 2808 Verbum
404 2780 496 2815 aufero
513 2781 550 2807 ita
569 2784 680 2814 usurpat
694 2779 723 2807 S.
741 2779 845 2815 doctor.
857 2784 885 2805 ut
900 2786 951 2805 non

161 2815 254 2842 invitis
268 2815 409 2846 divitibus,
429 2814 475 2843 sed
502 2816 567 2850 ipsis
589 2815 740 2842 volentibus
764 2814 952 2850 aliquidacci-

161 2850 291 2884 piendum
318 2850 475 2885 intelligat:
495 2858 557 2877 nam
587 2850 687 2883 iniquis
714 2850 842 2877 divitibus
867 2849 953 2876 bonos

370 2896 504 2926 Parnm.
522 2896 657 2926 CXLIV.

1013 933 1075 953 mox
1102 925 1226 953 addidit:
1250 936 1259 952 ε
1275 926 1352 954 Nunc
1374 935 1439 963 ergo
1462 930 1589 963 accepisti
1615 926 1755 965 argentum
1779 937 1807 958 ct

1012 976 1111 1004 vestes,
1138 976 1167 998 ut
1187 979 1264 1002 emas
1277 973 1387 1005 oliveta,
1402 974 1503 1006 vineta,
1520 979 1547 1001 et
1569 983 1642 1007 oves,
1667 983 1694 1003 et
1713 978 1804 1010 boves,

1012 1022 1039 1043 et
1057 1024 1150 1044 servos
1163 1021 1190 1044 et
1205 1016 1335 1050 ancillas;
1352 1019 1399 1046 sed
1413 1024 1440 1046 et
1460 1019 1532 1054 lepra
1546 1020 1663 1048 Naaman
1683 1022 1804 1050 adiutare-

1011 1061 1051 1088 bit
1065 1062 1112 1088 tibi
1123 1066 1150 1089 et
1163 1062 1258 1089 semini
1272 1068 1317 1090 tuo
1329 1071 1414 1098 usqtte
1426 1064 1451 1091 in
1469 1066 1663 1099 sempiternum
1676 1066 1781 1100 (lbid.).
1793 1078 1802 1094 ι

1011 1107 1084 1134 Giezi
1103 1114 1183 1142 porro
1194 1116 1286 1135 setncn
1302 1113 1376 1142 sunt,
1391 1110 1435 1144 qui
1453 1118 1495 1142 ea,
1520 1118 1580 1145 qua:
1594 1112 1619 1139 in
1638 1120 1705 1147 opus
1718 1115 1800 1148 picta-

1011 1153 1045 1181 tis
1061 1154 1238 1189 impendenda
1265 1160 1451 1190 susceperant,
1478 1157 1588 1184 sibimet
1612 1158 1637 1184 in
1665 1164 1803 1193 posterum

1011 1200 1090 1227 noxie
1104 1200 1245 1235 profutura
1257 1206 1429 1229 conservant.
1453 1202 1565 1238 lgnobili
1580 1211 1707 1239 namque,
1722 1212 1804 1241 atque

1010 1249 1137 1284 degeneri
1159 1249 1265 1285 parenti
1290 1257 1453 1285 responsura
1470 1252 1625 1286 posteritas,
1652 1253 1714 1280 dum
1730 1261 1804 1281 sum-

1009 1298 1071 1329 ptus
1101 1301 1233 1330 supernos
1261 1294 1287 1321 in
1316 1302 1363 1322 sua
1390 1295 1540 1323 transferre
1575 1296 1649 1324 lucra
1677 1304 1801 1329 conatur.

1009 1337 1089 1364 alieni
1104 1338 1198 1372 procul
1217 1338 1297 1365 dubio
1323 1338 1434 1366 sceleris
1452 1339 1525 1374 lepra
1547 1341 1727 1375 profunditur.
1748 1342 1803 1369 Nec

1009 1377 1223 1418 praetereundum
1238 1384 1309 1418 quod
1328 1384 1382 1411 illic
1393 1384 1493 1411 dicitur
1508 1393 1515 1412 :
1535 1395 1544 1410 ι
1563 1386 1596 1413 Et
1609 1393 1749 1422 regressus
1760 1393 1803 1415 est

1008 1428 1042 1454 ab
1056 1435 1089 1455 eo
1102 1427 1176 1455 Giezi
1191 1428 1323 1463 leprosus,
1351 1429 1428 1463 quasi
1451 1429 1497 1456 nix
1511 1429 1616 1465 (lbid.).
1637 1440 1646 1457 ι
1667 1431 1717 1458 Nix
1730 1431 1801 1460 enim

1008 1472 1079 1505 alba,
1096 1473 1142 1500 sed
1157 1472 1272 1508 frigida;
1290 1473 1430 1509 hypocrita
1450 1482 1556 1509 nempe,
1576 1476 1663 1510 quise
1682 1484 1730 1511 per
1740 1485 1802 1504 san-

1007 1517 1109 1545 ctitatis
1122 1517 1290 1545 adumbratae
1314 1518 1471 1553 figmentum
1488 1520 1664 1554 transﬁgurat
1679 1521 1704 1548 in
1720 1530 1802 1557 ange-

1007 1563 1061 1590 lum
1073 1563 1150 1595 lucis,
1167 1563 1248 1591 nullis
1262 1563 1379 1591 iufervet
1401 1565 1512 1592 aestibus
1530 1565 1693 1597 charitatis;
1721 1572 1801 1602 atque

1008 1609 1040 1635 ad
1056 1608 1142 1656 in.slar
1155 1608 1225 1636 nivis
1238 1608 1318 1636 simul
1331 1613 1372 1637 est
1387 1609 1464 1637 albus
1483 1614 1510 1637 et
1523 1609 1646 1645 frigidus,
1670 1611 1732 1645 qttia
1747 1611 1800 1645 piis

1006 1654 1114 1689 quidem
1135 1661 1165 1681 se
1179 1655 1318 1682 deservire
1338 1655 1468 1690 operibus
1489 1655 1610 1689 simulat,
1633 1657 1680 1684 sed
1695 1657 1799 1684 viscera

1007 1699 1099 1726 solida:
1112 1699 1221 1734 pietatis
1239 1699 1354 1735 ignorat.
1378 1700 1446 1733 Quid
1468 1700 1545 1735 plura
1565 1703 1800 1731 commemorem?

1007 1744 1065 1771 Dixi
1079 1752 1210 1779 praesens,
1224 1745 1284 1772 dico
1296 1752 1367 1772 nunc
1381 1746 1489 1778 absens,
1502 1746 1608 1772 tandem
1617 1751 1713 1773 tamen
1728 1752 1800 1774 utre-

1005 1790 1086 1825 biqtte
1110 1791 1277 1825 perliciens:
1304 1790 1430 1825 Spernite
1456 1791 1584 1823 divitias,
1610 1799 1645 1819 nc
1669 1799 1800 1827 perpetuo

1006 1835 1182 1863 mendicetis:
1198 1840 1286 1863 estote
1300 1835 1451 1863 voluntarie
1471 1843 1613 1870 pauperes,
1631 1841 1660 1864 ut
1673 1837 1732 1865 sine
1745 1837 1798 1865 line

1005 1881 1133 1916 regnetis.
1148 1891 1157 1907 ι
1172 1882 1258 1913 Beati,
1274 1882 1374 1916 inquit,
1394 1889 1526 1917 pauperes
1546 1882 1655 1917 spiritu,
1670 1883 1797 1918 quoniam

1005 1930 1125 1964 ipsorum
1141 1933 1183 1956 est
1196 1936 1307 1964 regnum
1323 1928 1455 1956 ctelorum
1471 1928 1579 1964 (Matth.
1594 1937 1630 1962 v;
1645 1929 1709 1957 Luc.
1725 1931 1774 1965 vr).
1786 1940 1796 1956 ι

1005 1975 1038 2003 Et
1056 1975 1184 2002 Salomon
1210 1975 1248 2002 ait
1267 1982 1274 2001 :
1293 1984 1302 2000 ι
1323 1974 1374 2008 Qui
1388 1975 1447 2003 odit
1472 1975 1627 2008 avaritiam,
1645 1975 1715 2011 longi
1731 1976 1799 2004 ﬁent

1004 2020 1062 2048 dies
1076 2019 1135 2054 ejus
1157 2020 1248 2055 (Prov.
1270 2020 1378 2054 xxvtu).
1411 2030 1420 2046 ι
1436 2019 1470 2047 Et
1481 2020 1559 2055 231
1574 2021 1671 2047 iterum
1686 2028 1693 2047 :
1712 2029 1722 2047 ι
1739 2020 1798 2048 Νοη

1004 2066 1153 2100 proderunt
1170 2065 1271 2092 divitiae
1286 2065 1312 2092 in
1328 2065 1371 2092 die
1386 2065 1507 2092 ultionis.
1535 2065 1656 2092 Tristitia
1671 2065 1797 2101 (iustitia)

1005 2115 1095 2139 autem
1122 2112 1248 2140 liberabit
1276 2119 1290 2140 a
1305 2117 1391 2140 morte
1415 2112 1507 2148 (Prov.
1521 2112 1570 2147 ιι).
1587 2121 1596 2138 ι
1614 2112 1648 2139 Et
1678 2108 1772 2140 rursus
1788 2122 1795 2140 :

1008 2166 1016 2182 ι
1031 2156 1125 2184 Melior
1136 2160 1179 2184 est
1189 2164 1290 2192 pauper
1305 2157 1331 2184 in
1346 2156 1520 2193 simplicitate
1535 2164 1583 2184 sua
1593 2177 1601 2187 ,
1616 2164 1697 2192 quam
1720 2157 1796 2186 dives

1006 2203 1100 2237 pravis
1115 2202 1258 2230 itineribus
1281 2202 1373 2238 (Prov.
1395 2203 1503 2237 xxvm).
1529 2211 1538 2229 ι
1557 2202 1591 2229 Et
1602 2203 1686 2230 alibi:
1704 2212 1713 2229 ‹
1737 2203 1794 2235 Vir,

1003 2248 1047 2282 qui
1071 2247 1182 2276 festinat
1195 2248 1286 2280 ditari,
1320 2252 1346 2275 et
1374 2247 1434 2275 aliis
1458 2248 1571 2279 invidet,
1597 2248 1704 2283 ignorat
1723 2249 1795 2283 quod

1003 2297 1110 2325 egestas
1124 2292 1297 2327 superveniet
1309 2292 1334 2319 ei
1349 2292 1453 2327 (Ibid.).
1484 2302 1493 2318 ι
1683 2304 1685 2306 -

1039 2338 1175 2365 Pruritum
1202 2341 1333 2372 praeterea
1355 2337 1425 2372 gula:
1447 2336 1553 2364 frenum
1575 2337 1700 2365 cohibeat
1713 2337 1794 2365 disci-

1002 2384 1091 2419 plinre.
1101 2384 1236 2411 Incassum
1247 2391 1363 2417 namque
1374 2387 1489 2410 conatur
1498 2383 1632 2410 aedificare
1644 2382 1792 2418 fastigium,

1003 2431 1049 2465 qui
1074 2430 1101 2457 in
1116 2437 1209 2461 arena,
1227 2436 1287 2464 qute
1311 2428 1419 2460 dissilit,
1445 2428 1560 2456 collocat
1578 2428 1793 2456 fundamentum.

1002 2470 1053 2509 Q'ui
1068 2476 1197 2502 virtutum
1213 2474 1346 2509 lapidibus
1359 2473 1473 2502 festinat
1486 2474 1585 2501 atrium
1598 2473 1713 2501 sublime
1727 2480 1794 2500 con—

1001 2527 1126 2553 struere,
1154 2521 1231 2556 prius
1255 2528 1367 2548 necesse
1390 2524 1431 2548 est
1453 2519 1619 2547 inhorrentia
1641 2518 1793 2546 carnalium

1002 2568 1210 2596 delectationem
1229 2568 1337 2594 dumeta
1363 2573 1490 2601 purgare.
1514 2565 1591 2592 Unde
1611 2572 1659 2600 per
1673 2564 1795 2600 Salomo-

1003 2621 1064 2641 nem
1089 2613 1206 2640 dicitur:
1230 2622 1240 2638 ‹
1255 2612 1403 2646 Diligenter
1427 2618 1525 2639 exerce
1539 2618 1632 2646 agrum
1655 2615 1740 2641 tuum,
1766 2615 1795 2637 ut

1003 2663 1096 2693 postea
1125 2658 1243 2685 aediﬁces
1267 2657 1376 2684 domum
1396 2661 1469 2683 tuam
1494 2655 1587 2691 (Prov.
1609 2656 1694 2690 xxiv).
1711 2665 1721 2681 ι
1747 2655 1796 2682 llle

1004 2704 1103 2739 quippe
1126 2702 1196 2730 bene
1229 2703 1337 2729 domum
1361 2702 1460 2728 utentis
1491 2701 1624 2734 mdilicat,
1648 2702 1693 2735 qui
1721 2701 1796 2735 prius

1004 2781 1124 2816 opponit,
1144 2781 1179 2807 ab
1193 2780 1225 2806 iis
1240 2780 1336 2813 quibus
1351 2787 1462 2816 munera
1479 2779 1564 2814 accipi
1592 2787 1658 2815 nega
1665 2784 1747 2812 terat,
1762 2778 1796 2805 ab

1003 2815 1173 2844 iis’coucedit
1189 2816 1214 2842 iu
1229 2822 1377 2849 pauperum
1391 2815 1544 2842 utilitatem.

1484 2892 1517 2921 1'4
