4018 6202
432 281 535 336 427

939 282 995 335 S.
1041 281 1240 338 PE'I'llI
1284 283 1563 339 ΠΑΜΙᾹΝΙ
1597 283 1748 339 OPP.
1789 283 1967 339 PARS
2008 282 2137 339 SEU
2180 274 2413 339 TOIIUS
2449 283 2489 337 I.
2530 314 2600 325 -—
2640 285 2857 341 EPIST.
2901 285 3026 340 LIB.
3059 285 3194 341 VIII.

3591 290 3698 346 ιξκ

433 406 622 463 agrum
663 391 909 462 corporis
956 407 984 445 a
1027 394 1197 462 spinis
1224 393 1479 448 vitiorum
1509 404 1727 466 purgat,
1767 394 2005 465 alioquin
2037 401 2081 457 Λ
2112 402 2365 447 montana
2391 396 2779 462 conscendant,
2816 406 3083 466 quatenus
3128 406 3186 452 et
3224 397 3477 454 vitiorum
3519 401 3704 455 elabo-

427 483 475 537 si
502 481 893 537 desideriorum
948 481 1365 551 passionumque
1400 483 1700 539 carnalium
1734 495 1919 541 sentes
1954 486 2007 540 in

427 571 614 627 carnis
630 585 764 643 agro
789 571 1058 642 pullulare
1082 572 1356 634 sinuntur.
1390 572 1533 627 fame
1556 574 1682 629 boni
1710 584 2009 640 crescente.

430 672 544 719 tota
576 662 722 718 intus
753 662 1010 717 virtutum
1038 671 1312 719 structura
1368 663 1673 719 collabitur.
1709 664 1845 722 llinc
1894 682 2010 721 rur-

410 766 527 809 'sus
557 753 637 808 ait
665 772 681 807 :
715 772 734 805 σ
766 751 870 808 Per
900 767 1088 822 agrum
1119 753 1355 809 hominis
1384 754 1522 824 pigri
1554 754 1804 820 transivi,
1833 763 1889 809 et
1917 769 2013 825 per

426 844 644 898 vineam
670 843 772 898 viri
810 842 979 906 stulti,
1001 854 1055 899 et
1093 858 1220 900 ecce
1250 853 1419 900 totum
1447 845 1782 916 repleverant
1804 847 2010 912 ιιιιὶοςιι,

426 943 754 1006 operuerant
778 937 1118 1005 superliciem
1150 930 1269 1008 ejus
1298 940 1491 1008 spium,
1529 949 1585 994 et
1615 939 1847 994 maceria
1882 938 2015 1008 lapi-

430 1032 557 1083 dum
588 1031 861 1084 destructa
887 1038 1007 1084 erat
1057 1029 1268 1100 (Ibid.).
1299 1049 1317 1081 ι
1373 1029 1512 1098 Quid
1559 1030 1702 1085 enim
1755 1045 1903 1100 ager,
1932 1031 2016 1085 vel

430 1126 587 1181 vinea
643 1124 779 1196 pigri
813 1125 1067 1188 hominis,
1122 1124 1225 1179 nisi
1258 1138 1387 1179 caro
1434 1124 1723 1195 cujuslibet
1767 1123 1927 1179 otiosi
1961 1125 2012 1177 in

430 1218 727 1287 spiritualis
762 1218 1105 1289 agricultura:
1133 1217 1409 1272 laboribus
1439 1218 1704 1272 desudare
1740 1216 2016 1271 nolentis?

430 1309 567 1377 Quid
596 1319 773 1364 autem
817 1310 1023 1375 urticzc,
1062 1309 1160 1365 nisi
1190 1310 1325 1380 gulae
1362 1308 1667 1379 prurigines
1690 1319 1746 1364 et
1772 1311 2018 1367 carnales

432 1402 744 1456 illcccbrm?
780 1402 1058 1469 Quomodo
1102 1402 1332 1472 denique
1361 1401 1531 1471 spina:
1564 1409 1708 1466 sunt,
1751 1400 1852 1456 nisi
1892 1416 2016 1472 pas-

431 1489 644 1546 sionum
679 1490 974 1545 carnalium
1007 1490 1371 1560 punctiones?
1423 1488 1562 1555 Quid
1592 1496 1869 1560 postremo
1896 1504 2013 1543 ma-

432 1582 578 1637 ceria
625 1581 863 1650 lapidum
892 1580 995 1635 nisi
1040 1581 1306 1634 charitate
1359 1579 1534 1633 media
1585 1594 1707 1633 cum
1758 1579 2013 1648 permista

433 1673 823 1727 cohaerentium
865 1680 1137 1727 structura
1184 1670 1488 1725 virtutum?
1537 1672 1684 1741 Ager
1709 1686 1837 1742 ergo
1869 1671 2010 1742 pigri

432 1775 489 1820 et
539 1765 691 1821 stulti
741 1764 980 1819 hominis
1021 1764 1211 1819 urticis
1261 1764 1539 1834 spinisque
1583 1764 1842 1833 repletur,
1894 1779 2015 1819 cum

431 1872 562 1914 caro
588 1857 885 1926 cujuspiam
916 1857 1089 1911 ctione
1123 1856 1371 1923 viventis,
1417 1871 1521 1910 non
1549 1870 1644 1924 per
1679 1856 2015 1927 disciplinam

432 1949 691 2004 contiuui‘
714 1946 916 2002 laboris
970 1946 1255 2012 excolitur,
1305 1947 1402 2003 sed
1455 1947 1511 2002 in
1538 1948 1828 2019 voluptatis
1855 1957 2017 2017 atque

434 2041 670 2097 lasciviae
720 2040 960 2094 mollitur
1008 2038 1275 2094 desiderio
1327 2049 1384 2095 et
1421 2040 1710 2096 enutritur.
1754 2039 2015 2111 Lapidum

431 2146 647 2201 quoque
686 2129 918 2184 maceria
969 2128 1231 2183 labefacta
1260 2128 1513 2194 diruitur,
1545 2130 1669 2199 quia
1704 2137 1815 2183 tota
1841 2129 2016 2183 virtu-

432 2231 548 2277 tum
572 2220 797 2285 fabrica,
839 2220 985 2273 velut
1021 2219 1271 2289 impactis
1309 2219 1710 2275 incontinentiae
1733 2221 2016 2286 arietibus,

430 2314 743 2384 dissipatur.
769 2311 1031 2382 Princeps
1058 2314 1201 2365 enim
1223 2325 1517 2382 coquorum
1539 2311 1808 2367 destruxit
1833 2326 2018 2367 muros

435 2406 792 2461 Hierusalem.
833 2404 1142 2475 Coquorum
1173 2412 1352 2459 autem
1385 2404 1636 2473 princeps
1674 2403 1798 2472 jure
1823 2404 2019 2459 asseri-

436 2506 522 2551 tur
552 2504 770 2559 venter,
822 2495 907 2549 cui
940 2493 1194 2547 nimirum
1233 2507 1265 2547 a
1302 2492 1495 2562 eoquis
1545 2492 1817 2548 laborioso
1854 2506 2017 2564 opere

432 2586 685 2642 servitur.
715 2583 976 2653 Quisquis
999 2597 1129 2654 ergo
1154 2582 1428 2639 desiderat
1453 2583 1812 2655 spiritualium
1860 2598 2015 2653 sege-

435 2690 547 2734 tnm
600 2679 848 2733 ubertate
898 2678 1191 2739 ditescere,
1245 2675 1469 2731 desudet
1508 2689 1653 2731 nunc
1706 2691 1893 2747 agrum
1933 2677 2017 2730 sui

432 2768 675 2839 corporis
716 2767 1012 2837 «'lisciplintr
1035 2782 1100 2822 ac
1122 2766 1466 2821 continentia:
1502 2780 1722 2821 vomere
1759 2768 2020 2823 continuo

434 2858 618 2914 labore
642 2857 877 2919 sulcare,
904 2866 959 2913 et
982 2866 1236 2926 tauquam
1271 2856 1541 2911 novalium
1564 2871 1786 2911 suorum
1812 2856 2016 2928 glebas.

432 2947 649 3006 sarculo
676 2947 919 3018 sapiente
945 2943 1282 3019 [sarrientr].
1327 2943 1633 3017 confringat
1661 2962 1677 3009 ;
1706 2946 1835 3000 dum
1865 2948 2020 3027 quid-

432 3037 561 3107 quid
600 3036 944 3091 infecundum
977 3036 1031 3090 in
1084 3048 1144 3090 se
1192 3033 1623 3106 reprehenderit,
1651 3034 1799 3106 iugis
1845 3037 2015 3106 ρωιιίο
2048 3097 2085 3113 η

435 3128 618 3185 tentia:
645 3126 1051 3182 οοιιιιιείοιιίιιιιε
1113 3136 1287 3190 terat;
1323 3139 1422 3180 nec
1447 3125 1658 3179 desinat
1724 3124 1860 3196 gttlre
1888 3141 2013 3196 pru-

439 3218 632 3272 rieutis
656 3217 862 3272 urticas
886 3225 1050 3285 atque
1079 3213 1516 3268 inhorresccutes
1542 3213 1846 3275 carnalium
1873 3214 2018 3270 desi-

433 3289 711 3365 deriorum
741 3321 932 3377 vepres
984 3305 1245 3360 radicitus
1279 3303 1617 3374 exstirpare,
1665 3320 1773 3375 qtto
1821 3306 2015 3385 uberes

433 3406 729 3470 proventus
762 3395 1123 3467 spiritualium
1174 3404 1417 3464 segetum
1447 3394 1624 3450 valeat
1701 3395 1782 3449 sui
1833 3397 2014 3450 cordis

434 3504 559 3544 rura
596 3486 861 3559 proferre.
907 3484 1058 3541 Unde
1110 3494 1163 3539 et
1213 3484 1356 3539 idem
1397 3483 1652 3539 Salomon
1684 3485 1798 3538 ait:
1858 3503 1875 3536 ι
1911 3483 2013 3553 Qui

427 3589 691 3652 operatur
742 3588 943 3633 terram
993 3590 1173 3639 suam,
1220 3574 1556 3630 saturabitur
1601 3573 1866 3645 panibus;
1920 3574 2012 3644 qui

431 3678 674 3726 sectatur
699 3667 893 3731 otium,
921 3663 1220 3735 replebitur
1239 3671 1479 3735 egestate
1500 3661 1682 3734 (Prov.
1706 3660 1963 3732 xxvut).ti

502 3761 583 3816 Ad
612 3761 749 3815 hanc
776 3772 909 3813 sane
957 3756 1345 3829 agriculturam
1380 3754 1542 3811 Iosue
1590 3754 1894 3824 allegoricis
1920 3769 2014 3810 ex-

430 3851 829 3906 hortationibus
849 3848 1179 3926 provocabat
1200 3845 1338 3901 lilios
1358 3844 1554 3915 Ioseph
1583 3862 1596 3899 :
1632 3862 1654 3896 ι
1681 3844 1737 3899 Si
1760 3836 2039 3926 populus,—

429 3940 628 4012 inquit,
665 3910 867 3993 multus
888 3921 968 3999 es,
1003 3935 1235 4008 ascende
1261 3934 1314 3988 iu
1343 3910 1558 3999 silvam,
1589 3942 1647 3987 et
1674 3910 1890 3987 succ‘it-le
1916 3934 2010 3988 tibi

431 4031 606 4102 spatia
642 4032 692 4084 in
718 4040 868 4083 terra
906 4026 1175 4082 Pherezmi
1202 4035 1258 4081 et
1288 4025 1576 4094 Raphaim,
1624 4025 1750 4094 quia
1782 4033 2012 4093 angusta

426 4131 514 4178 est
541 4122 638 4175 tibi
658 4119 931 4189 possessio
952 4120 1149 4172 montis
1163 4115 1420 4186 Ephraim
1438 4114 1573 4186 (los.
1604 4116 1736 4184 xvu)
1763 4133 1775 4167 :
1803 4133 1822 4166 ο
1851 4114 2010 4169 Cum-

403 4226 536 4282 .que
565 4212 636 4266 ibi
660 4207 1485 4280 conquerta'entur,“dicerent:
1523 4225 1541 4256 ι
1574 4205 1689 4260 Non
1715 4207 2012 4275 poterimus

413 4303 495 4356 ‘ad
527 4311 781 4356 montana
810 4299 1196 4361 conscendere,
1220 4314 1343 4353 cum
1374 4297 1562 4353 ferreis
1588 4297 1838 4351 curribus
1857 4305 2012 4352 utan-

420 4391 834 4455 turChauanzei,
852 4390 942 4459 qui
962 4390 1204 4447 habitant
1218 4389 1270 4442 in
1283 4398 1426 4444 terra
1438 4390 1756 4458 campestri,
1789 4400 2011 4456 respon-

425 4485 505 4540 dit
533 4482 694 4537 Iosue
718 4499 732 4534 :
758 4480 997 4552 Popnhts
1014 4480 1214 4535 multus
1233 4494 1317 4541 es,
1342 4487 1399 4534 et
1419 4492 1627 4548 magna!
1648 4476 2007 4544 fortitudinis,

426 4592 534 4630 non
555 4574 719 4646 232
735 4572 1168 4628 babebissortem
1182 4585 1363 4636 unam,
1382 4570 1474 4624 sed
1490 4568 1746 4624 transibis
1762 4568 1831 4623 ad
1852 4581 2006 4622 mon-

423 4678 554 4736 tem,
584 4676 641 4723 et
667 4660 911 4720 suceides
941 4664 1036 4719 tibi
1073 4673 1235 4733 atque
1267 4661 1521 4732 purgabis
1550 4661 1617 4716 ad
1656 4658 2004 4715 habitandum

421 4759 618 4829 spatia,
653 4765 705 4811 et
739 4754 940 4826 ptiteris
960 4753 1102 4808 ultra
1142 4753 1464 4821 procedere,
1511 4765 1634 4805 cum
1676 4750 2007 4804 subverteris

419 4849 810 4908 Chananaeutu,
837 4859 996 4913 quem
1027 4842 1162 4896 dicis
1192 4841 1399 4896 ferreos
1441 4841 1642 4895 habere
1686 4855 1909 4905 currus,
1952 4851 2009 4894 et

419 4951 542 4994 esse
569 4934 920 4993 fortissimum
948 4932 1159 5003 (Ιὸὶά.).
1200 4951 1218 4983 1
1267 4933 1399 5000 Quae
1429 4922 1683 4985 nimirum
1712 4933 1897 4987 multis
1926 4930 2003 4986 in-

422 5028 658 5100 digentia
711 5025 891 5081 verbis
940 5036 1264 5094 exponerem
1312 5022 1579 5086 fortassis,
1628 5021 1675 5076 si
1720 5036 1825 5076 non
1874 5022 2001 5075 mihi

421 5130 564 5176 meta
612 5116 912 5190 compendii
955 5114 1260 5188 epistolaris
1306 5112 1590 5168 obstaret:
1625 5111 1727 5167 hoc
1763 5121 2000 5175 tantum,

420 5210 575 5282 quasi
602 5219 975 5266 summatenus
1003 5205 1416 5277 perstringenda
1435 5201 1686 5267 subiciat,
1708 5202 1855 5271 quia,
1878 5217 2000 5256 cum

419 5301 585 5357 Iosue
606 5294 853 5371 praseipit
878 5296 1075 5371 populo
1103 5297 1360 5355 silvarum
1388 5294 1663 5351 condensa
1688 5294 1993 5355 succidere,

420 5391 526 5447 hoc
552 5380 727 5445 innuit
757 5389 902 5460 quod
932 5397 1115 5444 noster
1142 5386 1323 5451 Iesus,
1369 5384 1605 5454 ejusdem
1654 5382 1861 5439 scilicet
1905 5399 2000 5439 no-

420 5480 604 5545 minis,
651 5480 998 5549 scquentibus
1030 5493 1088 5533 se
1117 5479 1271 5549 jubet
1318 5477 1455 5531 male
1494 5475 1812 5546 pullulantes
1840 5475 1998 5530 silve-

418 5570 687 5631 scentium
719 5569 974 5625 vitiorum
1014 5569 1238 5624 frutices
1283 5568 1605 5635 exstirpare.
1655 5560 1911 5620 Hortatur
1940 5579 1999 5621 ut

419 5680 529 5723 non
558 5662 781 5724 foedera,
811 5660 905 5713 sed
935 5659 1132 5714 bellum
1174 5669 1367 5732 contra
1405 5658 1744 5713 Chananzeos
1773 5669 1993 5725 gerant,

2114 493 2234 538 rent
2261 480 2531 541 debellare
2556 486 2884 552 barbariem,
2920 494 2977 542 et
3000 488 3229 543 arduum
3256 487 3517 544 virtutum
3551 489 3698 549 festi—

2112 584 2242 630 nent
2264 572 2511 631 obtinere
2533 589 2815 633 cacumen.
2836 576 3010 633 Porro
3032 588 3238 643 autem,
3257 580 3401 650 quod
3428 580 3504 635 illi
3528 583 3696 650 pusil-

2113 666 2389 722 lanimiter
2432 677 2842 738 conqueruntur
2880 670 3140 724 adversus
3186 683 3314 735 eos,
3365 671 3458 741 qui
3508 671 3704 727 ferreis

2114 758 2404 813 utebantur
2433 758 2703 823 curribus,
2754 772 2814 814 se
2859 774 2965 814 nou
3011 774 3170 829 posse
3215 775 3563 831 consurgere.
3602 765 3706 819 hoc

2114 857 2229 914 est,
2274 850 2419 920 quod
2448 864 2547 904 nos
2576 850 2871 905 imbecilles
2900 860 2957 905 et
2986 850 3204 920 fragiles
3231 866 3374 923 saepe
3417 852 3707 910 diuidimus

2116 947 2370 1009 tanquam
2399 938 2606 994 ferreos
2635 955 2848 1005 currus,
2874 941 2952 996 sic
2973 943 3325 997 adversantes
3349 942 3704 1013 malignorum

2115 1029 2403 1098 spirituum
2445 1029 2678 1100 impetus
2706 1033 2996 1087 sustinere.
3030 1031 3199 1097 Nam,
3256 1049 3384 1089 cum
3411 1036 3706 1106 petulantia

2115 1118 2274 1190 gulm,
2307 1133 2505 1190 vorago
2542 1120 2770 1176 luxnria:
2814 1123 3165 1192 omniumque
3202 1124 3458 1180 vitiorum
3489 1136 3705 1197 pestes.

2118 1220 2370 1280 tanquam
2418 1211 2766 1267 frementium
2810 1212 3246 1270 Chananteorum
3309 1217 3455 1273 acies
3498 1221 3703 1275 consti-

2117 1302 2260 1370 patis
2285 1302 2571 1357 adversum
2600 1316 2700 1358 nos
2727 1303 2918 1359 cuneis
2950 1304 3362 1376 conglobantur,
3399 1308 3530 1384 quid
3560 1308 3705 1364 aliud

2118 1406 2283 1462 quam
2330 1391 2621 1448 Cbananmi
2659 1408 2757 1448 nos
2783 1392 2979 1449 ferreis
3009 1396 3259 1450 curribus
3285 1396 3585 1469 impetunt,
3628 1408 3704 1464 et,

2118 1499 2186 1538 ne
2212 1486 2279 1538 de
2303 1484 2541 1539 carnalis
2563 1485 2685 1540 vitae
2708 1486 3101 1556 campestribus
3134 1488 3202 1541 ad
3228 1488 3491 1544 virtutum
3522 1492 3706 1546 valea-

2118 1587 2238 1626 mus
2264 1573 2477 1628 excclsa
2507 1575 2896 1641 conscendere,
2936 1574 3129 1631 salutis
3153 1577 3310 1633 nobis
3334 1580 3515 1636 aditus
3540 1580 3709 1637 inter-

2119 1662 2379 1717 cludunt?
2413 1663 2520 1719 Sed
2561 1666 2736 1719 bonus
2763 1666 2972 1720 militire
3001 1677 3200 1722 nostra:
3226 1666 3337 1725 dux
3366 1671 3710 1727 imbecillita—

2048 1750 2229 1809 B‘tetu
2262 1764 2503 1808 nostram
2548 1756 2616 1810 ad
2653 1755 2867 1811 fortiter
2895 1759 3089 1828 agendi
3116 1761 3478 1816 constantiam
3510 1762 3703 1834 erigit,

2117 1852 2173 1900 et
2196 1853 2383 1899 contra
2413 1844 2649 1899 hostium
2681 1846 2933 1917 impetus,
2965 1857 3026 1902 ut
3052 1852 3106 1902 in
3149 1848 3342 1906 altiora
3384 1854 3697 1924 progredia-

2118 1951 2273 2001 umr,
2327 1935 2573 2006 impellit.
2622 1936 2727 1993 Sed
2781 1940 3053 2008 quomodo
3101 1942 3168 1996 de
3216 1942 3449 1998 inimicis
3497 1950 3701 2000 nostris

2120 2030 2449 2100 triumphum
2479 2046 2764 2102 possumus
2782 2032 3055 2101 obtinere,
3081 2035 3173 2105 qui
3197 2018 3415 2105 semper
3431 2037 3486 2091 in
3506 2036 3705 2107 epulis,

2118 2137 2336 2192 semper
2358 2124 2411 2178 in
2435 2117 2756 2194 poculorum
2796 2123 3132 2181 atlluentium
3167 2126 3417 2183 volumus
3459 2128 3704 2199 ingurgi-

2120 2214 2324 2270 tatione
2344 2214 2570 2283 jacere?
2600 2215 2677 2272 De
2705 2215 2903 2287 quibus
2926 2217 3115 2287 utique
3137 2216 3392 2274 Salomon
3420 2219 3491 2274 ait
3515 2237 3535 2287 ε
3558 2239 3578 2270 ι
3601 2220 3704 2289 Qui

2119 2303 2290 2376 diligit
2313 2304 2516 2387 (epulas
2535 2345 2550 2371 ,
2579 2305 2635 2359 in
2665 2312 2908 2376 egestate
2934 2307 3040 2361 erit
3081 2320 3097 2361 :
3137 2308 3229 2376 qui
3258 2317 3406 2362 amat
3435 2309 3629 2364 vinum
3650 2324 3706 2363 et

2118 2394 2368 2465 pinguia,
2408 2409 2514 2449 non
2560 2393 2823 2455 ditabitur
2866 2393 3052 2463 (Prov.
3101 2397 3235 2468 xxi).
3271 2416 3290 2450 ι
3343 2398 3411 2454 Et
3459 2397 3703 2454 iterum:

2126 2503 2144 2535 ι
2178 2484 2475 2539 Luxuriosa
2510 2499 2597 2539 res
2622 2485 2808 2540 vinum
2831 2525 2846 2550 ,
2881 2495 2935 2541 et
2957 2485 3283 2543 tumultuosa
3309 2487 3571 2555 ebrietas;
3612 2493 3707 2561 qui

2122 2574 2204 2628 his
2229 2572 2525 2629 delectatur
2549 2588 2654 2630 non
2678 2575 2786 2630 erit
2810 2575 3027 2645 sapiens
3049 2573 3234 2646 (Prov.
3259 2584 3374 2644 xx).
3403 2597 3423 2630 ι
3449 2577 3704 2635 Ventrem

2119 2678 2349 2733 namque
2395 2664 2517 2719 vino
2591 2674 2646 2718 et
2674 2664 2846 2734 epulis
2888 2679 3227 2733 assuescere,
3258 2668 3386 2738 quid
3431 2678 3517 2725 est
3559 2671 3704 2726 aliud

2119 2770 2279 2826 quam
2317 2756 2562 2812 hostibus
2596 2757 2810 2819 animat,
2856 2768 2917 2814 ut
2954 2758 3348 2830 ingrediantur,
3376 2764 3556 2819 aditus
3580 2779 3708 2835 ape-

2121 2848 2273 2904 rire?
2311 2848 2482 2912 Unde,
2516 2858 2572 2904 et
2601 2849 2741 2904 idem
2786 2847 3041 2905 Salomon
3072 2869 3085 2905 :
3132 2870 3151 2904 ι
3200 2853 3302 2921 Qui
3337 2854 3588 2916 delicate.
3618 2858 3705 2912 in-

2118 2937 2257 3007 quit.
2293 2951 2322 2990 a
2370 2936 2600 3006 pueritia
2631 2938 2803 2994 nutrit
2828 2953 3044 2995 servum
3078 2956 3271 3009 suum,
3318 2951 3507 3014 postea
3552 2944 3704 3000 illum

2117 3027 2315 3091 sentiet
2351 3036 2723 3084 contumacem
2751 3027 2933 3098 (Prov.
2963 3032 3136 3101 xxtx').
3176 3049 3196 3085 ι
3232 3031 3380 3088 Bene
3404 3033 3550 3089 hunc
3585 3048 3708 3090 ser-

2123 3133 2245 3172 vum
2272 3117 2402 3173 loris
2427 3119 2714 3176 cohibebat
2744 3120 2969 3186 inedire,
3013 3123 3104 3193 qui
3142 3123 3396 3179 dicebat:
3432 3142 3453 3175 ι
3483 3125 3706 3197 Castigo

2116 3222 2313 3278 corpus
2359 3223 2569 3274 meum,
2618 3219 2675 3267 et
2720 3211 2968 3267 servituti
3014 3211 3245 3283 subjicio
3287 3214 3338 3285 (I
3378 3215 3501 3270 Cor.
3544 3217 3699 3289 tx).‘i

2116 3300 2387 3355 Adversus
2440 3303 2582 3357 hunc
2627 3316 2846 3361 servum
2889 3303 3231 3373 disputabat,
3277 3320 3400 3361 cum
3448 3307 3699 3364 diceret:

2120 3411 2138 3437 α
2170 3390 2305 3445 Esca
2333 3391 2528 3455 ventri,
2556 3400 2614 3446 et
2635 3402 2827 3448 venter
2851 3394 3032 3448 escis:
3074 3394 3214 3451 Deus
3241 3405 3422 3451 autem
3452 3406 3509 3454 et
3536 3396 3702 3466 hunc,

2118 3489 2171 3532 ct
2196 3480 2319 3558 illas
2348 3482 2589 3536 destruet
2614 3480 2665 3552 (Ι
2701 3479 2824 3537 Cor.
2859 3482 2957 3551 vi).
2989 3502 3008 3534 ι
3046 3482 3199 3539 Hunc
3227 3498 3443 3540 servum
3472 3487 3576 3543 sub
3592 3490 3706 3542 eal-

2115 3571 2269 3626 cibus
2311 3585 2432 3626 esse
2483 3570 2804 3627 frenaudum
2852 3573 3225 3645 significabat,
3272 3590 3398 3631 cum
3447 3578 3703 3635 diceret:

2122 3679 2142 3714 ι
2176 3660 2324 3717 Multi
2353 3662 2501 3717 enim
2528 3662 2809 3718 ambulant
2829 3703 2846 3730 ,
2880 3678 3018 3734 quos
3045 3672 3189 3736 δωρθ
3221 3666 3466 3723 dicebam
3511 3670 3701 3726 vobis:

2116 3766 2262 3808 nunc
2304 3761 2487 3808 autem
2526 3760 2582 3807 et
2624 3752 2760 3809 llens
2799 3754 2944 3820 dico,
2987 3755 3238 3813 inimicos
3272 3757 3453 3813 crucis
3475 3756 3703 3828 Christi,

2114 3857 2344 3912 quorum
2371 3843 2496 3898 linis
2524 3843 2798 3912 interitus,
2843 3854 2899 3900 et
2926 3861 3159 3916 quorum
3186 3847 3332 3903 Deus
3361 3859 3553 3904 venter
3586 3860 3705 3920 est,

2114 3944 2170 3987 et
2193 3932 2365 4004 gloria
2391 3933 2447 3989 in
2486 3933 2808 3990 confusione
2835 3946 3025 3991 eorum
3053 3934 3280 4008 (Philip‘.
3309 3939 3415 4010 ιιι).
3451 3958 3470 3991 ι
3499 3938 3702 3996 Noun-

2115 4028 2242 4080 dum
2271 4033 2453 4081 autem
2482 4034 2538 4081 et
2572 4027 2662 4082 hic
2692 4027 2799 4081 duo
2829 4026 3091 4084 terribilia
3120 4030 3248 4096 dici,
3276 4041 3331 4085 et
3368 4032 3423 4086 in
3451 4031 3707 4090 inimicos

2114 4113 2293 4169 crucis
2322 4114 2526 4170 Christi
2552 4116 2889 4170 tremendam
2928 4118 3198 4187 depromit
3239 4118 3380 4174 idem
3411 4120 3706 4191 Apostolus

2114 4205 2458 4271 sententiam,
2485 4206 2712 4262 dicens:
2752 4225 2771 4259 ι
2824 4206 2880 4262 Si
2916 4208 3040 4278 quis
3084 4222 3191 4262 non
3221 4220 3370 4263 amat
3412 4210 3703 4266 Dominum

2100 4307 2358 4354 .nostrum
2382 4296 2567 4353 Iesum
2591 4297 2889 4363 Christum,
2918 4300 2992 4355 sit
3021 4301 3335 4364 anathema,
3361 4315 3555 4357 maran
3574 4302 3703 4358 atba

2114 4387 2167 4459 (I
2192 4387 2316 4443 Cor.
2344 4388 2477 4459 xvt).
2517 4408 2537 4442 ι
2567 4388 2669 4456 Qui
2694 4403 2825 4445 vero
2850 4400 3095 4446 ventrem
3123 4404 3220 4459 pro
3246 4389 3358 4447 Deo
3385 4404 3699 4459 veneratur,

2113 4477 2281 4532 Deum
2311 4479 2708 4547 quodammodo
2734 4492 2934 4548 negare
2960 4480 3335 4547 convincitur,
3362 4496 3431 4538 ac
3467 4497 3570 4552 per
3598 4485 3701 4541 hoc

2111 4569 2217 4623 duo
2239 4566 2355 4622 haec
2379 4577 2585 4623 terrore
2607 4568 2917 4637 plenissima
2939 4570 3205 4635 videntur,
3230 4586 3397 4626 unum
3420 4573 3701 4640 videlicet,

2110 4662 2253 4731 quod
2284 4661 2446 4726 absit,
2470 4671 2527 4715 et
2552 4660 2755 4716 Christi
2796 4664 3075 4719 inimicum
3104 4676 3226 4720 esse
3251 4673 3302 4720 et
3331 4680 3496 4721 unum
3529 4669 3699 4724 Deum

2110 4749 2274 4804 alium
2301 4753 2500 4806 colere.

2182 4843 2298 4896 Duo
2325 4844 2543 4908 fratres,
2570 4844 2708 4899 alter
2729 4844 2967 4914 juvenis,
2991 4847 3131 4901 alter
3155 4863 3282 4902 vero
3305 4863 3468 4904 senex
3491 4852 3547 4905 in
3571 4865 3699 4920 pos-

2109 4931 2349 4989 sessione
2387 4934 2689 4991 Classensis
2728 4939 3065 5004 monasterii,
3085 4950 3207 5009 qua:
3242 4940 3591 4996 Havenniana
3618 4944 3699 4998 di-

2107 5026 2270 5089 citur,
2299 5025 2365 5078 ad
2393 5025 2696 5080 custodiam
2726 5028 3096 5083 morabantur.
3135 5027 3296 5100 233
3322 5028 3524 5085 Octava
3557 5046 3699 5088 sane

2107 5114 2195 5167 die
2220 5124 2349 5167 ante
2398 5115 2739 5172 nativitatem
2793 5115 3023 5179 Domini.
3071 5129 3222 5174 sexta
3271 5120 3478 5176 scilicet
3530 5121 3694 5188 feria,

2106 5219 2227 5274 quae
2266 5206 2564 5262 Sabbatum
2592 5209 2877 5265 duodecim
2898 5211 3189 5268 lectionum
3210 5228 3277 5267 ex
3303 5231 3456 5270 more
3481 5232 3692 5285 praece-

2108 5296 2206 5360 dit,
2240 5297 2376 5351 dixit
2395 5294 2611 5365 juvenis
2639 5299 2707 5353 ad
2721 5300 3034 5359 seniorem:
3071 5301 3258 5359 Frater
3286 5303 3514 5371 Leo,sic
3542 5307 3692 5362 enim

2101 5388 2416 5452 vot'abatur,
2429 5389 2697 5458 quomodo
2716 5390 2959 5447 vivemus
2975 5392 3133 5449 hodie
3152 5393 3176 5447 1’
3192 5392 3289 5449 Cui
3314 5408 3482 5450 senex
3502 5413 3515 5449 :
3536 5396 3688 5463 Vive,

2105 5479 2299 5548 inquit,
2318 5489 2375 5532 ut
2389 5480 2541 5535 velis.
2571 5479 2685 5549 Ego
2708 5481 2855 5535 enim
2876 5492 2931 5536 et
2948 5484 3131 5537 vinum
3153 5484 3356 5549 bibam.
3381 5496 3441 5541 et
3458 5486 3513 5541 in
3548 5497 3687 5550 salo.

2103 5582 2163 5625 ut
2189 5575 2451 5641 scriptum
2480 5580 2584 5636 est,
2615 5587 2753 5642 pane
2785 5587 2889 5628 non
2918 5575 3097 5630 vivant
3120 5574 3297 5644 (Deut.
3327 5593 3454 5643 vm;
3493 5578 3684 5635 Matth.

2102 5651 2244 5731 tv').
2282 5662 2412 5717 Erat
2434 5673 2617 5718 autem
2643 5664 2736 5719 ille
2780 5675 3024 5735 vegetus,
3055 5676 3112 5721 et
3148 5668 3363 5733 obesus,
3393 5678 3448 5723 et
3485 5669 3685 5724 incolu-
