4024 6198
340 431 440 486 ωε)

1482 427 1681 484 LIBER
1724 425 2015 487 SEXTUS,
2057 423 2267 478 El'lS'l‘.
2306 425 2515 478 XXXII.

3492 427 3598 486 ιω

339 548 458 608 mis,
490 555 542 598 ci
572 545 841 597 ιιινῖηιςιυε,
870 540 1096 597 Factum
1123 549 1226 605 est,
1263 541 1506 610 apposita
1539 554 1743 600 mensa,
1773 547 1914 591 uter-
1946 548 1988 600 Α
2017 535 2258 588 criminis
2289 536 2454 590 semel
2479 536 2766 602 admissam
2796 535 2995 591 decreti
3021 539 3256 607 regulam
3283 554 3378 610 per
3406 541 3592 599 inobo-

337 651 440 704 que
469 634 763 697 discubuit,
794 634 887 688 sed
919 633 1020 688 iste
1057 647 1196 703 pane
1244 640 1550 692 contentus.
1583 639 1636 685 et
1663 643 1802 699 aqua
1835 642 1919 682 re-

337 726 541 796 gularis
571 740 629 780 se
653 724 841 794 jcjttnii
882 723 1160 794 disciplina
1213 723 1449 778 cohibuit
1486 738 1500 785 ;
1539 721 1624 776 ille
1659 735 1790 774 vero
1840 720 1920 773 vi-

339 834 466 872 num
497 817 622 881 sibi,
663 825 719 871 et
761 819 1002 884 insuper,
1043 815 1184 885 quod
1220 815 1520 879 videbatur,
1547 812 1786 866 indulsit.
1821 809 1922 876 Qui

337 908 599 976 profecto,
623 906 667 960 si
688 906 831 976 quod
852 905 1164 960 imminebat
1184 913 1518 976 agnosceret,
1549 902 1780 972 rigorem
1803 901 1924 954 abs-

340 997 577 1052 tinentia:
633 995 700 1049 ad
747 995 1040 1066 petulantis
1069 994 1206 1064 gulae
1249 992 1575 1048 lenocinium
1604 1004 1710 1062 non
1752 988 1922 1044 molli-

340 1096 441 1150 ret,
471 1095 662 1166 octava
713 1084 980 1154 siquidem
1007 1084 1119 1149 die,
1147 1099 1269 1140 cum
1305 1081 1597 1138 Dominicae
1623 1080 1924 1136 nativitatis

338 1176 527 1246 gloria,
552 1175 751 1230 mundo
778 1174 1128 1245 tripudiantc,
1157 1173 1502 1239 claresceret,
1528 1172 1617 1228 ille
1639 1171 1924 1227 defunctus

338 1275 454 1330 est;
485 1274 540 1320 et
585 1280 708 1318 cum
759 1262 1073 1320 festivitatis
1124 1263 1386 1317 invitante
1421 1262 1602 1316 laetitia
1646 1271 1702 1317 et
1742 1260 1923 1316 caeteri

339 1363 763 1427 provocarentur
785 1354 852 1410 ad
883 1368 1153 1415 mensam,
1177 1353 1267 1408 ille
1291 1352 1638 1417 ell‘erebatur,
1671 1351 1922 1407 ﬂentibus

339 1448 575 1517 undique
601 1447 918 1518 propinquis
944 1445 1255 1501 carnalibus
1281 1485 1298 1510 ,
1329 1445 1396 1500 ad
1421 1444 1777 1515 sepulturam.

407 1536 638 1603 Quidam
668 1536 798 1590 mihi
829 1536 1124 1590 monachus
1147 1535 1330 1589 retulit
1355 1534 1499 1605 quia,
1532 1534 1660 1589 dum
1685 1534 1923 1589 frixuras

293 1664 296 1668 -
337 1628 600 1699 quasdam
651 1628 704 1682 in
762 1626 1110 1682 refectorium
1157 1625 1393 1682 deferret
1424 1625 1477 1679 in
1520 1625 1756 1691 vasculo,
1796 1640 1924 1695 pru-

338 1717 527 1772 ricntis
549 1731 673 1771 eum
709 1715 848 1786 gula:
876 1715 1130 1770 stimulus
1177 1713 1400 1784 pupugit
1428 1726 1661 1781 moxque
1707 1712 1922 1768 sibimet

340 1821 497 1861 unam
523 1806 575 1861 in
597 1821 659 1860 os
683 1803 972 1876 projiciens
995 1803 1194 1859 furtive
1217 1803 1469 1859 comedit.
1493 1801 1599 1858 Sed
1626 1802 1768 1858 illico
1795 1816 1920 1858 eum

2022 628 2280 683 dientiam
2312 629 2537 683 violare.

2096 717 2368 794 Utlautem
2392 733 2457 772 ex
2482 719 2796 775 domesticis
2821 733 3036 788 quoque
3058 721 3392 790 praebeamus
3417 736 3602 778 exem-

2022 805 2201 875 plum:
2239 807 2290 859 in
2320 806 2649 861 monasterio
2680 807 2740 859 Β.
2772 808 3060 873 Vincentii,
3100 809 3241 877 quod
3273 809 3600 884 non'procul

2022 911 2052 950 a
2081 907 2262 951 monte
2289 897 2381 967 qui
2411 896 2607 951 dicitur
2635 897 2797 952 Petra
2836 897 3081 964 Pertusa,
3129 900 3370 955 cernitttr
3393 901 3589 956 consti-

2025 995 2232 1053 tutum;
2268 987 2370 1042 hoc
2400 996 2659 1058 tanquam
2708 989 2955 1056 regulare
2988 989 3444 1053 constitueramus
3484 991 3604 1047 edi-

2022 1083 2193 1141 ctum,
2221 1085 2279 1129 ut
2314 1075 2416 1130 sub
2450 1076 2684 1131 districti
2729 1092 2955 1132 censura
3010 1078 3204 1148 rigoris
3246 1079 3602 1151 quadragesie

2024 1164 2164 1220 male
2191 1165 2561 1221 celebraretur
2585 1167 2821 1234 initium,
2849 1168 3126 1236 nimirum,
3156 1180 3214 1224 ut
3240 1185 3337 1240 per
3365 1171 3601 1226 triduum

2025 1255 2239 1309 nonnisi
2294 1256 2562 1311 modicum
2619 1257 2773 1326 panis
2830 1273 2954 1312 cum
2999 1273 3139 1329 aqua
3184 1274 3374 1316 omnes
3407 1261 3604 1317 fratres

2023 1349 2396 1415 comedercnt,
2440 1350 2584 1404 nulla
2633 1352 2735 1406 nisi
2799 1352 3118 1418 lectionum,
3177 1356 3291 1411 sive
3353 1358 3602 1412 ordinum

2025 1437 2190 1494 verba
2211 1437 2540 1508 proferrent,
2567 1441 2724 1496 nudis
2750 1443 2975 1510 pedibus
2999 1443 3251 1514 lugubres
3278 1462 3341 1500 ac
3369 1462 3604 1503 maeren-

2026 1537 2108 1584 tes
2147 1527 2718 1599 incederent,expleto
2747 1531 3034 1585 communi“
3055 1533 3421 1590 modulatione
3449 1534 3600 1591 Psal-

2029 1618 2168 1673 terio
2222 1628 2420 1688 mutua,
2460 1634 2519 1675 se
2559 1634 2846 1690 scaparum
2885 1622 3239 1693 castigatione
3287 1634 3603 1696 purgarent.

2025 1708 2176 1774 Quod
2208 1723 2330 1764 cum
2371 1709 2570 1766 fratres
2613 1721 2759 1776 voto,
2804 1721 2858 1766 et
2883 1715 3086 1778 animo,
3129 1730 3193 1771 ac
3232 1715 3608 1788 spiritualiju-

2025 1798 2304 1855 cunditate
2359 1817 2464 1856 non
2520 1802 2760 1871 segniter
2811 1814 3058 1874 agerent,
3106 1815 3162 1861 et
3221 1806 3378 1875 ultra
3416 1809 3603 1875 etiam,

339 1911 522 1957 tantus
550 1899 789 1955 libidinis
817 1898 983 1953 ardor
1005 1897 1222 1962 invasit,
1249 1905 1326 1960 ut,
1351 1895 1491 1966 quod
1520 1911 1798 1965 nunquam
1828 1910 1923 1949 ea-
1954 1886 2000 1946 B
2028 1889 2170 1960 quod
2207 1890 2488 1961 praeﬁxum
2546 1901 2688 1957 erat,
2740 1893 2874 1950 satis
2919 1910 3187 1966 superque
3217 1897 3427 1966 peculio
3453 1899 3610 1956 bona

339 2001 496 2047 tenus
517 1988 741 2051 fecerat,
775 1986 920 2042 nulla
949 1999 1009 2042 se
1073 1986 1281 2040 ratione
1315 1984 1714 2055 comprimeret,
1754 1983 1924 2039 donec

339 2078 693 2134 immunditiaa
736 2075 940 2131 ﬂuxum
988 2090 1174 2132 semen
1228 2075 1331 2131 sibi
1383 2074 1616 2146 propriis
1673 2074 1923 2129 manibus

337 2168 602 2238 eiecisset.
629 2166 728 2222 Hie
768 2167 951 2237 itaque
975 2180 1190 2222 servum
1235 2180 1392 2220 suum
1419 2164 1612 2219 merito
1640 2172 1922 2218 contuma-

340 2277 458 2318 cem
514 2260 704 2324 sensit,
764 2259 911 2329 quia,
959 2258 1117 2330 juxta
1168 2257 1268 2312 viri
1329 2255 1588 2326 sapientis
1629 2253 1924 2325 eloquium,

339 2351 571 2408 molliter
591 2348 851 2405 enutrivit
908 2345 1092 2418 (Prov.
1119 2346 1292 2419 xxix),
1321 2345 1387 2402 de
1415 2359 1523 2416 quo
1541 2342 1665 2413 jure
1698 2343 1805 2399 dici
1829 2357 1924 2412 po-

340 2453 464 2511 test,
492 2443 621 2514 quia
657 2450 780 2512 post
815 2439 1140 2506 buccellam,
1171 2438 1416 2494 introivit
1462 2437 1516 2493 in
1541 2452 1665 2493 eum
1694 2436 1928 2492 Satanas

339 2536 525 2607 (Joan.
581 2532 724 2605 xm).
757 2529 1020 2586 Nimirum
1076 2537 1266 2584 venter
1298 2537 1353 2583 et
1413 2526 1666 2598 genitalia
1695 2525 1925 2580 invicem

338 2627 446 2683 sibi
475 2625 647 2681 vicina
679 2631 838 2688 sunt;
864 2629 921 2677 et
953 2635 1077 2676 cum
1102 2619 1203 2675 hoc
1225 2619 1280 2673 in
1309 2625 1434 2673 cute
1463 2615 1763 2681 reﬁciatur,
1794 2614 1925 2670 illud

339 2718 409 2773 ad
435 2713 791 2772 contumelias
834 2711 1123 2767 excitatur.
1181 2708 1517 2778 Quapropter
1555 2705 1930 2775 exstinguatur

338 2806 590 2870 avaritia,
644 2813 705 2859 ut
758 2801 914 2858 liberi
944 2800 1112 2856 simus
1156 2812 1187 2852 a
1232 2795 1582 2852 saecularibus
1641 2803 1698 2850 et
1735 2794 1926 2864 quieti.

341 2894 492 2950 Culte
521 2892 845 2964 reprimatur
873 2888 1139 2954 edacitas,
1170 2895 1231 2941 ut
1258 2885 1484 2941 sincerae
1511 2884 1786 2940 valeamus
1808 2898 1931 2940 esse

341 2984 610 3040 castitatis
658 2981 890 3037 victores
938 2976 1240 3049 conspicui.
1294 2976 1478 3032 Otiosa
1518 2991 1585 3032 ex
1623 2989 1718 3030 ore
1744 2986 1932 3031 nostro

340 3074 508 3129 verba
541 3086 645 3126 non
685 3068 976 3140 profluam,
1008 3067 1104 3124 sed
1134 3064 1422 3136 superﬂuis
1462 3063 1714 3120 omnibus
1759 3064 1929 3136 rigida

339 3161 508 3218 divini
548 3161 772 3216 terroris
803 3175 902 3215 nos
928 3170 1145 3227 semper
1188 3170 1420 3211 censura
1459 3163 1790 3224 compescat.
1821 3154 1930 3210 Pu-

339 3259 470 3313 deat
497 3257 680 3326 itaque
727 3255 787 3309 in
831 3251 1076 3308 intestini
1127 3249 1286 3321 hujus
1333 3248 1460 3305 belli
1506 3262 1798 3319 congressu
1846 3249 1930 3304 in-

337 3345 662 3418 gruentibus
692 3341 1020 3398 adversariis
1058 3338 1354 3396 enormiter
1385 3337 1604 3406 cedere,
1628 3336 1722 3393 sed
1751 3336 1929 3408 potius

335 3438 612 3492 enitamur
639 3433 850 3491 auctori
888 3429 1135 3490 omnium
1163 3428 1468 3500 triumphos
1495 3437 1551 3484 et
1575 3427 1760 3499 gloria
1786 3428 1924 3484 insi-

335 3531 468 3602 gnia
500 3536 796 3600 reportare.
1866 3546 1884 3562 ι
1909 3539 1928 3567 ν

411 3620 681 3676 Praeterea
703 3616 845 3689 quod
860 3616 1131 3688 quaedam,
1154 3616 1294 3672 sicut
1318 3615 1569 3686 superius
1593 3613 1797 3669 dictum
1823 3620 1926 3677 est,

331 3727 368 3766 a
397 3712 556 3767 nobis
587 3711 729 3766 inter
758 3723 852 3764 vos
876 3706 1198 3778 regulariter
1226 3707 1544 3771 constituta,
1575 3720 1720 3760 nunc
1744 3712 1926 3758 autem

332 3804 599 3860 oblivioni
665 3803 864 3857 tradita
920 3816 985 3856 ac
1041 3800 1375 3871 negligenter
1430 3799 1668 3864 omissa,
1719 3806 1774 3852 et
1831 3809 1931 3850 nos

332 3912 552 3954 mceror
597 3911 702 3950 non
750 3895 885 3950 levis
943 3903 1251 3962 exasperat,
1301 3901 1356 3947 et
1410 3905 1507 3946 vos
1561 3889 1786 3945 oll'ensio
1823 3903 1928 3942 non

330 3988 500 4061 parvi
552 3997 732 4044 reatus
782 3993 1022 4041 accusat.
1074 3983 1228 4050 Quod
1277 3982 1422 4038 enim
1449 4023 1464 4048 ,
1504 3994 1592 4038 me
1644 3977 1934 4036 ordinante

329 4076 516 4135 semel
541 4075 756 4132 admitti
782 4074 1009 4146 placuit,
1039 4073 1141 4128 nisi
1170 4087 1258 4127 me
1279 4073 1553 4144 praebente
1579 4084 1930 4135 consensum,

329 4182 623 4239 nunquam
640 4165 827 4221 debuit
849 4163 1062 4220 violari.
1087 4162 1362 4234 Quidquid
1388 4162 1533 4217 enim
1555 4161 1767 4233 publica
1794 4160 1934 4215 inter

327 4257 547 4314 multos
572 4269 801 4312 censura
830 4253 1039 4319 statuit,
1076 4261 1172 4309 aut
1216 4266 1248 4308 a
1289 4251 1502 4308 cunctis
1554 4251 1776 4306 omnino
1816 4264 1932 4306 ser-

325 4348 605 4411 vandum,
640 4356 736 4403 aut
785 4345 832 4400 si
874 4342 1063 4399 violari
1112 4342 1418 4406 conveniat,
1463 4341 1742 4397 communi
1772 4339 1935 4396 debet

315 4435 551 4508 judicio
578 4433 898 4499 retractari,
930 4433 1169 4503 alioquin
1202 4433 1248 4488 si
1279 4434 1345 4486 ad
1376 4446 1623 4502 persona:
1647 4429 1934 4499 cujuslibet

322 4527 636 4583 arbitrium
674 4524 960 4598 frangitur,
996 4535 1054 4580 ut
1082 4525 1256 4595 gravi,
1301 4524 1519 4594 dignum
1549 4532 1655 4590 est,
1687 4522 1930 4577 animad-

325 4619 606 4675 versione
657 4615 948 4688 plectatur.
1006 4615 1192 4670 Acban
1247 4629 1443 4684 nempe
1494 4613 1638 4668 filius
1675 4611 1927 4678 Charmi,

319 4709 474 4779 quia
528 4717 714 4762 contra
749 4719 1037 4760 commune
1082 4703 1415 4767 mandatum,
1467 4717 1658 4757 manus
1701 4702 1769 4756 ab
1799 4717 1931 4754 ana-

323 4801 592 4854 themate
623 4795 839 4851 Jericho
871 4809 977 4848 non
1018 4793 1279 4859 cohibuit,
1322 4801 1438 4859 post
1463 4791 1645 4860 jactus
1674 4791 1931 4860 lapidum,

316 4890 518 4943 etiam
545 4884 1020 4956 conﬂagratiouem
1055 4883 1262 4954 ignium
1303 4897 1411 4938 non
1447 4883 1621 4938 evasit
1648 4881 1787 4953 (λοι.
1814 4881 1934 4951 vit),

315 4991 385 5036 ut
420 4979 533 5050 qui
563 4977 769 5030 facibus
791 4973 1146 5030 incanduerat
1168 4973 1433 5039 avaritiaa,
1454 4966 1699 5028 flammas
1718 4986 1934 5042 quoque

314 5073 570 5145 propria
619 5086 782 5127 carne
838 5071 1154 5140 depasceret
1209 5065 1264 5120 in
1309 5063 1773 5118 animadversione
1813 5060 1933 5114 vin-

314 5164 535 5219 dictae.
580 5158 842 5215 Jonathas
891 5167 1071 5213 autem
1121 5153 1313 5210 mortis
1353 5151 1675 5231 sententiam
1716 5151 1932 5217 meruit,

313 5255 466 5326 quia
505 5251 790 5306 decretum
822 5250 874 5304 in
904 5261 1190 5304 commune
1226 5244 1515 5314 prolatum,
1558 5237 1748 5297 ededlli
1797 5253 1934 5297 tem-

312 5358 434 5416 pus
464 5337 828 5409 anticipando
867 5335 1096 5391 mutavit
1126 5333 1178 5406 (Ι
1205 5333 1331 5402 Reg.
1357 5331 1493 5402 xtv).
1521 5329 1694 5387 llomo
1720 5344 1935 5401 quoque

312 5436 422 5492 ille
454 5429 640 5502 238,
667 5429 756 5500 qui
787 5442 884 5499 per
914 5428 1188 5482 desertum
1218 5423 1560 5494 prtesumpsit
1592 5423 1647 5477 in
1678 5422 1766 5478 die
1794 5421 1933 5476 Sab-

309 5527 448 5582 bati
491 5524 646 5591 ligna
677 5519 952 5590 colligere,
996 5518 1122 5588 quia
1173 5515 1322 5572 solus
1369 5513 1604 5570 excessit
1649 5528 1935 5570 commune

315 5615 696 5678 mandatum,
724 5612 988 5682 lapidibus
1013 5611 1262 5674 obrutus,
1306 5606 1453 5661 solus
1492 5607 1745 5676 espendit
1775 5605 1935 5676 digna

318 5717 530 5768 morte
585 5704 896 5774 supplicium
928 5700 1118 5774 (Num.
1151 5701 1261 5770 xv).
1308 5698 1424 5754 Non
1455 5697 1579 5768 quia
1617 5699 1822 5753 crimen
1853 5707 1933 5753 est

315 5807 383 5861 in
413 5796 769 5856 necessitate
797 5796 937 5866 ligna
984 5793 1258 5863 colligere,
1289 5791 1381 5846 sed
1409 5790 1531 5860 quia
1565 5803 1668 5843 non
1697 5790 1829 5845 levis
1858 5798 1937 5843 cst

2027 1981 2319 2038 voluntatis
2367 1993 2614 2055 agerent,
2670 1985 2886 2055 quidam
2931 1988 3073 2044 inter
3122 1984 3488 2058 eos‘exstitit,
3514 1992 3610 2064 qui

2026 2071 2163 2126 clam
2205 2071 2258 2128 in
2290 2074 2499 2129 edendo
2545 2075 2784 2145 regulam
2832 2075 3070 2132 violavit.
3123 2077 3254 2132 Erat
3299 2090 3481 2137 autem
3520 2081 3610 2138 ille

2028 2159 2196 2216 frater
2219 2160 2403 2217 multis
2431 2163 2819 2219 exercitiorum
2845 2166 3052 2220 artibus
3079 2167 3306 2237 pollens,
3333 2169 3607 2226 scribendi

2029 2249 2278 2306 videlicet
2306 2259 2362 2306 et
2389 2252 2634 2327 notandi,
2658 2253 2932 2320 tornandi,
2962 2254 3182 2358 inspper
3205 2267 3261 2312 et
3282 2257 3604 2327 fabricandi,

2029 2345 2088 2392 ut
2123 2337 2228 2394 hoc
2259 2337 2332 2394 illl
2355 2339 2751 2409 quodammodo
2781 2337 3095 2414 congruere
3111 2345 3383 2402 videretur
3411 2365 3429 2404 ;

2071 2480 2268 2543 Augur,
2301 2480 2667 2546 scbmnobates,
2693 2484 2926 2544 medicus,
2935 2496 3128 2549 magus,
3150 2464 3311 2537 omnia
3331 2486 3484 2540 novit.

2029 2622 2192 2684 atque
2235 2622 2295 2668 ut
2343 2613 2541 2670 talibus
2590 2615 2821 2681 assolet,
2889 2615 3181 2672 multarum
3225 2619 3608 2676 necessitatum

2029 2703 2248 2760 sun'ulto
2297 2704 2512 2774 peritia,
2563 2706 2704 2776 quod
2752 2706 2977 2773 libebat,
3028 2707 3346 2780 plerumque
3392 2710 3610 2784 impune

2029 2794 2246 2850 lic'ebat.
2271 2795 2406 2850 Cum
2432 2794 2546 2865 jam
2572 2797 2844 2852 mediante
2872 2797 3314 2870 Quadragesima,
3339 2801 3430 2884 ill‘e
3453 2817 3612 2875 vegc~

2034 2897 2139 2954 tus,
2174 2887 2390 2953 obesus,
2429 2887 2609 2943 alacer
2652 2898 2816 2959 atque
2850 2889 3105 2947 robustus
3137 2907 3234 2962 per
3259 2893 3443 2950 omnia
3463 2894 3614 2952 vide-

2032 2987 2202 3046 retur,
2247 2985 2469 3047 repente
2518 2977 2595 3033 illi
2648 2977 2780 3036 levis
2823 2994 2891 3035 ac
2944 2991 3243 3051 temperata
3302 2984 3611 3055 gravedinis

2033 3069 2277 3126 molestia
2326 3070 2678 3139 supervenit;
2711 3079 2766 3126 at
2815 3087 2936 3126 cum
2990 3086 3091 3142 ego
3139 3074 3206 3128 ad
3248 3073 3394 3130 illum
3434 3076 3610 3146 gratia

2035 3161 2359 3219 visitationis
2388 3164 2723 3228 accederem,
2755 3163 2902 3220 illico
2937 3165 3084 3220 venit
3112 3165 3164 3220 in
3195 3176 3430 3223 mentem
3463 3175 3522 3222 ut
3557 3165 3610 3223 el

1955 3233 2001 3296 ο
2031 3253 2265 3310 dicerem
2308 3255 2452 3325 quod
2496 3269 2583 3310 me
2613 3254 2828 3310 audisse
2862 3255 3180 3324 contigerat,
3215 3255 3363 3311 illum
3391 3256 3612 3327 quidem

2030 3360 2129 3416 pro
2148 3345 2472 3415 quibusdam
2491 3343 2876 3402 oll‘ensionibus
2901 3360 3008 3401 non
3031 3346 3230 3403 debere
3249 3349 3612 3404 sacrosanctis

2030 3435 2293 3492 altaribus
2341 3436 2651 3492 ministrare
2684 3454 2698 3491 :
2738 3452 2860 3492 eum
2913 3445 3093 3492 tamen
3138 3453 3462 3508 exasperare
3503 3439 3614 3496 foro

2031 3525 2241 3583 midans
2275 3543 2290 3581 :
2329 3526 2442 3594 diu,
2472 3525 2667 3591 fateor,
2698 3528 2852 3595 haesi,
2889 3528 3093 3584 diutius
3125 3528 3440 3586 deliberavi.
3471 3530 3611 3599 Quid

2030 3620 2223 3691 plura?
2251 3619 2492 3676 Tandem
2523 3619 2785 3677 obduravi
2827 3621 3082 3687 frontem,
3123 3621 3396 3678 arbitrans
3424 3637 3491 3678 ac
3519 3624 3613 3679 duo

2033 3710 2227 3765 finiens
2273 3712 2438 3766 tutius
2467 3726 2586 3766 esse
2615 3711 2886 3766 hominem
2915 3726 3076 3780 quam
3112 3711 3204 3767 Dei
3229 3711 3616 3782 omnipotentis

2032 3801 2307 3858 olIcnderc
2337 3801 2694 3870 maiestatem.
2717 3801 2820 3858 Aio
2844 3817 2974 3874 ergo
2997 3802 3066 3858 ad
3087 3818 3207 3858 eum
3240 3819 3257 3859 :
3285 3802 3614 3861 Charissime

2035 3890 2200 3946 frater
2225 3889 2429 3956 Maure,
2456 3891 2558 3946 hoc
2581 3892 2725 3947 enim
2748 3891 2965 3948 nomine
2987 3893 3302 3958 vocabatur,
3328 3893 3611 3959 confitere,

2034 3983 2407 4052 pmnilentiam
2435 3997 2558 4053 age,
2583 3983 2701 4039 etsi
2742 3983 2870 4053 quid
2895 3991 2979 4040 est
3014 3984 3069 4039 in
3111 3993 3163 4042 te
3198 3985 3341 4054 quod
3369 3985 3616 4042 fortassis

2034 4089 2064 4128 a
2119 4075 2391 4129 tremenda
2441 4075 2728 4130 missarum
2779 4083 2834 4131 te
2879 4074 3245 4134 celebratione
3293 4077 3612 4147 prohibeat,

2034 4163 2358 4220 venerabilis
2381 4173 2470 4218 tua
2491 4162 2806 4220 fraternitas
2830 4166 3000 4220 sacris
3025 4166 3403 4236 obtemperare
3451 4181 3616 4224 cano-

2034 4251 2192 4306 nibus
2229 4267 2335 4307 non
2380 4262 2711 4309 contemnat.
2753 4253 2834 4310 Ad
2876 4255 3019 4324 quod
3069 4253 3157 4310 ille
3187 4271 3202 4310 :
3233 4253 3460 4322 Peccata
3493 4270 3613 4312 mea

2033 4342 2212 4398 omnia
2253 4343 2665 4413 quamplurimis
2690 4343 3064 4413 spiritualibus
3089 4345 3222 4400 viris
3260 4344 3490 4412 innotui,
3521 4343 3616 4402 sed

2036 4432 2366 4494 mandatum,
2408 4441 2464 4486 ut
2503 4449 2533 4486 a
2572 4433 2914 4489 sacriﬁcandi
2945 4433 3248 4489 ministerio
3279 4434 3612 4502 recederent,

2034 4537 2138 4576 non
2183 4521 2385 4592 accepi.
2438 4523 2684 4576 Secunda
2731 4531 2913 4578 autem
2959 4525 3330 4595 :egretationis
3373 4525 3478 4592 die,
3523 4526 3610 4580 vix

2033 4615 2306 4668 diescente
2359 4614 2706 4682 crepusculo,
2755 4628 2884 4672 ecce
2941 4615 3039 4671 ille.
3084 4628 3192 4670 non
3243 4615 3462 4686 iacens,
3520 4616 3614 4675 sed

2032 4701 2224 4757 sedens
2277 4703 2329 4756 in
2385 4702 2582 4758 lectulo
2623 4714 3022 4758 sacramentum
3070 4705 3335 4759 Dominici
3373 4705 3615 4775 corporis

2033 4792 2189 4846 anxie
2238 4791 2535 4862 ﬂagitabat.
2583 4793 2825 4863 Cumque
2874 4795 3041 4851 abbas
3085 4796 3396 4859 nobiscum,
3451 4797 3613 4852 situul

2034 4899 2097 4938 ac
2149 4883 2372 4953 reliquis
2422 4883 2680 4939 fratribus
2735 4884 2876 4940 lecto
2923 4884 3270 4942 discumbens
3309 4885 3610 4951 assisteret,

2035 4977 2201 5046 οωρίι
2252 4991 2376 5030 eum
2427 4976 2704 5046 corripere
2756 4991 2856 5036 cur
2905 4975 3157 5034 videlicet
3198 4975 3266 5038 is,
3315 4975 3406 5044 qui
3470 4973 3613 5030 nulla

2038 5064 2229 5118 mortis
2251 5064 2402 5132 signa
2431 5065 2808 5134 praetenderet,
2836 5075 3117 5134 tantopere
3145 5062 3401 5120 viaticum
3431 5070 3613 5134 postu-

2038 5152 2192 5208 laret.
2233 5152 2326 5208 Ille
2374 5168 2506 5208 vero
2557 5152 2905 5209 nihilominus
2955 5153 3011 5208 in
3057 5166 3154 5208 sua
3198 5151 3461 5222 petitione
3492 5167 3612 5222 per-

2036 5243 2264 5308 sistens,
2314 5243 2594 5298 sacerdote
2626 5241 2740 5311 jam
2799 5257 2925 5296 cum
2978 5241 3614 5311 ministrisaceedente,

2036 5331 2311 5403 applicans
2343 5331 2446 5386 sibi
2482 5346 2649 5385 unum
2678 5345 2746 5386 ex
2786 5330 3046 5386 fratribus
3075 5331 3260 5389 nescio
3283 5333 3428 5404 quod
3453 5347 3618 5404 grave

2036 5431 2317 5491 peccatum
2345 5420 2610 5476 confitens
2639 5419 2998 5476 insusurravit
3025 5422 3077 5475 in
3105 5436 3315 5477 aurem.
3343 5422 3618 5498 Continuo

2038 5512 2126 5568 ille
2156 5512 2447 5574 attonitus,
2475 5519 2536 5566 ut
2573 5511 2912 5581 postmodum
2944 5512 3075 5568 mihi
3105 5513 3308 5578 retulit,
3330 5523 3384 5570 et
3409 5523 3618 5569 certum

2038 5603 2334 5675 paenitendi
2383 5602 2649 5659 calculum
2702 5618 2863 5673 quem
2915 5589 3220 5673 praefigeret
3269 5613 3379 5658 tam
3436 5601 3616 5659 subito

2040 5698 2201 5752 nesci.
2223 5712 2309 5762 ns,
2332 5695 2458 5752 licet
2481 5695 2824 5763 addubitans,
2851 5695 3231 5762 auriculatorie
3263 5694 3614 5772 subloquens,

2043 5789 2344 5860 quindecim
2377 5789 2478 5845 sibi
2510 5803 2681 5845 annos
2710 5788 3041 5861 paenitentia:
3067 5787 3227 5860 235
3251 5786 3464 5842 indixit.
3492 5783 3613 5838 Mox
