4024 6198
418 389 518 446 631

949 391 1007 447 S.
1051 392 1249 448 PETRI
1277 393 1554 448 DAMIANI
1585 395 1733 450 OI’P.
1762 396 1938 450 PARS
1983 363 2111 452 S‘EU
2153 395 2387 454 TOMUS
2426 396 2466 450 I.
2505 424 2574 437 -—
2611 393 2828 451 EPIST.
2871 393 3005 448 LIB.
3041 391 3171 446 Vill.

3566 388 3672 444 £33

419 512 598 559 autem
635 513 694 558 ttt
727 513 1130 560 sacrosanctum
1171 507 1488 576 mysterium
1521 508 1586 562 de
1618 524 1780 587 manu
1808 523 1962 564 sacer
2019 516 2068 574 Α
2098 512 2244 577 ham,
2279 510 2476 567 fratres
2500 511 2573 566 illi
2605 510 2719 565 haec
2742 524 2862 580 qua:
2889 509 3130 563 dixeram
3162 522 3267 562 non
3290 507 3467 562 duhiis
3487 521 3671 560 erum-

418 596 563 650 dotis
597 595 824 664 accepit,
858 595 982 662 heu,
1011 597 1146 666 proh
1187 598 1367 653 dolor!
1405 600 1662 656 horresco
1702 601 1992 666 referrcns,

418 702 541 741 cum
574 686 698 742 felle
727 687 888 743 simul
915 698 970 743 et
998 689 1231 744 animam
1257 691 1548 766 exhalavit,
1583 695 1724 764 quod
1751 695 1999 765 videlicet

422 776 490 832 fel
522 793 693 847 usque
741 779 807 832 ad
857 779 1185 850 sepulturam
1223 797 1285 836 ex
1341 799 1435 838 ore
1473 783 1588 856 ejus
1635 784 1851 841 eiIInere
1891 803 1994 840 non

417 867 652 922 cessavit
684 885 697 921 :
730 868 864 922 adeo
914 878 972 923 ut
1016 870 1188 926 donec
1231 871 1282 928 in
1333 871 1534 928 feretro
1567 889 1763 944 corpus
1792 861 1998 946 iaceret

417 958 696 1022 exanime,
735 957 936 1029 jngiter
982 947 1176 1016 sanies.
1210 962 1296 1016 illa
1349 965 1716 1034 pavimentum
1755 948 1998 1024 ecclesiae

421 1047 632 1118 longius
694 1049 966 1118 irrigaret.
1027 1053 1139 1107 lloc
1200 1063 1379 1109 autem
1437 1056 1594 1126 juxta
1661 1057 1819 1132 ﬁdem
1879 1059 1995 1122 rei,

422 1142 623 1198 idcirco
675 1143 882 1200 referre
935 1147 1265 1212 curavimus,
1311 1159 1370 1203 ut
1415 1151 1667 1216 audiant,
1721 1162 1775 1208 et
1832 1139 1998 1224 pertii

421 1243 666 1289 mescant
702 1251 806 1290 non
833 1237 1008 1291 solum
1037 1238 1071 1291 ii
1105 1238 1194 1308 qui
1231 1239 1488 1294 indictam
1517 1241 1812 1316 disciplinae
1841 1259 1998 1312 regu-

421 1325 524 1380 lam
576 1343 672 1396 per
713 1330 945 1398 preprize
993 1329 1283 1398 voluptatis
1339 1329 1403 1402 [f.
1464 1331 1780 1404 voluntatis]
1827 1336 1998 1407 impa-

421 1415 664 1471 tientiam
713 1417 987 1488 frangunt,
1039 1419 1130 1475 sed
1168 1429 1222 1476 et
1265 1421 1340 1476 illi
1389 1437 1602 1494 quoque
1646 1426 1736 1494 qui
1790 1427 1995 1481 crimen

421 1505 717 1560 admissum
745 1508 844 1562 sub
868 1507 1210 1576 conscientiae
1233 1526 1344 1564 sum
1370 1509 1624 1568 uberibus
1647 1513 1997 1571 confoventes

421 1597 664 1652 confiteri
710 1598 777 1652 ad
825 1599 1030 1654 obitum
1074 1602 1471 1669 praestolamur,
1520 1604 1647 1672 quia
1689 1614 1744 1660 et
1794 1605 1880 1664 isti
1923 1579 1997 1678 rei

422 1681 549 1742 sum
579 1689 671 1759 qui
712 1692 976 1746 servanda
1014 1693 1363 1764 po'stponunt,
1392 1704 1446 1750 et
1475 1695 1551 1750 illi
1582 1698 1822 1753 debitum
1875 1678 2001 1770 per-

431 1777 655 1845 agendae
701 1779 1053 1846 pmnitentia',
1107 1783 1249 1850 quod
1278 1782 1367 1838 hic
1398 1800 1503 1837 non
1545 1785 1798 1851 reddunt,
1838 1797 1998 1843 aucto

2098 599 2350 668 pentibus
2374 599 2562 670 signis,
2594 612 2719 652 vera
2751 597 3040 666 probantes
3063 595 3114 648 in
3146 603 3295 648 arcto
3322 593 3432 656 siti,
3457 592 3672 646 tandem

2098 690 2163 745 ad
2191 705 2288 745 cor
2322 688 2743 758 redeunt,236
2769 686 3075 756 pavimento
3114 701 3174 740 se
3219 683 3498 739 humiliter
3533 692 3678 738 sten-

2097 761 2232 832 nunt
2259 794 2322 833 ac
2345 763 2602 848 percepta
2622 763 2958 846 poenitentia,
2986 787 3258 842 nunquam
3287 787 3346 827 se
3379 771 3446 826 de
3475 780 3674 827 caetero

2099 868 2460 939 neglecturos,
2509 869 2665 923 solita
2709 864 2990 936 genitricis
3028 864 3125 919 Dei
3173 864 3441 934 praeconia
3479 863 3671 917 unani-

2100 962 2260 1034 miter
2306 961 2649 1030 pollicentur.
2703 959 2824 1014 Mox
2871 958 3073 1026 itaque,
3118 964 3176 1009 ut
3214 955 3407 1020 fatear,
3447 955 3522 1009 ita
3553 963 3674 1025 post

2098 1039 2355 1106 coruscus
2386 1060 2546 1128 atque
2577 1051 2834 1122 tonitrua,
2868 1057 3014 1102 tanta
3051 1045 3171 1101 coeli
3194 1041 3468 1101 serenitas
3496 1045 3676 1114 rediit,

2099 1151 2158 1215 ut
2201 1158 2267 1197 ex
2301 1150 2428 1195 tunc
2467 1156 2636 1210 usque
2683 1139 2842 1194 hodie
2883 1139 3078 1216 fratres
3103 1135 3356 1212 jucunda:
3391 1137 3540 1206 pacis
3565 1138 3678 1191 otio

2099 1234 2471 1308 perfruantur,
2503 1251 2567 1288 ac
2610 1235 2676 1287 de
2707 1232 2929 1303 Scyllaea
2971 1230 3226 1301 voragine
3262 1245 3323 1286 se
3365 1229 3570 1285 delatos
3609 1231 3677 1285 ad

2099 1334 2337 1398 portum,
2367 1325 2699 1394 gubernante
2728 1321 2864 1377 Filio
2897 1321 3151 1391 Virginis,
3179 1321 3540 1392 gratulentur.
3573 1320 3680 1376 Im-

2097 1417 2301 1486 pletum
2317 1429 2445 1485 ergo
2463 1423 2546 1469 est
2561 1412 2702 1484 quod
2726 1427 2822 1482 per
2837 1411 3153 1482 proiihetam
3178 1411 3374 1465 dicitur
3399 1428 3413 1464 :
3437 1429 3456 1462 ι
3478 1411 3682 1484 never.

2101 1505 2275 1560 timini
2307 1505 2372 1560 ad
2403 1519 2511 1568 me,
2537 1513 2590 1558 et
2617 1518 2716 1574 ego
2747 1511 2992 1574 revertar
3025 1502 3092 1556 ad
3118 1516 3233 1566 vos,
3266 1502 3396 1574 dicit
3419 1501 3680 1560 Dominus

2101 1595 2256 1668 (Mal.
2288 1581 2426 1666 tu)»
2452 1594 2552 1662 Qui
2576 1609 2705 1664 ergo
2736 1592 2891 1647 facile
2918 1593 3199 1646 seniorum
3221 1606 3440 1646 suorum
3471 1601 3674 1648 statuta

2101 1687 2427 1751 convellunt,
2478 1686 2577 1740 ista
2627 1683 2991 1748 considerent,
3046 1693 3101 1738 et
3147 1699 3215 1738 nc
3268 1683 3432 1738 divini
3479 1685 3681 1740 furoris

2102 1793 2263 1847 super
2283 1792 2378 1832 eos
2403 1776 2612 1847 gladius
2641 1773 2843 1838 veniat,
2874 1789 2980 1828 non
3012 1773 3128 1846 sine
3163 1788 3326 1847 causa
3363 1773 3680 1848 formident.

423 1865 610 1936 procul
640 1865 802 1924 dubio
835 1867 1043 1925 {tenore
1071 1870 1122 1924 in
1146 1870 1312 1925 altera
1331 1873 1518 1928 durius
1539 1874 1643 1929 vita
1666 1859 1994 1945 persolvunt.

2170 1869 2383 1925 Parcite
2409 1869 2490 1924 ori
2523 1883 2661 1935 meo,
2690 1867 3026 1923 dilectissimi
3051 1867 3267 1936 fratres,
3293 1877 3344 1923 et
3368 1869 3412 1923 si
3435 1867 3685 1944 fortassis

495 1955 680 2011 Dicam
709 1964 765 2011 et
790 1957 954 2024 aliud,
978 1960 1120 2042 quod
1149 1960 1201 2014 in
1227 1961 1450 2030 praefato
1475 1965 1702 2036 contigit
1726 1955 1999 2031 monaste-

426 2045 529 2101 rio.
567 2047 838 2104 Statutum
885 2059 1004 2104 erat
1051 2061 1212 2122 atque
1253 2053 1366 2124 jam
1416 2070 1512 2126 per
1553 2056 1844 2121 triennium
1889 2058 1999 2126 fere

421 2148 719 2204 servatum,
752 2148 814 2195 ut
837 2155 958 2196 cum
993 2141 1141 2196 horis
1167 2143 1443 2200 canonicis
1471 2147 1711 2214 quotidie
1735 2147 1793 2202 Β.
1817 2147 2001 2205 Mariae

421 2244 636 2302 semper
663 2231 884 2299 virginis
909 2229 1082 2287 oiIicia
1115 2233 1444 2290 dicerentur.
1478 2235 1608 2291 Erat
1642 2247 1820 2298 autem
1857 2221 2000 2296 inter

419 2335 515 2374 eos
543 2318 692 2374 Gozo
741 2321 924 2376 habitu
961 2322 1279 2389 monachus,
1322 2325 1568 2393 reprobus
1597 2326 1814 2396 quidem
1849 2328 1998 2392 vitaz,

421 2411 517 2466 sed
541 2412 745 2492 dicacis
776 2420 832 2482 et
878 2422 1147 2490 accurata:
1185 2413 1463 2492 facundiae.
1517 2415 1617 2482 ilic
1657 2419 1824 2486 capit
1867 2433 1999 2474 con-

423 2501 576 2570 queri
605 2501 737 2556 satis
762 2517 1084 2578 semperque
1114 2502 1359 2560 suiiiccre
1389 2506 1530 2575 quod
1566 2514 1784 2580 sanctus
1810 2508 2000 2576 prteci-

426 2591 505 2661 pit
528 2589 876 2656 Benedictus,
915 2607 1015 2648 nec
1051 2608 1203 2648 novas
1239 2595 1638 2651 adinventionis
1669 2598 1876 2666 pondus
1906 2598 2000 2652 de-

425 2685 556 2746 bere
607 2686 933 2770 superponi,
984 2701 1085 2741 nec
1145 2701 1244 2742 nos
1291 2701 1410 2741 esse
1462 2685 1699 2756 antiquis
1746 2688 2000 2766 Patribus

423 2775 743 2839 sanctiores,
765 2775 856 2845 Qui
887 2774 1134 2830 videlicet
1169 2775 1284 2830 hzec
1320 2777 1699 2845 superstitiosa
1731 2793 1794 2833 ac
1817 2793 2007 2848 supcr-

428 2879 593 2919 vacua
616 2865 942 2935 iudicantes,
966 2865 1222 2935 psallendi
1254 2866 1409 2946 nobis
1454 2876 1651 2938 metam
1683 2884 2006 2944 omnemque

426 2956 638 3010 vivendi
672 2956 908 3028 regulam
937 2955 1317 3026 p'racfixerunt;
1360 2958 1463 3013 hac
1494 2973 1624 3014 sane
1664 2959 1860 3015 debere
1906 2955 2004 3016 nos

424 3061 546 3102 esse
569 3055 868 3111 contentos,
898 3061 965 3102 ne
1005 3047 1074 3102 ab
1112 3047 1201 3101 illa
1233 3048 1500 3104 incautius
1525 3049 1877 3124 declinantes,
1911 3068 2006 3122 per

425 3135 704 3191 anfractus
751 3147 806 3190 et
854 3137 997 3191 invia
1045 3137 1307 3192 ducamur
1353 3138 1584 3194 erronei.
1629 3140 1768 3208 Quid
1812 3135 2006 3212 plura?

427 3227 632 3283 Contra
662 3228 901 3298 reginam
930 3229 1114 3283 mundi
1139 3227 1372 3299 praeliari
1396 3231 1543 3286 visus
1569 3241 1651 3287 est
1671 3241 1725 3287 et
1751 3226 2002 3290 confecit.
2033 3213 2078 3277 (ἶ

425 3317 508 3370 Ad
544 3317 647 3372 hoc
676 3317 930 3371 nimirum
979 3316 1174 3374 fratres
1203 3329 1418 3375 versuta
1455 3321 1853 3378 machinatione
1896 3325 2008 3392 pel-

429 3407 578 3472 lexit,
603 3419 662 3462 ut
689 3407 876 3464 solitas
903 3409 962 3462 Β.
1000 3409 1182 3464 Maria:
1222 3409 1407 3468 laudes
1452 3412 1676 3468 ulterius
1715 3430 1819 3469 non
1850 3414 2008 3470 olI'er-

429 3506 569 3552 rent.
599 3495 728 3564 Sed,
758 3513 792 3553 ο
825 3491 1066 3555 divinum
1103 3491 1368 3567 judicium
1417 3516 1447 3556 a
1491 3497 1688 3558 nostra:
1724 3506 2006 3574 pravitatis

427 3591 623 3645 intuitu
646 3605 750 3644 non
773 3590 1099 3647 dormitans!
1132 3592 1249 3648 Mox
1275 3595 1417 3649 enim
1441 3596 1698 3652 adversus
1720 3600 2000 3672 praefatum

429 3683 820 3758 menasterium
859 3691 935 3738 tot
965 3685 1348 3740 adversitatum
1393 3673 1700 3755 grandines,
1743 3698 1817 3744 tot
1847 3690 2001 3744 undi-

432 3787 539 3842 que
574 3771 836 3826 bellorum
878 3764 1042 3842 atque
1088 3772 1434 3830 conﬂictuum
1476 3786 1677 3832 exorta:
1709 3789 1835 3832 sunt
1879 3789 2012 3834 tem-

429 3871 686 3933 pestates,
725 3871 782 3917 ut
818 3863 951 3932 ipsis
990 3865 1231 3933 quotidie
1267 3868 1545 3922 monachis
1574 3869 1813 3924 minaces
1848 3870 2010 3940 gladii

430 3954 579 4008 necis
619 3953 844 4019 exitium
887 3954 1237 4009 intentarent.
1271 3955 1430 4011 Fiunt
1466 3958 1700 4028 undique
1731 3959 2010 4030 depraeda-

434 4046 611 4100 tiones
649 4053 814 4114 atque
859 4047 1080 4114 rapinae,
1133 4031 1540 4120 conflagranturi
1577 4066 1699 4107 cum
1741 4055 2012 4126 segetibus

437 4150 601 4200 areae,
633 4133 936 4215 familiares"
957 4151 1021 4190 ac
1055 4137 1196 4192 servi
1227 4139 1402 4194 sancti
1433 4140 1533 4196 loci
1565 4134 1857 4198 crudeliter
1894 4154 2010 4206 tru-

432 4225 705 4308 cidantur,
738 4234 794 4281 et
837 4241 942 4280 non
982 4225 1095 4294 jam
1130 4227 1308 4298 imago
1338 4230 1552 4297 mortis,
1591 4233 1686 4287 sed
1719 4249 1863 4290 mors
1899 4235 2010 4305 ipsa

434 4321 729 4389 grassatur,
783 4319 918 4374 adeo
965 4328 1023 4374 ut
1065 4319 1285 4376 taederet
1324 4320 1435 4391 jam
1482 4324 1775 4380 monachos
1808 4327 2010 4393 vivere,

433 4412 562 4465 dum
609 4427 947 4482 nequaquam
1004 4401 1248 4482 possent
1277 4415 1328 4470 in
1371 4417 1652 4487 procinctu
1701 4403 2014 4475 certaminis

437 4501 672 4555 amicum
701 4501 866 4580 quieti
903 4517 1014 4556 sua:
1053 4502 1408 4572 professionis
1448 4505 1679 4562 olllcium
1717 4492 2008 4568 custodire.

437 4590 556 4646 Non
588 4592 768 4661 parvis
801 4593 1051 4663 expensis
1086 4594 1152 4648 ad
1181 4593 1482 4652 Teutonum
1513 4608 1694 4668 partes
1722 4600 2017 4668 imperator

435 4685 725 4755 expetitur,
743 4685 1089 4753 pragmatica?
1106 4687 1413 4740 sanctiones
1429 4703 1549 4741 cum
1567 4688 1790 4760 singulis
1805 4689 2017 4764 [signis]

439 4777 808 4846 imperialibus
861 4776 1228 4840 advehuntur,
1276 4779 1370 4856 sed
1420 4783 1750 4854 tantunulcm
1804 4791 1890 4858 est
1914 4801 1924 4833 :
1962 4783 2015 4836 in

439 4871 691 4925 omnibus
717 4857 929 4941 quippe
965 4870 1159 4924 studiis
1196 4884 1300 4924 non
1348 4869 1576 4931 fructus.
1613 4872 1706 4925 sed
1743 4857 1894 4927 labor
1929 4889 2020 4926 su-

439 4949 761 5031 pervacuus.
791 4959 944 5015 Unde
990 4950 1261 5036 cum-ego
1305 4962 1562 5039 petitione
1605 4962 1829 5034 fratrum
1879 4947 2018 5038 saepe

442 5053 709 5122 pulsarer,
741 5039 1008 5122 quatenus
1029 5061 1307 5121 sequester
1333 5053 1670 5120 accederem,
1702 5063 1756 5107 et
1783 5055 1824 5116 si
1853 5039 2020 5126 βρεὲί-

443 5145 551 5199 hile
573 5131 737 5208 esSct,
765 5126 914 5213 pacis
941 5129 1080 5197 inter
1107 5158 1199 5197 eos
1226 5141 1428 5198 ftedera
1459 5129 1838 5220 continuarent
1871 5160 1884 5198 :
1919 5146 2019 5200 hac

447 5233 761 5300 rogantibus
807 5247 937 5296 voce
981 5229 1230 5298 respondi
1275 5249 1286 5283 :
1327 5229 1607 5295 Christus,
1652 5233 1898 5300 inquam,
1939 5240 2021 5287 est

446 5334 548 5389 pax
576 5331 785 5385 nostra,
835 5309 901 5375 de
929 5335 1034 5392 quo
1075 5309 1237 5377 etiam
1281 5322 1346 5376 de
1377 5305 1593 5390 Virgine
1633 5323 1820 5377 recens
1871 5325 2020 5388 nato,

449 5401 715 5480 angelitus
753 5410 952 5465 dictum
985 5418 1069 5465 est
1094 5427 1106 5462 :
1141 5428 1158 5460 ι
1188 5409 1370 5464 Gloria
1397 5410 1448 5464 in
1477 5412 1704 5466 excelsis
1732 5413 1858 5478 Deo,
1887 5423 1938 5468 et
1970 5415 2022 5468 in

451 5510 594 5555 terra
622 5488 721 5570 pax
747 5487 898 5578 (Luc.
926 5503 1006 5566 ιι).
1039 5520 1055 5551 ι
1093 5501 1230 5568 Quia
1270 5516 1398 5571 ergo
1446 5485 1672 5556 matrem
1711 5521 1848 5559 vera:
1880 5507 2025 5575 pacis

448 5591 513 5644 de
533 5604 630 5646 suo
652 5593 978 5646 monasterio
1000 5591 1362 5660 projecerunt,
1389 5591 1606 5662 dignum
1633 5606 1712 5648 est
1743 5604 1798 5648 nt
1819 5595 2027 5665 inquie-

447 5679 518 5733 tis
537 5679 902 5734 calamitatum
923 5680 1434 5748 tribulationumqne
1461 5682 1708 5749 procellis
1731 5695 1890 5752 atque
1918 5697 2026 5738 tur-

409 5793 418 5802 ·
452 5757 666 5823 hinibus
687 5768 974 5835 agitentur.
1003 5768 1200 5823 Verum
1231 5784 1296 5822 nc
1317 5769 1571 5824 lectorem
1596 5773 1795 5826 diutius
1817 5785 2028 5843 protra-

2102 1960 2154 2014 iu
2183 1959 2362 2029 aliquo
2390 1959 2612 2014 limitem
2635 1958 2892 2014 modestae
2915 1957 3273 2026 correptionis
3301 1956 3532 2026 excessi,
3563 1956 3684 2012 zelo

2099 2049 2279 2120 potius
2324 2047 2547 2102 fraterni
2591 2047 2791 2102 amoris
2829 2047 3086 2101 ascribite
3131 2061 3292 2115 quam
3349 2045 3524 2114 ltivori.
3566 2046 3683 2102 lle-

2101 2119 2338 2195 ntentote
2373 2139 2516 2210 quod
2555 2154 2650 2209 per
2681 2137 3024 2192 Salomonem
3054 2127 3252 2209 dicitur
3278 2155 3292 2190 :
3331 2155 3349 2187 α
3380 2137 3570 2192 Melior
3598 2147 3687 2193 est
3774 2119 3783 2134 ’

2107 2231 2392 2288 tuanifesta
2419 2231 2714 2299 correptio,
2755 2244 2919 2299 quam
2961 2244 3113 2298 amor
3145 2227 3524 2294 absconditus;
3569 2243 3685 2300 tne-

2103 2321 2235 2376 liora
2261 2331 2384 2377 sunt
2404 2321 2624 2376 vulnera
2651 2319 2923 2389 diligentis
2943 2333 3103 2387 quam
3133 2318 3472 2392 fraudulenta
3495 2318 3684 2374 oscula

2102 2412 2338 2468 odientis
2360 2411 2542 2482 (Prov.
2574 2410 2779 2480 xxvn);
2813 2420 2904 2464 ret
2937 2411 3130 2464 iterum
3157 2427 3170 2463 :
3207 2409 3364 2484 «Viro
3391 2409 3483 2481 qui
3507 2395 3688 2486 corri-i

2105 2503 2340 2586 pientem
2379 2503 2512 2557 dura
2553 2501 2766 2557 cervice
2795 2502 3112 2570 contemnit,
3155 2502 3469 2573 repentinus
3497 2518 3692 2574 super-

2104 2595 2285 2672 veniet
2311 2592 2582 2657 interitus,
2614 2600 2666 2647 et
2695 2605 2818 2645 eum
2846 2591 3049 2672 sanitas
3083 2606 3186 2645 non
3213 2601 3470 2661 sequetur
3497 2591 3688 2664 (Prop.

2103 2684 2275 2755 XXIX).
2311 2703 2330 2737 ι
2361 2683 2678 2739 Animarum
2721 2682 2963 2736 medicus
3003 2683 3349 2760 omnipotens
3391 2684 3553 2751 Deus,
3606 2687 3693 2741 di-

2105 2775 2405 2841 lectissimi,
2452 2775 2556 2830 hoc
2609 2774 2712 2829 mei
2755 2774 3022 2852 sermonis
3083 2774 3407 2854 absinthium
3447 2776 3600 2844 vobis
3631 2776 3694 2852 in

2105 2865 2442 2944 dulcedinem
2469 2873 2665 2932 vertat,
2689 2873 2742 2944 et
2791 2866 3052 2936 quidquid
3079 2867 3130 2920 in
3153 2866 3694 2938 vobisestfrigidnm,

2105 2941 2362 3028 quidquid
2415 2941 2976 3034 obscurum'ﬂamma
3023 2959 3105 3032 sui
3156 2949 3381 3036 spiritus
3423 2949 3697 3036 mirifich

2106 3047 2405 3103 illustrator
2436 3048 2716 3103 accendat.
2825 3031 2831 3034 ⁷
3168 3033 3171 3036 ’
3341 3031 3345 3034 ’
3485 3031 3491 3036 ’
3689 3031 3698 3042 ’

2596 3158 2930 3240 ertsrout
2972 3157 3203 3236 χχχιιι.

2202 3268 2269 3333 eo
2307 3267 2510 3334 somn.
2550 3266 2913 3332 etruriam
2949 3266 3269 3328 tremum;
3309 3263 3597 3326 ansatus.-

2319 3345 2590 3424 (llobetttr
2625 3355 2752 3412 tom.
2796 3343 2914 3422 III,
2946 3355 3120 3420 estque
3157 3360 3334 3424 opusc.
3367 3343 3434 3412 54
3459 3347 3484 3414 ).

2589 3434 2926 3490 EPISTOLA
2967 3433 3204 3488 XXXIV.

2383 3544 2448 3583 Αυ
2488 3543 2755 3602 cuculus
2785 3539 3242 3605 consuacs'rtoms
3277 3541 3411 3598 stm-

2110 3619 2506 3684 Ancuucuruu.
2534 3647 2607 3657 —
2637 3613 2918 3686 Universis
2967 3615 3211 3686 eremitis
3263 3613 3708 3686 suiturvimndi

2183 3683 2484 3742 institutum
2517 3685 2890 3753 sequentibus,
2917 3683 3215 3739 inferenda:
3241 3684 3538 3753 disciplith
3569 3683 3709 3738 rno-

2183 3701 2484 3742 lllSlllllllllll
2517 3701 2574 3740 SC
2619 3701 2890 3750 ιιίειιιιυειε,
2920 3701 3215 3739 Interenua:
3241 3701 3538 3753 (IISCIplIlIa:
3569 3701 3709 3738 mo-

2181 3759 2308 3811 dum
2337 3701 2639 3826 praescrib‘It
2661 3756 2799 3826 ultra
2821 3769 2983 3824 quem
3005 3755 3084 3808 eis
3107 3755 3354 3826 pregredi
3378 3753 3710 3826 nonliceat;

2183 3822 2356 3906 quani
2376 3827 2593 3895 quidem
2616 3822 2955 3906 disciplinam
2982 3822 3599 3906 postliac‘voluntariam
3634 3824 3715 3885 ad

2183 3895 2532 3976 singulorum
2572 3895 2881 3976 arbitrium,
2931 3909 3059 3962 non,
3113 3902 3172 3962 ut
3218 3905 3398 3972 antea,
3447 3903 3714 3968 coactam

2183 3966 2307 4044 esse
2339 3966 2643 4044 constituit.
2817 3966 2824 3975 ’
2856 3969 2859 3974 ’
3233 3966 3254 3972 ”

2186 4039 2399 4134 Sanctis
2437 4039 2705 4132 fratribus
2751 4054 2804 4130 in
2852 4068 3036 4128 eremo
3089 4051 3422 4134 constitutis,
3479 4049 3718 4130 Penus

2114 4133 2371 4219 peccator
2392 4133 2692 4224 monachus
2717 4133 2966 4222 salutem.
3182 4133 3185 4134 ⁷
3422 4149 3426 4153 ’

2125 4229 2130 4232 ’
2183 4238 2240 4294 1η
2269 4219 2539 4314 ὸοῃνὲὶιὶᾳ
2577 4219 2949 4318 spiritualium-
2979 4235 3205 4314 fratrum
3245 4244 3374 4318 tunc
3412 4235 3722 4314 discretio-

2115 4331 2199 4386 nis
2250 4309 2390 4405 or'do‘
2435 4309 2732 4404 congruere
2768 4309 3097 4405 geritur,
3143 4309 3442 4404 moderatio
3464 4309 3725 4404 (rectoris

2116 4403 2358 4502 imitetur
2383 4403 2713 4510 diligentiam
2743 4419 2960 4496 equitis.
2985 4403 3368 4494 ille-(siquidem.
3397 4417 3729 4493 calcaribus

2117 4511 2306 4575 utitur,
2357 4519 2418 4584 ut
2469 4505 2738 4582 impellat;
2776 4508 2968 4587 frenis,
3026 4505 3084 4563 ut
3129 4510 3416 4580 reprimat;
3460 4509 3728 4582 stimulat

2117 4589 2314 4671 equum
2364 4601 2570 4656 tardius
2617 4601 2986 4674 incedentem;
3043 4599 3282 4655 refrenat
3318 4599 3551 4672 superbe
3602 4598 3731 4654 frc-

2119 4694 2316 4748 mentis
2340 4693 2568 4764 vestigia
2598 4692 3009 4766 glomerantcm.
3039 4689 3153 4746 Hoc
3183 4691 3347 4745 etiam
3378 4681 3542 4760 modo
3567 4706 3731 4760 pra:—

2117 4784 2326 4858 positus
2374 4782 2602 4837 fratrum
2649 4791 2704 4858 ct
2746 4784 3009 4852 tardiores
3053 4779 3521 4860 exhortationibus
3567 4781 3734 4846 suis,

2120 4873 2261 4928 velut
2279 4873 2597 4944 quibusdam
2621 4871 2875 4938 stimulis,
2905 4873 3066 4944 debet
3088 4871 3382 4949 impellere,
3407 4879 3466 4926 et
3490 4867 3739 4944 ferveti-

2117 4964 2223 5038 tius
2271 4953 2430 5034 quam
2479 4980 2699 5030 necesse
2727 4964 2819 5027 sit,
2872 4965 3198 5034 incedentes,
3234 4949 3333 5042 sub
3357 4962 3741 5042 discretionis

2119 5051 2278 5120 debet
2300 5055 2416 5108 loro
2440 5058 2672 5116 frenare.
2700 5055 2781 5109 An
2811 5070 2922 5122 non~
2943 5045 3286 5128 quihusdam,
3311 5063 3369 5128 ut
3395 5055 3467 5127 ita
3491 5054 3741 5129 loquar,

2121 5144 2355 5210 stimulis
2372 5146 2598 5215 urgebat
2617 5145 3088 5220 iioyseSpopulnm
3109 5139 3293 5214 Israel,
3311 5159 3432 5212 cum
3454 5143 3741 5202 (licebat:

2128 5255 2145 5285 ι
2169 5235 2424 5306 Separate
2439 5237 2689 5310 apudvos
2705 5236 2970 5306 primitias
2990 5235 3247 5301 Domino;
3272 5235 3448 5312 omnis
3463 5234 3591 5299 volu
3603 5253 3643 5289 η
3655 5248 3749 5292 ta-

2123 5326 2256 5404 rius,
2290 5325 2448 5398 237
2473 5336 2527 5380 et
2553 5328 2706 5398 proni
2731 5327 2894 5380 animi
2917 5324 3105 5390 offerat
3128 5311 3222 5406 eas
3242 5311 3486 5396 Domino,
3513 5339 3750 5386 aurum

2127 5427 2179 5472 et
2235 5428 2538 5488 argentum,
2594 5429 2647 5482 et
2694 5435 2787 5482 res,
2843 5420 3217 5491 hyacinthum,
3270 5426 3325 5472 et
3385 5432 3750 5487 purpuram,

2128 5499 2455 5582 eoccumque
2484 5512 2563 5582 bis
2593 5512 2815 5576 tinctum
2866 5495 2938 5568 eti
2967 5512 3202 5582 hyssum,
3238 5511 3374 5582 pilos
3419 5524 3755 5588 caprarum

2129 5611 2181 5655 ct
2230 5604 2395 5671 pelles
2428 5602 2656 5656 arietum
2695 5602 3010 5664 rnbricatas,
3042 5603 3181 5671 ligna
3235 5602 3401 5655 Setim
3444 5610 3498 5654 ct
3526 5601 3756 5674 oleum

2131 5700 2193 5752 ad
2221 5681 2502 5750 luminaria
2536 5681 2943 5749 concittnantla?
2978 5713 2996 5745 ›
3033 5691 3225 5761 (Exod.
3261 5691 3445 5761 xxxv.)
3474 5681 3554 5744 Att
3616 5711 3758 5750 non

2133 5788 2380 5840 eumdem
2438 5784 2734 5852 populum,
2786 5782 2931 5836 velut
2983 5783 3342 5837 immoderate
3395 5792 3761 5839 currentem
