4024 6198
416 326 519 383 459

959 328 1014 381 S.
1061 324 1262 378 I‘lﬁTIlI
1300 322 1579 378 DAMIANI
1618 321 1768 379 OI‘P.
1803 320 1987 379 I‘AIIS
2030 320 2158 376 εει]
2203 319 2437 375 TUMUS
2477 319 2514 372 I.
2553 349 2619 358 --
2649 317 2867 373 EPIST.
2909 317 3038 372 LIB.
3085 317 3211 373 VIII.

3571 319 3672 377 440

407 452 497 494 tuo
549 441 759 494 meliori
809 450 859 494 te
889 437 939 510 (l
1025 438 1149 509 Reg.
1194 438 1306 509 xv).
1345 459 1367 490 ι
1413 437 1582 494 Porro
1633 447 1812 493 autem
1836 417 1994 491 sicut
2025 450 2070 510 Α
2099 435 2238 490 cavi.
2271 434 2340 490 Ut
2365 436 2433 490 de
2463 443 2514 488 te
2543 449 2778 505 quoque,
2811 435 2951 489 sicut
2981 436 3048 490 de
3089 434 3213 503 illo,
3253 433 3453 490 celebri
3503 451 3675 505 quan-

407 532 634 601 pallium
685 533 813 586 illud
864 530 1027 586 vestis
1073 540 1194 584 erat
1237 529 1540 595 Samuelis,
1592 530 1672 586 sic
1720 540 1773 586 ct
1803 539 1994 586 sancta

406 620 648 680 Ecclesia
695 622 858 679 vestis
904 629 990 674 est
1041 620 1226 690 utique
1285 621 1684 690 Redemptoris.
1747 622 1843 677 Cui
1899 636 1996 690 per

409 713 742 786 Proplictam
789 713 991 768 dicitur
1021 730 1033 766 :
1067 731 1084 763 t
1115 711 1521 770 Confessionem
1548 723 1600 770 et
1629 715 1880 770 decorem
1908 713 1992 767 in-

405 805 572 860 .luistl
608 802 780 876 (Paul.
831 804 971 875 om).
1009 822 1027 854 ι
1058 803 1464 860 Confessionem
1500 805 1698 878 quippe
1736 803 1994 859 Dominus

405 897 604 958 tndttit,
637 912 762 950 cum
811 895 916 950 sibi
947 900 1259 963 peccatores
1285 894 1523 950 associat
1567 896 1880 967 ptenitendo
1907 910 1994 950 sa-

406 997 594 1054 natos;
628 988 880 1044 deecrem
908 1002 1056 1051 vero,
1089 1001 1211 1041 eum
1242 987 1464 1041 sibimet
1487 986 1783 1042 clementer
1811 986 1994 1058 agglu-

408 1082 548 1135 tinat
591 1081 906 1134 innocentes
946 1078 1123 1132 nitore
1162 1078 1388 1148 iustitia:
1435 1080 1733 1148 speciosus.
1761 1079 1992 1135 Pallium

407 1171 573 1237 igitur
615 1169 885 1226 Samuelis
928 1169 1056 1224 Sani
1100 1169 1314 1237 abrupit
1355 1179 1414 1224 et
1458 1185 1682 1240 regnum
1721 1171 1988 1241 perdidit;

408 1263 610 1318 Christi
639 1262 906 1316 scin-ditur
934 1261 1338 1325 vestimentum,
1364 1271 1421 1314 et
1452 1261 1580 1316 licet
1607 1277 1710 1316 non
1739 1262 1991 1318 scinden-

410 1355 495 1414 tis.
529 1365 705 1410 taumn
749 1355 997 1409 scindere
1043 1354 1434 1423 permittentis,
1471 1354 1634 1409 stabit
1673 1353 1990 1424 imperium!

406 1447 786 1501 lnconsutilem
816 1455 1016 1500 vestem
1043 1444 1169 1502 Iesu
1201 1445 1354 1500 miles
1381 1445 1596 1514 gentilis
1627 1445 1819 1500 metuit
1846 1446 1992 1500 scin-

409 1534 559 1600 dere,
593 1543 646 1588 et
675 1533 970 1587 Clitistiani
1009 1548 1114 1588 non
1143 1543 1399 1587 verentur
1426 1533 1721 1587 Ecclesium
1771 1549 1867 1602 per
1902 1548 1990 1588 er-

408 1639 585 1679 rorem
636 1625 1044 1680 schismaticum
1095 1627 1392 1696 separare?
1443 1625 1578 1680 Cum
1635 1641 1765 1697 ergo
1823 1626 1990 1681 vestis

407 1717 610 1772 Christi
668 1711 852 1772 sancta
911 1717 1124 1772 dicatur
1190 1717 1468 1783 Ecclesia,
1526 1719 1718 1773 scissis
1785 1719 1948 1773 vestis

2101 525 2281 594 doque
2315 539 2412 595 per
2440 525 2691 595 populum
2723 525 3006 580 devotione
3039 525 3253 582 dicatur
3281 525 3553 593 :Utinam,
3586 540 3675 586 attt

2097 631 2204 671 non
2250 625 2590 684 nasceretur,
2636 626 2730 672 aut
2777 634 2884 674 non
2932 629 3238 674 moreretur
3270 626 3285 680 ί
3312 623 3464 688 lino.
3507 633 3567 678 ut
3613 625 3676 680 de

2095 708 2270 764 sacris
2300 708 2511 778 paginis
2539 709 2896 764 adhibeamus
2925 709 3254 780 exemplum,
3290 711 3421 768 illud
3456 712 3671 784 implea-

2097 808 2186 856 tur
2210 799 2264 855 ln
2293 808 2343 856 te
2373 801 2517 872 quod
2551 800 2719 856 David
2755 799 2858 856 sibi
2888 800 3057 856 Deum
3085 799 3250 856 Israel
3289 801 3493 858 dixisse
3529 820 3674 860 com-

2095 902 2406 949 memorat:
2440 911 2459 945 t
2495 891 2648 948 Sicut
2680 892 2770 946 lux
2821 907 3048 956 aurorae,
3094 893 3304 949 oriente
3351 894 3487 960 sole,
3520 911 3676 951 mane

2095 985 2300 1054 absque
2353 983 2586 1039 nubibus
2629 983 2841 1047 rutilat,
2887 993 2945 1038 et
2985 983 3126 1038 sicut
3167 983 3363 1054 pluviis
3414 987 3677 1055 germinat

2094 1076 2264 1132 herba
2309 1076 2377 1131 de
2425 1083 2567 1130 terra
2601 1074 2698 1146 (11
2732 1074 2863 1146 Reg.
2896 1075 3106 1145 xxut):
3142 1093 3162 1127 ι
3193 1074 3274 1130 sic
3314 1090 3438 1130 cum
3489 1077 3687 1154 eodem:

2093 1167 2265 1222 David
2301 1183 2407 1224 non
2433 1166 2705 1222 immerito
2731 1166 2909 1222 valeas
2935 1165 3117 1236 etipse
3150 1173 3374 1222 cantare
3400 1182 3415 1220 :
3437 1185 3456 1219 ι
3475 1167 3687 1239 Cuncltg'

2092 1257 2238 1314 salus
2271 1270 2413 1323 mea,
2449 1267 2507 1310 et
2530 1256 2708 1312 omnis
2736 1255 3006 1322 voluntas,
3033 1271 3134 1312 nec
3167 1264 3251 1311 est
3279 1256 3574 1327 quidquam
3607 1275 3674 1312 ex

2089 1361 2158 1403 eo
2179 1347 2324 1416 quod
2349 1361 2458 1401 non
2493 1346 2760 1416 germinet
2783 1345 2999 1419 (Ibid.).
3030 1366 3050 1400 ι

2161 1438 2404 1509 Utraque
2436 1447 2700 1510 praeterea
2731 1439 2968 1510 dignitas
2993 1481 3008 1506 ,
3040 1448 3096 1495 et
3131 1439 3329 1511 regalis
3357 1439 3595 1504 scilicet,
3625 1450 3683 1494 et

2091 1529 2464 1595 sacerdotalis,
2493 1529 2637 1584 sicut
2679 1529 3055 1599 principaliter
3097 1529 3151 1584 in
3203 1529 3421 1586 Christo
3465 1530 3682 1586 sibimet

2091 1620 2326 1676 invicem
2355 1621 2621 1692 singulari
2645 1622 2980 1678 sacramenti
3040 1621 3270 1677 veritate
3316 1623 3679 1687 connectitur,

2091 1712 2172 1768 sic
2210 1713 2262 1767 in
2299 1713 2617 1768 Christiano
2644 1712 2842 1785 populo
2865 1721 3054 1767 mutuo
3072 1714 3306 1784 quodam
3339 1714 3442 1769 sibi
3477 1713 3681 1769 findere

408 1809 737 1863 divisionem
758 1809 998 1863 minatur
1038 1808 1198 1880 regiae
1229 1809 1534 1878 potestatis.
1566 1809 1702 1863 ilinc
1735 1820 1820 1864 est
1849 1808 1989 1865 forte
2018 1801 2063 1860 Β
2091 1803 2391 1874 copulatur.
2423 1802 2665 1874 Utraque
2687 1802 2938 1859 videlicet
2972 1803 3196 1858 alternat
3231 1804 3457 1859 invicem
3482 1804 3683 1859 utilita-

409 1903 552 1972 quod
581 1902 764 1967 nrbes,
808 1903 1024 1971 oppida,
1055 1903 1168 1958 sive
1212 1903 1502 1972 provinciae
1537 1903 1700 1974 hujus
1732 1905 1888 1974 regni
1920 1904 1991 1960 ab

407 1993 609 2048 exteris
636 1993 876 2061 quotidie
903 1995 1175 2048 cernimus
1201 1995 1511 2049 nationibus
1537 1995 1807 2064 usurpari.

478 2080 751 2136 Baltassar
772 2097 986 2150 nempe,
1017 2083 1150 2152 quia
1172 2097 1301 2137 vasa
1321 2081 1531 2137 Domini
1559 2082 1810 2137 ftedanda
1835 2082 1991 2138 labiis

406 2171 698 2228 Gentilium
749 2173 992 2242 protulit,
1041 2188 1163 2228 mox
1209 2188 1275 2230 ex
1321 2189 1418 2229 ore
1463 2173 1698 2230 Dunielis
1738 2173 1986 2228 audivit:

413 2282 432 2314 ι
467 2265 707 2318 Divisum
745 2272 829 2320 est
855 2280 1080 2337 regnum
1118 2275 1287 2331 tuum,
1317 2275 1372 2320 et
1399 2267 1580 2321 datum
1621 2275 1708 2321 est
1735 2265 1904 2322 Medis
1937 2275 1992 2322 et

409 2353 590 2408 Persis
619 2355 782 2425 (Dem.
818 2355 894 2424 v).
948 2375 966 2408 ι
1005 2355 1128 2410 lleli-
1159 2356 1452 2411 sacerdotii
1497 2356 1755 2427 dignitate
1807 2357 1988 2410 detru-

412 2442 576 2508 ditur,
606 2444 731 2496 du—m
762 2459 869 2498 non
898 2445 1128 2498 intentat
1156 2445 1282 2500 ﬁliis
1299 2446 1546 2510 verbera,
1574 2446 1669 2501 sed
1693 2445 1992 2516 blanditur;

411 2543 684 2602 utcunque
711 2542 890 2588 tamen
921 2535 1185 2603 corripuit
1213 2535 1352 2600 illos,
1393 2536 1490 2592 sed
1533 2535 1757 2591 lenitate
1795 2536 1986 2606 patris,

410 2637 515 2676 non
564 2623 884 2677 austeritate
922 2623 1191 2692 pontiﬁcis
1219 2622 1272 2698 (1
1302 2623 1426 2694 Reg.
1455 2627 1551 2695 tt),
1595 2633 1758 2694 atque
1785 2624 1989 2681 idcirco

409 2711 714 2767 cervicibus
747 2709 990 2766 effractis
1031 2713 1282 2768 occubuit
1326 2713 1379 2784 (.l
1409 2713 1532 2784 Heg.
1562 2713 1671 2784 tv),
1696 2714 1825 2784 quia
1867 2729 1989 2780 pec-

405 2803 656 2856 cantibus
684 2801 1037 2858 inclcmenter
1065 2803 1306 2858 indulsit.
1344 2805 1545 2860 Aeltias
1574 2806 1834 2876 propheta
1877 2807 1989 2874 pal-

407 2891 538 2945 lium
585 2905 744 2946 suum
773 2893 832 2946 in
873 2893 1153 2948 duodecim
1201 2904 1386 2964 partes
1429 2896 1617 2960 scidit,
1653 2905 1708 2950 et
1749 2897 1884 2951 dixit
1921 2888 1987 2951 ad

407 2980 698 3038 Jeroboam
731 2999 745 3036 :
780 3002 808 3034 ιη
830 2981 982 3038 Tolle
1011 2983 1106 3038 tibi
1139 2984 1325 3040 decem
1355 2986 1642 3043 scissuras.
1671 2987 1798 3043 llaec
1841 2989 1986 3043 enim

406 3075 540 3129 dicit
566 3075 826 3131 Dominus
861 3074 1004 3130 Deus
1034 3073 1201 3132 Israel
1234 3094 1248 3130 :
1281 3077 1433 3131 Ecce.
1469 3090 1568 3148 ego
1614 3079 1857 3132 scindam
1907 3093 1987 3132 rc-

2093 1894 2165 1949 tis
2194 1903 2279 1948 est
2316 1892 2525 1964 indiga,
2557 1891 2684 1947 dum
2725 1902 2783 1947 et
2835 1891 3203 1964 sacerdotium
3255 1892 3402 1962 regni
3455 1891 3682 1948 tuitione

2091 1987 2414 2057 protegitur,
2443 1963 2515 2042 et
2538 1997 2764 2056 regnum
2791 1963 3149 2040 sacerdotalis
3181 1982 3344 2038 ofﬁcii
3393 1984 3683 2039 sanctitate

2091 2077 2330 2132 fulcitur.
2363 2075 2480 2132 Rex
2508 2076 2656 2130 enim
2702 2076 3052 2146 praecingitur
3085 2075 3288 2146 gladio,
3335 2086 3397 2130 ut
3436 2077 3683 2132 hostibus

2091 2169 2343 2225 Ecclesia:
2366 2167 2606 2223 munitus
2629 2177 2904 2224 occurrat.
2935 2165 3204 2224 Sacerdos
3244 2167 3548 2222 orationum
3589 2184 3680 2218 vu-

2090 2260 2467 2326 catexcubiis,
2497 2267 2557 2314 ut
2580 2259 2696 2330 regi
2739 2273 2861 2314 eum
2903 2258 3104 2329 populo
3135 2257 3306 2313 Deum
3359 2257 3680 2328 placabilem

2091 2352 2302 2406 reddat.
2343 2350 2437 2405 Ille
2464 2350 2564 2405 sub
2600 2350 2756 2406 lance
2777 2350 3006 2420 iustitiae
3038 2349 3252 2420 negotia
3283 2350 3443 2405 debet
3464 2359 3680 2406 terrena

2090 2441 2377 2505 irimere;
2401 2439 2506 2495 iste
2523 2439 2721 2495 fluenta
2749 2439 2989 2496 caelestis
3013 2439 3214 2509 eloquii
3249 2440 3410 2496 debet
3451 2440 3682 2494 sitienti-

2089 2532 2190 2588 bus
2211 2532 2517 2602 propinare.
2548 2530 2640 2586 Ille
2660 2531 2988 2586 constitutus
3018 2539 3124 2597 est,
3179 2538 3239 2585 ut
3289 2539 3546 2586 nocentes
3596 2543 3682 2584 at-

2089 2636 2202 2693 que
2220 2621 2481 2678 scelestos
2496 2621 2747 2692 legalium
2772 2621 3111 2677 sanctionum
3140 2637 3369 2677 censura
3396 2633 3675 2688 coerceat;

2091 2714 2196 2768 iste
2221 2713 2287 2768 ad
2323 2712 2430 2768 hoc
2467 2712 2752 2766 ordinatus
2799 2720 2904 2776 est,
2939 2721 3002 2766 ut
3031 2725 3130 2780 per
3159 2711 3341 2766 claves
3370 2712 3633 2767 Ecclesia:
3662 2751 3679 2776 ,

2089 2817 2227 2874 quas
2251 2803 2479 2872 accepit.
2506 2802 2644 2856 alios
2678 2802 2796 2868 zelo
2843 2801 3095 2857 canonici
3133 2801 3338 2872 vigoris
3388 2801 3692 2872 astringat,

2089 2896 2223 2951 alios
2249 2910 2346 2965 per
2375 2895 2842 2950 mansuetudinem
2877 2894 3262 2965 ecclesiasticae
3310 2895 3540 2965 pietatis.
3577 2894 3677 2948 ab-

2089 2987 2284 3044 solvar.
2317 2987 2422 3042 Sed
2445 2987 2571 3041 audi
2612 2979 2844 3042 Paulum
2874 2987 2945 3042 de
2971 2987 3186 3058 regibus
3216 2987 3599 3058 disputantem,
3626 2997 3683 3042 et

2090 3088 2294 3134 remain
2328 3078 2523 3149 regalis
2565 3076 2725 3132 cilicii
2776 3077 2972 3132 lineam
3020 3077 3312 3145 jacientem
3342 3096 3360 3132 π
3387 3094 3512 3133 nam
3559 3091 3683 3149 post

407 3178 572 3234 gnum
597 3164 666 3219 de
684 3179 846 3218 manu
872 3163 1199 3233 Salomonis,
1232 3174 1292 3220 et.
1309 3165 1451 3221 dabo
1473 3167 1569 3223 tibi
1596 3167 1784 3221 decem
1815 3168 1987 3221 tribus
2015 3153 2060 3212 Ο
2091 3168 2257 3222 multa
2282 3167 2360 3222 sic
2391 3167 2468 3222 ait
2497 3184 2512 3220 :
2549 3185 2573 3218 αι
2603 3167 2696 3221 Dei
2718 3166 2863 3222 enim
2887 3167 3133 3222 minister
3166 3176 3256 3223 est
3279 3168 3376 3222 tibi
3405 3169 3458 3222 in
3501 3167 3679 3234 bono;

407 3254 538 3326 (III
567 3253 693 3326 Reg.
735 3256 845 3327 xi).
895 3275 913 3308 ι
945 3257 1148 3313 Divisio
1183 3272 1314 3328 ergo
1360 3257 1529 3313 vestis
1573 3259 1865 3314 scissuram
1901 3274 1990 3313 re-

415 3345 558 3414 gulis
581 3345 852 3416 signiﬁcat
879 3346 1121 3402 ditionis.
1155 3347 1306 3413 Quod
1335 3346 1460 3416 quia
1503 3362 1842 3416 nequaquam
1884 3347 1989 3403 Do-

413 3438 594 3494 minus
624 3440 679 3493 in
716 3439 908 3496 diebus
937 3438 1245 3494 Salomonis
1263 3439 1523 3510 implevit,
1553 3441 1646 3495 sed
1679 3441 1731 3494 in
1762 3442 1990 3510 posteris

407 3527 525 3597 eius
569 3529 691 3583 lucc
726 3530 995 3584 sententia
1023 3529 1223 3598 viguit;
1256 3528 1323 3585 de
1354 3538 1412 3585 Ie
1453 3544 1668 3600 quoque
1715 3531 1862 3599 pium
1907 3540 1991 3586 est

389 3618 636 3675 credere
658 3621 800 3688 quod
830 3621 928 3674 tibi
954 3621 1056 3690 qui.
1074 3621 1334 3676 innocens
1362 3637 1445 3686 es,
1474 3636 1698 3692 regnum
1724 3624 1989 3692 integrum

411 3711 778 3780 permanebit;
810 3719 933 3780 post
980 3720 1032 3766 te
1059 3727 1192 3766 veno
1216 3711 1582 3780 subiectorum
1626 3722 1836 3768 tuorum
1879 3728 1992 3769 me-

409 3801 549 3866 ritis,
578 3801 679 3854 nisi
708 3801 846 3854 forte
870 3802 1248 3869 se-corrigant,
1274 3801 1629 3860 transferetur
1651 3810 1708 3856 et
1733 3802 1992 3857 concedet

409 3892 731 3947 inus-teres.
763 3891 920 3945 Sicut
946 3892 1100 3944 enim.
1119 3907 1220 3960 per
1247 3891 1527 3948 Danielcm
1549 3892 1746 3946 dicitur
1779 3909 1792 3944 :
1823 3908 1842 3941 ί
1883 3891 1988 3945 Do-

411 3984 652 4038 mintur
677 3982 934 4037 Excelsus
979 3998 1140 4052 super
1171 3998 1390 4052 regnum
1436 3983 1712 4038 hominum
1733 4019 1763 4046 ,ο
1785 3992 1839 4036 et
1871 3983 1988 4037 cni-

415 4085 629 4140 cunque
663 4069 897 4126 voluerit
919 4072 1010 4124 dat
1037 4071 1162 4126 illud
1180 4071 1341 4142 (Dan.
1371 4071 1640 4141 tv)r.Natn
1668 4081 1729 4126 et
1747 4073 1992 4142 Assyrio-

410 4176 531 4214 rum
559 4175 804 4230 regnum,
825 4168 882 4215 ct
907 4161 1350 4216 Lacedaemonum
1379 4163 1716 4232 aliorumque
1751 4165 1987 4234 gentium

415 4265 515 4319 per
562 4249 780 4306 deﬁnita
829 4261 1134 4322 temporum
1185 4253 1361 4322 spatia
1411 4269 1471 4310 se
1519 4263 1840 4320 tenuerunt,
1893 4270 1990 4310 nec

414 4343 619 4400 diutius
639 4343 866 4414 praeﬁxa
893 4344 1266 4399 diuturnitatis
1289 4346 1598 4410 terminum,
1629 4347 1770 4401 sicut
1803 4363 1989 4402 eorum

412 4438 683 4487 testantur
724 4431 1254 4504 annales,excedere
1293 4445 1604 4504 potuerunt.
1653 4436 1789 4491 Huic
1825 4439 1986 4492 etiam

2088 3260 2142 3316 si
2162 3268 2350 3315 autem
2367 3259 2563 3314 malum
2589 3259 2803 3323 feceris,
2835 3259 2983 3314 time.
3013 3259 3136 3314 Non
3169 3259 3327 3316 enim
3347 3259 3469 3315 siste
3516 3276 3681 3316 causa

2088 3349 2323 3421 gladium
2371 3357 2572 3418 portat.
2606 3348 2699 3404 Dei
2740 3349 2894 3403 enim.
2913 3349 3164 3404 minister
3199 3359 3286 3406 est
3310 3390 3326 3416 ,
3374 3349 3575 3406 vindex
3622 3351 3676 3406 in

2089 3440 2230 3494 iram
2251 3440 2300 3495 ei
2332 3439 2644 3509 qui-malum
2671 3439 2783 3508 agit
2812 3438 2984 3509 (Rom.
3017 3440 3158 3508 xttt).
3201 3458 3219 3492 ι
3273 3439 3340 3494 Si.
3356 3454 3488 3510 ergo
3518 3449 3572 3494 tu
3614 3455 3674 3496 es

2088 3529 2342 3584 minister
2376 3527 2474 3582 Dei
2499 3567 2514 3591 ,
2562 3542 2733 3598 quare
2765 3541 2870 3581 non
2923 3526 3172 3583 defendis
3211 3528 3508 3584 Ecclesium
3534 3529 3626 3584 Dei
3657 3529 3683 3583 τ

2087 3618 2200 3676 Cur
2218 3619 2470 3683 armaris.
2491 3618 2537 3674 si
2559 3633 2664 3672 non
2687 3617 2984 3688 pratliaris?
3005 3618 3114 3673 Cur
3140 3619 3531 3686 accingeris,si
3550 3635 3680 3674 con-

2088 3712 2462 3783 gredientibus
2485 3725 2596 3766 nou
2621 3710 2868 3765 resistis?
2894 3709 3027 3776 Quis
3054 3710 3154 3765 sub
3198 3709 3386 3766 aestivo
3429 3711 3684 3766 meridia-

2091 3811 2178 3858 tur
2218 3801 2534 3858 umbraculo
2563 3815 2791 3857 securus
2839 3800 3040 3872 poterit
3067 3801 3346 3870 disputare
3389 3802 3456 3856 de
3507 3802 3682 3856 bello?

2089 3894 2548 3950 Porro-veraciter
2573 3893 2691 3948 sine
2708 3907 2872 3948 causa
2899 3892 3138 3963 gladium
3165 3901 3376 3962 portas,
3400 3893 3517 3948 nisi
3541 3895 3673 3949 resi-

2091 3986 2349 4042 steutium
2398 3985 2509 4040 Deo
2549 3983 2685 4040 colla
2718 3983 3070 4048 transfodias,
3124 3999 3225 4039 nec
3265 3985 3466 4040 vindex
3521 3999 3581 4040 es
3626 3985 3676 4038 in

2091 4077 2231 4132 iram
2250 4078 2302 4132 ei-
2327 4077 2426 4146 qui-
2449 4075 2648 4131 malum
2672 4077 2802 4148 agit,
2833 4076 2962 4130 dum
3011 4075 3063 4129 in
3095 4075 3467 4132 adulterantes
3495 4075 3682 4131 Eccle-

2090 4167 2225 4222 siam
2255 4181 2362 4221 non
2390 4165 2696 4236 consurgis,
2726 4174 2782 4220 et
2811 4180 2932 4219 cum
2961 4165 3216 4219 Simeone
3230 4173 3287 4220 et
3310 4164 3438 4219 Levi
3463 4164 3676 4218 violata:

2090 4258 2296 4313 sororis
2324 4257 2670 4327 opprobrium
2703 4271 2734 4310 a
2760 4257 2920 4311 domo
2949 4256 3113 4311 Israel
3139 4271 3243 4311 non
3277 4255 3494 4326 repellis
3521 4255 3676 4324 (ειη.

2089 4350 2298 4420 xxxiv).
2338 4348 2592 4404 Vertatur
2617 4362 2748 4417 ergo
2773 4348 2932 4403 docta
2957 4363 3154 4402 manus
3193 4347 3264 4402 ad
3307 4346 3580 4416 capulum,
3627 4354 3681 4399 ct

2092 4455 2213 4496 cum
2241 4437 2412 4494 David
2450 4436 2903 4491 in-Amalechitas
2945 4436 3154 4506 impetu
3195 4434 3424 4505 fulguris
3457 4432 3678 4502 irrue(l

410 4525 599 4582 Italico
649 4541 814 4597 regno
860 4525 1148 4596 aliquando
1194 4526 1456 4582 domin-ali
1504 4536 1632 4592 sunt
1673 4525 1865 4593 Graeci,
1895 4529 1991 4583 aii-
2022 4510 2071 4568 ί)
2096 4529 2225 4601 Reg.
2264 4526 2428 4595 x-xx);
2470 4535 2526 4581 et
2543 4527 2684 4581 sicut
2719 4526 2806 4580 ille
2834 4525 3166 4581 latrunculos
3190 4525 3510 4596 subegit,sic
3536 4533 3592 4579 et
3620 4535 3676 4578 tu

411 4616 631 4684 quando
667 4615 827 4682 Galli,
855 4616 1171 4687 plerumque
1195 4617 1393 4672 Latini.
1419 4617 1729 4688 Tu,qnaeso,
1757 4619 1988 4689 gloriose

413 4723 533 4770 rex,
564 4725 594 4762 a
618 4709 802 4778 pravis
825 4708 1166 4773 consiliariis,
1210 4718 1464 4777 tanquam
1506 4723 1536 4762 a
1569 4710 1847 4764 venenatis
1877 4727 1987 4764 ser-

413 4801 664 4868 pentium
685 4797 856 4854 sibilis
905 4813 1066 4854 aures
1109 4801 1322 4864 obt-ura,
1353 4800 1405 4853 in
1445 4799 1599 4854 virile
1627 4809 1679 4854 te
1707 4802 1868 4854 robur
1895 4816 1991 4868 per

412 4887 658 4941 ardorem
686 4887 910 4957 spiritus
929 4887 1129 4950 excita,
1151 4887 1400 4956 collapsas
1422 4888 1706 4943 matrima:
1737 4888 1988 4942 Romana:

412 4977 668 5031 Ecclesia:
711 4993 928 5031 manum
967 4975 1214 5046 porrige,
1251 4986 1306 5030 et
1353 4987 1603 5047 tanquam
1635 4978 1990 5048 archangelus

415 5066 658 5135 Baphael
687 5083 717 5119 a
759 5067 894 5120 Sara
928 5066 1036 5119 ﬁlia
1083 5066 1282 5135 Ragnel
1313 5067 1652 5131 daamonium,
1693 5083 1722 5120 a
1762 5082 1868 5138 quo
1914 5070 1990 5120 vi-

415 5156 638 5222 duatur,
669 5157 874 5226 expelle
905 5157 1058 5228 (Tob.
1085 5158 1223 5227 VIII),
1251 5157 1475 5211 utsicut
1510 5157 1839 5214 Octavianus
1875 5158 1988 5213 Au-

418 5258 609 5318 gustus
653 5248 705 5302 in
737 5249 839 5303 hoc
878 5248 1143 5318 gloriatur
1165 5249 1380 5319 elogio:
1415 5269 1432 5300 ‹
1467 5249 1684 5314 Urbem,
1718 5251 1986 5320 inquiens,

415 5336 704 5392 lateritiam
755 5339 961 5409 reperi,
1011 5338 1255 5409 relinquo
1303 5353 1660 5395 marmoream
1705 5341 1888 5411 (Suet.
1938 5343 1990 5396 in

416 5427 712 5498 Augusto);
732 5447 753 5480 ι
786 5429 866 5484 sic
893 5437 948 5482 et
975 5437 1028 5483 tu
1060 5429 1519 5501 multogloriosius
1543 5432 1813 5516 multoque
1841 5431 1992 5486 nobi-

419 5517 526 5571 lius
569 5517 746 5571 dicere
785 5519 960 5574 valeas
994 5538 1005 5572 :
1039 5519 1336 5574 Romanam
1382 5520 1676 5575 Ecclesium
1720 5519 1987 5588 jaccntem

419 5611 638 5681 quidem
669 5626 798 5679 puer
843 5613 1042 5676 inveni,
1075 5614 1168 5668 sed
1202 5623 1491 5681 antequam
1534 5612 1686 5682 plene
1735 5615 1990 5683 pubesce-

419 5714 557 5765 Iem,
598 5697 759 5772 245
789 5709 1006 5754 auctore
1038 5700 1166 5762 Deo,
1196 5702 1250 5755 in
1284 5709 1479 5755 statum
1518 5702 1802 5770 pristinum
1830 5718 1983 5756 revo-

2093 4618 2277 4673 hostes
2307 4615 2562 4672 Ecclesia:
2589 4616 2799 4670 vibrato
2829 4614 3051 4684 iustitia:
3089 4631 3350 4672 mucrone
3402 4613 3677 4684 transﬁge.

2093 4706 2306 4762 Sentiat
2355 4707 2554 4760 sentiat
2577 4705 2901 4759 veterrimus
2927 4703 3016 4758 ille
3046 4704 3232 4769 draco,
3283 4703 3549 4760 Gadalous
3599 4704 3679 4755 vi-

2091 4795 2292 4851 delicet
2313 4795 2658 4864 per-turbator
2686 4795 2966 4860 Ecclesite,
2993 4809 3218 4849 eversor
3234 4793 3545 4863 apostolica)
3595 4792 3679 4845 di-

2089 4887 2347 4956 sciplinae,
2380 4886 2837 4942 inimicussalutis
2867 4887 3134 4951 humanae,
3175 4887 3398 4950 sentiat,
3435 4885 3677 4954 inquam,

2090 4977 2244 5033 radix
2266 4976 2493 5046 peccati,
2525 4992 2699 5046 praeco
2725 4977 2918 5032 diaboli
2950 5019 2965 5042 ,
3007 4976 3283 5046 apostolus
3335 4975 3673 5036 Antichristi,

2092 5082 2147 5128 et
2171 5071 2299 5142 quid
2340 5071 2493 5141 plura
2525 5071 2738 5125 dicam?
2763 5072 2956 5140 sagitta
2994 5072 3255 5140 producta
3303 5071 3368 5123 de
3415 5071 3673 5140 pharetra

2095 5163 2328 5227 Satanae,
2362 5161 2510 5230 virga
2536 5162 2726 5226 Assur,
2755 5161 2896 5216 ﬁlius
2917 5161 3107 5226 Belial,
3141 5161 3285 5218 ﬁlius
3333 5160 3672 5231 perditionis,

2091 5253 2181 5323 qui
2210 5253 2526 5307 adversatur
2547 5260 2604 5306 et
2636 5251 2914 5306 extollitur
2937 5268 3100 5321 supra
3133 5261 3293 5306 omne
3341 5251 3484 5321 quod
3537 5251 3673 5304 dici-

2096 5353 2182 5397 tur
2206 5343 2369 5410 Deus,
2399 5350 2491 5397 aut
2509 5343 2650 5412 quod
2675 5342 2872 5397 colitur
2893 5341 2978 5413 (11
3013 5342 3191 5397 Tltm.
3219 5342 3304 5412 ιι),
3356 5356 3556 5410 vorago
3611 5339 3670 5393 Ii-

2095 5433 2310 5497 bidinis,
2345 5432 2679 5503 naufragium
2701 5434 2985 5500 castitatis,
3014 5432 3446 5488 Christianitatis
3469 5447 3670 5502 oppro-

2094 5525 2288 5588 brium,
2333 5525 2622 5595 ignominia
2658 5527 3022 5591 sacerdotum,
3043 5528 3291 5595 genimen
3341 5527 3669 5596 viperarum,

2094 5613 2253 5666 fartor
2282 5614 2449 5679 orbis,
2473 5615 2726 5682 spurcitia
2759 5615 2958 5681 sreculi,
2983 5615 3218 5671 dedecus
3255 5615 3620 5669 universitatis
3646 5626 3665 5665 :

2097 5711 2402 5757 attexantur
2431 5702 2607 5756 adhuc
2635 5703 2870 5771 epitheta
2891 5703 3132 5770 Cadaloi,
3173 5705 3448 5776 catalogus
3485 5703 3668 5760 videli-
