4024 6198
334 276 428 330 «fil

1429 257 1630 327 LIBER
1672 261 2040 338 seruitus,
2071 265 2285 326 nrt-5T.
2315 273 2402 326 tv.

3487 275 3592 330 “9

326 387 667 445 cetnuminis
701 384 972 441 tenebrosi
1002 398 1225 455 serpens
1252 381 1512 450 lubricus,
1549 383 1768 441 coluber
1797 394 1903 439 tor-
1933 389 1981 447 Α
2012 395 2143 440 ιιηιι.
2177 385 2306 450 Sed,
2333 404 2366 440 ο
2392 385 2595 439 utinam
2617 397 2718 456 ego
2745 395 2868 442 ante
2897 387 3136 442 tribunal
3186 397 3336 442 tuum
3380 387 3596 458 adiudi-

329 488 537 546 tuosus,
558 488 768 535 stercus
786 477 1088 540 hominum,
1110 477 1304 530 latrina
1326 476 1640 540 criminum,
1689 477 1904 531 sentina

325 571 602 636 vitiorum,
631 569 964 624 abominatio
987 568 1132 631 coeli,
1163 565 1327 640 246
1353 567 1615 637 proiectio
1646 567 1906 636 paradisi,

324 658 581 732 pabulum
611 657 825 723 tartari,
863 658 1059 729 stipula
1109 656 1247 728 ignis
1297 659 1506 722 aeterni,
1563 657 1762 712 sentiat
1805 656 1908 712 iste

322 761 528 807 motum
559 751 721 820 regite
747 745 1068 818 maiestatis.
1111 759 1166 803 et
1218 757 1495 803 terrenum
1526 757 1731 802 metuat
1759 748 1906 818 prin-

320 841 519 911 cipem,
545 841 634 911 qui
659 839 920 894 audacter
943 849 1202 909 provocat
1228 837 1281 894 in
1325 837 1464 895 bella
1501 839 1806 904 ctelestem;
1851 845 1908 893 et

318 929 446 1000 quia
475 929 606 986 dicit
635 929 892 1000 insipiens
937 929 990 984 in
1041 930 1205 987 corde
1256 945 1392 987 suo:
1428 951 1446 984 ε
1479 930 1598 987 Non
1636 941 1718 986 eet
1765 930 1905 986 Deus

318 1019 494 1092 (Prol.
520 1021 676 1090 xm);
717 1040 736 1072 ι
769 1021 1080 1092 aperiatur
1116 1021 1294 1078 inease
1324 1024 1470 1094 regio
1501 1024 1702 1094 pectori
1749 1023 1904 1080 (Ἀπί.

316 1112 511 1168 stianae
541 1113 662 1168 ﬁdei
690 1113 967 1182 pietatem,
1001 1127 1101 1185 pro
1121 1105 1318 1169 divinae
1342 1116 1551 1170 militia:
1577 1116 1774 1172 castris
1795 1125 1901 1170 non

317 1198 596 1257 enerviter
634 1200 1036 1272 conﬂigentem.
1093 1198 1335 1271 Regnum
1396 1210 1528 1274 ergo
1556 1211 1706 1259 tuum
1752 1211 1902 1260 arma

316 1289 619 1361 corripiat;
668 1299 730 1344 ut
771 1301 894 1345 cum
937 1286 1332 1348 Melchisedech
1379 1293 1486 1348 stet
1539 1294 1906 1349 sacerdOtium

317 1378 478 1451 (Gen.
523 1379 674 1450 xrv);
720 1380 1094 1435 sacerdotium
1135 1390 1256 1437 oret
1285 1421 1301 1448 ,
1351 1386 1410 1437 ut
1479 1385 1683 1438 avitum
1734 1383 1900 1438 David

313 1473 588 1528 cxaltet‘ur
615 1473 925 1542 imperium.
956 1470 1090 1528 Nam
1115 1474 1181 1529 ad
1214 1472 1319 1528 Hoc
1343 1485 1442 1544 pro
1478 1480 1532 1530 te
1583 1469 1900 1530 universalis

311 1571 436 1621 orat
455 1563 722 1630 Ecclesia,
752 1575 812 1620 ut
839 1576 894 1621 et
919 1566 1070 1623 labor
1101 1575 1224 1624 tuus
1259 1568 1309 1624 ei
1337 1570 1583 1639 quietem
1610 1571 1803 1640 pariat,
1846 1581 1899 1627 et

309 1655 652 1712 orationibus
689 1656 835 1712 illius
855 1658 1024 1727 gloria
1072 1658 1167 1715 tibi
1214 1647 1556 1730 triumphalis
1600 1667 1894 1728 decrescat,

311 1747 452 1803 sicut
475 1757 531 1802 et
551 1743 764 1819 Moyses
787 1750 979 1806 orabat
1011 1765 1184 1822 eoque
1211 1751 1612 1821 simulem-nte,
1625 1755 1894 1822 vincebat;
1931 1732 1975 1790 Β

310 1833 355 1891 si
388 1847 520 1891 vero
547 1837 851 1892 remitteret
894 1852 1085 1895 manus
1117 1839 1348 1911 Moyses,
1397 1843 1692 1911 Superahat
1735 1845 1901 1913 proti-

310 1938 414 1979 nus
432 1923 914 1996 AmalecMEa-od.
941 1929 1096 1997 xv").
1155 1928 1294 1984 Hinc
1335 1939 1390 1984 et
1434 1930 1724 1999 Apostolus
1776 1933 1851 1986 ait
1885 1950 1899 1987 :

318 2032 344 2068 ε
369 2007 610 2070 Obsecro
633 2017 868 2087 primum
917 2020 1159 2073 omnium
1183 2018 1302 2075 ﬁeri
1327 2022 1752 2085 obsecra-tiones,
1802 2039 1899 2093 po-

309 2105 646 2170 stulationes,
680 2108 976 2178 gratiarum
1005 2110 1245 2166 actiones
1269 2127 1366 2181 pro
1386 2112 1638 2167 omnibus
1664 2113 1898 2167 homini-

311 2198 432 2261 bus,
461 2207 564 2268 pro
607 2198 848 2267 regibus,
907 2211 964 2255 et
1005 2202 1254 2257 omnibus
1341 2204 1433 2274 qui
1465 2203 1517 2258 in
1575 2205 1901 2261 sublimitate

311 2297 434 2343 mut
460 2288 738 2343 constituti
770 2285 818 2358 (I
843 2283 978 2343 Tim.
1007 2291 1092 2360 tt).
1131 2310 1150 2342 ι
1179 2291 1360 2358 Quare
1407 2293 1546 2348 hoc?
1573 2293 1710 2347 Audi
1757 2296 1898 2364 quod

309 2377 594 2447 sequitur:
633 2397 652 2431 ι
710 2378 779 2434 Ut
797 2379 1041 2449 quietam
1065 2391 1120 2435 et
1155 2381 1500 2452 tranquillam
1554 2385 1718 2438 vitam
1775 2397 1900 2454 aga-

310 2477 431 2524 mus
453 2469 512 2523 in
547 2469 701 2524 omni
723 2470 936 2541 pietate
975 2479 1029 2526 et
1067 2473 1318 2527 castita-te
1373 2473 1554 2545 (Ibid.
1582 2475 1620 2546 ).
1654 2495 1671 2527 ι
1733 2476 1900 2533 Porro

309 2561 435 2632 quia
470 2561 767 2632 splendida:
791 2565 1068 2618 memoriae
1097 2573 1250 2634 pater
1276 2564 1398 2635 ejus
1446 2564 1764 2637 magniﬁcus
1798 2569 1901 2623 itu-

309 2661 532 2722 perator
557 2651 866 2709 sublimiter
909 2653 1169 2707 exultavit
1218 2653 1537 2719 Ecclesium,
1593 2663 1648 2709 tu
1683 2671 1908 2728 quoque.

307 2743 452 2799 s'rcut
484 2740 605 2813 ejus
627 2742 802 2798 haeres
834 2741 1068 2812 imperii,
1092 2741 1171 2798 sic
1205 2743 1376 2798 etiam
1422 2745 1476 2801 in
1516 2745 1897 2801 ecclesiamet:

308 2833 575 2890 cautionis
599 2833 726 2903 jura
763 2833 1017 2889 succede.-
1045 2833 1216 2902 igitur
1237 2835 1288 2890 in
1312 2835 1668 2891 ecclesiastici
1721 2846 1902 2893 sta-lus

309 2926 685 2982 hieolumitate
732 2925 994 2980 serva-uda
1047 2925 1347 2980 clarissima
1399 2928 1620 2983 suboles
1654 2929 1896 2997 paternis

2011 492 2103 532 cer
2131 491 2253 530 rcus
2283 476 2681 545 perduellionis,
2705 477 2834 533 dum
2866 488 2924 532 tu
2949 486 3130 534 tamen
3162 481 3214 533 in
3247 481 3592 539 adversarius

2008 565 2317 637 apostolica}
2345 567 2487 621 sedis
2508 565 2747 621 vindices
2772 568 2974 622 arbiter
2993 569 3292 638 aequitatis!
3314 570 3368 624 In
3418 572 3590 626 cervi—

2007 656 2087 712 cis
2117 665 2250 712 inea:
2273 657 2517 727 jugulum
2549 658 2760 712 securis
2781 659 2989 713 vibrata
3027 659 3302 726 desmviat,
3356 670 3591 716 tantum-

2008 750 2165 804 modo
2196 749 2438 804 lio‘mana
2470 749 2712 804 Ecclesia
2769 750 3000 820 proprim
3054 751 3336 822 dignitatis
3380 753 3586 821 apicem

2005 849 2103 908 per
2131 843 2183 892 te
2211 845 2456 906 reparate
2481 839 2832 893 conscendat.
2863 838 3033 893 Porro
3058 839 3102 893 si
3133 838 3432 895 Cadaloum
3477 842 3587 895 cito

2006 927 2152 982 velut
2175 928 2311 982 alter
2337 928 2724 984 Cunstantin'us
2751 930 2941 984 Arium
2987 929 3149 1003 247
3208 932 3440 987 destruis
3475 973 3487 995 ,
3531 944 3585 988 ct

2004 1015 2278 1083 Ecclesiae,
2307 1033 2404 1089 pro
2423 1031 2529 1089 qua
2558 1020 2808 1076 Christus
2839 1031 3081 1076 mortuus
3095 1033 3394 1093 est,paeem
3417 1022 3585 1079 refor-

2003 1119 2154 1166 mare
2181 1113 2493 1179 contendis;
2521 1111 2690 1167 faciat
2713 1122 2763 1167 te
2788 1113 2930 1168 Deus
2961 1113 3011 1167 in
3042 1114 3290 1183 proximo
3329 1109 3394 1169 de
3421 1129 3585 1185 regno

2002 1201 2284 1272 imperiale
2318 1202 2588 1274 fastigium
2615 1203 2897 1268 scandere,
2935 1212 2988 1258 et
3017 1215 3047 1256 a
3075 1205 3286 1258 cunctis
3340 1205 3585 1260 hostibus

2002 1290 2112 1348 tuis
2157 1295 2384 1365 insignis
2438 1294 2624 1366 gloriae
2664 1295 2849 1350 titulos
2901 1303 3216 1366 reportare;
3271 1297 3507 1367 alioquin
3539 1298 3586 1353 si

2001 1379 2177 1440 adhuc
2203 1385 2530 1448 dissimulas,
2567 1387 2613 1440 si
2667 1388 2851 1441 mundi
2900 1387 3262 1456 periclitantis
3317 1396 3581 1452 errorem,

2002 1489 2123 1526 cum
2159 1472 2333 1544 possis
2389 1473 2624 1538 abolere,
2653 1475 2944 1538 detrectas,
2973 1482 3027 1530 et
3077 1477 3309 1546 reliqua.
3349 1477 3587 1533 Cobibc’o

1999 1562 2270 1630 spiritum,
2296 1570 2352 1618 et
2373 1563 2775 1634 consequentia:
2807 1557 3055 1634 relinquo
3083 1565 3375 1622 lectoribus
3428 1568 3585 1622 intel-

2001 1651 2220 1709 lectum.

2562 1723 2898 1781 EPISTOLA
2932 1726 3022 1780 IV.

2004 1829 2284 1870 unusunu-
2327 1821 2770 1881 tucmurrscopi,
2819 1827 3082 1874 BONIFACII
3135 1832 3454 1874 ALBANENSIS
3513 1834 3584 1874 nr

2073 1899 2411 1941 CETERORUI
2452 1901 2812 1942 CARDINALIUM
2848 1904 3209 1945 EPISCOPOBUI
3247 1907 3314 1943 ΔΙ)
3338 1904 3582 1946 AGNETEM

2073 1970 2498 2020 IMPERATRICBM,
2526 1971 2737 2012 HENRICI
2777 1974 2814 2010 11
2853 1971 2961 2011 [ΜΡ.
2999 1975 3231 2013 UXOBEﬂ.

2002 2042 2736 2121 Ancuueuruu.:-Pcti_erat
2775 2045 3088 2121 imperatrir
3117 2051 3295 2120 Agnes
3347 2065 3444 2121 per
3499 2050 3584 2104 lit.

2074 2125 2237 2189 teras,
2265 2123 2321 2170 ut
2347 2115 2565 2189 pallium
2598 2115 3363 2189 Moguntinaarchiepiscopo
3392 2127 3583 2174 rect-en-

2074 2195 2159 2240 ter
2178 2185 2356 2240 electo
2374 2185 2704 2241 mitteretur;
2733 2186 3062 2241 Itescrib‘unt
3107 2185 3358 2250 doctores
3384 2191 3582 2244 beatis-

2070 2256 2191 2310 simi
2227 2256 2505 2310 asecretis
2529 2256 2767 2324 episcopi
2817 2257 3135 2316 cardinales.
3198 2259 3250 2312 id
3307 2259 3424 2312 ﬁeri
3475 2277 3580 2314 non

2070 2342 2248 2398 posse.
2256 2324 2375 2398 Non,
2384 2325 2556 2398 solere
2565 2328 2706 2398 enim
2720 2327 2890 2398 Roma
2899 2344 3016 2398 nam
3027 2327 3317 2382 Ecclesium
3333 2327 3582 2398 cuiquam

2071 2395 2295 2449 antistiti
2332 2396 2564 2459 absenti,
2595 2395 2695 2450 nisi
2726 2397 2815 2465 qui
2851 2397 3043 2465 priusa
3069 2413 3279 2451 summo
3302 2395 3576 2465 pontiﬁce,

2071 2475 2163 2537 aut
2192 2465 2305 2532 ejus
2327 2465 2501 2537 legato
2529 2465 3121 2537 examinatusidoneus
3154 2477 3313 2522 tanta:
3335 2469 3582 2537 dignitati

2071 2534 2322 2608 inventus
2347 2534 2533 2608 luerit,
2559 2535 2780 2608 pallium
2811 2535 3064 2608 tribuere.
3099 2537 3367 2608 Oportere
3395 2534 3581 2608 "igitur

2070 2605 2337 2676 eumdem
2383 2604 2772 2676 Moguntinmn;
2813 2604 3282 2676 archiepiscopum
3353 2604 3581 2661 Romam

2068 2673 2362 2745 prolicisci,
2387 2683 2457 2745 ut
2473 2671 2542 2728 ibi
2584 2671 2913 2744 approbatus
2937 2671 3400 2745 et'voti'cumpos
3456 2677 3584 2731 elic-

2067 2753 2210 2807 ctus,
2240 2744 2292 2797 in
2322 2743 2550 2810 patriam
2582 2743 2904 2799 revertatur.

2067 2835 2438 2891 Serenissimar
2467 2835 2795 2904 imperatrici
2842 2837 3072 2898 AGNETI,
3123 2837 3451 2894 l-luueen'rus
3497 2857 3585 2894 ar-

1995 2926 2392 2996 chiepiscopus,
2419 2934 2474 2980 et
2503 2925 2822 2982 BONIFACIUS
2851 2927 3175 2982 Albanensis
3201 2946 3322 2996 cum
3369 2929 3582 2983 caeteris

308 3017 633 3086 respondeat
663 3015 953 3081 institutis;
981 3025 1038 3071 et
1069 3016 1138 3070 ab
1171 3017 1370 3071 arbore
1415 3023 1516 3070 sua
1556 3012 1663 3072 nun
1705 3019 1896 3088 deger-
1931 3083 1963 3088 _
1996 3015 2359 3071 cardinalibus
2395 3015 2683 3086 episcopis,
2715 3017 3152 3072 concurdissimae
3195 3017 3468 3072 ﬁdelitatis
3488 3022 3583 3072 ob-

308 3109 476 3164 minet
504 3123 688 3163 ramus
717 3105 772 3162 in
796 3107 994 3173 fructu,
1027 3121 1188 3179 quam
1215 3123 1314 3178 per
1347 3109 1628 3165 traducem
1675 3111 1892 3167 vir-tutis
1920 3083 1966 3144 δ
1995 3105 2262 3174 sequium.

307 3209 368 3255 et
389 3200 580 3269 gratiae
607 3199 770 3255 decus
791 3209 1042 3254 exornat.
1078 3199 1183 3255 Sed
1219 3200 1358 3256 sicut
1383 3201 1512 3256 olim
1567 3217 1662 3271 per
1717 3201 1886 3268 illum,

310 3301 416 3343 non
453 3289 649 3342 amodo
675 3303 771 3358 per
797 3295 927 3361 teet
953 3287 1190 3358 collapsa
1247 3299 1500 3360 resurgat
1542 3291 1798 3355 Ecclesia,
1838 3301 1894 3347 et

309 3378 675 3433 ecclesiastica
704 3395 822 3449 qme
859 3377 1089 3436 confusa
1110 3387 1193 3433 est
1219 3379 1468 3436 reﬂoreat
1504 3380 1808 3450 disciplina.

378 3469 579 3526 Durius
608 3467 751 3526 forte
804 3470 1016 3525 locutus
1073 3486 1191 3526 sum
1243 3471 1380 3542 regi,
1430 3473 1728 3541 praesertim
1769 3483 1890 3526 cum

267 3563 280 3577 ‘
310 3558 564 3617 Saiomon
595 3557 738 3617 dicat
770 3579 784 3616 :
815 3579 833 3612 ι
856 3561 916 3616 1η
935 3561 1266 3632 cogitatione
1287 3570 1381 3615 tua
1399 3562 1598 3634 regi-ne
1619 3563 1889 3624 detrahas,

307 3657 362 3708 et
387 3653 442 3706 in
480 3661 693 3708 secreto
711 3651 912 3707 cubilis-
938 3653 1033 3716 tui,
1059 3652 1500 3708 ne-mal'e‘dixeris
1541 3653 1710 3715 diviti,
1762 3653 1889 3721 quia"

309 3742 423 3798 avis
448 3743 569 3799 caeli
599 3741 840 3812 portabit
864 3751 1049 3799 vocem
1075 3751 1246 3809 tuam,
1277 3752 1332 3799 et
1362 3745 1456 3814 qui
1481 3744 1642 3799 habet
1683 3759 1891 3813 pennas

308 3834 658 3890 aununtiabit
685 3834 1008 3890 sententiam
1033 3834 1234 3903 (Eccle.
1259 3834 1335 3903 κ).
1392 3853 1410 3885 ι
1458 3834 1524 3888 Et
1559 3847 1766 3898 revera,
1798 3835 1888 3902 qui

305 3924 584 3997 peculatus
601 3925 806 3980 crimen
836 3923 1082 3988 incurrit,
1098 3923 1483 3993 indiacoposin-
1498 3923 1707 3994 cogitur
1719 3921 1889 3976 ἰηΐηνυ

309 4015 425 4073 cire
444 4015 589 4086 quod
620 4015 761 4080 tulit,
790 4015 881 4070 sed
917 4023 1043 4069 tunc
1073 4013 1428 4068 deferendum
1475 4021 1562 4066 est:
1607 4013 1738 4082 regi,
1767 4027 1887 4066 cum

305 4117 402 4162 rex
428 4105 770 4173 obtemperat
793 4103 1104 4169 Conditori;
1138 4102 1375 4172 alioquin
1409 4115 1534 4157 cum
1557 4117 1651 4156 rex
1693 4103 1890 4157 divinis

309 4195 535 4252 resultat
561 4195 824 4267 imperiis,
869 4195 982 4266 ipse
1029 4207 1243 4266 quorum
1294 4195 1417 4266 jure
1464 4195 1828 4250 contemnitur
1859 4210 1890 4250 ιι

305 4286 584 4358 subjectis.
627 4287 684 4343 Si
720 4288 843 4358 quis
865 4289 1012 4344 enim
1041 4288 1314 4359 proprius,
1368 4303 1471 4342 non
1506 4287 1608 4342 Dei:
1637 4303 1728 4343 rex
1768 4299 1891 4343 esse

300 4376 668 4442 convincitur,
694 4378 784 4448 qui
814 4377 867 4432 in
897 4377 984 4433 die
1027 4391 1218 4447 pugnae
1253 4392 1360 4432 non
1404 4383 1514 4432 stat
1560 4390 1658 4446 pro
1694 4379 1888 4432 castris

307 4467 584 4536 Ecclesiae,
618 4479 675 4526 et
696 4471 776 4525 sic
799 4470 1031 4541 propriis
1063 4468 1410 4532 utilltatibusi
1437 4470 1740 4539 specialiter
1772 4487 1888 4526 me-

311 4563 431 4627 tuit,
455 4571 516 4615 ut
543 4562 712 4615 ruina:
737 4562 1098 4630 periclitantis
1135 4563 1390 4618 Ecclesia:
1421 4576 1526 4616 non
1583 4573 1888 4618 succurrat.

311 4647 412 4704 Sed
435 4659 632 4705 etcum
661 4667 757 4721 per
779 4651 970 4706 Isaiam
1001 4650 1264 4706 Dominus
1287 4651 1467 4706 dicat:
1519 4668 1537 4701 ι
1587 4651 1794 4717 Venite,
1831 4653 1895 4730 .et

307 4741 510 4810 arguite
538 4757 623 4796 me
651 4742 784 4812 (lea.
820 4741 894 4812 i);
929 4761 947 4793 ι
976 4756 1071 4797 cur
1094 4743 1258 4798 homo
1283 4743 1352 4796 ab
1377 4741 1594 4795 homine
1625 4739 1892 4810 despiciat

308 4833 458 4903 argui
490 4847 651 4901 quem
688 4842 902 4888 constat
955 4835 1143 4890 eadem
1194 4832 1538 4888 mortalitatis
1593 4831 1708 4902 lege
1763 4843 1893 4886 con—

308 4922 539 4994 stringi?
569 4923 634 4977 Et
664 4937 786 4977 cum
815 4923 930 4993 lege
978 4922 1176 4977 ἴοι-ιτηεί
1208 4932 1422 4976 cautum
1453 4922 1546 4988 sit,
1586 4931 1647 4976 ut
1694 4921 1785 4991 qui
1838 4921 1890 4976 in

309 5020 676 5081 peremptores
699 5022 979 5079 parentum
1012 5028 1116 5065 non
1150 5011 1450 5075 ulciscitur,
1493 5011 1545 5064 in
1587 5009 1677 5078 jus
1723 5011 1896 5064 inerr-

310 5099 516 5157 ditarize
539 5103 902 5156 successionis
929 5102 1240 5158 nullatenus
1271 5101 1608 5166 admittatur,
1639 5116 1760 5171 ego,
1800 5103 1888 5168 qui

312 5193 364 5247 in
390 5195 714 5260 homicidam
756 5196 948 5249 matris
979 5209 1131 5257 meai,
1158 5195 1413 5248 Romana!
1455 5193 1663 5249 scilicet
1707 5192 1893 5247 Eccle-

313 5282 399 5338 size
434 5284 620 5341 ulcisci
645 5297 873 5353 nequeo,
904 5283 1107 5338 ultores
1133 5283 1321 5338 saltem
1347 5282 1622 5351 impellere
1649 5296 1750 5336 nou
1781 5291 1890 5334 trn-

314 5377 469 5431 tabo?
507 5377 717 5448 Deputa
738 5391 865 5448 ergo
890 5391 995 5440 me,
1024 5392 1055 5429 ο
1087 5391 1200 5441 rex,
1236 5376 1469 5432 ﬁdeliter
1497 5375 1887 5438 consulentem,

315 5483 416 5522 non
443 5471 741 5537 procaciter
766 5471 1141 5540 obloqucutem
1164 5488 1177 5532 ;
1211 5471 1298 5524 vel
1323 5471 1364 5524 si
1407 5470 1600 5540 placet,
1623 5471 1891 5527 aestimato

315 5573 394 5611 me
416 5577 522 5629 pr.c
547 5563 729 5618 dolore
759 5573 1046 5631 peremptae
1076 5562 1268 5614 triatris
1309 5562 1577 5639 insanum,
1630 5578 1730 5614 non
1789 5561 1888 5612 ad-

320 5665 498 5706 versus
529 5653 900 5707 t'Jx‘~'ttllC.';litlttl
927 5653 1084 5721 regite
1133 5652 1430 5720 maiestatis
1460 5652 1756 5706 insolenter
1782 5653 1884 5711 cla.

1919 4421 1968 4479 D

2065 3197 2110 3252 A
2135 3196 2423 3268 longojam
2457 3205 2702 3268 tempore
2751 3213 2974 3268 prorsus
3009 3199 3274 3268 imperiali
3315 3201 3580 3271 majestati

1994 3289 2230 3345 Ecclesia
2271 3282 2514 3344 Romana
2545 3290 2668 3360 plus
2702 3305 2807 3344 non
2831 3291 3017 3346 debuit
3052 3308 3214 3362 quam
3244 3302 3440 3348 vestrae
3463 3295 3580 3364 glu-

1994 3377 2106 3443 rize,
2135 3392 2201 3433 ex
2231 3376 2385 3447 cuius
2407 3379 2656 3433 videlicet
2683 3388 2882 3434 sanctae
2898 3380 3201 3436 devotionis
3215 3383 3394 3436 studio
3411 3384 3518 3436 mul
3547 3402 3575 3436 a

1991 3473 2253 3529 beneﬁcia
2291 3481 2346 3528 et
2373 3488 2567 3542 magna
2597 3474 2852 3543 suscepit.
2899 3473 2977 3529 Ita
3033 3476 3308 3542 nimirum,
3355 3486 3415 3530 ut
3456 3476 3579 3545 jure

1993 3562 2192 3618 dicaris
2223 3562 2280 3616 Β.
2315 3562 2461 3616 Petri
2484 3563 2852 3632 apostolorum
2898 3565 3158 3633 principis
3191 3565 3324 3634 ﬁlia,
3373 3575 3430 3620 et
3485 3566 3574 3620 Dei

1991 3652 2378 3722 omnipotentis
2409 3653 2462 3706 in
2493 3653 2784 3707 commisso
2811 3654 2906 3707 tibi
2960 3655 3220 3724 regimine
3272 3655 3442 3710 ﬁdelis
3483 3671 3580 3708 an-

1990 3744 2137 3799 cilla.
2162 3743 2216 3800 Si
2239 3746 2365 3814 quid
2385 3744 2932 3816 ergumagniﬁcentia
2957 3755 3132 3800 vestra
3161 3744 3459 3799 Romanam
3482 3761 3578 3814 pe-

1993 3838 2057 3892 tit
2086 3838 2404 3903 Ecclesiam,
2453 3837 2604 3908 quod.
2647 3839 2924 3894 canonicis
2970 3839 3152 3892 obviet
3200 3837 3424 3907 regulis,
3469 3853 3576 3890 non

1991 3928 2231 3992 malitiae,
2261 3929 2407 3998 quod
2433 3929 2594 3994 absit,
2626 3929 2982 3994 ascribimus;
3013 3930 3108 3982 sed
3165 3928 3576 3983 consiliatorum

1991 4028 2296 4074 vestrorum
2357 4019 2538 4089 potius
2588 4019 2904 4089 ignorantiae
2958 4017 3300 4088 deputamus;
3354 4016 3578 4073 Petistis

1990 4109 2133 4164 enim
2155 4117 2214 4163 ut
2242 4109 2464 4164 domino
2492 4108 2816 4180 Moguntino-
2836 4109 3049 4179 pallium
3075 4109 3399 4174 mitteretur,
3430 4110 3583 4178 quod

1989 4197 2173 4266 procul
2200 4196 2365 4252 dubio
2394 4205 2708 4253 sanctorum
2746 4198 2967 4252 Patrum
3022 4198 3393 4252 sanctionibus
3447 4214 3583 4266 pro-

1991 4286 2150 4341 batur
2183 4287 2489 4341 adversum.
2511 4287 2612 4357 Ipsi
2641 4288 2908 4356 siquidem
2936 4278 3227 4357 pontiﬁces
3243 4304 3306 4342 ex
3335 4289 3574 4356 antiqua:

1994 4374 2458 4443 traditionis-usu,
2476 4376 2542 4429 ad
2585 4377 2949 4445 apostolorum
2981 4379 3176 4431 debent
3219 4378 3406 4431 limina-
3449 4395 3572 4446 pro.

1992 4483 2201 4538 perure,
2231 4476 2285 4522 et
2308 4469 2437 4532 hoc,
2461 4469 2580 4523 sine
2596 4469 3126 4538 quo-metropolitani
3160 4485 3282 4522 esse
3315 4486 3422 4522 non
3453 4485 3574 4537 pus-

1992 4567 2139 4621 sunt,
2163 4558 2374 4627 signum
2402 4558 2843 4612 consummandiu
2869 4573 2980 4610 suae
3001 4559 3278 4626 dignitatis
3304 4560 3568 4626 accipere.

1993 4646 2149 4712 Quod
2181 4647 2224 4700 si
2255 4647 2381 4700 huic
2409 4646 2696 4702 assertioni
2728 4646 2974 4700 fortassis
3026 4645 3298 4712 objicitur,
3322 4661 3350 4697 a
3378 4645 3583 4698 Romae

1993 4735 2076 4789 nis
2106 4734 2449 4806 pontiﬁcibus
2479 4734 2698 4806 pallium
2747 4733 2812 4788 ad
2856 4734 3084 4804 plurima
3129 4735 3244 4788 loca
3297 4751 3437 4803 saepe
3481 4751 3601 4802 ιυιν

1994 4829 2218 4884 nuntios
2242 4828 2407 4885 fuisse
2427 4828 2828 4892 transmissum,
2862 4829 2963 4880 hoc
2993 4827 3264 4896 negotium
3293 4826 3380 4880 tali
3427 4827 3583 4880 vide-

1993 4927 2081 4972 tur
2110 4916 2478 4972 declaratione
2501 4916 2791 4988 distingui;
2823 4916 2946 4985 quia
2983 4923 3108 4969 tunc
3133 4915 3389 4983 temporis
3411 4915 3571 4983 legati

1992 5010 2247 5063 Romana:
2275 5009 2530 5064 Ecclesia:
2553 5009 2670 5063 vice
2698 5023 2848 5077 papas
2870 5006 3253 5076 fungebantur,
3301 5018 3397 5074 per
3446 5019 3578 5074 pne-

1993 5101 2196 5155 vincias
2226 5099 2526 5155 constituti.
2558 5099 2634 5153 Illi
2665 5099 2830 5170 igitur
2849 5111 2965 5160 eos,
3001 5097 3094 5166 qui
3119 5095 3185 5148 ad
3231 5094 3585 5164 episcopams.

1992 5192 2198 5260 apicem
2223 5191 2708 5259 promovebantur,
2721 5188 3129 5251 examinabant,
3144 5187 3332 5256 sicque
3345 5186 3506 5255 palliu
3517 5202 3569 5239 in

1991 5283 2060 5336 ab
2090 5280 2534 5349 apostolica-sede
2575 5294 2670 5347 per
2714 5279 2931 5332 nuntios
2977 5278 3354 5346 impetrabant.
3400 5277 3576 5331 Porro

1990 5381 2190 5436 autem,
2214 5381 2271 5425 ut
2303 5387 2408 5424 uno
2438 5371 2944 5439 sulliciat-exemplo
2971 5370 3248 5424 declarare
3300 5371 3442 5437 quod
3491 5371 3572 5424 eli-

1990 5465 2205 5526 cimus;
2263 5462 2625 5516 Bru-nichildis
2690 5464 2879 5532 regina
2939 5461 3270 5515 Francorum
3341 5461 3572 5531 Syagrio

1991 5554 2143 5608 fratri
2197 5569 2312 5614 suo,
2372 5552 2840 5622 Augustodunensi
2901 5549 3149 5609 videlicet
3207 5553 3478 5622 episc0po,
3535 5568 3570 5607 a

1985 5650 2053 5708 Β.
2084 5650 2348 5720 Gregorio
2371 5650 2662 5721 impetrare
2685 5650 2898 5720 pallium
2930 5649 3033 5704 alia
3059 5649 3268 5704 ratione
3313 5663 3420 5700 non
3473 5661 3567 5713 pu-
