4024 6198
393 331 501 387 “3

962 325 1019 380 S.
1061 320 1266 378 PETRI
1294 315 1575 373 DAMlANI
1605 314 1761 371 OPP.
1805 312 1982 369 PARS
2023 311 2153 369 SEU
2191 310 2443 369 TOMUS’
2466 311 2508 366 Ι.
2544 339 2612 350 -—
2652 306 2868 368 EPIST.
2902 306 3029 362 LIB.
3059 303 3193 360 \‘lll.

3548 303 3654 360 4έέ

379 439 696 515 tuit.(Gasc.
730 437 926 509 Regist.
952 437 988 490 ι.
1013 449 1110 500 vn,
1133 429 1226 504 cp.‘
1241 430 1322 502 5),
1345 429 1448 485 nisi
1471 426 1637 500 2&8
1658 426 1764 490 ille,
1779 438 1968 515 quam:
1997 434 2042 491 Α
2070 437 2189 480 esse
2231 421 2592 495 conspiceret,
2623 428 2823 490 praesto
2854 417 3133 489 subjunxit
3159 432 3175 470 :
3209 434 3228 467 ι
3261 415 3398 484 Quia
3430 416 3546 474 bmc
3575 417 3654 473 lo-

378 533 461 587 vis
482 511 659 585 bonus
682 535 907 583 essetet
932 524 1132 594 justus,
1158 519 1465 577 Candidum
1489 515 1854 579 defensorem,
1874 511 1966 582 qui

383 623 436 675 in
457 604 836 688 illis‘partibus
855 609 1195 685 apocrisiarii
1230 607 1558 678 fungebatur
1585 602 1783 664 ollicio.
1813 602 1882 656 ab
1905 616 1972 657 eo

382 706 778 765 examinandus
807 705 1000 770 adiret,
1020 702 1206 771 sicque
1225 698 1497 768 accipiens
1515 694 1738 766 pallium
1751 693 1973 764 dignam

386 805 440 857 in
472 801 648 871 legato
673 813 772 855 suo
813 797 1060 852 Romano
1088 791 1331 864 pontifici
1360 787 1722 845 reverentiam
1747 785 1975 842 exhibe-

388 902 491 949 ret.
519 889 803 946 Mauritius
827 887 991 942 etiam
1023 885 1322 954 imperator
1362 877 1432 935 ab
1476 878 1667 933 eodem
1710 873 1976 944 Gregorio

388 997 484 1051 per
508 979 671 1049 longa
703 987 948 1046 tempora
970 972 1305 1044 supplicans,
1337 967 1515 1030 aliter,
1539 964 1688 1036 quod
1717 964 1784 1020 de
1813 962 1977 1034 pallio

388 1072 642 1142 petierat,
695 1083 802 1123 non
832 1065 1094 1136 implevit.
1134 1062 1236 1120 nisi
1280 1060 1410 1131 quia
1454 1058 1717 1114 Maximus
1763 1054 1980 1110 Saloni-

391 1174 551 1215 tanns
594 1158 880 1229 episcopus
903 1155 1214 1209 Ravennam
1241 1164 1412 1221 usque
1427 1148 1694 1220 pervenit,
1719 1159 1894 1216 seque
1916 1160 1984 1199 ex

399 1252 486 1308 his
517 1249 788 1322 capitulis,
820 1260 943 1316 qua:
966 1245 1182 1301 sibimet
1198 1241 1409 1312 objecta
1433 1239 1652 1296 fuerant
1672 1252 1855 1294 coram
1875 1236 1984 1298 his,

387 1341 588 1411 quibus
610 1341 711 1395 hoc
749 1338 1011 1409 judicium
1037 1333 1336 1403 iniunctum
1356 1331 1555 1397 fuerat,
1583 1330 1745 1400 digna
1772 1325 1988 1383 satisfa~

397 1430 580 1485 ctione
620 1426 870 1499 purgavit
910 1425 1084 1496 (lusu.
1131 1422 1328 1493 Πιερίδι.
1373 1420 1412 1475 1.
1442 1435 1498 1485 v,
1523 1435 1607 1490 ep.
1635 1418 1707 1494 25
1732 1426 1789 1473 et
1829 1416 1864 1471 l.
1892 1429 1985 1476 vu.

395 1522 550 1592 epist.
582 1519 729 1591 129).
768 1519 1059 1573 Enimvero
1086 1524 1142 1572 et
1168 1517 1362 1571 beatus
1404 1526 1543 1583 papa
1575 1510 1842 1564 Damasus
1887 1505 1990 1561 hoc

397 1609 642 1667 decrevit
673 1608 838 1680 (apud
863 1607 1079 1663 lvonem
1104 1605 1522 1667 Carnotensem,
1544 1600 1640 1656 lib.
1667 1598 1730 1670 l),
1758 1606 1820 1652 ut
1840 1596 1995 1667 quis-

400 1703 525 1773 quis
547 1700 1087 1771 metropolitanorum
1118 1695 1264 1752 ultra
1294 1702 1407 1749 tres
1453 1705 1670 1747 menses
1714 1697 1848 1771 post
1898 1702 1992 1742 or-

2070 525 2230 571 cutus
2258 529 2377 570 sum
2404 512 2582 578 vobis,
2614 510 2838 566 tristitia
2872 509 3113 580 implevit
3139 523 3234 564 cor
3262 516 3536 571 vestrum;
3567 506 3657 561 sed

2071 620 2173 677 ego
2207 604 2491 661 veritatem
2530 603 2654 659 dico
2692 601 2845 657 vobis
2874 618 2887 655 :
2918 600 3148 672 Expedit
3194 606 3254 655 ut
3298 612 3400 670 ego
3443 598 3658 653 vadam.

2074 696 2132 752 Si
2168 696 2313 754 enim
2348 711 2456 753 non
2495 694 2703 761 abiero,
2742 691 3057 749 Paracletus
3084 707 3194 768 non
3224 691 3405 746 veniet
3440 690 3508 746 ad
3534 705 3656 756 vos:

2070 788 2121 843 si
2159 798 2341 844 autem
2364 786 2574 852 abiero,
2602 786 2812 841 mittam
2838 798 2964 839 eum
2998 781 3066 837 ad
3105 797 3199 838 vos
3221 779 3405 853 (Joan.
3437 781 3514 849 x).
3549 799 3568 834 ι
3605 780 3662 836 St

2077 893 2206 952 ergo
2247 878 2581 935 illuminator
2613 876 2873 932 mentium
2906 873 3143 946 Spiritus
3172 872 3486 944 apostolicis
3520 870 3663 928 illabi

2079 971 2391 1043 pectoribus
2419 969 2577 1041 plena
2605 967 2891 1025 din‘usione
2919 981 3026 1022 non
3058 974 3293 1037 poterat,
3324 965 3667 1021 nisi-Veritas

2082 1062 2220 1133 ipsa,
2250 1075 2369 1131 qua:
2397 1061 2480 1116 eis
2517 1059 2669 1115 illum
2712 1058 2980 1117 missurus
3020 1068 3163 1124 erat,
3206 1056 3540 1129 corporalem
3584 1058 3668 1114 sui

2082 1151 2429 1223 praesentiam
2452 1151 2523 1207 ab
2548 1164 2738 1207 eorum
2765 1148 3126 1206 subtraxisset
3149 1148 3450 1215 obtutibus,
3470 1157 3670 1219 quanto

2053 1243 2260 1314 -magis
2295 1255 2518 1297 necesse
2556 1248 2642 1298 est
2686 1248 2746 1297 ut
2790 1255 2959 1311 purus
2993 1239 3165 1312 homo
3194 1238 3263 1292 ab
3292 1238 3568 1293 hominum
3615 1252 3674 1293 se

2066 1333 2390 1404 frequentia
2425 1330 2729 1398 subtrahat,
2768 1340 3037 1402 quatenus
3063 1329 3283 1402 superni
3313 1328 3553 1384 muneris
3579 1342 3673 1384 ca-

2088 1445 2193 1500 pax
2223 1428 2359 1485 fiat?
2393 1426 2593 1498 Sicque
2621 1440 2778 1482 mens
2807 1426 3044 1481 humana
3070 1424 3197 1479 dum
3223 1430 3381 1479 vacat
3422 1422 3491 1477 ab
3518 1436 3675 1494 aspc-

2090 1519 2267 1576 ctihus
2297 1518 2599 1585 hominum,
2643 1517 2818 1574 sancti
2870 1515 3103 1586 Spiritus
3147 1523 3422 1570 mereatur
3452 1512 3648 1585 ingres

2090 1627 2234 1670 sum.
2280 1612 2486 1668 Eorum
2530 1626 2684 1682 ergo,
2726 1611 2818 1681 qui
2867 1619 3046 1667 tecum
3075 1609 3557 1677 conversabantur,
3585 1608 3674 1663 ab.

2095 1704 2348 1770 sentiam,
2373 1702 2483 1760 noli
2502 1702 2765 1773 deputare
2777 1700 3073 1772 iacturam,
3099 1699 3210 1756 imo
3229 1699 3422 1755 salutis
3443 1698 3681 1764 occasio,

398 1792 735 1847 ἀίηδιίθηθηι
763 1804 918 1846 suam
944 1788 1194 1843 Romam
1227 1782 1468 1857 Pommei
1497 1781 1659 1836 ﬁdem
1690 1794 1845 1834 sum“
1884 1794 1983 1832 ⁸³⁸·
2016 1788 2060 1846 Β
2089 1794 2438 1868 perfectionis
2463 1794 2673 1850 lucrum
2704 1805 2758 1849 et
2785 1794 3078 1863 propensio
3106 1792 3275 1849 nostri
3293 1792 3486 1847 meriti
3514 1791 3683 1861 depu-

400 1898 626 1954 ponere,
673 1892 726 1937 et
778 1879 999 1952 pallium
1057 1877 1302 1949 flagitare
1353 1871 1643 1935 distulerit,
1700 1869 1989 1924 commissa

395 1981 590 2030 careat
611 1970 900 2042 dignitate.
924 1968 1268 2040 Quapropter
1289 1965 1404 2036 ipse
1432 1962 1684 2017 dominus
1725 1957 1993 2029 Mogunti-

398 2079 507 2119 nus
528 2063 732 2119 electus
753 2070 934 2117 vester
959 2060 1026 2116 ad
1053 2057 1422 2131 apostolorum
1448 2051 1636 2108 limina
1668 2050 1855 2105 venire
1884 2063 1993 2103 non

399 2150 643 2217 differat,
703 2151 893 2221 sicque
941 2148 1206 2221 perfectio
1252 2160 1365 2203 sure
1412 2140 1693 2215 dignitatis
1738 2139 1999 2195 canonice

400 2251 463 2297 et
494 2240 871 2296 ordinabiliter
915 2239 1030 2294 fiat.
1063 2236 1193 2293 Sive
1217 2235 1363 2291 enim
1410 2247 1533 2297 nos,
1581 2229 1698 2286 sive
1735 2227 1998 2283 Dominus

410 2341 617 2398 noster,
659 2329 921 2403 quidquid
972 2343 1073 2400 pro
1118 2326 1360 2399 quolibet
1415 2319 1725 2378 mortalium
1777 2328 2001 2372 necesse

413 2435 502 2481 est
531 2439 714 2497 agere.
741 2437 841 2494 pro
866 2432 1061 2478 vestra:
1082 2415 1423 2483 celsitudinis
1456 2413 1627 2485 gloria
1678 2425 1786 2466 non
1838 2407 1998 2464 dubi-

414 2525 592 2570 tamus
617 2513 858 2583 implere.

984 2598 1316 2655 EPISTOLA
1359 2594 1427 2648 V.

1037 2697 1105 2736 ΑΙ)
1126 2693 1366 2735 ελιιιιειι.

625 2775 889 2845 (Habetin
913 2769 1185 2837 tomJll,
1227 2778 1403 2840 estque
1448 2780 1627 2835 opusc.
1678 2762 1793 2832 56.)

974 2881 1307 2939 EPISTULA
1348 2879 1437 2934 Vl.

1051 2988 1120 3028 AD
1159 2986 1398 3028 ειιιυειι.

414 3066 815 3124 Anconem-unt.
838 3094 907 3103 —
935 3062 1196 3119 Eamdem
1245 3061 1533 3131 Agnetetn,
1562 3072 1725 3131 quae
1755 3052 2007 3131 Rainaldi

492 3135 722 3190 Cotnani
750 3133 1008 3204 episcopi,
1038 3122 1398 3204 llermisiuvdm
1432 3122 1687 3204 alliuis'et
1711 3127 1880 3204 ipsius
1910 3122 1999 3178 l’ev

496 3208 564 3262 tri
596 3196 842 3260 Damiani
895 3196 1186 3274 pinsentia
1221 3199 1503 3274 destituta,
1555 3196 2009 3274 quibusdam-so—

493 3276 643 3332 lebat
672 3283 830 3329 antea
880 3264 947 3328 de
989 3274 1153 3326 rebus
1199 3273 1266 3324 ad
1309 3264 1589 3340 pietatem‘
1618 3264 2014 3340 pertinentibus

491 3345 747 3415 colloqui,
779 3354 831 3398 et
853 3343 1075 3415 consilia
1103 3356 1199 3415 sua
1227 3334 1407 3415 oni-uia
1446 3334 1885 3415 cgmmtmicare.‘
1921 3334 2016 3387 tri-

503 3417 636 3469 stior
653 3402 670 3415 ’
685 3402 1090 3484 ειιίιιιιιιιιιιιιιιιιι⁸
1107 3410 1393 3484 videbatur
1412 3478 1425 3484 _
1439 3405 1654 3484 effecta,
1703 3402 2018 3484 consolatur

496 3499 548 3539 ct
575 3473 844 3547 hortatur.
867 3492 926 3537 ut
951 3483 1005 3537 in
1034 3480 1236 3536 Christi
1265 3478 1563 3547 amicitiam
1590 3490 1650 3531 se
1680 3475 1896 3547 penitus
1937 3473 2017 3527 in-

501 3556 776 3620 sinuet;ab
807 3543 898 3608 illo
922 3551 1101 3607 omnia
1126 3549 1315 3620 solatia
1345 3546 1598 3620 petenda,
1625 3543 1861 3614 quandiu
1889 3557 2015 3597 cum

501 3626 591 3679 illo
614 3616 705 3689 sit,
733 3638 1009 3694 nunquam
1033 3635 1092 3677 se
1118 3619 1290 3676 solam
1322 3616 1444 3673 esse
1471 3616 1789 3671 arbitretur.

506 3716 746 3771 Dominae
774 3729 884 3769 sum
911 3710 1242 3783 impcratrici
1281 3710 1512 3772 AGNBTI,
1573 3704 1787 3762 Peritos
1830 3717 2021 3776 pecca-

434 3816 520 3862 tor
548 3806 846 3862 monachus
870 3804 1207 3859 servitutem.

505 3899 774 3962 Arbitror,
829 3894 1159 3952 venerabilis
1203 3893 1445 3959 dornina,
1494 3892 1748 3962 quoniam
1800 3905 1866 3944 ex
1914 3903 2024 3958 quo

436 3990 687 4047 dominus
756 3987 1049 4043 ltainaldus
1096 3987 1349 4042 Comanze
1398 3984 1545 4040 sedis
1601 3982 1924 4053 cpiscopus,
1969 3968 2055 4034 et'

433 4089 620 4140 sancta
650 4079 847 4135 mulier
875 4077 1221 4134 llermisiuda
1257 4076 1450 4132 relicta
1472 4073 1741 4145 quondam
1770 4070 2021 4143 germani

439 4173 542 4236 tui,
569 4185 669 4241 ego
693 4184 909 4240 quoque
935 4183 1131 4224 servus
1151 4176 1299 4232 tuus,
1324 4167 1393 4221 ad
1415 4164 1635 4236 propria
1688 4162 1889 4233 quique
1942 4175 2025 4214 re—

437 4264 722 4328 cessimus,
751 4277 905 4317 mens
928 4272 1018 4315 tua
1047 4275 1191 4316 nunc
1212 4258 1454 4323 fluctuat,
1492 4265 1548 4313 et
1594 4255 1741 4310 velut
1785 4253 2024 4308 omnium

441 4353 697 4409 destituta
722 4351 937 4418 solatio,
961 4350 1131 4407 solam
1166 4364 1226 4405 se
1249 4343 1578 4405 remansisse
1602 4344 1864 4415 deplorat.
1897 4342 2031 4397 Gra-

444 4452 536 4500 vat
592 4443 731 4500 forte
777 4442 1035 4513 longioris
1073 4456 1305 4497 censura
1346 4438 1569 4507 silentii,
1615 4447 1668 4492 et
1697 4436 1911 4492 tmdium
1944 4442 2029 4488 est

447 4538 863 4608 relinquentium
897 4551 1037 4591 nunc
1061 4536 1254 4591 deesse
1299 4531 1667 4603 prtesentiam,
1707 4543 1841 4598 quos
1885 4539 2027 4594 smpe

449 4631 721 4704 refugiens
751 4671 767 4695 ,
824 4628 1276 4695 dumadessent,
1344 4621 1650 4680 remotioris
1684 4618 1866 4690 anguli
1904 4617 2028 4672 lati-

448 4724 630 4781 bulum
688 4720 1002 4794 expetebas.
1073 4718 1393 4773 Toleramus
1461 4713 1606 4768 enim
1679 4725 1819 4781 stupe
1887 4707 2031 4779 quod

449 4814 619 4886 gratis
653 4813 928 4878 offertur;
970 4808 1304 4881 perfruimur
1331 4847 1346 4870 ,
1389 4805 1533 4876 quod
1571 4800 1846 4858 dillicilius
1935 4797 2035 4854 ob-

452 4906 685 4960 tinemus
724 4920 738 4955 :
780 4899 1217 4971 parvipendimus
1252 4894 1396 4965 quod
1457 4891 1696 4947 abundat
1735 4905 1748 4942 :
1789 4897 1846 4943 et
1890 4886 2034 4955 quod

457 4997 648 5051 deesse
713 4990 1076 5061 conspicimus
1104 5028 1120 5053 ,
1195 4985 1469 5041 inhianter
1537 4989 1806 5051 optamus.
1872 4974 2038 5048 259

455 5085 657 5139 Verum
685 5083 774 5153 pia
809 5094 962 5136 mens
993 5087 1107 5144 tua,
1143 5090 1263 5147 quae
1290 5072 1456 5130 divini
1504 5071 1706 5125 amoris
1743 5068 1864 5138 igne
1910 5080 2039 5120 suc-

459 5172 613 5227 cendi
663 5172 804 5227 votis
856 5169 1108 5225 omnibus
1167 5172 1402 5228 aestuat,
1447 5172 1788 5229 nequaquam
1831 5170 1898 5210 ex
1942 5154 2039 5207 bu-

460 5274 633 5316 tuanaa
671 5260 947 5315 societatis
991 5255 1234 5311 absentia
1267 5250 1652 5313 contabescat;
1702 5247 1811 5301 imo
1838 5250 2041 5313 quanto

458 5351 563 5408 sibi
606 5360 821 5405 terrena
852 5349 1046 5404 solatia
1092 5348 1280 5403 deesse
1319 5341 1649 5403 considerat,
1691 5345 1841 5393 tanto
1868 5334 2041 5404 magis

461 5442 529 5496 de
577 5440 876 5512 propinqua
935 5437 1103 5493 sancti
1157 5434 1393 5506 Spiritus
1444 5428 1698 5502 paraclcti
1753 5425 2040 5496 praesentia

465 5530 721 5587 confidat.
770 5527 923 5584 Unde
964 5526 1209 5582 Salvator
1233 5539 1357 5580 cum
1403 5521 1601 5575 iturum
1634 5532 1692 5572 se
1718 5515 1784 5570 ad
1829 5514 2041 5569 Patrem

464 5631 585 5693 post
632 5618 1047 5676 resurrectionis
1091 5616 1316 5688 gloriam
1362 5612 1684 5673 declararet,
1729 5616 1785 5660 et
1827 5622 1891 5661 cx
1942 5606 2044 5659 hoc

467 5712 852 5786 discipulorum
894 5711 1103 5764 animos
1138 5723 1242 5763 non
1273 5702 1615 5761 mediocriter
1653 5698 2044 5769 perturbandos

2096 1894 2240 1942 tetur
2257 1892 2654 1956 argumentum,
2676 1883 2827 1953 quia,
2845 1882 2972 1938 dum
2990 1881 3249 1952 strepitus
3268 1880 3485 1935 humani
3506 1888 3693 1939 cessat.

2093 1974 2351 2046 alloquii,
2395 1973 2731 2030 construitur
2774 1973 2828 2027 in
2873 1982 2926 2028 te
2969 1988 3066 2043 per
3105 1970 3377 2027 silentium
3422 1969 3681 2040 templum

2097 2063 2332 2135 Spiritus
2374 2062 2571 2119 sancti.
2602 2061 2743 2117 Hinc
2767 2070 2884 2129 est,
2914 2059 3060 2131 quod
3087 2060 3155 2116 de
3181 2057 3463 2115 lsraelitici
3501 2057 3686 2129 templi

2097 2152 2503 2208 constructione
2542 2166 2699 2208 sacra
2739 2159 2967 2206 testatur
2994 2149 3244 2216 historia,
3290 2148 3418 2220 quia
3461 2146 3689 2204 malleus
3728 2153 3737 2163 '

2098 2255 2153 2303 et
2193 2247 2423 2305 securis.
2449 2252 2505 2299 et
2530 2258 2694 2300 omne
2718 2241 3109 2299 ferramentum
3134 2255 3242 2298 non
3266 2249 3395 2297 sunt
3416 2238 3599 2295 audita
3630 2238 3687 2293 in

2100 2338 2262 2394 domo
2282 2335 2493 2393 Domini
2519 2350 2643 2391 eum
2665 2332 3028 2390 aedificaretur
3048 2329 3158 2403 (111
3172 2327 3686 2400 'Reg.vt).'l‘emplum

2100 2428 2300 2500 quippe
2345 2425 2439 2482 Dei
2484 2439 2582 2496 per
2623 2422 2899 2479 silentium
2937 2420 3156 2489 crescit,
3200 2419 3329 2491 quia
3370 2434 3495 2474 cum
3537 2433 3690 2474 mens

2105 2520 2340 2575 humana
2370 2531 2465 2589 per
2508 2516 2778 2572 exteriora
2827 2528 2887 2570 se
2927 2513 3091 2569 verba
3134 2526 3241 2567 non
3270 2508 3467 2577 fundit,
3500 2509 3555 2563 in
3600 2523 3693 2564 su-

2104 2608 2272 2666 blime
2300 2606 2573 2679 fastigium
2605 2603 2902 2676 spiritualis
2926 2602 3139 2660 aedilicii
3165 2610 3436 2658 structura
3464 2614 3697 2656 consur-

2008 2724 2015 2727 -
2106 2698 2220 2771 git,
2270 2706 2532 2768 tantoque
2578 2694 2971 2760 subcrescens,
3023 2692 3077 2747 in
3127 2690 3318 2746 altiora
3369 2687 3699 2753 sustollitur,

2107 2796 2314 2860 quanto
2348 2799 2448 2859 per
2474 2783 2674 2842 silentii
2711 2782 3011 2840 custodiam
3037 2779 3426 2844 circumclusa,
3453 2792 3574 2834 sese
3599 2792 3701 2833 ex-

2109 2885 2381 2939 trinsecus
2407 2878 2633 2937 fundere
2675 2878 3012 2950 prohibetur.
3048 2875 3247 2932 Custos
3288 2873 3435 2930 enim
3471 2869 3704 2942 justitia:

2110 2974 2407 3032 silentium.
2448 2971 2519 3029 Et
2559 2985 2658 3041 per
2697 2968 2990 3026 Ieremiam
3030 2966 3272 3023 dicitur:
3305 2982 3325 3017 ι
3359 2962 3569 3019 Bonum
3610 2966 3707 3016 est

2111 3062 2414 3138 praestolari
2445 3078 2571 3119 cum
2610 3061 2827 3118 silentio
2856 3058 3091 3116 salutare
3116 3055 3349 3112 Domini.
3379 3054 3587 3109 Bonum
3615 3061 3710 3108 est

2034 3138 2081 3199 (ἶ
2113 3159 2231 3214 viro
2252 3172 2376 3214 cum
2411 3154 2712 3228 portaverit
2743 3151 2932 3224 jugum
2958 3149 3028 3206 ab
3053 3147 3415 3206 adolescentia
3439 3160 3539 3202 sua
3567 3161 3582 3199 :
3613 3159 3708 3200 se-

2114 3247 2264 3304 debit
2288 3246 2588 3310 solitarius,
2615 3253 2674 3300 et
2700 3243 2920 3308 tacebit,
2950 3240 3078 3311 quia
3119 3239 3319 3303 levabit
3346 3252 3406 3294 se
3449 3250 3615 3306 super
3643 3250 3708 3291 se

2115 3338 2334 3408 (Thren.
2365 3336 2473 3407 ιιι).
2511 3354 2530 3388 ι
2564 3332 2853 3391 Solitarius
2878 3330 3058 3402 plane,
3085 3330 3213 3383 dum
3243 3336 3407 3392 tacet,
3436 3341 3499 3381 se
3526 3322 3711 3378 elevat

2116 3442 2279 3499 super
2312 3441 2406 3498 se,
2448 3425 2575 3497 quia
2625 3438 2780 3480 mens
2823 3423 3092 3486 humana,
3135 3418 3264 3474 dum
3316 3417 3457 3472 intra
3502 3413 3711 3469 silentii

2117 3517 2354 3574 claustra
2387 3516 2625 3585 undique
2648 3509 3113 3572 circumcluditur,
3151 3508 3205 3562 in
3233 3504 3510 3577 superiora
3536 3501 3713 3558 subli-

2120 3609 2223 3665 mis
2248 3608 2499 3681 erigitur,
2531 3606 2600 3662 ad
2626 3606 2796 3662 Deum
2822 3619 2921 3675 per
2944 3600 3165 3659 caeleste
3190 3598 3520 3673 desiderium
3560 3594 3715 3665 rapi-
3780 3588 3783 3593 ’

2121 3712 2228 3768 tur,
2256 3708 2313 3757 et
2339 3699 2394 3755 in
2434 3712 2621 3754 amore
2645 3696 2764 3768 ejus
2798 3709 2896 3765 per
2923 3694 3173 3749 ardorem
3219 3689 3455 3761 Spiritus
3494 3686 3715 3742 inﬂam-

2122 3803 2320 3859 matur,
2348 3800 2403 3848 et
2442 3800 2698 3860 tanquam
2740 3786 2861 3842 fons
2904 3785 3084 3852 vivus,
3128 3784 3257 3840 dum
3297 3795 3396 3853 per
3420 3779 3714 3835 verborum

2123 3882 2354 3940 circulos
2398 3880 2565 3938 ﬂuere
2610 3879 2741 3935 hinc
2784 3877 2909 3934 inde
2953 3890 3061 3931 non
3087 3875 3307 3938 sinitur,
3336 3870 3497 3927 undis
3521 3883 3718 3923 exere.
3806 3858 3807 3861 “

2123 3971 2398 4030 scentihus
2438 3970 2494 4025 in
2524 3968 2718 4024 altiora
2762 3964 3087 4023 cumulatur.
3131 3960 3415 4030 Templum
3458 3972 3589 4028 ergo
3633 3956 3715 4010 tui

2124 4061 2362 4134 pectoris
2390 4076 2535 4116 nunc
2562 4074 2659 4130 per
2685 4056 2958 4114 silentium
2987 4063 3221 4117 crescat,
3250 4051 3507 4104 virtutum
3550 4046 3718 4117 spiri-

2128 4152 2350 4207 tualium
2380 4161 2634 4220 tanquam
2661 4147 2967 4204 cmlestium
2994 4144 3232 4214 lapidum
3275 4142 3328 4196 in
3360 4149 3413 4196 te
3439 4145 3719 4194 structura

2126 4251 2438 4313 consurgat,
2488 4240 2579 4296 ubi
2630 4253 2897 4310 supernus
2941 4236 3033 4291 ille
3077 4247 3329 4306 sponsus,
3373 4245 3536 4300 quem
3585 4228 3723 4283 totis
3760 4240 3769 4245 ‘

2128 4334 2426 4390 visceribus
2447 4330 2646 4401 diligis,
2676 4327 2821 4405 velut
2845 4327 2898 4383 in
2932 4327 3172 4382 thalamo
3198 4339 3297 4381 suo
3326 4317 3725 4378 delectabiliter

2132 4424 2456 4494 requiescat.
2510 4400 2779 4478 Memenio
2828 4418 3010 4488 itaque
3052 4417 3197 4486 quod
3241 4411 3531 4485 Apostolus
3574 4407 3659 4462 ait
3704 4424 3720 4460 :

2135 4532 2154 4565 ι
2186 4512 2321 4581 Quia
2351 4510 2757 4567 fundamentum
2784 4506 2928 4562 aliud
2956 4520 3115 4561 nemo
3145 4512 3320 4573 potest
3351 4515 3551 4571 ponere
3577 4512 3725 4569 prte-

2135 4613 2217 4660 ter
2248 4603 2300 4658 id
2329 4603 2473 4673 quod
2501 4602 2735 4672 positum
2763 4606 2865 4662 est,
2897 4596 3144 4652 Christus
3169 4595 3346 4650 Jesus.
3382 4592 3437 4647 Si
3468 4590 3594 4660 quis
3622 4605 3724 4658 po-

2130 4697 2327 4757 suerit,
2347 4710 2509 4765 super
2553 4694 2655 4749 hoc
2694 4691 3109 4747 fundamentum
3158 4701 3370 4750 aurum,
3409 4689 3722 4752 argentum,

2136 4788 2339 4858 lapides
2376 4786 2666 4855 pretiosos,
2704 4782 2869 4853 ligna,
2901 4779 3104 4836 fenum.
3151 4775 3398 4845 stipulas,
3436 4771 3597 4843 quale
3626 4785 3727 4826 cu-

2130 4878 2328 4949 jusque
2368 4874 2535 4930 fuerit
2575 4870 2775 4947 [opus],
2823 4870 2964 4941 ignis
3007 4866 3255 4938 probabit
3298 4862 3347 4931 (ι
3379 4862 3502 4916 Cor.
3544 4859 3653 4930 tu).
3698 4877 3721 4910 ι

2133 4969 2270 5036 Quid
2291 4967 2434 5023 enim
2457 4977 2552 5036 per
2580 4979 2794 5028 aurum,
2818 4971 3099 5033 argentum
3124 4968 3178 5013 et
3202 4956 3406 5026 lapides
3430 4952 3725 5022 pretiosos,

2135 5059 2237 5114 nisi
2288 5059 2453 5112 robur
2493 5064 2550 5111 et
2596 5061 2911 5110 ornamenta
2940 5048 3232 5106 virtutum?
3275 5045 3413 5113 Quid
3445 5055 3574 5097 vero
3622 5055 3731 5109 per

2136 5151 2300 5221 ligna,
2334 5147 2514 5203 fenum
2557 5156 2612 5202 et
2655 5145 2899 5215 stipulas,
2930 5141 3032 5199 nisi
3074 5139 3339 5211 fragilitas
3374 5135 3616 5213 innuitur
3648 5132 3730 5184 vi-

2140 5240 2373 5297 tiorum?
2414 5239 2644 5293 Attende
2687 5252 2836 5306 ergo,
2884 5243 2946 5289 ut
2986 5232 3269 5288 aedilicium
3299 5227 3445 5299 quod
3476 5227 3529 5280 in
3556 5233 3612 5279 te
3642 5224 3727 5287 fit,

2142 5347 2247 5387 non
2280 5346 2346 5387 ex
2378 5328 2553 5397 fragili
2598 5328 2671 5383 sit
2703 5327 2954 5391 materia,
2984 5339 3103 5394 qua:
3130 5321 3360 5377 flammis
3396 5317 3561 5389 250
3600 5330 3733 5370 esse

2142 5423 2312 5493 possit
2337 5420 2590 5485 obnoxia,
2620 5434 2739 5488 quae
2767 5419 2940 5472 ventis
2965 5416 3036 5471 sit
3072 5410 3470 5484 impellentibus
3493 5407 3730 5462 ruitura.

2143 5513 2369 5582 Lignum
2405 5511 2584 5582 plane,
2614 5509 2794 5563 fenum
2822 5516 2874 5561 et
2901 5504 3125 5575 stipulas
3162 5501 3318 5557 facile
3353 5505 3531 5571 potest
3555 5509 3735 5549 vorax

2145 5602 2360 5657 flamma
2400 5612 2748 5662 consumere;
2782 5610 2971 5650 aurum
3002 5607 3130 5648 vero
3155 5590 3238 5646 vel
3279 5597 3578 5659 argentum,
3612 5583 3737 5637 sive

2146 5691 2353 5763 lapides
2404 5689 2658 5760 pretiosi,
2708 5687 2951 5742 nesciunt
3002 5682 3252 5740 incendio
3309 5679 3608 5748 subjaccrc.
3666 5672 3738 5728 Et
