4024 6198
314 315 420 371 “fi

310 437 459 482 nrrte
500 443 596 498 per
634 433 882 484 eumdem
924 431 1234 503 Apostolum
1263 435 1458 492 dicitur
1491 456 1505 492 :
1542 457 1562 491 ι
1601 439 1889 498 Sumentes
1917 447 1963 507 Α

311 531 523 576 scutum
554 523 704 588 lidei,
755 523 806 578 in
835 539 942 594 que
983 527 1202 595 possitis
1229 529 1410 584 omnia
1441 529 1546 585 tela
1574 533 1890 602 nequissimi

308 613 465 682 ignea
509 614 854 686 exstinguere
897 614 1114 688 (Ep/res.
1150 619 1250 689 vi).
1287 639 1307 674 ι
1355 620 1496 692 Ignis
1535 637 1688 694 ergo,
1733 637 1894 693 quem

307 700 681 760 clandestinus
720 703 892 761 hostis
921 707 1186 773 immittit,
1231 709 1469 766 inveniat
1500 711 1553 766 in
1582 719 1634 766 te
1659 713 1894 780 pretiosa

307 789 529 844 metalla
552 790 835 853 virtutum.
865 808 973 848 non
1000 795 1229 867 stipulas
1257 806 1313 852 et
1357 797 1574 855 fomites
1615 799 1894 867 vitiorum,

306 887 366 934 ut
409 878 716 938 furentibus
758 882 1014 949 ﬂammis,
1042 901 1181 956 quas
1224 887 1451 945 callidus
1495 891 1779 947 insidiator
1803 910 1898 949 ex-

304 967 506 1036 audiat,
532 986 638 1026 non
665 973 892 1028 materia
919 976 1097 1044 putris
1117 992 1181 1033 ac
1203 977 1412 1050 fragilis
1433 980 1701 1036 euerviter
1719 983 1894 1051 cedat,

303 1059 399 1114 sed
442 1059 870 1132 impenetrabilis
903 1081 969 1121 ac
1013 1067 1251 1124 robustae
1290 1071 1579 1128 soliditatis
1617 1073 1772 1146 vigor
1801 1077 1898 1131 ob-

275 1154 488 1221 ,sistat,
520 1166 580 1210 ut
620 1157 710 1212 illa
749 1159 923 1216 virtus
951 1161 1232 1228 Altissimi,
1275 1179 1396 1235 quae
1437 1167 1718 1238 virginalis
1758 1170 1896 1224 uteri

302 1245 604 1304 visceribus
623 1249 966 1306 obumbravit
989 1251 1140 1324 (Luc.
1167 1257 1232 1326 ι),
1255 1265 1491 1312 mentem
1514 1273 1728 1330 quoque
1749 1269 1895 1316 tuam

299 1335 358 1392 in
405 1349 668 1408 perpetuo
717 1343 998 1398 vernantis
1042 1344 1316 1415 pudicitiae
1360 1347 1543 1404 virore
1594 1349 1896 1418 custodiat,

299 1441 556 1500 eamque,
580 1433 726 1501 quod
766 1433 924 1498 absit,
957 1449 986 1488 a
1016 1436 1165 1492 duris
1193 1439 1488 1508 spiritualis
1517 1443 1772 1512 nequitia:
1806 1459 1896 1499 va-

300 1521 528 1593 poribus
555 1521 618 1595 [ί.
653 1524 991 1594 obumbrari,
1019 1528 1094 1583 rel
1121 1529 1322 1600 aliquid
1348 1531 1517 1588 simile
1541 1534 1896 1609 desideratur]

301 1625 412 1667 non
443 1613 744 1684 permittat.

371 1699 668 1760 Censolare
707 1704 891 1774 igitur,
933 1708 1260 1764 venerabilis
1299 1710 1539 1778 domina,
1577 1722 1632 1770 et
1667 1729 1694 1767 a
1735 1715 1898 1771 corde

1395 341 1402 348 ‘
1490 329 1686 387 LIBER
1725 331 2088 397 SEPTIMUS,
2133 333 2349 391 EPIST.
2396 336 2524 392 Vill.

3469 340 3576 399 646

2444 447 2601 519 251
2629 435 2979 507 Erum-om
3021 450 3128 506 vlt.

2616 556 2683 595 AD
2720 557 2956 598 BAIDEI.

1998 627 2395 703 Anquusnruu.
2420 660 2490 703 -—_—
2517 629 2796 701 Signiﬁcat
2820 642 3037 703 quantae
3075 634 3176 688 sibi
3216 636 3476 692 molestiae
3510 640 3582 694 sit

2069 699 2139 777 ab
2161 712 2234 777 ca_
2253 699 2484 777 disjungi
2497 740 2512 763 .
2543 699 2601 755 et
2625 716 2774 771 spem
2815 699 3098 777 propinqui
3133 705 3336 777 reditus
3361 708 3577 777 pollice-

2070 776 2176 822 tur.
2217 767 2740 845 Interituihortatur,
2780 767 2834 845 uj
2874 767 3294 845 magnitudinem
3337 767 3582 845 prtemio-

2070 853 2222 902 rum,
2261 839 2760 917 quaediligentibus
2797 839 2983 917 Deum:
3010 843 3065 898 in
3101 845 3238 917 cordo
3281 839 3578 917 praeparata

2068 919 2224 982 sunt,
2255 909 2626 982 considerans,
2659 910 2724 964 ad
2757 913 3063 982 exemplum
3103 909 3335 980 Christi,
3368 909 3582 972 labores

2068 986 2120 1054 et
2169 978 2638 1054 incommoditates
2686 989 2740 1034 et
2786 978 2975 1054 aspera
3024 998 3248 1052 qumque
3295 978 3578 1054 tantisper.

2067 1047 2193 1122 dum
2246 1049 2298 1102 in
2352 1059 2504 1105 arcto
2553 1051 2656 1122 hoc
2701 1047 2946 1122 corporis
2995 1047 3266 1108 domicilio
3312 1047 3577 1120 versatur,

2069 1116 2308 1187 perferre
2337 1134 2441 1174 non
2472 1121 2775 1176 erubeseat.

2069 1231 2310 1286 Domina:
2339 1248 2450 1288 suae
2478 1233 2806 1305 imperatrici
2836 1235 3066 1300 AGNETI,
3090 1235 3306 1291 Peruus
3332 1248 3582 1308 peccator

1999 1321 2292 1375 monachus
2322 1322 2579 1392 quidquid
2608 1338 2818 1380 servus.

2069 1409 2333 1477 Quoniam
2365 1428 2395 1466 a
2425 1423 2612 1468 sancta
2640 1416 2927 1484 praesentia
2956 1427 3133 1472 vestra
3164 1427 3401 1473 remotus
3426 1433 3543 1472 sum
3563 1459 3582 1486 ,

1998 1503 2179 1561 ethoc
2206 1515 2447 1574 tempore
2469 1505 2746 1562 vobiscum
2774 1523 2895 1564 esse
2929 1525 3034 1563 non
3063 1524 3303 1579 possum,
3334 1511 3467 1567 satis
3488 1512 3584 1567 do-

1999 1594 2103 1661 leo,
2133 1605 2189 1651 et
2213 1596 2524 1666 quotidiana
2553 1596 2943 1654 lamentatione
2972 1602 3207 1670 suspiro.
3237 1601 3458 1657 interim
3502 1613 3582 1658 ta-

2000 1699 2147 1751 men,
2178 1693 2464 1755 antequam
2493 1686 2562 1740 ad
2592 1701 2688 1742 vos
2719 1687 2957 1754 redeam,
3003 1690 3191 1744 hortor
3218 1700 3459 1746 sanctam
3491 1707 3585 1762 pa-

304 1797 401 1845 tuo
437 1805 603 1848 omne
643 1773 860 1850 tardium
903 1798 1050 1852 noxii
1097 1799 1350 1855 mmroris
1379 1773 1606 1872 expelle.
1649 1801 1898 1860 Christus
1930 1797 1972 1855 Β
2001 1773 2244 1872 “omnm
2267 1785 2527 1872 νθθξτθωο
2552 1784 2608 1831 ¹¹ί
2634 1793 2740 1833 ¹¹⁰¹¹
2767 1779 2816 1834 ei
2843 1795 3006 1849 grave
3028 1781 3098 1835 εει
3121 1795 3312 1852 aspera
3332 1781 3585 1852 q'mm’“

301 1876 375 1934 sit
398 1878 780 1937 confabulatur
805 1890 948 1950 tuus,
980 1883 1232 1943 Christus
1258 1886 1353 1942 tibi
1385 1889 1788 1946 contubernalis
1825 1893 1895 1946 sit

301 1975 359 2023 et
383 1968 643 2049 conviva;
673 1970 785 2026 imo
808 1971 1062 2030 Christus
1095 1974 1210 2046 ipse
1248 1985 1355 2031 tuae
1391 1979 1502 2033 sint
1525 1979 1752 2046 deliciae,
1783 1982 1897 2052 ipse

302 2059 632 2130 quotidiana
669 2063 979 2123 relectionis
1016 2067 1254 2138 epulum,
1296 2068 1411 2139 ipse
1449 2071 1546 2127 tibi
1583 2072 1658 2127 sit
1693 2073 1894 2130 intima:

301 2149 608 2207 dulcedinis
635 2153 970 2210 alimentum.
1001 2155 1135 2212 Cum
1180 2159 1272 2214 illo
1299 2160 1458 2214 simul
1486 2161 1624 2232 lege,
1652 2179 1772 2218 eum
1807 2165 1893 2220 illo

297 2243 498 2316 iugiter
523 2247 715 2316 psalle,
741 2263 865 2304 cum
895 2250 984 2306 illo
1010 2252 1242 2323 denique
1273 2263 1327 2310 te
1356 2255 1410 2310 in
1434 2257 1740 2328 pavimento
1767 2275 1892 2315 ora-

303 2342 423 2389 tura
447 2344 754 2404 prosterno,
783 2352 906 2394 eum
932 2339 1023 2394 illo
1054 2349 1105 2396 te
1127 2342 1307 2412 erige;
1339 2358 1463 2399 cum
1496 2345 1586 2400 illo
1615 2355 1664 2401 te
1689 2348 1890 2404 dormi-

304 2435 480 2482 turam
509 2428 742 2485 lectulus
782 2433 995 2501 capiat,
1037 2448 1158 2488 cum
1190 2436 1381 2490 eodem
1421 2451 1586 2507 sopor
1634 2439 1890 2495 inveniat.

298 2513 435 2585 Ejus
461 2527 516 2574 te
538 2518 767 2589 pudicus
796 2529 958 2591 atque
989 2522 1263 2590 virgineus
1298 2524 1578 2595 amplexus
1605 2529 1890 2599 astringat,

301 2607 437 2662 utin
469 2617 522 2664 te
550 2624 768 2680 quoque
793 2613 1064 2668 veraciter
1087 2613 1376 2684 impleatur
1403 2617 1547 2687 quod
1576 2631 1675 2687 per
1702 2618 1892 2676 Isaiam

298 2693 500 2751 dicitur
527 2713 541 2749 :
574 2715 593 2748 ι
629 2696 898 2754 Gaudebit
924 2714 1154 2769 sponsus
1177 2714 1341 2772 super
1364 2717 1651 2772 sponsam,
1676 2715 1728 2760 et
1759 2721 1890 2777 gau-

301 2784 449 2841 debit
472 2802 636 2860 super
661 2797 714 2844 te
743 2791 886 2845 Deus
916 2798 1038 2846 tuus
1066 2789 1201 2862 (ιω.
1255 2794 1424 2862 uti);
1461 2812 1480 2846 ι
1512 2805 1567 2849 et
1598 2805 1652 2849 tu
1681 2797 1889 2866 specia~

298 2874 374 2931 lis
392 2876 568 2934 dicere
593 2879 796 2946 valeas,
823 2883 968 2952 quod
993 2882 1260 2952 generalis
1288 2899 1484 2956 sponsa
1512 2886 1643 2942 dicit
1673 2889 1725 2942 in
1751 2887 1891 2944 Can-

297 2965 466 3024 ticis:
504 2987 523 3022 I
559 2970 797 3027 Dilectus
828 2988 980 3029 meus
1009 2975 1152 3031 inter
1180 2976 1344 3032 ubera
1377 2992 1495 3033 mea
1530 2981 1892 3035 commorabi-

298 3067 393 3115 tur
411 3059 589 3132 (Cant.
616 3063 682 3132 l).
701 3063 952 3119 iConstat
975 3065 1118 3120 enim
1143 3068 1287 3136 quod
1309 3067 1451 3121 inter
1471 3067 1636 3123 ubera
1661 3069 1891 3139 pectoris

2001 1882 2066 1925 ac
2094 1870 2227 1925 dura
2258 1869 2524 1941 perferre,
2546 1879 2601 1926 et
2623 1886 2722 1942 pro
2753 1887 2936 1927 amore
2967 1873 3204 1930 cmlestis
3229 1875 3409 1946 sponsi
3437 1876 3582 1932 solli-

1998 1959 2317 2027 citudinem,
2367 1961 2452 2016 vel
2501 1961 2666 2018 etiam
2718 1963 3006 2018 necessarii
3054 1975 3300 2033 sumptus
3346 1965 3579 2034 inopiam

1997 2049 2284 2106 sustinere.
2307 2050 2442 2107 Cum
2471 2051 2615 2106 enim
2650 2051 2902 2108 Christus
2928 2069 3026 2123 pro
3050 2062 3105 2108 te
3138 2053 3422 2124 pertulerit
3457 2070 3583 2110 cru-

1997 2156 2137 2208 cem,
2167 2143 2296 2213 quid
2337 2144 2535 2199 mirum
2566 2145 2611 2199 si
2661 2155 2717 2200 tu
2761 2149 3034 2204 sustineas
3071 2165 3172 2219 pro
3215 2150 3358 2206 illius
3395 2166 3583 2206 amore

1996 2233 2347 2304 pauperiem?
2388 2233 2445 2289 Si
2489 2234 2615 2301 ille,
2662 2237 2748 2292 cui
2796 2235 3035 2293 Virtutes
3078 2248 3133 2294 et
3176 2239 3582 2296 Dominationes

1999 2321 2396 2380 lamulabantur
2423 2324 2476 2380 in
2500 2325 2658 2391 casio,
2686 2336 2865 2398 sputa,
2898 2326 3122 2400 ﬂagella,
3149 2330 3460 2400 opprobria,
3489 2346 3580 2386 co-

1996 2411 2204 2484 laphos,
2228 2425 2282 2471 et
2301 2415 2487 2486 alapas
2507 2417 2811 2486 patiebatur
2832 2419 2887 2474 in
2913 2421 3144 2484 mundo;
3171 2421 3298 2490 quid
3325 2436 3578 2492 magnum

1997 2504 2039 2559 si
2067 2514 2143 2568 tu,
2169 2521 2289 2576 quae
2317 2515 2456 2562 terra
2485 2523 2566 2574 cs,
2589 2508 2880 2578 imperialis
2901 2509 3086 2582 gloria:
3111 2528 3300 2565 vanam
3328 2513 3584 2583 projirias

1997 2612 2269 2668 pompam,
2295 2605 2350 2653 et
2393 2614 2499 2653 nou
2544 2599 2726 2655 mundi
2773 2600 3040 2672 reginam,
3078 2601 3198 2667 sed,
3236 2602 3380 2672 quod
3421 2602 3582 2673 longe

1997 2685 2281 2756 gloriosius
2324 2695 2444 2751 cst,
2488 2695 2541 2743 te
2587 2687 2831 2757 prtebeas
2869 2689 3056 2745 aeterni
3107 2689 3252 2760 regis
3292 2689 3583 2744 ancillam?

1998 2775 2308 2852 Recordare
2347 2778 2490 2847 quod
2524 2777 2658 2833 dicit
2697 2778 2986 2848 Apostolus
3015 2797 3029 2834 :
3065 2797 3084 2830 ι
3120 2780 3390 2837 Exeamus
3420 2782 3584 2852 igitur

1997 2853 2062 2920 ad
2103 2880 2224 2919 eum
2264 2875 2418 2922 extra
2443 2876 2646 2932 castra,
2688 2867 3075 2939 improperium
3117 2870 3234 2941 ejus
3271 2881 3578 2940 portantes;

1997 2972 2104 3010 non
2132 2956 2276 3011 enim
2304 2956 2569 3012 habemus
2593 2957 2682 3013 hic
2705 2967 3016 3016 manentem
3043 2960 3340 3026 civitatem,
3369 2960 3464 3016 sed
3500 2961 3582 3014 fu-

1999 3055 2174 3099 turam
2189 3045 2509 3114 inquirimus
2522 3045 2845 3117 (Hebram,
2859 3048 2969 3118 15).
2993 3069 3012 3101 ι
3041 3049 3190 3104 Felix
3205 3050 3458 3124 nimirum
3475 3050 3582 3106 tale

296 3161 400 3204 eor
440 3149 675 3207 hominis
711 3153 874 3208 situm
919 3163 1022 3209 est.
1073 3135 1308 3212 Dilectus
1337 3171 1466 3226 ergo
1497 3157 1638 3212 inter
1662 3135 1890 3229 'spouste
1918 3163 1964 3224 ρ
1994 3135 2406 3229 °°m_'“t?'°i“mv
2434 3136 2523 3192 “bi
2567 3136 2726 3192 dam"
2767 3136 2960 3229 ¹¹Ἲι¹¹¹¹¹ν
2995 3139 3200 3195 mum"
3227 3156 3452 3206 aurum;
3482 3155 3583 3210 pro

296 3238 464 3294 ubera
486 3251 878 3309 commoratur,
898 3258 1022 3298 cum
1045 3260 1074 3300 a
1097 3245 1238 3302 lideli
1261 3246 1501 3317 qualibet
1532 3249 1710 3303 anima
1737 3249 1892 3306 Chri-

293 3337 419 3384 stus
462 3339 576 3386 toto
619 3333 784 3388 corde
832 3333 1095 3405 diligitur.
1149 3335 1283 3390 Huic
1331 3351 1461 3408 ergo
1507 3353 1706 3408 sponso
1748 3340 1893 3396 dicat

293 3423 480 3477 anima
505 3434 689 3481 sancta
723 3435 810 3479 tua
839 3443 853 3480 :
884 3444 906 3480 ς
944 3425 1085 3483 Ecce
1115 3435 1170 3482 tu
1203 3428 1428 3498 pulcher
1456 3443 1536 3494 es,
1571 3429 1764 3487 dilecte
1795 3432 1890 3498 mi,

293 3521 359 3568 et
404 3515 664 3580 decorus;
694 3516 922 3573 lectulus
945 3527 1127 3574 noster
1176 3517 1398 3574 ﬂoridus
1445 3519 1656 3590 (lbid.).
1699 3540 1718 3572 ρ
1776 3521 1892 3592 Ipse

295 3605 446 3661 enim
493 3610 775 3678 speciosus
826 3610 994 3665 forma
1045 3626 1154 3681 pra:
1209 3610 1331 3666 (iliis
1381 3613 1659 3666 hominum
1711 3613 1888 3683 (Psal.

296 3698 472 3767 xuv).
508 3716 526 3750 ι
563 3699 628 3754 Et
653 3703 780 3770 quia
811 3713 1031 3772 propter
1071 3701 1187 3772 ejus
1223 3718 1464 3758 amorem
1508 3705 1715 3774 regales
1746 3706 1889 3760 infu-

295 3785 384 3838 las
409 3790 796 3858 contempsisti,
826 3791 1103 3861 imperiale
1130 3791 1406 3860 fastigium
1433 3793 1751 3862 despexisti,
1777 3796 1890 3864 ipse

297 3889 526 3940 corona,
570 3878 685 3947 ipse
715 3880 808 3935 tibi
844 3882 910 3935 sit
943 3897 1203 3952 purpura,
1235 3883 1349 3951 ipse
1377 3883 1542 3937 totius
1580 3884 1766 3953 gloria:
1795 3885 1888 3940 tibi

295 3977 565 4034 prmparet
609 3970 766 4023 beata
810 3983 1160 4038 ornamenta;
1212 3984 1268 4029 ut
1315 3977 1506 4030 merito
1538 3978 1734 4033 debeas
1765 3993 1888 4032 cum

295 4053 566 4123 Propheta
598 4067 818 4114 cantare
848 4075 861 4112 :
900 4081 917 4112 ι
952 4062 1127 4118 Induit
1153 4079 1240 4118 me
1265 4065 1524 4120 Dominus
1566 4069 1892 4124 vestimento

295 4145 514 4213 salutis,
547 4159 598 4205 et
633 4150 946 4208 indumento
976 4153 1173 4210 laetitiae
1215 4156 1566 4214 circumdedit
1597 4172 1706 4222 me,
1732 4161 1887 4229 quasi

293 4250 531 4304 sponsus
573 4241 862 4299 decoratus
905 4259 1127 4310 corona,
1162 4256 1214 4301 et
1261 4249 1416 4316 quasi
1461 4264 1656 4317 sponsa
1697 4262 1887 4306 ornata

291 4326 588 4385 monilibus
623 4331 742 4386 suis
771 4331 907 4401 (lea.
941 4334 1072 4404 ιιι).
1106 4353 1124 4384 ι
1171 4335 1268 4390 llic
1319 4337 1367 4390 in
1402 4345 1454 4391 te
1481 4339 1757 4395 societatis
1791 4342 1890 4394 hu-

291 4432 474 4472 manae
497 4420 806 4475 consoletur
828 4423 1124 4479 absentiam
1144 4465 1161 4488 ,
1187 4426 1272 4480 hic
1297 4426 1392 4480 tibi
1422 4428 1503 4482 vel
1531 4443 1627 4497 pro
1647 4430 1886 4482 omnium

1995 3224 2232 3282 tenebris
2270 3225 2468 3294 lucem,
2497 3242 2597 3298 pro
2623 3228 2854 3283 terrenis
2878 3229 3175 3284 honoribus
3199 3230 3438 3286 caelestis
3467 3230 3582 3301 glo-

1993 3316 2086 3372 ria:
2129 3332 2506 3388 comparamus
2544 3307 2884 3389 dignitatem.
2935 3320 3087 3376 Sicut
3133 3323 3274 3376 enim
3319 3338 3416 3392 per
3454 3339 3582 3394 pro-

1993 3408 2210 3475 phetam
2238 3407 2438 3463 dicitur
2465 3425 2478 3462 :
2515 3428 2534 3462 r
2571 3407 2762 3467 Omnis
2784 3425 2912 3466 caro
2939 3411 3150 3478 fenum,
3181 3421 3237 3467 et
3264 3413 3441 3468 omnis
3464 3414 3582 3484 glo-

1994 3498 2071 3551 ria
2097 3495 2213 3566 ejns
2255 3505 2509 3567 tanquam
2553 3498 2650 3554 llos
2694 3499 2832 3566 feni;
2878 3501 2988 3554 ruit
3030 3501 3233 3564 fenum,
3265 3501 3437 3556 etﬂns
3459 3501 3578 3570 ejus

1993 3587 2221 3653 cecidit;
2251 3587 2344 3657 qui
2370 3597 2550 3644 autem
2576 3600 2757 3645 servat
2787 3591 3008 3645 verbum
3051 3591 3281 3659 Domini,
3314 3604 3497 3648 manet
3523 3595 3576 3648 in

1991 3686 2251 3733 aeternum
2283 3677 2418 3748 (Isa.
2449 3681 2557 3750 an).
2593 3699 2613 3733 ι
2652 3679 2824 3737 Porro
2857 3690 3038 3738 autem
3066 3684 3159 3754 qui
3209 3684 3368 3740 hodie
3402 3684 3578 3738 indui-

1994 3777 2080 3824 tur
2109 3784 2372 3840 purpura,
2412 3785 2538 3826 cras
2585 3771 2876 3827 includitur
2920 3773 3217 3842 sepultura.
3258 3773 3426 3830 llodie
3456 3776 3578 3846 quis

1993 3859 2301 3916 hominibus
2326 3860 2654 3929 dominatur,
2684 3878 2806 3918 cras
2833 3874 3011 3918 autem
3043 3880 3074 3918 a
3103 3868 3376 3921 vermibus
3399 3869 3576 3922 lactus

1991 3951 2218 4018 putredo
2255 3950 2579 4006 corroditur.
2610 3950 2779 4007 llodic
2817 3953 3086 4024 regalibus
3129 3954 3314 4011 infulis
3360 3957 3576 4011 redimi-

1993 4049 2100 4106 tur,
2130 4056 2252 4096 cras
2282 4041 2478 4097 vilibus
2519 4043 2824 4112 panniculis
2859 4045 3108 4101 exanime
3135 4047 3365 4102 cadaver
3395 4048 3584 4103 obvol-

1991 4131 2154 4186 vitur.
2179 4131 2347 4188 Hodie
2370 4132 2612 4202 splendet
2633 4145 2922 4190 coronatus
2947 4137 2998 4191 in
3027 4138 3219 4209 regalis
3239 4141 3583 4199 excellentiae.
3643 4211 3648 4218 ι

1990 4222 2148 4290 solio,
2172 4238 2293 4278 cras
2323 4222 2454 4277 fetet
2484 4225 2755 4281 marcidus
2780 4227 2832 4280 in
2863 4229 3128 4298 sepulcro.
3169 4229 3293 4285 Haec
3331 4231 3496 4302 igitur
3521 4243 3576 4287 ct

1992 4315 2319 4383 hujusmodi,
2363 4316 2580 4372 (Iomina
2625 4318 2724 4384 mi,
2772 4320 3044 4374 subtiliter
3087 4337 3276 4392 pensa,
3316 4333 3371 4378 et
3416 4324 3582 4393 hujus

1991 4409 2114 4463 vita:
2142 4410 2356 4466 labores
2382 4426 2505 4465 cum
2535 4410 2664 4467 Jesu
2706 4428 2846 4466 nunc
2888 4415 3264 4482 mquanimitcr
3292 4417 3482 4482 tolera,
3517 4430 3576 4475 ut

282 4507 552 4574 iussione,
581 4520 633 4564 et
659 4512 979 4568 allocutiOne
1008 4513 1270 4578 sulliciat;
1304 4516 1392 4571 hic
1419 4517 1564 4571 velut
1600 4517 1758 4581 alter,
1790 4519 1882 4572 sed
1916 4511 1962 4568 D
1989 4513 2111 4554 cum
2154 4499 2290 4567 ἱρεον
2318 4500 2409 4571 qui
2433 4500 2709 4570 ludicams
2751 4512 2854 4569 05',
2894 4503 3237 4573 ,ἱυάίείδιυηιε
3273 4507 3577 4572 ³ί¹νθ¹³θ¹⁹ίίο

289 4596 456 4667 longe
493 4602 860 4668 praestantior,
902 4601 1133 4657 lleleana
1175 4605 1445 4660 veraciter
1483 4607 1622 4661 dicat
1656 4626 1668 4661 :
1708 4626 1725 4657 ι
1767 4607 1881 4664 Νοιι

283 4688 406 4753 iam
427 4690 602 4755 Anna,
626 4695 722 4748 sed
743 4697 942 4765 Agnes,
967 4711 1064 4750 cur
1085 4697 1200 4762 lles,
1223 4709 1276 4753 et
1298 4714 1465 4768 quate
1490 4717 1594 4756 non
1622 4704 1881 4768 comedis,

287 4787 356 4832 et
384 4792 541 4845 quam
587 4782 657 4836 ob
701 4797 815 4838 rem
846 4783 1101 4856 alliigitur
1131 4802 1224 4842 cor
1253 4789 1441 4842 tuum?
1488 4792 1730 4860 nunquid
1773 4809 1882 4848 non

287 4883 402 4938 ego
421 4869 608 4926 melior
627 4887 748 4927 sum
777 4889 940 4944 quam
973 4877 1158 4933 decem
1185 4879 1317 4932 ﬁlii?
1337 4879 1418 4948 »(1
1442 4881 1567 4951 Reg.
1595 4886 1657 4954 l.)
1676 4884 1883 4954 thuo-

287 4959 444 5012 niam
487 4959 744 5030 llelcana,
780 4965 872 5020 Dei
904 4967 1050 5022 zelus
1085 4968 1307 5036 dicitur,
1352 4971 1498 5027 zelus
1543 4974 1638 5029 Dei
1667 4975 1884 5032 dilectio

283 5051 674 5122 Redemptoris
697 5057 936 5112 animum
979 5071 1128 5114 tuum
1161 5063 1216 5114 in
1247 5064 1394 5116 omni
1428 5067 1679 5120 ﬂltBl‘Ol‘iS
1703 5074 1756 5119 et
1785 5081 1883 5122 au-

284 5146 487 5216 gustize
512 5149 674 5205 tzedio
693 5153 1024 5217 consoletur,
1056 5166 1112 5208 ut
1141 5156 1194 5209 in
1218 5171 1342 5210 eum
1373 5167 1423 5212 te
1451 5159 1503 5212 in
1525 5161 1692 5226 omni,
1719 5178 1880 5231 quam

281 5239 522 5308 pateris,
551 5242 877 5299 adversitate
914 5245 1186 5313 prOjicias,
1221 5251 1319 5302 sub
1362 5249 1477 5317 ejus
1505 5253 1879 5310 umbraculum

284 5331 374 5386 ab
389 5333 633 5390 humana:
657 5339 1051 5404 persecutionis
1069 5341 1263 5396 ardore
1282 5342 1579 5413 confugias,
1604 5354 1660 5400 et
1689 5347 1739 5400 in
1763 5345 1882 5415 ejus

284 5422 636 5490 amplexibus
685 5440 876 5481 secura
929 5431 1168 5485 suaviter
1226 5434 1568 5501 requiescas.
1615 5445 1884 5506 quatenus

285 5515 416 5583 ipse
439 5517 521 5570 vel
550 5519 901 5588 semetipsum
931 5523 1125 5590 quietis
1153 5523 1355 5578 intimae
1386 5527 1618 5593 przebeat
1647 5539 1882 5597 portum,

287 5602 395 5673 qui
425 5620 521 5673 pro
555 5614 608 5661 te
645 5608 897 5677 dignatus
931 5621 1012 5665 est
1047 5613 1099 5664 in
1143 5613 1423 5666 ruitudanis
1451 5613 1696 5672 (luctibus
1727 5620 1881 5674 inun-

293 5698 543 5756 ΰίεὶὶγςω
570 5702 820 5768 praei-bu
837 5720 929 5757 am
957 5704 1196 5768 perferre
1224 5705 1552 5775 t);tui'£»gitt;tl
1569 5749 1581 5758 ..

1992 4597 2046 4643 tu
2071 4589 2213 4643 velut
2233 4605 2338 4643 una
2363 4590 2431 4644 dc
2457 4591 2792 4660 sapientibus
2815 4593 3113 4661 virginibus
3135 4595 3342 4649 ornatis
3371 4595 3578 4666 lampa-

1990 4684 2146 4738 dibus
2192 4682 2407 4752 (Matth.
2455 4687 2604 4750 xxv),
2653 4683 2700 4737 ei
2747 4685 3001 4739 decenter
3041 4702 3317 4750 occurras,
3369 4697 3422 4742 et
3473 4704 3581 4757 pro

1989 4772 2271 4844 temporali
2301 4787 2537 4842 purpura
2561 4773 2754 4827 stolam
2783 4773 3204 4830 immortalitatis
3228 4777 3482 4847 accipias,
3509 4795 3581 4834 ac.

1989 4879 2088 4932 pro
2112 4878 2330 4928 corona,
2357 4878 2476 4932 quae
2503 4864 2570 4917 de
2598 4872 2813 4918 terreno
2844 4865 3018 4919 fuerat
3043 4865 3302 4921 fabricata
3331 4870 3577 4936 metallo,

1988 4954 2116 5009 illud
2143 4954 2387 5010 diadema
2428 4953 2713 5022 suscipias,
2741 4957 2882 5025 quod
2923 4956 2977 5010 in
3002 4957 3139 5012 coelo
3168 4958 3364 5014 factmn
3393 4969 3476 5012 est
3503 4959 3576 5014 de

1987 5048 2162 5118 lapide
2191 5047 2446 5119 pretioso.

2422 5159 2583 5231 252
2623 5160 2952 5218 EPISTOLA
2993 5161 3126 5217 Vill.

2246 5267 2315 5306 AD
2350 5267 2565 5306 ειυωεκ
2605 5268 2850 5308 ΔῧΝΕΤΕΜ
2891 5268 3308 5310 IMPERATRICEM.

1989 5361 2384 5415 ARGUMENTUI.
2415 5390 2483 5400 —
2511 5361 2764 5435 Eatndem
2791 5363 2854 5435 in
2892 5362 3234 5418 Germaniano
3274 5364 3576 5435 proiectam

2063 5433 2328 5501 hortatur,
2369 5440 2425 5483 ut
2469 5433 2674 5491 redeat,
2713 5432 2955 5492 indicans
2996 5445 3198 5501 (partito
3240 5432 3472 5491 interore
3499 5438 3576 5495 ob

2060 5503 2174 5576 ejus
2217 5500 2517 5576 discessum
2561 5509 2672 5576 tutu
2713 5501 2855 5555 Italia
2902 5500 3094 5576 euntis,
3145 5515 3256 5559 tum
3301 5508 3576 5576 praecipuo

2059 5571 2228 5623 Roma
2259 5570 2444 5624 allecta
2480 5572 2570 5634 sit,
2616 5574 2669 5625 in
2716 5589 2818 5640 qua
2860 5574 3065 5627 scilicet
3111 5576 3243 5629 urbe
3287 5570 3574 5632 onittesad

2058 5655 2249 5718 verum
2288 5641 2502 5696 virtutis
2552 5643 2694 5696 viam
2742 5643 2858 5710 ejus
2903 5646 3266 5702 sanctissimis
3306 5646 3575 5718 exemplis

1957 5737 1960 5740 ~
2058 5710 2454 5768 excitabantur.
