4024 6198
449 290 558 348 4ιῖ

1020 287 1078 344 S.
1124 284 1326 341 PETRI
1370 281 1651 338 DAMIANI
1689 280 1837 338 OPP.
1866 278 2052 334 PARS
2083 275 2213 333 SEU
2243 272 2540 330 TOMUSI.
2578 302 2643 312 —
2685 270 2898 326 EPIST.
2943 269 3067 324 LIB.
3117 268 3244 323 VIII.

3614 265 3715 319 ΗΒ

529 404 769 460 Dominre
797 417 908 456 sua:
938 402 1142 457 Acnsrt
1173 398 1526 469 imperatrici,
1552 396 1767 451 Psrnus
1791 402 2042 465 peccator
2073 398 2128 455 Αι
2151 391 2346 444 tiosum
2375 388 2398 441 ?
2434 386 2529 443 Sic
2577 385 2809 455 denique
2862 399 2990 440 eum
3028 397 3154 437 vene
3185 380 3382 450 diligis,
3432 381 3476 434 si
3504 394 3722 434 servare

456 497 755 553 monachus
785 494 1122 550 servitutem.

532 590 632 644 Vix
683 588 885 643 referre
936 585 1142 642 suilicio
1184 593 1388 653 quanto
1433 597 1532 638 cor
1581 594 1760 636 meum
1810 590 2050 634 mror-e

460 681 824 744 confunditur,
854 678 979 731 dum
1007 675 1212 730 reditus
1245 673 1411 729 vestri
1461 672 1724 750 laetitiam.-
1769 666 2048 739 suspensis

462 775 698 845 quotidie
721 772 1036 832 visceribus.
1065 768 1422 839 prtestolatur.
1449 766 1562 821 lien
1591 765 1707 818 me!
1739 771 1836 817 cur
1863 758 2046 815 itineri

468 873 646 919 vestro
677 876 867 916 vecors
892 875 957 914 ac
981 860 1208 914 stolidus
1238 871 1518 913 assensum
1546 853 1746 926 praebui
1764 853 1792 907 ?.
1819 849 1929 906 imo
1953 865 2052 906 cur

462 954 758 1024 egredienti
784 969 867 1008 me
895 953 1067 1023 ipsum
1096 966 1200 1006 non
1225 949 1488 1005 violenter
1513 947 1778 1018 opposui?
1806 946 1918 1001 (Σαι-
1942 957 2050 999 non

465 1059 728 1114 equorum
761 1043 910 1098 frena
940 1041 1200 1112 corripui,
1232 1049 1288 1094 et
1320 1045 1540 1094 curSum
1568 1030 1805 1091 vestrum
1832 1034 1916 1090 vel
1958 1033 2054 1090 ob-

465 1137 566 1190 viis
595 1135 863 1200 manibus,
909 1135 963 1188 in
1004 1141 1264 1202 quantum
1296 1129 1540 1194 licuerat,
1571 1143 1677 1183 non
1710 1121 1956 1182 tardavi?‘
1987 1123 2054 1202 plu

468 1226 636 1280 vestri
667 1225 825 1294 plane
850 1201 1096 1279 recessus
1124 1221 1393 1286 absentia,
1424 1228 1616 1275 mearet
1646 1217 1836 1282 Roma,
1864 1215 1924 1270 B.
1950 1201 2057 1270 Pe-

473 1317 536 1370 tri
569 1315 716 1386 luget
748 1313 1006 1376 Ecclesia,
1042 1321 1096 1366 et
1135 1321 1245 1366 tota
1277 1325 1375 1380 per
1404 1317 1623 1364 sanctos
1653 1307 1799 1360 viros
1842 1320 1907 1359 ac
1935 1306 2056 1358 mu-

469 1407 632 1460 lieres"
662 1405 990 1459 lamentatur
1010 1401 1183 1456 Italia.
1217 1400 1299 1456 Tu
1340 1399 1633 1470 siquidem,
1661 1395 1810 1451 velut
1834 1399 2058 1449 aureum

449 1502 640 1567 'sidus',
674 1498 1277 1570 te'rrena'qua’rentium
1307 1495 1587 1551 videbaris
1624 1493 1898 1549 illustrare
1926 1481 2064 1570 cali-ﬁ

473 1596 674 1667 giuem,
706 1604 872 1664 atque
903 1567 969 1647 ad
1002 1585 1169 1648 Deum
1199 1599 1519 1661 provocans,
1551 1582 1804 1644 micantis
1830 1567 2063 1654 exempti

475 1685 798 1743 ieiund'ebas
829 1695 880 1741 te
910 1685 1259 1756 sequentibus
1296 1673 1620 1739 claritatem.
1669 1672 1760 1745 Et,
1794 1671 1852 1733 ut
1895 1677 2061 1733 multa

2143 496 2266 551 qua:
2316 479 2410 535 Dei
2467 486 2595 534 sunt
2643 476 2748 548 piis
2777 473 3249 532 exhortationibus
3291 471 3442 528 facis.
3468 471 3723 541 Alioquin

2145 585 2252 640 quo
2274 579 2435 640 pacto
2465 569 2614 623 viros
2637 581 2766 622 suos
2801 564 2903 620 illa:
2928 563 3187 636 coniuges
3201 577 3388 619 amare
3411 562 3724 632 credantur,

2146 675 2269 731 qua:
2298 645 2350 715 in
2381 660 2463 716 eis
2485 673 2699 728 capsas,
2729 665 2791 712 ut
2819 656 2891 711 ita
2917 655 3128 727 loquar,
3150 669 3438 724 corporum
3467 652 3724 724 diligunt;

2147 756 2243 812 sed
2277 755 2589 810 animarum
2621 767 2837 815 aurum,
2863 749 3006 820 quod
3042 749 3097 803 in
3140 747 3222 803 eis
3259 745 3592 811 reconditur,
3621 759 3730 799 nou

2149 849 2431 905 attendunt
2457 864 2472 900 :
2505 846 2774 901 Habemus
2793 841 2960 904 enim,
2983 842 3133 912 juxta
3157 840 3494 910 Apostolum,
3515 839 3724 894 thesau-

2150 954 2271 998 rum
2300 941 2462 997 istum‘
2486 940 2538 993 in
2565 937 2706 994 vasis
2734 934 2986 991 ﬁctilibus
3016 933 3098 1006 (II
3131 933 3254 988 Cor.
3299 932 3395 1004 tv).
3421 931 3551 998 Quae
3573 929 3727 984 nimi-

2153 1049 2271 1088 rum
2302 1032 2405 1087 hoc
2427 1030 2692 1084 duntaxat
2717 1023 3138 1097 amplectuntur,
3164 1023 3306 1094 quod
3331 1036 3542 1076 vermes
3571 1020 3729 1075 devo-

2155 1130 2280 1178 rant
2314 1123 2367 1176 in
2399 1119 2703 1190 sepulcris;
2742 1117 2872 1172 illud
2915 1129 3115 1172 vesane
3161 1113 3487 1183 despiciunt,
3519 1111 3735 1188 cui_im'-

2155 1210 2547 1269 marcescibilis
2597 1207 2766 1280 gloria
2823 1214 3072 1266 servatur
3118 1204 3174 1258 in
3235 1202 3407 1258 crelis.
3462 1201 3520 1256 In
3569 1214 3737 1254 carne

2155 1303 2356 1374 quippe
2403 1314 2644 1355 amorem
2693 1311 2854 1353 suum
2898 1295 2988 1350 illa
3015 1283 3390 1356 constituerat,
3423 1305 3544 1360 quae
3566 1288 3736 1344 David

2157 1407 2218 1449 se
2239 1389 2579 1462 despicienti,
2608 1387 2810 1443 ironica
2838 1383 3186 1440 insultatione
3213 1380 3429 1435 diccbat
3457 1396 3470 1432 :
3509 1397 3526 1430 ι
3565 1377 3740 1444 Quam

2158 1487 2425 1560 gloriosus
2456 1482 2557 1537 fuit
2579 1480 2737 1536 hodie
2765 1493 2855 1534 rex
2887 1475 3072 1540 Israel,
3101 1472 3505 1542 discooperiens
3529 1484 3589 1526 se
3612 1477 3742 1522 ante

2157 1558 2344 1634 oculos
2367 1588 2646 1631 servorum
2683 1585 2924 1633 suorum,
2947 1575 3004 1622 et
3033 1566 3266 1620 nudatus
3286 1571 3369 1618 est
3390 1561 3543 1631 quasi
3574 1558 3746 1614 nude¢

2163 1675 2253 1723 tur
2293 1679 2434 1720 unus
2484 1678 2549 1717 ex
2590 1658 2842 1716 scurris?
2872 1676 2892 1710 ι
2933 1655 3017 1728 (II
3062 1653 3190 1724 Reg.
3221 1651 3467 1723 vr).Qu:e
3497 1637 3745 1719 proiecto

475 1785 812 1849 praeteream,
843 1787 943 1848 ego
970 1744 1186 1845 quoque
1212 1774 1386 1829 denec
1435 1781 1491 1828 te'
1520 1770 1708 1841 procul
1737 1744 1926 1824 abesse
1968 1777 2057 1822 su-
2089 1751 2135 1811 Β
2163 1765 2291 1836 quia
2318 1759 2645 1816 desiderium
2673 1768 2828 1811 suum
2853 1753 2908 1808 in
2933 1751 3044 1808 sola
3065 1764 3231 1807 carne
3256 1753 3530 1818 posuerat,
3555 1744 3752 1849 carnis

476 1869 647 1939 spiro,
684 1867 928 1922 Romana
961 1866 1284 1935 conspicere
1318 1861 1519 1917 moenia
1549 1858 1926 1933 perhorresco.
1960 1859 2066 1913 tte-

476 1960 692 2012 Vertere
727 1961 875 2027 ergo,
909 1956 1124 2010 domina
1167 1953 1264 2020 mi,
1298 1947 1592 2017 revertere,
1632 1951 1798 2022 teque;
1833 1949 2065 2020 lugenti;

477 2048 580 2103 bus
624 2047 868 2102 festivam
913 2045 1078 2101 redde
1122 2043 1406 2110 laatitiam,
1453 2043 1554 2114 qui
1588 2041 1897 2097 rutilantem
1940 2039 2066 2096 coeli

480 2139 749 2208 gemmam
781 2137 847 2192 de
873 2136 1048 2207 c’apite
1079 2135 1266 2190 mundi
1295 2130 1488 2198 Ruma,
1517 2131 1912 2203 quodammodo
1950 2129 2066 2201 plo-‘

480 2231 666 2282 ramus
709 2226 968 2280 avulsam.
1016 2225 1233 2296 ingerat
1277 2223 1371 2278 tibi
1421 2239 1678 2279 nauseam
1720 2220 1841 2277 aula
1876 2219 2070 2291 regalis

481 2315 718 2386 imperii,
743 2316 855 2372 sola
885 2316 992 2370 tuis
1018 2316 1245 2370 naribus
1275 2325 1472 2386 sageua
1500 2311 1738 2369 redoleat
1763 2312 2068 2383 piscatoris.

483 2405 598 2464 Illic
619 2425 742 2464 cum
781 2406 1076 2462 Petronilla
1109 2405 1274 2460 simul
1313 2396 1514 2459 habere
1554 2414 1606 2458 te
1638 2403 1802 2457 libeat
1827 2401 2071 2470 sepultu-

485 2514 627 2563 ram,
656 2507 717 2552 ut
745 2498 970 2568 insignis
994 2497 1084 2550 ille
1107 2506 1262 2566 pater
1291 2495 1562 2565 geminam
1599 2493 1753 2564 juxta
1784 2506 1865 2556 se,
1893 2491 2074 2546 carnis

484 2590 738 2645 videlicet
778 2589 841 2644 ac
870 2589 1096 2658 spiritus
1119 2587 1354 2658 gaudeat
1381 2587 1724 2656 requiescere
1755 2583 1941 2637 filiam.
1971 2582 2075 2635 Do-

489 2685 696 2739 m'inum’
728 2693 902 2737 meum
937 2673 1227 2752 Lop‘ertum
1256 2680 1572 2750 episcopum
1598 2689 1750 2747 mque
1775 2676 1970 2741 Saluto,
1998 2683 2074 2740 et,

488 2781 548 2830 ut
573 2776 682 2832 cito
711 2781 1034 2839 revertatur,
1066 2772 1313 2842 implero.

1057 2906 1389 2962 EPISTULA
1428 2904 1518 2960 IX.

607 3015 817 3057 NICOLH
855 3011 1000 3054 rara:
1041 3015 1077 3052 ιι
1118 3014 1279 3052 Α·ι›....
1321 3011 1551 3051 seems
1591 3009 1796 3050 GALLIIE
1837 2993 2008 3065 (i0l).

494 3112 892 3166 Ancuusu'ruu.
925 3138 995 3147 —
1025 3107 1082 3162 S.
1116 3107 1307 3161 doctor
1349 3102 1552 3158 Nicolai
1585 3103 1624 3155 ll
1666 3104 1819 3172 papae
1865 3101 2082 3156 nomine
2109 3091 2153 3154 C

566 3183 759 3236 scribit
784 3183 849 3234 ad
873 3178 1166 3231 Galliarum
1197 3177 1454 3244 reginam,
1487 3170 1801 3240 laudat'ejus
1825 3173 2079 3240 pietatem

566 3252 705 3306 etin
753 3264 1015 3318 pauperes
1063 3243 1515 3318 beneﬁcentiam;
1567 3243 1931 3318 liortatur,_ut
1971 3250 2081 3294 tam

570 3312 834 3374 laudabile
861 3312 988 3372 vita:
1015 3319 1346 3379 institutum,
1374 3314 1516 3384 quod
1556 3312 1723 3367 semei
1752 3312 2078 3384 arripuerat.

570 3405 741 3460 usque
763 3389 838 3444 ad
856 3399 1162 3460 extremum
1191 3381 1503 3441 constanter
1529 3384 1789 3460 retineat;
1821 3381 2085 3460 simulque

571 3451 781 3523 suadet,
832 3468 892 3513 ut
936 3459 1110 3512 virum
1157 3471 1313 3512 suum
1360 3467 1540 3524 regem
1589 3454 1656 3508 ad
1698 3451 2086 3524 rempublicam

568 3533 712 3601 juste
750 3522 1864 3601 adtninistrandatuneccleSiam”tuendam
1893 3531 1946 3575 et
1977 3522 2092 3598 pie-

576 3593 702 3656 latis
733 3606 896 3669 opera
928 3598 1154 3660 edenda,
1194 3596 1509 3656 inﬂammet,
1544 3593 1681 3669 ﬁlios
1717 3607 1938 3669 quoque
1961 3593 2088 3645 suos

573 3663 802 3735 eisdetn',
824 3670 1018 3739 quibus
1049 3669 1164 3738 ipsa
1192 3669 1400 3722 imbuta
1420 3665 1788 3728 eSt-morihus,
1818 3663 2087 3717 instituat.

577 3781 737 3852 253
776 3781 1046 3834 Nummus
1095 3779 1401 3848 cpiscopus,
1442 3779 1634 3831 s‘erv’u‘s
1663 3781 1946 3829 servorum
1971 3773 2088 3839 D'ei,

508 3872 757 3944 gloriosae
792 3872 986 3939 reginae
1034 3869 1260 3923 salutem
1291 3876 1346 3922 et
1373 3865 1723 3936 apostolicam
1760 3863 2093 3919 benedictio-

511 3977 656 4017 nem.

583 4052 748 4106 Bona:
777 4049 1072 4104 voluntatis
1111 4049 1320 4102 auctori
1370 4045 1726 4116 omnipotenti
1762 4045 1871 4102 Deo
1908 4045 2097 4117 dignas

509 4143 722 4214 gratias
744 4147 988 4212 agamus,
1020 4141 1148 4210 quia
1171 4141 1222 4193 in
1247 4141 1482 4195 femineo
1511 4147 1732 4208 pectore
1763 4137 1917 4192 virile
1946 4137 2096 4191 vive-

511 4255 577 4294 re
597 4239 856 4291 virtutum
880 4238 1045 4290 robur
1070 4236 1336 4289 audimus.
1364 4233 1619 4287 Pervenit
1641 4232 1837 4302 quippe
1859 4231 1925 4285 ad
1940 4243 2099 4285 aures

515 4325 752 4393 nostras,
777 4328 1271 4400 praecellentissima
1303 4327 1435 4391 lilia,
1460 4327 1809 4381 serenitatem
1841 4334 1988 4379 tuam
2015 4325 2098 4379 in-

2167 1823 2344 1909 fructu
2393 1849 2575 1904 debita
2625 1855 2705 1900 est
2764 1841 3234 1898 animadversione
3287 1837 3518 1908 privata.
3591 1823 3750 1889 Unde

2165 1943 2326 2015 paulo
2380 1948 2500 2012 poSt
2555 1937 2835 2006 Scriptura
2888 1930 3166 2001 subiungit
3216 1947 3229 1983 :
3285 1948 3305 1980 ς
3353 1926 3522 1998 igitur
3552 1921 3748 1978 Michol

2169 2037 2292 2092 iilize
2320 2034 2476 2098 Sani,
2507 2041 2613 2086 non
2640 2041 2727 2085 est-
2763 2037 2923 2083 natus
2972 2025 3116 2080 (ilius
3137 2022 3306 2092 usque
3329 2021 3397 2076 ad
3427 2021 3569 2074 diem
3598 2030 3751 2072 mor-

2170 2129 2240 2185 tis
2267 2142 2379 2184 suae
2405 2124 2596 2198 (Ibid.)
2629 2141 2654 2174 »-
2674 2121 2754 2175 Tu
2779 2127 2981 2181 autem,
3007 2115 3242 2186 gloriosa
3263 2112 3390 2173 ﬁlia.
3415 2107 3756 2180 quia'fecuns-

2171 2219 2355 2276 ditatis
2375 2218 2573 2273 donum
2603 2211 2861 2269 divinitus
2889 2205 3159 2270 meruisti,
3182 2205 3262 2258 sic
3285 2201 3641 2257 clarissimam
3670 2199 3758 2253 in-

2171 2319 2322 2368 strue
2367 2307 2628 2370 sobolem,
2657 2311 2718 2357 ut
2748 2303 2891 2356 inter
2917 2299 3026 2368 ipsa
3058 2294 3315 2351 laetantis
3337 2290 3574 2346 infantia:
3599 2288 3756 2343 rudi-

2145 2409 2354 2458 ‘menta
2405 2399 2472 2453 ad
2518 2393 2794 2452 Creatoris
2844 2390 2924 2446 sui
2968 2387 3241 2442 nutriatur
3275 2395 3543 2437 amorem.
3575 2378 3683 2432 Per
3703 2385 3761 2432 te

2176 2494 2340 2566 igitur
2382 2491 2615 2552 discant,-
2659 2484 2748 2540 cui
2794 2481 3134 2554 potissimum
3165 2477 3416 2537 debeant,
3448 2482 3502 2526 et
3531 2467 3676 2538 quod
3701 2467 3760 2544 iu

2177 2560 2373 2658 regalis
2423 2583 2562 2638 aula:
2621 2578 2770 2636 solio
2803 2585 2931 2632 sunt
2971 2572 3180 2630 nobiles
3206 2570 3393 2641 geniti,
3425 2575 3482 2620 et
3525 2560 3672 2658 quod
3703 2561 3761 2615 in

2177 2655 2435 2733 Ecclesia:
2481 2672 2686 2745 gremio
2737 2669 2893 2739 longe
2943 2664 3180 2721 nobilius
3203 2669 3298 2733 per
3322 2658 3498 2714 sancti
3522 2655 3765 2725 Spiritus

2179 2767 2410 2839 gratiam
2441 2771 2569 2820 sunt
2598 2760 2796 2817 renati.
2840 2757 2958 2812 Noli
2985 2751 3278 2824 aliquando
3307 2747 3591 2821 pecuniam
3616 2756 3762 2814 prte-

2181 2835 2325 2915 ierre
2341 2842 2588 2927 iustitiae,
2615 2854 2707 2910 sed
2736 2852 3049 2907 thesaurum
3080 2852 3218 2900 verte
3240 2841 3519 2913 sapientia:
3547 2835 3768 2891 inhian-

2182 2949 2268 3007 ter
2316 2926 2560 3019 acquire.
2607 2946 2812 3016 Regina
2845 2941 3043 3011 quippe
3079 2937 3222 2993 Saba
3251 2935 3400 2990 venit
3432 2926 3770 3019 nunﬁvidere

2183 3016 2424 3106 divitias,
2440 3039 2533 3095 sed
2549 3037 2736 3092 audire
2749 3033 3068 3105 sapientiam
3085 3025 3390 3083 Salomonis
3403 3023 3449 3094 (Ι
3459 3020 3520 3076 II
3537 3018 3666 3090 Reg.
3685 3016 3768 3082 at).

2185 3139 2332 3203 Quas
2379 3144 2561 3188 tamen
2600 3131 2722 3200 ipsa-
2765 3133 2870 3182 no'n
2917 3125 3091 3196 petiit,
3138 3117 3410 3190 copiosius
3444 3112 3768 3183 remrtavit.

2185 3200 2264 3284 'fu
2297 3227 2482 3286 etiam,
2515 3223 2643 3286 ﬁlia,
2669 3217 2866 3276 divinis
2893 3213 3194 3272 obediendo
3223 3206 3514 3270 mandatis,
3546 3200 3769 3272 sapiae.

2187 3321 2317 3374 tiam
2351 3316 2591 3386 posside,
2633 3321 2692 3368 ut
2719 3307 3071 3367 merea‘risad
3109 3303 3338 3359 salutem
3361 3297 3560 3353 animae
3583 3305 3693 3348 tua
3721 3300 3776 3346 et

2191 3383 2418 3467 terrenis
2449 3415 2822 3476 competenter
2857 3399 3081 3457 afﬂuere
3109 3406 3167 3453 et
3199 3397 3265 3452 de
3297 3388 3598 3448 trausitorii
3620 3383 3774 3458 regni

2189 3501 2424 3559 culmine
2450 3499 2516 3554 ad
2545 3497 2770 3552 cteleste
2797 3491 3049 3548 transire.

2652 3623 2814 3697 254
2863 3601 3195 3678 EPISTULA
3238 3615 3307 3669 χ.
3543 3693 3548 3698 Ι
3685 3693 3688 3696 ν

2262 3738 2329 3778 ΑΙ)
2362 3726 2736 3776 corutrnsnuu
2780 3725 2956 3769 noceat
2992 3727 3059 3765 ET
3100 3699 3446 3763 auncruoxsu'
3475 3697 3738 3778 resut£.'

2196 3812 2594 3869 ARGUMENTUM.
2635 3839 2704 3848 —
2745 3807 2856 3860 ilac
2901 3800 3126 3872 epistola
3175 3788 3668 3872 Gotl_t_ifi'cdo‘_dlrci
3686 3794 3787 3872 Act

2269 3857 2594 3938 '
2618 3857 2852 3940 scribit,—
2869 3857 2950 3928 se.
2966 3869 3205 3943 graviter
3237 3861 3538 3943 tulissenab
3563 3859 3663 3943 illo~
3684 3857 3788 3943 Ca-

2266 3928 3048 4020 iiiibu'iu'ﬁéeéubidu'uaceih,
3079 3939 3175 4020 qui
3215 3953 3246 3989 a
3267 3928 3787 4020 catliolicit‘tf-li‘tsi?‘

2977 3994 3274 4084 acceptum
3309 4018 3428 4058 esse
3451 4019 3466 4066 ;
3507 3994 3699 4084 idque
3711 3994 3789 4084 με

2716 4067 2999 4140 saeiarum
3048 4067 3350 4160 litterarum
3379 4067 3790 4160 caeni-plislaiu-

2270 4135 2882 4235 adiri—(meique
2921 4161 2981 4235 ut
3017 4135 3787 4235 culparumha‘ggiogcagnet‘g;

2272 4206 2998 4306 iterataque
3016 4221 3070 4275 i‘n
3098 4206 3407 4290 gratiamvs.
3432 4211 3498 4264 Β.
3526 4206 3794 4262 Ecclesia:

2270 4307 2478 4360 redeat.

521 4419 830 4491 digentibus
897 4418 1260 4474 muniﬁcentia
1321 4419 1424 4488 pia:
1469 4416 1807 4471 liberalitatis
1855 4415 2098 4483 alliuerc,
2129 4437 2185 4499 ι)-
2275 4417 2482 4473 Domno
2518 4400 3390 4472 Gormrnsno,excellentissimo
3415 4393 3535 4451 duci
3562 4401 3800 4448 etmar-

515 4511 885 4566 dcvotissimae
927 4510 1192 4564 orationis
1227 4505 1422 4564 studiis
1454 4507 1731 4572 insudare,
1759 4509 1855 4577 pro
1893 4505 2100 4559 violen-

517 4614 608 4658 iter
629 4604 902 4674 Oppressis
950 4603 1056 4657 vim
1086 4601 1438 4657 districtionis
1465 4607 1743 4665 exercere,
1787 4598 2106 4666 ueterisque

517 4697 682 4752 bOnis
717 4695 990 4766 operibus,
1036 4695 1089 4748 in
1115 4705 1375 4764 quantum
1429 4692 1523 4746 tibi
1567 4692 1844 4761 competit,
1871 4687 2105 4744 oIlicium

523 4787 693 4858 regia:
746 4785 1024 4856 dignitatis
1082 4786 1326 4855 implere.
1361 4782 1652 4837 Hortamur
1684 4782 1866 4852 igitur,
1894 4789 1954 4834 ut
1979 4794 2106 4834 eum

517 4897 709 4953 quem,
739 4881 848 4936 Deo
891 4881 1207 4951 inSpirante,
1240 4879 1407 4936 semel
1452 4881 1696 4950 ingressa
1719 4893 1798 4943 es,
1828 4875 2103 4933 tramitem

525 4982 754 5028 teneas:
789 4971 1310 5041 invictissiinun'ique
1357 4971 1532 5024 viru'm
1578 4979 1749 5035 tuum,
1793 4967 1959 5022 ﬁlium
2007 4984 2108 5023 no-

530 5071 708 5118 strum
759 5076 938 5132 regem
973 5061 1037 5115 ad
1069 5060 1285 5130 pietatis
1323 5060 1704 5130 :equitatisque
1744 5058 2109 5130 gubernacula

535 5152 888 5216 moderanda,
917 5159 1225 5218 statumque
1265 5150 1520 5206 Ecclesiae
1550 5151 1892 5206 retinendum
1914 5165 2112 5219 provo-

533 5260 665 5300 care
686 5247 996 5300 conteudas'.
1029 5244 1084 5300 Si
1112 5244 1256 5297 enim
1320 5241 1630 5312 eloquentia
1649 5241 1860 5311 Abigail
1890 5241 2113 5296 stultum

539 5334 709 5390 Nabal
755 5336 822 5390 ab
879 5335 1162 5390 irascentis
1219 5334 1386 5389 David
1413 5329 1588 5405 gladio
1617 5333 1854 5389 servavit
1887 5333 2114 5387 illmsum

538 5423 598 5495 (1
614 5425 895 5497 Regni“);
911 5436 1112 5496 quanto
1132 5427 1301 5497 magis
1323 5435 1507 5480 sancta
1530 5424 1743 5479 dev0tio
1771 5433 1859 5478 tu‘a
1881 5424 2115 5494 pruden-

542 5516 811 5573 tissimum
866 5517 1040 5572 virum
1076 5528 1222 5573 tuum
1255 5517 1450 5574 divinis
1477 5515 1664 5573 reddet
1695 5516 1971 5573 obtutibus
1994 5528 2117 5585 gra-

2207 4511 2410 4573 cbioui,
2463 4499 2680 4562 Perses
2733 4510 2990 4574 peccator
3036 4495 3340 4553 monachus
3379 4489 3478 4545 zeli
3524 4483 3797 4542 ferventis

2207 4587 2543 4672 obloquium.

2279 4666 2706 4764 No-va‘nuperet
2738 4682 2977 4739 inaudita
3029 4680 3096 4735 de
3127 4677 3281 4732 vobis
3309 4672 3451 4764 apud
3497 4667 3612 4725 nos‘
3650 4666 3799 4721 fama

2210 4755 2545 4856 percrebuit,
2559 4758 2679 4846 quae
2705 4773 2858 4828 nobis
2881 4773 2984 4825 non
3023 4766 3175 4838 parvi
3201 4755 3800 4820 mterori's'mwstitiam

2212 4851 2414 4933 intulit,
2446 4867 2660 4920 viseera‘
2686 4860 3012 4917 tremefacta
3034 4854 3331 4918 concussit,
3379 4865 3442 4906 os
3479 4851 3750 4933 nostrum
3774 4858 3804 4896 a

2215 4961 2373 5018 solita
2397 4931 2582 5029 gloriae
2610 4961 2800 5009 veStrae
2819 4947 2975 5005 la'nd'e
3003 4945 3355 5016 compescuit;
3377 4947 3433 4995 et
3461 4931 3802 4993 tabefactum

2217 5054 2332 5119 cbr,
2362 5027 2512 5106 véha
2535 5045 2852 5103 acutissimo
2889 5040 3092 5097 doloris
3138 5035 3312 5092 intimi
3336 5032 3571 5104 pugione
3619 5027 3808 5081 tratis-

2219 5144 2372 5200 fodit.
2426 5140 2534 5196 νος
2598 5136 2806 5193 scilicet
2850 5131 3290 5189 communicasse
3361 5138 3485 5180 cum
3532 5119 3808 5179 Cadaloo,

2222 5245 2401 5311 quem,
2431 5233 2718 5303 ut-iiquid‘o
2743 5229 2940 5294 nostis,
2961 5226 3072 5295 iam
3113 5224 3320 5281 dudum
3347 5215 3679 5275 universalis
3708 5213 3806 5268 Ec-

2221 5329 2406 5393 clesia,
2439 5335 2692 5394 tanquam
2717 5320 2915 5378 lethaie
2941 5318 3090 5372 virus
3119 5314 3380 5377 evomuit,
3413 5320 3490 5373 et,
3517 5317 3590 5361 ut'
3610 5320 3812 5361 revera

2223 5420 2496 5493 putridum
2545 5416 2866 5476 membrum,
2905 5412 2971 5467 de
3019 5408 3254 5480 prppriis‘
3280 5401 3580 5459 visceribus
3614 5411 3820 5493 ampu-

2225 5485 2380 5578 lavit,
2413 5510 2471 5564 in
2513 5503 2829 5578 gehennalis
2858 5500 3102 5556 barathri
3148 5494 3422 5568 profunda"
3446 5485 3736 5553 demersit,
3759 5497 3816 5541 et

619 5681 769 5748 (Ilii)
812 5681 1016 5736 Annam
1053 5680 1262 5735 ileurici
1293 5681 1690 5747 regisuxorcm,
1728 5677 1962 5744 Philippi
1987 5676 2109 5728 item
2152 5671 2290 5741 regis
2323 5678 2548 5721 matrem
2582 5657 2920 5717 crediderim.
