4024 6198
427 308 525 363 ιεςι

969 304 1027 360 S.
1062 303 1263 359 PETRI
1309 303 1590 359 DAMIANI
1634 301 1781 357 ()Pl‘.
1825 300 2002 355 ΡΜιῦ
2041 300 2169 355 SEU
2214 300 2448 357 'I‘OMUS
2480 302 2516 354 I.
2557 333 2623 340 —-
2649 302 2861 357 EPIS'I‘.
2903 302 3032 359 LIB.
3080 283 3209 360 VIII.

3581 304 3678 361 652

499 424 665 478 Filius
718 423 804 477 hic
856 431 1060 482 noster,
1110 421 1277 475 abbas
1327 419 1576 474 videlicet
1608 417 2001 473 monasteriis.
2035 434 2077 481 Α
2109 418 2374 486 siquidem
2426 432 2616 487 parva,
2666 420 2761 473 sed
2811 416 3123 483 fructifera;
3170 419 3319 485 abies
3374 428 3552 473 autem
3601 431 3681 476 est

425 515 652 570 Joannis
705 513 981 583 Baptistm,
1036 511 1416 566 bibliothecam
1443 509 1596 575 emit,
1623 510 1715 565 sed
1736 510 1861 579 quia
1894 525 2000 564 non

422 614 602 675 potest
648 603 880 674 pretium
922 599 1099 669 in0pia
1152 598 1519 667 constrigeute
1554 598 2003 667 persolverc,ne-

424 695 681 750 cessitate
710 689 1049 759 compellitur
1075 704 1103 742 a
1136 703 1222 743 me
1253 690 1537 743 reddenda.-
1568 688 1885 757 quantitatis
1907 702 2002 741 au-

424 784 611 838 xilium
645 783 907 851 ﬂagitare.
939 779 1043 835 Sed
1073 779 1215 848 quod
1245 778 1310 832 ad
1339 792 1578 848 praesens
1611 778 1741 831 mihi
1771 794 1873 831 non
1902 777 1998 831 ad-

418 879 584 947 jacet,
613 874 680 927 ab
703 873 821 927 aliis
848 872 1098 940 exigendi
1127 871 1399 924 licentiam
1428 870 1641 934 tribuo;
1673 869 1817 938 quod
1847 885 1875 923 a
1906 886 2001 924 ιιο-

423 964 529 1028 bis,
581 963 839 1017 divitibus
883 961 1091 1017 scilicet
1139 960 1411 1031 episc0pis
1473 956 1577 1014 non
1610 961 1939 1029 assequitur,
1974 975 2003 1012 a

425 1056 577 1109 vobis
608 1054 798 1109 saltem
821 1053 1031 1120 exiguis
1058 1068 1121 1106 ac
1146 1050 1489 1121 pauperculis
1524 1052 1575 1104 in
1601 1051 1784 1120 aliquo
1810 1065 2003 1106 conso-

426 1147 584 1199 letur.
611 1146 762 1211 Quod
791 1146 834 1200 si
866 1145 998 1199 dicit
1036 1145 1230 1213 aliquis
1260 1161 1275 1199 :
1304 1142 1533 1198 Mundus
1585 1145 1874 1197 adversum
1908 1158 2008 1198 nos

427 1240 580 1306 furit,
631 1240 829 1294 bellum
876 1239 1099 1308 ingruit,
1150 1247 1204 1291 et
1256 1250 1451 1291 vacare
1500 1252 1600 1291 nos
1636 1237 1701 1289 ad
1735 1234 2007 1291 oll‘erenda

430 1333 540 1385 Deo
594 1346 819 1386 munera
876 1346 981 1385 non
1019 1330 1306 1400 permittit,
1338 1329 1521 1383 audiat
1558 1330 1680 1397 quia
1715 1328 1875 1382 Iosue
1900 1327 2017 1391 dux,

425 1420 591 1477 Israel
621 1420 673 1473 in
689 1419 907 1474 deserto
932 1420 1225 1490 pugnabat,
1241 1428 1295 1472 et
1315 1418 1431 1488 Moy
1445 1417 1594 1471 sesin
1613 1426 1815 1480 tuante,
1839 1416 2008 1469 mani-

429 1511 529 1564 bus
553 1510 604 1564 in
626 1510 824 1564 cmlum
845 1509 1085 1564 extensis
1112 1508 1301 1563 orabat
1323 1508 1519 1579 (Exod.
1543 1508 1706 1578 xvn);
1734 1507 1849 1572 sed,
1872 1508 2010 1562 sicut

430 1600 711 1670 Scriptura
741 1601 1008 1669 perhibet,
1063 1615 1185 1654 cum
1218 1600 1518 1654 remitteret
1547 1613 1737 1653 manus
1780 1596 2009 1668 Moyses,

430 1690 721 1759 superabat
749 1689 1040 1755 Amalech;
1071 1705 1191 1744 cum
1228 1704 1357 1745 vero
1387 1705 1577 1745 manus
1605 1690 1858 1758 erigeret,
1893 1703 2013 1743 cor-

2105 510 2352 577 procbra,
2410 512 2505 565 sed
2562 510 2866 566 infecunda.
2924 510 3030 566 Sed
3093 510 3181 566 illa
3239 511 3480 580 quidem,
3542 512 3682 581 quod

2104 600 2283 654 minus
2314 599 2475 656 habet
2506 600 2557 654 in
2593 601 2806 666 robore,
2834 610 3150 669 compensat
3196 600 3247 655 in
3297 614 3521 653 uvarum
3563 615 3683 669 pro-

2106 688 2386 744 ﬂuentium
2413 691 2693 755 ubertate;
2733 691 2838 745 ista
2861 707 2987 746 vero
3014 692 3141 746 licet
3174 690 3249 745 nil
3276 690 3521 746 conferat
3544 706 3687 745 men-

2107 780 2183 835 sis
2208 781 2500 851 erigendis,
2534 791 2715 837 tamen
2746 790 2829 836 est
2853 782 3295 852 aptastructuris,
3325 792 3379 837 et
3407 782 3549 851 quod
3578 799 3685 836 non

2107 868 2336 933 deliciis,
2365 870 2584 923 exhibet
2622 870 2880 924 aediliciis.
2930 870 3032 926 Ubi
3060 880 3241 924 autem
3284 871 3389 925 duo
3425 871 3525 925 ista
3554 886 3686 926 con-

2108 968 2350 1023 currunt,
2382 960 2636 1014 nimirum
2684 970 2739 1014 ut
2774 960 2933 1014 simul
2972 969 3027 1015 et
3064 960 3362 1030 proceritas
3393 961 3604 1015 arboris
3630 970 3685 1015 et

2111 1059 2403 1117 proventus
2434 1050 2506 1103 sit
2541 1050 2825 1114 ubertatis,
2856 1060 3060 1119 quanto
3094 1052 3287 1115 rarior,
3319 1060 3469 1104 tanto
3500 1052 3691 1121 majori

2112 1153 2197 1193 res
2233 1148 2317 1192 est
2347 1139 2503 1208 digna
2536 1139 2814 1194 miraculo.
2851 1140 2965 1195 lloc
3006 1140 3167 1210 igitur
3198 1141 3252 1194 in
3285 1141 3435 1195 vobis
3463 1142 3690 1211 gemina:

2110 1231 2294 1301 gratia:
2316 1233 2583 1301 reperitur
2610 1232 2838 1301 insigne,
2864 1244 2920 1288 et
2946 1234 2999 1287 in
3025 1233 3190 1288 Deum
3219 1235 3430 1290 scilicet
3460 1236 3684 1290 humilis

2110 1334 2174 1374 ac
2199 1330 2387 1374 sancta
2416 1320 2650 1386 devotio,
2678 1331 2731 1376 et
2758 1337 2886 1390 erga
2927 1324 3181 1376 nmndum
3219 1323 3464 1379 sublimis
3503 1333 3693 1394 poten-

2113 1414 2199 1468 tia:
2222 1414 2507 1479 celsitudo,
2545 1424 2603 1468 ut
2634 1416 2736 1469 dici
2766 1430 2869 1470 non
2905 1415 3178 1471 immerito
3217 1415 3439 1472 valeatis
3468 1428 3523 1472 et
3557 1417 3695 1474 vites

2110 1505 2336 1560 excelsa:
2383 1515 2438 1560 et
2484 1506 2693 1561 abietes
2738 1506 3045 1561 fructuosa}.
3099 1507 3174 1561 De
3217 1509 3476 1576 mysterio
3507 1518 3692 1563 autem

2112 1604 2312 1650 mutuae
2333 1595 2697 1661 continentiae,
2739 1612 2902 1666 quam
2930 1597 3071 1653 inter
3108 1612 3225 1663 vos,
3256 1600 3364 1653 Deo
3394 1608 3554 1666 teste,
3578 1615 3693 1655 ser-

2114 1688 2273 1753 vatis,
2306 1686 2397 1741 ditt
2428 1702 2534 1753 me,
2560 1687 2763 1751 fateorf
2786 1689 2981 1759 duplex
3004 1689 3187 1758 opinio
3212 1691 3407 1756 tenuit,
3431 1700 3489 1745 ut
3516 1694 3693 1746 virum

433 1782 625 1835 ruebat
669 1780 948 1846 Amalech,
1002 1790 1057 1835 et
1098 1780 1350 1836 vincebat
1380 1781 1561 1836 Israel.
1592 1780 1725 1836 llinc
1750 1781 2011 1852 propheta
2042 1782 2088 1842 B
2116 1777 2335 1847 quidem
2368 1786 2517 1832 tuum
2549 1778 2849 1833 arbitrarer
2874 1780 3119 1835 hilariter
3142 1782 3245 1836 hoc
3271 1782 3545 1851 pudicitia:
3578 1797 3695 1835 mu-

431 1872 564 1927 dirit
590 1888 603 1924 :
637 1889 655 1921 ι
693 1870 893 1925 Levate
915 1872 1076 1925 corda
1108 1879 1284 1925 vestra
1309 1884 1432 1925 cum
1456 1871 1703 1926 manibus
1732 1872 1799 1925 ad
1842 1871 2011 1926 Deum

431 1959 650 2031 (Thren.
701 1961 804 2030 ιιι).
865 1980 882 2011 ι
931 1958 1038 2014 Cor
1083 1960 1281 2030 quippe
1306 1974 1427 2016 cum
1480 1961 1729 2015 manibus
1758 1960 1823 2016 ad
1848 1962 2013 2016 Deum

435 2053 576 2107 levat
635 2055 752 2123 qui,
800 2053 929 2107 dum
981 2054 1287 2109 orationum
1336 2054 1446 2108 Deo
1487 2063 1609 2108 vota
1658 2052 1937 2123 persolvit,
1963 2055 2013 2109 ei

433 2158 669 2214 quoque,
706 2143 789 2198 vel
835 2144 903 2199 ad
926 2153 1245 2200 ornamenta
1266 2143 1645 2208 ecclesiarum,
1677 2142 1759 2198 vel
1798 2144 1865 2197 ad
1890 2144 2015 2198 sub-

432 2233 568 2288 sidia
586 2248 900 2304 pauperum,
919 2233 1087 2305 257,
1109 2249 1289 2290 rerum
1319 2249 1539 2289 suarum
1567 2234 1704 2289 dona
1739 2235 2015 2289 transmit-

432 2327 518 2379 tit.
553 2325 845 2382 lnduamus
871 2341 1003 2397 ergo
1033 2325 1189 2382 nobis
1215 2325 1437 2381 loricam
1480 2326 1743 2381 bonorum
1766 2339 2013 2395 operum,

434 2417 690 2486 etjacula
740 2434 844 2473 non
875 2418 1186 2473 timebimus
1238 2418 1545 2487 impiorum.
1580 2416 1734 2472 Unde
1759 2415 2013 2472 Salomon

438 2508 494 2561 in
529 2507 838 2563 Proverbiis
868 2526 881 2562 :
913 2526 930 2559 ι
965 2506 1042 2561 Ne
1071 2510 1288 2577 paveas,
1336 2507 1531 2577 inquit,
1577 2507 1859 2577 repentino
1908 2515 2015 2561 ter~

440 2611 562 2653 rore
615 2598 887 2652 irruentes
929 2597 1023 2651 tibi
1060 2606 1358 2668 potestates
1412 2598 1729 2669 impiorum,
1758 2597 2017 2653 Dominus

434 2689 580 2744 enim
629 2690 737 2744 erit
775 2690 827 2743 in
866 2690 1033 2744 latere
1070 2698 1160 2743 tuo
1190 2699 1244 2744 et
1295 2689 1566 2744 custodiet
1617 2688 1807 2756 pedem
1843 2696 2013 2751 tuum,

438 2794 507 2833 ne
536 2780 769 2848 capiaris
792 2776 973 2847 (Prov.
1002 2778 1103 2848 ιιι).
1143 2797 1161 2830 ι
1202 2776 1353 2833 Unde
1375 2787 1554 2833 autem
1573 2779 1867 2834 debeamus
1880 2777 2020 2832 hanc

438 2870 722 2923 audaciam
750 2876 928 2924 mente
954 2869 1240 2939 concipere
1260 2878 1457 2938 praesto
1486 2868 1766 2939 subiunxit
1794 2884 1808 2922 :
1846 2886 1864 2918 ι
1900 2864 2017 2923 Noli

439 2961 732 3030 prohibere
785 2960 1103 3015 bent-facere
1136 2976 1258 3014 eum
1297 2962 1386 3028 qui
1429 2967 1645 3030 potest;
1694 2959 1738 3013 si
1764 2958 1929 3024 vales,
1963 2966 2020 3013 et

443 3052 559 3122 ipse
590 3051 818 3106 benetac
846 3066 861 3104 :
905 3066 972 3105 ne
999 3050 1148 3106 dicas
1182 3050 1356 3105 amico
1389 3059 1519 3105 tuo:
1564 3048 1728 3113 Vade.
1752 3058 1807 3105 et
1834 3064 2018 3104 rever-

2115 1882 2215 1922 nus
2243 1866 2470 1934 oli'erre;
2527 1878 2576 1922 te
2623 1884 2749 1925 vero
2783 1870 3052 1941 gignendo
3087 1871 3255 1942 prolis
3281 1871 3554 1927 desiderio
3584 1888 3693 1927 non

2114 1959 2216 2013 hoc
2268 1958 2498 2014 libenter
2547 1960 2853 2015 admittere.
2904 1959 3069 2031 258
3114 1961 3219 2015 Sed
3256 1976 3380 2017 eum
3422 1961 3696 2030 gloriosus

2114 2050 2254 2104 idem
2288 2049 2371 2103 vir
2399 2064 2571 2119 nuper
2592 2050 2724 2105 mihi
2747 2058 2873 2106 ante
2894 2062 3301 2107 sacrosanctum
3323 2066 3521 2122 corpus
3550 2051 3695 2107 beati

2114 2140 2477 2209 apostolorum
2500 2142 2759 2212 principis
2779 2142 3084 2198 intimasset
3096 2154 3341 2198 sanctum
3364 2143 3694 2198 desiderium

2125 2243 2275 2288 tuum
2309 2243 2363 2287 et
2403 2233 2677 2303 pudicitia:
2720 2244 2982 2304 perpetuo
3029 2236 3413 2290 conservanda:
3455 2234 3703 2304 proposi-

2116 2334 2253 2390 tum,
2302 2324 2498 2391 fateor,
2546 2345 2564 2377 ι
2616 2324 2854 2381 ιωιειιιιε
2898 2342 3016 2380 sum
3052 2327 3104 2381 in
3136 2327 3222 2383 his
3250 2342 3371 2398 qua:
3395 2326 3538 2382 dicta
3568 2337 3704 2383 sunt

2116 2419 2246 2475 mihi
2277 2419 2450 2489 (Paul.
2491 2420 2659 2490 cui),
2713 2440 2732 2474 ι
2781 2430 2836 2475 et
2870 2421 3134 2477 exsultavi
3173 2422 3537 2477 vehementer.
3574 2418 3701 2477 Jam

2116 2512 2382 2581 siquidem
2414 2513 2647 2568 solutum
2676 2522 2761 2569 est
2784 2514 2839 2569 in
2866 2522 2919 2570 te
2946 2513 3076 2569 illud
3104 2514 3341 2584 antiquae
3370 2513 3706 2570 maledictio-

2119 2603 2202 2659 nis
2229 2603 2485 2673 elogium,
2528 2619 2636 2673 quo
2660 2604 2851 2675 primas
2880 2604 3091 2660 mulieri
3122 2605 3326 2661 dictum
3352 2614 3435 2660 est
3460 2623 3474 2659 :
3528 2623 3547 2657 ι
3583 2605 3704 2660 Sub

2118 2694 2219 2750 viri
2250 2703 2517 2764 potestate
2565 2695 2699 2760 eris,
2739 2704 2795 2751 et
2837 2696 2951 2765 ipse
2995 2694 3361 2751 dominabitur
3407 2695 3501 2751 tibi
3538 2691 3701 2767 (Gen.

2120 2785 2225 2854 ιιι).
2267 2801 2287 2834 ι
2330 2782 2553 2838 Constat
2593 2783 2752 2854 plane
2791 2783 2985 2839 Saram
3017 2785 3286 2840 castitatis
3328 2801 3394 2841 ex
3435 2794 3564 2839 tunc
3584 2784 3704 2853 jam

2119 2875 2374 2931 habuisse
2410 2876 2769 2945 propositum,
2811 2891 2936 2931 cum
2985 2876 3038 2931 id
3069 2875 3244 2944 ﬁeret,
3272 2880 3417 2947 quod
3448 2891 3604 2932 sacra
3631 2878 3707 2933 de

2121 2966 2209 3021 illa
2242 2976 2430 3021 narrat
2454 2967 2697 3033 historia,
2725 2967 2852 3038 quia
2876 2966 3154 3023 desierant
3184 2966 3333 3023 Sara:
3363 2968 3482 3023 ﬁeri
3514 2967 3708 3022 mulie-

2121 3057 2257 3112 bria.
2288 3056 2356 3111 Et
2378 3057 2599 3127 insuper
2632 3056 2719 3112 illa
2758 3056 2892 3113 dicit
2917 3073 2931 3109 :
2965 3075 2983 3109 ι
3011 3056 3303 3126 Postquam
3333 3056 3615 3121 consenui,
3642 3064 3707 3110 et

442 3152 579 3206 tere,
617 3157 743 3198 cras
773 3142 912 3197 dabo
937 3142 1053 3207 tibi,
1086 3156 1208 3195 cum
1233 3141 1415 3196 statim
1438 3137 2012 3210 possisdare(lbid.).r

2122 3151 2372 3206 dominus
2398 3166 2548 3207 meus
2567 3151 2779 3207 vetulus
2809 3160 2917 3218 est,
2948 3151 3207 3221 voluptati
3230 3165 3451 3222 operam
3481 3149 3621 3205 dabo
3640 3150 3703 3203 ἲ.

439 3233 829 3289 Conlideudum
867 3241 951 3289 est
971 3248 1119 3303 ergo,
1153 3246 1261 3287 non
1287 3231 1340 3286 in
1390 3231 1557 3296 ferro,
1586 3230 1671 3284 vel
1700 3229 1889 3294 armis,
1920 3230 2016 3285 sed

441 3324 498 3377 in
528 3323 784 3393 operibus
831 3323 1070 3393 pietatis.
1112 3322 1225 3394 Ego
1250 3331 1432 3377 autem
1465 3322 1705 3377 venirem
1731 3322 1797 3377 ad
1826 3330 2020 3376 vestrae

435 3411 697 3482 jussionis
737 3414 1048 3483 imperium,
1105 3415 1206 3469 nisi
1263 3423 1516 3469 senectus
1559 3414 1782 3469 incurva
1809 3422 2017 3469 tremu-

442 3505 551 3557 lum
604 3504 921 3574 reprimeret
981 3521 1244 3575 gressum.
1320 3505 1697 3560 Verumtamen
1730 3506 1899 3559 lrater
1935 3504 2022 3559 hie

440 3594 618 3648 vidi-at
650 3603 705 3648 et
731 3596 1047 3664 perpendat,
1086 3595 1129 3649 si
1167 3609 1253 3648 me
1281 3609 1445 3648 causa
1500 3593 1778 3648 rationalis
1808 3593 2017 3648 invitat.

444 3683 830 3738 Excellentiam
896 3694 1156 3754 praeterea
1198 3693 1433 3738 vestram
1465 3683 1744 3738 humiliter
1769 3685 2018 3748 obsecro,

443 3781 503 3827 ut
526 3774 571 3827 si
605 3788 765 3843 quem
797 3774 864 3828 ad
900 3772 1196 3829 Teutonica
1234 3772 1350 3829 loca
1386 3773 1733 3837 transmittis,
1769 3788 1866 3842 pro
1892 3774 2019 3829 cha—

2121 3242 2277 3311 (σενι.
2306 3243 2485 3314 xvtu.)
2525 3242 2730 3309 Quibus
2781 3242 2969 3312 utique
3012 3242 3194 3297 verbis
3220 3241 3560 3312 perspicuum
3590 3248 3706 3306 est.

2120 3344 2242 3387 eam
2265 3331 2531 3386 castitatis
2546 3331 2657 3402 jam
2682 3340 2811 3386 tunc
2834 3332 3074 3387 tenuisse
3098 3330 3454 3400 propositum.
3486 3328 3553 3383 Et
3574 3336 3705 3397 post

2121 3422 2235 3476 lnec
2258 3422 2392 3476 dixit
2419 3422 2562 3477 Deus
2590 3423 2657 3477 ad
2686 3423 2959 3478 Abraham
2990 3437 3005 3474 :
3052 3441 3072 3473 ‹
3119 3420 3313 3477 Omnia
3344 3436 3463 3490 qua:
3502 3417 3709 3479 dixerit

2124 3514 2220 3569 tibi
2271 3513 2428 3580 Sara,
2471 3513 2595 3569 audi
2638 3528 2820 3569 vocem
2860 3512 2978 3585 ejus
3008 3510 3160 3585 (Gen.
3204 3511 3341 3583 xxi).
3376 3530 3395 3564 ι
3424 3510 3585 3575 Ecce,
3615 3508 3704 3564 cui

2123 3605 2273 3673 prius
2300 3605 2577 3660 Abraham
2622 3605 2986 3673 imperaverat
3023 3613 3078 3659 et
3120 3603 3369 3657 dominus
3399 3600 3705 3665 dicebatur,

2117 3695 2230 3764 jam
2257 3694 2455 3765 illi,per
2475 3695 2741 3750 castitatis
2764 3694 3016 3750 meritum
3038 3694 3257 3749 obedire
3283 3691 3615 3762 praecipitur,
3647 3701 3705 3744 ut

2123 3785 2239 3854 eius
2264 3784 2571 3855 verbisjam
2594 3786 2646 3841 in
2676 3786 2888 3841 cunctis
2916 3784 3136 3841 obediat
3163 3782 3258 3854 qui
3278 3781 3381 3837 sibi
3405 3782 3556 3851 prius
3583 3790 3704 3835 tan-

442 3864 603 3919 ritate
662 3873 848 3919 nostra
884 3865 950 3919 ad
988 3865 1261 3920 dominam
1300 3880 1477 3920 meam
1502 3867 1761 3936 Agnetem
1788 3866 2026 3937 inipera-
2124 3891 2284 3947 quam
2317 3875 2577 3932 Dominus
2606 3875 2919 3946 imperarat.

444 3953 632 4009 tricem
662 3954 802 4009 hanc
830 3954 1109 4024 epistolam
1134 3955 1337 4026 dirigas
1358 3954 1530 4025 (102).

978 4065 1305 4120 EPISTULA
1350 4064 1488 4119 XIV.

443 4193 512 4233 AD
562 4192 860 4231 BEATRICEM
913 4194 1189 4241 DUCISSAI,
1246 4194 1566 4235 GOTIIIPREDI
1620 4196 1771 4238 DUCIS
1818 4197 2022 4237 TUSCIAS

1120 4264 1355 4303 UXOBEXI.
1509 4271 1517 4278 '

444 4337 1152 4393 Annuusaruu.-—-Deatrici
1175 4338 1642 4396 Gothil‘rediducis
1664 4343 1818 4397 uxori
1836 4342 2024 4399 scribit

516 4423 576 4462 se
600 4422 921 4492 tuagnopcre
944 4408 1301 4492 exhilaratum
1322 4412 1467 4492 quod
1493 4413 1846 4492 comperisset
1866 4413 2011 4492 illam

515 4477 768 4532 concordi
798 4477 1090 4533 voluntate
1134 4494 1256 4534 cum
1309 4477 1425 4533 vim
1473 4497 1571 4536 suo
1619 4477 2016 4538 continentiam
2048 4483 2096 4541 υ

515 4563 752 4604 servare.
801 4549 1057 4620 Proponit
1099 4550 1148 4604 ei
1189 4560 1500 4623 sanctarum
1530 4553 1787 4623 exempla
1831 4553 2020 4608 mulie-

517 4635 655 4688 rum,
711 4634 882 4688 eaque
930 4628 986 4674 ut
1034 4628 1160 4674 ante
1214 4620 1399 4676 oculos
1453 4622 1650 4676 habeat
1700 4620 1755 4678 et
1816 4623 2017 4678 imitari

514 4680 726 4743 studeat
752 4680 1019 4761 hortaturi.
1055 4688 1488 4761 Hospitalitatem
1518 4692 1782 4761 praecipue
1812 4693 1864 4747 in
1890 4708 2020 4761 pau-

513 4773 674 4881 pcres
718 4769 771 4813 et
803 4761 853 4812 in
887 4760 1156 4815 Ecclesias
1200 4760 1630 4816 munificentiam
1662 4760 1710 4815 ei
1740 4760 2019 4818 commen-

515 4850 529 4880 t
552 4841 625 4881 at.

515 4841 625 4882 ttat.

519 4920 776 4975 ΒεΑτιιιοι
825 4921 1295 4975 excellentissime
1342 4922 1463 4975 duci
1514 4921 1727 4976 PETRUS
1771 4932 2025 4991 peccator

445 5012 743 5065 monachus
769 5011 1098 5081 quotidiana:
1122 5012 1382 5067 orationis
1408 5014 1739 5067 instantiam.

518 5099 739 5155 Gaudeo
779 5101 933 5170 plane
966 5102 1019 5156 in
1060 5112 1113 5157 te
1147 5111 1310 5171 atque
1336 5102 1728 5173 gloriosissimo
1754 5104 1873 5160 viro
1909 5116 2022 5175 tuo,

449 5191 855 5260 dispositionem
884 5193 1271 5263 omnipotentis
1314 5194 1406 5250 Dei
1458 5196 1807 5253 vehementer
1851 5198 2025 5253 admi-

450 5296 562 5335 ror.
599 5282 699 5349 Qui
733 5282 987 5338 nimirum
1013 5285 1141 5339 dum
1182 5300 1278 5341 vos
1304 5286 1355 5341 iu
1390 5296 1499 5340 tam
1529 5287 1751 5342 sublimi
1792 5297 2028 5341 terrente

451 5371 726 5442 dignitatis
754 5388 880 5428 arce
905 5374 1203 5440 constituit,
1247 5385 1303 5429 et
1340 5375 1604 5431 bonorum
1645 5377 1867 5446 insuper
1893 5390 2023 5445 ope-

454 5481 573 5520 rum
603 5465 808 5522 fructus
844 5466 1036 5523 afferre
1079 5468 1373 5537 concessit,
1413 5469 1540 5538 quid
1584 5468 1727 5524 aliud
1762 5482 1926 5538 quam
1960 5466 2026 5520 ad

456 5558 640 5611 mundi
694 5558 1008 5613 miraculum
1058 5559 1261 5615 abietes
1307 5560 1515 5615 feraces
1564 5561 1837 5616 ostendit?
1891 5560 2027 5612 Vitis

525 5690 673 5759 (I02)
704 5689 935 5759 Epistula
964 5691 1072 5743 haec
1101 5702 1177 5745 est
1214 5702 1398 5743 octava
1428 5691 1581 5759 hujus
1615 5691 1703 5745 iIiII
1724 5693 1757 5743 i.

2194 3986 2327 4042 Cum
2356 4000 2467 4056 quo
2500 3985 2628 4041 illud
2654 3987 2818 4042 etiam
2854 3985 3043 4041 salutis
3067 3984 3372 4054 exemplum
3403 3985 3470 4038 ab
3498 3984 3705 4039 eisdem

2123 4078 2448 4148 patriarchis
2492 4077 2775 4144 addiscite,
2820 4087 2881 4132 ut
2923 4077 3274 4132 humanitatis
3312 4076 3548 4132 ollicium
3590 4091 3700 4130 non

2125 4169 2409 4240 negligatis
2438 4169 2739 4239 hospitibus
2763 4168 3042 4224 exhibere.
3077 4167 3153 4223 De
3174 4169 3261 4223 his
3289 4167 3434 4222 enim
3464 4167 3697 4235 Aposto-

2125 4259 2208 4315 lus
2236 4274 2357 4314 cum
2403 4259 2754 4329 praemisisset
2787 4275 2801 4312 :
2842 4275 2861 4310 ι
2908 4256 3162 4313 Charitas
3189 4255 3549 4311 fraternitatis
3581 4271 3702 4309 ma-

2125 4361 2253 4406 neat
2297 4352 2348 4404 in
2398 4351 2570 4414 vobis,
2616 4359 2672 4404 et
2708 4349 3130 4420 hospitaiitatem
3168 4348 3334 4402 nolite
3374 4346 3642 4412 oblivisci,
3680 4364 3699 4396 ι

2125 4441 2434 4510 specialiter
2477 4440 2682 4496 addidit
2732 4459 2745 4493 :
2799 4460 2818 4493 ι
2867 4439 2972 4495 Per
3022 4442 3163 4494 hanc
3205 4439 3352 4493 enim
3388 4438 3711 4506 placuerunt

2124 4534 2345 4603 quidam
2364 4534 2570 4604 angelis
2591 4534 2825 4603 hospitio
2840 4532 3073 4602 receptis
3099 4529 3288 4600 (Hebr.
3317 4532 3461 4599 aut).
3502 4548 3521 4580 ι
3554 4527 3709 4585 Sicut

2125 4624 2270 4678 enim
2308 4638 2461 4678 sacra
2512 4623 2674 4677 tradit
2717 4622 2945 4678 historia
2994 4639 3007 4675 :
3063 4638 3083 4673 ι
3136 4618 3273 4676 Cum
3316 4620 3596 4675 venissent
3638 4617 3706 4672 ad

2128 4712 2402 4766 Abraham
2447 4720 2555 4766 tres
2607 4711 2731 4777 viri,
2781 4710 3057 4765 festinavit
3103 4710 3156 4764 in
3193 4707 3601 4763 tabernaculum
3641 4706 3707 4760 ad

2130 4800 2340 4866 Saram,
2374 4802 2618 4871 dixitque
2646 4802 2696 4855 ei
2723 4820 2736 4855 :
2769 4802 3047 4867 Accelera,
3074 4802 3174 4854 tria
3206 4810 3321 4854 sata
3347 4799 3536 4854 similae
3565 4812 3707 4853 com-

2133 4893 2323 4957 misce,
2346 4902 2402 4947 et
2422 4892 2504 4948 fac
2532 4893 2922 4949 subcinericios
2942 4908 3130 4964 panes.
3162 4912 3179 4945 ο
3210 4893 3410 4947 Deinde
3434 4894 3711 4961 sequitur;

2132 5001 2149 5033 ‹
2187 4982 2304 5051 Ipse
2334 4997 2461 5036 vero
2494 4984 2562 5038 ad
2592 4992 2896 5038 armentum
2941 4982 3207 5047 cucurrit,
3238 4992 3293 5035 ct
3331 4980 3453 5035 tulit
3480 4980 3604 5035 inde
3636 4979 3710 5032 vi-

2127 5072 2295 5126 tulum
2343 5074 2691 5128 tenerrimam
2726 5074 3012 5142 optimum,
3063 5084 3170 5127 etc.
3197 5068 3351 5141 (Gen.
3383 5070 3561 5138 xvnt).
3598 5085 3617 5118 ι
3652 5065 3709 5120 In

2126 5163 2319 5234 quibus
2336 5165 2518 5235 utique
2530 5164 2669 5220 sacri
2681 5163 3074 5235 eloquibverbis
3097 5164 3199 5219 hoc
3217 5161 3601 5218 attendendum
3630 5165 3714 5212 est

2127 5257 2381 5324 quoniam
2407 5258 2707 5323 Abraham,
2729 5266 2789 5312 ut
2814 5256 3205 5312 humanitatem
3227 5253 3512 5307 exhiberet
3534 5248 3713 5317 hospi-

2134 5346 2294 5411 tibus,
2346 5362 2451 5401 non
2489 5349 2591 5403 hoc
2637 5348 2780 5417 Agar
2828 5345 3037 5401 ancillae
3079 5344 3353 5414 praecepit.
3388 5355 3493 5395 non
3540 5337 3710 5394 servis

2134 5435 2382 5505 iniunxit,
2417 5454 2521 5493 non
2560 5441 2661 5493 hoc
2687 5436 3018 5508 quibuslibet
3046 5436 3241 5490 domus
3269 5448 3381 5487 sua:
3406 5427 3707 5485 vernaculis

2136 5529 2437 5597 imperavit,
2489 5530 2579 5584 sed
2627 5530 2739 5597 ipse
2779 5543 2873 5596 per
2918 5542 2976 5581 se
3012 5526 3350 5595 potissimum
3382 5530 3438 5576 et
3489 5532 3705 5577 uxorem
