4024 6198
333 311 438 362 $5.1

1597 333 1797 387 LIBER
1841 333 2201 398 SEI‘TlMiTS.
2248 341 2458 399 lii’ibT.
2503 347 2612 402 XV.

3494 367 3595 429 458

333 442 483 481 suam
516 442 650 498 opus
679 430 893 498 pietatis
929 433 1182 504 implevit.
1217 437 1368 494 Unde
1409 454 1606 511 praesto
1630 446 1907 517 subjungi-
1943 457 1982 509 Λ
2017 462 2093 504 ret
2125 455 2387 512 auditum.
2413 458 2584 526 Quam
2615 479 2736 519 mox
2767 477 2824 522 ut
2847 472 3043 529 nobilis
3072 477 3264 534 mulier
3284 491 3339 537 et
3363 485 3594 555 insignis

333 529 456 555 mp.
498 538 518 555 ι
570 519 711 555 Τιιιὲι
753 536 967 555 nnnnun
1017 525 1263 555 Ι...ι.,........
1334 541 1378 555 ..ι
1427 533 1506 555 ι.--
1586 546 1626 555 -.
1679 537 1808 555 __-.,.
2102 542 2132 555 ..
2176 543 2186 555 .
2262 545 2273 555 .
2339 547 2368 555 ..
2551 552 2562 555 Α
2630 554 2636 555 ,

333 529 456 573 tur:
498 538 518 571 ι
570 519 714 575 ΤιιΙὶι
753 536 967 592 quoque
1015 525 1288 597 butyrum,
1331 541 1384 586 et
1425 533 1530 599 lac,
1578 546 1634 589 et
1679 537 1902 592 vitulum

329 625 488 676 qtiem
523 621 762 673 coxerat,
792 625 845 666 et
876 616 1050 683 posuit
1079 633 1260 673 coram
1283 621 1393 688 eis;
1429 623 1542 693 ipse
1573 641 1701 681 vero
1727 629 1906 684 stabat

321 701 472 768 juxta
485 717 578 756 eos
591 704 892 760 subarbure
905 707 1037 775 (Gen
1051 748 1065 762 .
1087 712 1260 777 mn).
1280 732 1300 764 ι
1318 713 1436 783 Ipse
1458 731 1586 770 vero
1598 733 1721 772 eum
1735 735 1904 775 uxore

325 807 422 846 sua
469 793 810 848 ministrabat
838 796 1156 866 hospitibus,
1207 819 1306 859 nec
1342 806 1696 863 humanitatis
1741 813 1901 867 obse-

324 883 507 948 quium
533 883 882 952 delegandum
918 894 1161 955 personis
1191 893 1383 950 vilibus
1413 899 1759 956 decernebat.
1791 903 1899 958 llo-

325 986 444 1024 rnm
473 971 631 1040 plane
659 976 986 1043 sequebatur
1017 982 1322 1051 exemplum
1359 996 1414 1038 ct
1440 1003 1574 1042 uxor
1605 989 1898 1048 Theodosii

325 1062 688 1132 imperatoris,
738 1068 804 1120 de
845 1083 973 1137 qua,
1016 1082 1075 1125 ut
1115 1075 1304 1128 eadem
1353 1079 1512 1132 verba
1559 1082 1896 1150 subnectam,

322 1152 592 1220 tripartita
623 1164 852 1210 testatur
873 1157 1094 1214 historia
1119 1161 1232 1231 (lib.
1259 1180 1335 1229 lx,
1365 1183 1411 1219 c.
1444 1166 1535 1237 51)
1567 1187 1581 1223 z
1616 1188 1634 1221 ‹
1668 1169 1898 1252 Claude-

228 1285 261 1302 ,
319 1257 463 1308 rum,
505 1245 701 1314 inquit,
735 1255 900 1316 atque
925 1249 1182 1305 debilium
1215 1255 1504 1310 maximam
1532 1258 1766 1314 habebat
1795 1245 1894 1316 cu-

319 1349 460 1400 ram,
487 1351 591 1391 non
633 1339 824 1404 servis,
873 1356 978 1396 non
1023 1342 1142 1398 aliis
1168 1346 1431 1402 ministris
1460 1361 1638 1416 utens,
1683 1354 1776 1408 sed
1800 1369 1898 1425 per

313 1427 662 1496 semetipsam
693 1444 880 1499 agens,
911 1443 966 1486 et
995 1435 1060 1488 ad
1092 1450 1281 1491 eorum
1309 1439 1617 1498 habitacula
1647 1446 1891 1511 veniens,

311 1530 371 1574 et
400 1520 693 1590 unicuique
720 1525 861 1591 quod
892 1539 1024 1593 opus
1056 1528 1282 1584 haberet
1301 1533 1564 1601 prtebens.
1605 1554 1625 1588 ι
1659 1536 1893 1607 Moxque

309 1611 586 1682 subjungit
617 1631 630 1666 :
680 1634 697 1665 ι
728 1615 818 1670 Sic
842 1618 1005 1671 etiam
1036 1635 1132 1690 per
1157 1621 1522 1680 Ecclesiarnm
1554 1630 1889 1684 xenodoehia

306 1701 646 1767 discurrens,
677 1705 790 1760 suis
818 1707 1068 1764 manibus
1098 1711 1442 1769 ministrabat
1469 1716 1722 1783 infirmis,
1751 1719 1888 1775 ollas

304 1806 498 1846 eorum
534 1804 874 1866 exstergens,
917 1799 1008 1866 jus
1047 1811 1297 1872 gustans,
1343 1794 1576 1863 offerens
1606 1810 1897 1868 coclearia.
1937 1799 1984 1859 Β
2009 1794 2098 1876 cei
2119 1825 2444 1883 sanctitatis.
2473 1829 2747 1890 primm."
2774 1853 2827 1907 ῳ

307 1898 502 1907 ,ηω
567 1885 816 1907 ,____L___
1271 1896 1284 1907 .
1332 1897 1344 1907 .
1386 1906 1390 1907 ν
1655 1900 1688 1907 .-

307 1898 506 1951 panem
565 1885 842 1956 frangens,
901 1891 1159 1962 cibosque
1213 1896 1531 1956 ministrans
1587 1900 1889 1972 calicesque

303 1974 556 2039 abluens,
583 1987 635 2031 et
664 1979 764 2032 alia
807 1990 1002 2035 cuncta
1029 1982 1233 2041 faciens
1270 2002 1391 2057 qua;
1417 1991 1592 2047 servis
1629 2002 1701 2068 ct.
1727 1995 1886 2049 mini-

303 2067 437 2120 stris
463 2083 581 2122 mos
606 2079 689 2124 cst
715 2070 1028 2128 solemniter
1049 2078 1280 2146 operari.
1320 2099 1338 2131 ι
1384 2079 1476 2137 Va:
1517 2084 1672 2139 nobis
1697 2086 1884 2156 pigris,

302 2155 582 2211 desiddms
610 2175 672 2212 ac
693 2162 962 2229 superbis,
993 2165 1083 2235 qui
1115 2167 1217 2223 hoc
1243 2169 1415 2224 solum
1459 2187 1490 2226 a
1521 2175 1676 2230 nobis
1700 2155 1886 2231 extor-

300 2261 474 2317 quere
519 2248 605 2302 vix
651 2263 956 2318 possumus,
1001 2265 1060 2310 ut
1096 2257 1367 2329 simplices
1393 2274 1642 2333 sumptus
1669 2275 1723 2322 et
1754 2269 1886 2324 resi-

301 2337 438 2390 duas
477 2337 720 2393 ciborum
764 2352 1072 2400 nostrorum
1117 2349 1436 2420 quisquilias
1483 2353 1535 2407 in
1589 2369 1882 2425 egenorum

301 2426 508 2494 gremia
536 2428 870 2487 ventilemus.
907 2432 965 2487 Si
995 2437 1116 2505 quis
1141 2448 1320 2494 autem
1362 2441 1612 2501 fortassis
1635 2459 1884 2504 assenta-

301 2527 392 2572 tor
417 2522 716 2587 assisteret,
749 2527 836 2594 qui
883 2542 983 2596 pro
1018 2530 1146 2600 regii
1178 2532 1439 2602 dignitate
1477 2537 1644 2610 259
1686 2541 1882 2612 fastigii

297 2620 421 2662 eam
451 2624 481 2662 a
509 2611 809 2670 sedulitatis
852 2615 1010 2684 hujus
1058 2621 1358 2680 ministerio
1387 2629 1720 2696 prohiberet,
1765 2611 1878 2688 aie-

296 2699 395 2753 bat
437 2718 450 2754 :
504 2721 520 2752 ι
557 2702 762 2762 Aurum
809 2706 1132 2766 distribuere
1175 2727 1310 2781 opus
1361 2715 1574 2786 imperii
1615 2729 1732 2786 est;
1781 2736 1881 2792 ego

297 2800 482 2848 autem
523 2810 620 2862 pro
649 2795 764 2865 ipso
794 2796 1020 2866 imperio
1052 2800 1155 2856 hoc
1187 2816 1324 2873 upus
1367 2806 1537 2863 offero
1575 2809 1714 2865 bona
1744 2809 1878 2867 mihi

295 2881 482 2936 omnia
506 2883 826 2941 eonferenti.
861 2905 880 2938 ι
912 2886 1023 2945 Nec
1057 2889 1358 2948 sufﬁciebat
1384 2895 1484 2962 illi,
1513 2907 1571 2952 ut
1601 2897 1716 2968 ipsa
1739 2900 1876 2956 dun-

296 2979 449 3025 taxat
480 2975 734 3044 operibus
770 2977 987 3045 pietatis
1024 2979 1322 3049 insisteret,
1357 2983 1459 3041 nisi
1496 2994 1552 3042 et
1578 2987 1874 3058 imperato-

295 3078 438 3128 rem,
471 3066 646 3121 virum
677 3068 924 3126 videlicet
960 3085 1138 3138 suum,
1170 3074 1240 3130 ad
1277 3074 1519 3144 ejusdem
1547 3091 1754 3135 sancta:
1782 3081 1875 3137 de-

291 3153 532 3208 votionis
557 3154 834 3212 infantiam
861 3158 954 3232 [[2,
978 3160 1317 3235 instantiam]
1346 3177 1686 3234 provocat-et.
1718 3167 1875 3226 Unde

290 3252 344 3298 et
375 3242 494 3298 hare
520 3245 638 3314 ejus
667 3247 831 3303 verba
863 3259 990 3305 sunt
1025 3268 1038 3305 :
1080 3268 1100 3303 ε
1137 3251 1384 3322 Oportet,
1413 3253 1610 3325 inquit,
1654 3265 1704 3313 te
1729 3272 1874 3314 sem-

289 3351 414 3408 per,
438 3338 649 3404 marite,
680 3341 917 3408 cogitare
945 3342 1072 3412 quid
1115 3343 1314 3400 dudum
1347 3345 1520 3407 fuisti.
1558 3348 1688 3418 quid
1717 3352 1876 3407 modo

289 3430 393 3486 sis.
421 3428 548 3486 Haec
571 3432 615 3486 si
642 3448 855 3503 semper
879 3437 1233 3506 cogitaveris,
1266 3440 1507 3511 ingratus
1537 3443 1873 3500 benefactori

291 3535 402 3575 non
441 3522 596 3577 eris:
637 3525 730 3578 sed
758 3525 1067 3596 imperium,
1099 3530 1243 3600 quod
1271 3519 1582 3603 suscepisti,
1625 3535 1874 3606 legaliter

288 3612 640 3680 gubernabis,
671 3623 725 3668 et
763 3615 954 3671 barum
986 3633 1166 3674 rerum
1207 3621 1448 3690 placabis
1489 3624 1800 3681 Auctorem.
1846 3647 1865 3680 ι

289 3701 364 3758 De
404 3703 507 3758 hac
533 3704 715 3775 itaque
740 3708 965 3765 muliere
987 3710 1168 3766 dicere
1194 3727 1479 3782 possumus
1518 3717 1642 3784 quia
1683 3718 1870 3786 prima:

289 3792 503 3847 mulieri
524 3809 745 3863 prorsus
766 3797 1051 3865 absimilis,
1082 3808 1138 3854 et
1162 3802 1374 3856 diversa
1405 3802 1643 3872 loquitur
1662 3815 1717 3859 et
1744 3820 1847 3862 con
1906 3833 1912 3838 -

289 3884 484 3951 traria,
513 3901 675 3956 quam
704 3889 793 3944 illa
825 3891 972 3953 fecit,
1003 3903 1278 3963 operatur.
1304 3895 1395 3950 Illa
1424 3897 1692 3966 siquidem
1739 3914 1867 3968 pro-

286 3976 520 4032 hibitqu
551 3993 770 4047 pomum
810 3977 1042 4052 primum
1069 3987 1325 4052 comedit,
1350 3987 1548 4044 deinde
1579 3991 1698 4045 viro
1727 4001 1780 4046 ut
1814 3999 1871 4046 et

287 4065 404 4132 ipse
431 4069 740 4124 comederet
764 4072 933 4126 suasit
959 4071 1111 4143 (Gen.
1151 4077 1267 4144 tu);
1307 4076 1407 4132 ista
1452 4093 1581 4134 vero
1612 4080 1728 4135 viro
1768 4096 1869 4137 suo

286 4170 336 4212 et
379 4160 658 4217 imitanda:
703 4167 1130 4222 conversationis
1179 4170 1511 4240 exemplum,
1561 4180 1615 4227 et
1665 4184 1868 4230 sancta:

283 4254 683 4306 exhortationis
733 4256 1058 4312 ministravit
1103 4259 1399 4330 eloquium.
1436 4261 1527 4316 Illa
1581 4263 1747 4332 igitur
1799 4275 1855 4320 et

284 4344 495 4409 agetnto
531 4353 586 4398 et
626 4344 893 4414 loquendo
920 4351 984 4402 de
1017 4351 1252 4418 paradisi
1299 4355 1640 4422 possessione
1685 4358 1862 4414 virum

283 4436 491 4504 expulit
521 4452 534 4488 :
563 4437 665 4492 ista
701 4453 856 4493 suum
884 4442 1062 4496 verbis
1091 4451 1145 4498 et
1169 4446 1421 4512 operibus
1457 4450 1751 4506 revocavit.

353 4528 468 4582 Noli
521 4539 802 4598 pneterea,
846 4534 1057 4587 domina
1107 4551 1245 4599 mea,
1293 4537 1398 4592 noli
1430 4539 1569 4594 sicut
1618 4542 1862 4612 plerique

281 4618 465 4672 s:ecu|i
510 4629 776 4686 potentes.
808 4621 1161 4679 ecclesiastici
1189 4626 1328 4694 juris
1363 4629 1751 4684 confiscatione
1783 4631 1862 4684 di-

283 4720 514 4775 tescere,
563 4713 656 4766 sed
695 4714 848 4767 stude
880 4715 1360 4784 potiustecclesias
1403 4730 1588 4774 tenues
1629 4723 1858 4790 prmdio-

293 4813 400 4854 'um
434 4813 648 4857 tuorum
679 4805 966 4861 collatione
1009 4807 1202 4863 ditare.
1253 4809 1323 4864 Da
1370 4821 1591 4888 terram,
1630 4822 1684 4867 et
1735 4813 1858 4867 tolle

293 4891 497 4946 mlum.
526 4893 904 4950 Possessiones
934 4899 1258 4954 transitoria:
1287 4887 1682 4955 transferantur
1707 4902 1758 4956 in
1790 4904 1854 4955 ti-

277 4982 424 5037 ιυιοε
457 4984 790 5040 lnereditatis
832 4999 1068 5042 zeternaa.
1119 4990 1302 5045 Dicam
1353 5007 1502 5054 sane,
1551 4991 1692 5060 quod
1725 4992 1856 5048 mibi

279 5073 468 5129 retulit
504 5073 805 5142 lleinricus,
833 5079 1157 5133 venerabilis
1186 5089 1365 5134 rector
1391 5080 1722 5150 emnobii,ad
1754 5081 1854 5136 bo-

277 5177 467 5218 norem
492 5166 770 5219 beatarum
803 5167 1069 5236 virginum
1093 5169 1263 5222 Florae
1286 5179 1340 5224 et
1367 5169 1607 5234 Lucillae,
1639 5171 1690 5224 in
1719 5171 1855 5224 Arc-

278 5254 394 5306 tino
424 5255 699 5309 territorio
754 5258 1035 5311 constituti
1083 5276 1094 5310 :
1141 5259 1390 5322 Videsne,
1433 5261 1530 5323 ait,
1571 5261 1852 5316 basilicam

275 5356 444 5410 prope
472 5346 777 5398 astantem?
805 5345 930 5401 Illac
957 5347 1162 5402 scilicet
1200 5349 1355 5403 nobis
1385 5350 1487 5405 iter
1527 5360 1643 5405 erat
1679 5352 1855 5406 eunti-

275 5433 400 5486 bus.
433 5431 554 5488 Haec
573 5435 731 5505 vulgo
759 5435 815 5492 S.
847 5437 1013 5494 Maria
1041 5438 1252 5510 Pauper
1290 5442 1589 5510 antiquitus
1619 5443 1850 5498 vocaba-

277 5529 388 5573 tur.
413 5522 651 5594 Cumque
673 5529 1003 5598 contingeret
1027 5531 1272 5586 utGuilla
1296 5543 1470 5588 mater
1489 5535 1687 5604 egregii
1712 5552 1856 5590 mar-

273 5610 490 5666 ebiouis
519 5613 754 5682 liugonis
787 5632 882 5686 per
911 5621 1144 5674 confinia
1199 5623 1298 5677 ista
1343 5626 1622 5688 transiret,
1655 5627 1853 5680 accidit

262 5704 446 5756 etiam
470 5714 522 5756 ut
550 5705 708 5774 hnjns
744 5709 983 5765 ecclesia:
1013 5712 1328 5767 vocabulum
1363 5717 1428 5767 ad
1459 5715 1575 5783 ejus
1605 5720 1850 5785 perveni—

1895 4503 1942 4562 D

2010 542 2234 609 audivit,
2261 545 2477 617 indigna
2511 552 2671 609 nimis
2685 565 2737 610 et
2761 561 2913 628 quasi
2941 569 3249 624 nauseando
3272 542 3589 633 fastidiens

2008 633 2180 697 Absit.
2240 637 2434 707 inquit,
2471 644 2648 710 absit,
2699 658 2756 703 ut
2804 665 2923 707 eam
2971 670 3227 716 vocemus
3255 662 3588 736 Pauperem,

2006 737 2128 791 qum
2167 727 2407 784 cmlestis
2455 733 2637 803 glorize
2671 743 2856 808 genuit
2908 744 3249 818 largitorem;
3292 727 3457 823 absit,
3503 761 3586 816 in-

2004 831 2185 882 quam,
2215 830 2272 872 ut
2299 821 2348 874 in
2380 831 2521 879 terra
2550 832 2802 898 pauperis
2835 834 2904 888 sit
2946 838 3105 906 digna
3139 821 3590 922 vocabulo,iqn:e

2003 920 2166 974 super
2187 911 2414 978 angelos
2440 913 2669 983 elevata,
2704 921 2919 978 divitias
2961 932 3204 996 possidet
3245 911 3586 995 immortales

2004 995 2056 1048 in
2083 998 2241 1051 cmlo.
2275 1002 2350 1055 Ac
2385 1007 2632 1072 protinus
2680 1010 2902 1069 intulit:
2953 995 3115 1076 Estne
3162 1026 3265 1079 mei
3314 1028 3453 1094 juris
3499 1033 3587 1087 bic

2003 1085 2108 1139 ulla
2149 1095 2457 1160 possessio?
2485 1097 2580 1152 Cui
2622 1117 2938 1173 responsum
2970 1121 3052 1163 est
3078 1117 3222 1182 quod
3255 1118 3484 1176 haberet
3510 1124 3583 1177 ibi

2001 1177 2181 1233 villam
2215 1198 2405 1240 novem
2435 1190 2650 1257 quidem
2683 1199 3054 1258 mansionibus
3082 1220 3147 1260 ex
3176 1210 3399 1280 antiquo
3425 1231 3577 1271 more

1998 1267 2330 1336 distinctam,
2362 1292 2483 1346 quae
2514 1287 2880 1355 postmodum,
2906 1291 3062 1360 juxta
3097 1298 3413 1356 modernam
3443 1321 3570 1359 con-

1998 1363 2360 1429 suetudinem,
2393 1367 2446 1422 in
2488 1372 2752 1439 plurimas
2784 1390 2868 1433 est
2895 1383 3084 1438 divisa.
3120 1386 3293 1456 lianc,
3323 1392 3418 1458 ait,
3452 1410 3582 1449 con-

1997 1449 2146 1505 tinuo
2173 1451 2292 1520 jure
2317 1457 2548 1515 ecclesia
2577 1463 2678 1520 ista
2710 1471 3004 1537 possideat,
3035 1490 3266 1547 eamque
3289 1482 3354 1536 de
3377 1494 3575 1539 caetero

1999 1555 2162 1597 nemo
2190 1543 2486 1616 Pauperem
2516 1557 2788 1624 appellare
2827 1575 3139 1629 praesumat.
3189 1569 3397 1628 Talium
3443 1591 3574 1646 ergo

1994 1634 2252 1693 nobilium
2299 1649 2417 1698 esto
2454 1653 2670 1717 semper
2709 1655 2924 1720 aemula,
2960 1673 3059 1713 nec
3111 1670 3163 1716 te
3205 1665 3268 1717 ad
3311 1673 3577 1737 agendum

1993 1725 2197 1795 aliquid
2236 1735 2574 1802 generositas
2603 1743 2808 1809 carnis,
2843 1747 2937 1802 sed
2985 1752 3169 1818 potius
3202 1725 3576 1827 lineavprovo-

2830 1839 2972 1909 tippe
3000 1852 3102 1909 est,
3137 1861 3464 1915 proavorum
3497 1852 3579 1921 ja-

1993 1920 2148 1970 ctare
2193 1916 2399 1985 titulos,
2433 1921 2731 1989 gloriosnm
2779 1940 3090 1988 sanctorum
3149 1940 3571 2006 prmcedentinm

1991 2005 2326 2076 aiquiparare
2355 2011 2678 2085 triumphos.
2711 2018 2972 2077 Helenam
3003 2005 3274 2095 siquidem
3306 2029 3574 2088 Constan—

1992 2092 2086 2146 tini
2131 2096 2388 2168 principis
2431 2113 2658 2160 matrem
2706 2092 3085 2167 stabularianr
3111 2115 3277 2172 fuisse
3328 2118 3570 2176 Romana

1991 2185 2153 2240 tradit
2183 2188 2425 2247 historia.
2459 2195 2611 2252 Unde
2629 2207 2684 2253 et
2707 2198 2949 2272 Eutrapii
2973 2205 3088 2261 haec
3117 2206 3233 2262 fere
3256 2212 3419 2266 verba
3443 2225 3570 2268 sunt

1989 2273 2155 2342 (Hist.
2181 2277 2276 2333 lib.
2309 2280 2405 2352 1):
2449 2303 2468 2335 ‹
2501 2283 2883 2356 Constantino,
2926 2293 3119 2363 inquit,
3156 2306 3392 2364 mortuo,
3420 2300 3568 2356 Con-

1988 2369 2263 2426 stantiuus
2293 2387 2359 2428 ex
2395 2376 2697 2434 obscuriori
2754 2383 3101 2441 matrimonio
3150 2387 3269 2455 ejus
3317 2390 3460 2448 ﬁlius
3503 2395 3570 2450 de

1987 2455 2262 2514 Britannia
2285 2475 2506 2519 creatus
2528 2476 2611 2521 est
2630 2467 2942 2539 imperator.
2978 2493 2997 2525 ι
3031 2474 3128 2530 Cui
3155 2479 3366 2534 scilicet
3386 2495 3567 2538 asser-

1987 2548 2119 2601 tioni
2143 2550 2334 2606 beatus
2359 2553 2522 2609 etiam
2555 2557 2611 2611 in
2640 2560 2754 2615 suis
2784 2565 3028 2632 epistolis
3071 2567 3401 2637 astipulatur
3434 2571 3564 2627 Am-

1984 2638 2196 2694 brosius
2247 2641 2329 2712 (S.
2380 2644 2575 2706 Ausa"
2628 2648 2705 2703 De
2752 2653 2895 2706 obitu
2948 2655 3204 2712 Theodos.
3235 2659 3409 2732 ξηιλ).
3460 2663 3568 2719 Sed

1983 2729 2099 2784 lucc
2125 2731 2514 2790 obscuritatem
2558 2741 2773 2807 generis
2811 2753 2957 2797 tanta
2988 2729 3418 2816 praepollentiuin
3447 2770 3565 2809 mo-

1982 2833 2102 2873 rum
2126 2818 2376 2878 claritate
2402 2828 2654 2894 mutavit,
2682 2837 2741 2883 ut
2768 2833 3118 2903 qnamplures
3140 2840 3487 2908 reperiantur
3508 2842 3562 2898 in

1978 2909 2111 2965 orbe
2137 2911 2375 2970 basilica:
2404 2919 2642 2974 nominis
2673 2921 2788 2991 ejus
2815 2923 2979 2994 260
3001 2926 3158 2982 titulo
3184 2929 3481 2999 decorata,
3508 2945 3566 2991 et

1979 3003 2126 3073 quod
2151 3007 2368 3076 assequi
2406 3010 2764 3080 nequiverunt
2804 3015 3180 3086 imperatrices
3207 3025 3467 3091 praecelsa
3499 3027 3566 3082 ti-

1902 3146 1950 3210 c
1980 3092 2215 3150 tulorum
2241 3101 2610 3168 generositate
2643 3105 2969 3176 progenita,
3002 3110 3106 3180 hoc
3131 3112 3432 3170 stabnlaria
3464 3131 3562 3187 per

1979 3186 2294 3254 quamdam,
2320 3196 2380 3243 ut
2403 3189 2481 3246 ita
2509 3192 2707 3259 dicam,
2735 3195 2933 3252 nobilis
2962 3200 3086 3254 vita:
3105 3204 3416 3274 prosapiam
3447 3186 3560 3262 mc-

1978 3276 2089 3332 ruit
2124 3277 2390 3338 obtinere.
2432 3283 2637 3341 Precor
2679 3286 2862 3358 igitur,
2915 3292 3170 3348 netabilis
3213 3295 3453 3363 domina,
3503 3310 3560 3353 et

1976 3368 2259 3428 humiliter
2281 3389 2536 3447 suggero,
2567 3388 2882 3436 sanctarum
2910 3383 3222 3455 principum
3248 3389 3556 3446 testimonia
3627 3469 3632 3474 ν

1975 3459 2184 3531 collige,
2232 3466 2664 3523 conversationis
2703 3483 2892 3524 earum
2922 3472 3150 3527 formam
3187 3475 3397 3531 tibimet
3428 3487 3556 3534 ante

1973 3569 2069 3610 ora
2109 3557 2359 3629 depinge,
2399 3570 2457 3615 ut
2502 3563 2556 3616 in
2601 3575 2789 3618 earum
2835 3567 3296 3638 contemplatione
3333 3572 3558 3643 colligas

1973 3643 2101 3717 quid
2132 3655 2314 3702 tenere
2339 3649 2555 3717 debeas,
2584 3652 2715 3722 quid
2745 3653 2938 3709 vitare.
2985 3655 3094 3712 Nec
3121 3666 3229 3713 tam
3257 3661 3548 3718 delecteris

1973 3734 2298 3793 sublimitate
2331 3740 2588 3795 natalium
2617 3757 2779 3812 quam
2809 3745 3174 3815 spiritualium
3211 3751 3411 3807 decore
3445 3754 3556 3808 vir-

1975 3836 2180 3894 tutum;
2206 3838 2263 3883 ut
2291 3847 2408 3902 qua:
2436 3849 2579 3888 nunc
2607 3837 2748 3905 apud
2773 3838 3021 3895 homines
3047 3841 3098 3894 in
3127 3849 3342 3898 terrena
3374 3843 3551 3915 digni-

1975 3926 2084 3974 tate
2112 3921 2393 3988 prmcellis,
2429 3925 2568 3993 apud
2601 3924 2767 3979 Deum
2793 3941 3030 3997 quoque,
3055 3930 3197 3998 quod
3238 3930 3396 4002 longe
3437 3933 3552 4004 glo-

1976 4009 2170 4065 riosius
2202 4022 2304 4081 est,
2340 4014 2391 4068 in
2436 4025 2746 4071 sanctarqu
2800 4016 3084 4074 mulierum
3131 4020 3380 4094 catalogo
3426 4039 3554 4081 con-

1973 4101 2247 4157 scribaris.

2515 4218 2845 4277 EPISTOLA
2902 4221 3014 4276 XV.

2338 4346 2401 4384 ID
2441 4347 2489 4385 B.
2531 4347 2703 4387 DUCEI
2736 4349 2805 4389 ετ
2839 4349 3200 4393 κλιιεηιοκειι.

1966 4418 2365 4495 Ληουιιξᾳκτυιι.
2400 4454 2466 4462 -
2496 4421 2754 4479 lloriatur
2782 4438 2839 4480 ut
2875 4430 3158 4495 praesentia
3192 4439 3548 4487 contemnens

2039 4492 2105 4544 ad
2157 4490 2334 4570 futura
2375 4503 2492 4570 _t_ota
2523 4495 2718 4570 mentis
2748 4490 3079 4570 cogitatione
3105 4499 3335 4570 feratur,
3368 4518 3539 4570 neque

2041 4559 2270 4633 terrenis
2299 4562 2492 4631 quibus
2529 4563 2774 4617 adluebat
2806 4553 3007 4621 divitiis
3038 4567 3106 4620 sit
3138 4553 3396 4633 intentus,
3443 4553 3536 4625 sed

2039 4631 2104 4683 ad
2132 4631 2371 4685 cmleszia
2415 4641 2468 4685 et
2505 4634 2829 4701 sempiterna
2882 4637 3121 4689 animum
3166 4639 3335 4708 erigat
3376 4631 3546 4708 eaque

2037 4702 2253 4755 assidue
2286 4702 2594 4755 meditetur.

2037 4811 2240 4866 Domno
2265 4813 2320 4866 Β.
2365 4813 2819 4870 excellentissimo
2850 4817 2970 4870 dut'i
3002 4826 3055 4871 et
3094 4820 3393 4873 marehioni
3427 4822 3534 4875 Pa-

1965 4918 2098 4957 τηυξ
2127 4903 2346 4958 υἱῐηυυδ
2367 4906 2752 4960 monachorum
2779 4923 2966 4962 servus
2997 4908 3207 4963 ﬁdelem
3235 4911 3536 4968 orationem

1967 4992 2017 5044 in
2049 4991 2285 5047 Christo.

2035 5081 2150 5136 Non
2184 5083 2396 5152 ignoro,
2432 5085 2931 5154 prtecellentissime
2971 5086 3206 5150 domine.
3241 5091 3366 5160 quia
3407 5092 3452 5146 si
3487 5101 3539 5146 tu

1963 5175 2302 5245 omnipotens
2333 5177 2474 5232 Deus
2518 5178 2854 5247 aliquatenus
2885 5195 2990 5232 non
3019 5180 3286 5250 diligeret,
3329 5197 3533 5252 nequa-

1962 5281 2122 5336 quam
2167 5269 2259 5324 tibi
2305 5277 2382 5322 tot
2428 5270 2706 5325 hominum
2740 5271 2906 5325 millia
2939 5273 3175 5342 regenda
3220 5276 3529 5331 committe-

1963 5367 2063 5419 ret,
2097 5358 2437 5414 inimicorum
2485 5370 2700 5415 tuorum
2731 5361 2959 5431 pedibus
2991 5364 3099 5416 tuis
3129 5363 3264 5418 colla
3295 5365 3535 5420 subster-

1961 5456 2137 5514 neret,
2161 5458 2215 5504 et
2244 5460 2295 5503 te
2325 5464 2435 5517 prae
2474 5451 2686 5505 cunctis
2711 5453 2860 5522 regni
2892 5455 3202 5523 potentibus
3228 5471 3348 5510 cum
3383 5465 3530 5512 tanta

1959 5537 2126 5608 gloria
2157 5539 2493 5594 sublimaret.
2522 5540 2626 5595 Sed
2659 5541 2860 5598 idcirco
2893 5553 2946 5597 te
2980 5544 3158 5628 diving
3186 5545 3363 5617 pietas
3395 5556 3530 5601 tem-

1959 5629 2216 5694 poralitcr
2247 5631 2439 5684 extulit
2467 5639 2525 5684 ut
2549 5632 2592 5686 si
2625 5631 2740 5698 ejus
2777 5643 3043 5703 praecepta
3075 5650 3295 5690 servare
3319 5635 3530 5690 studue-

1959 5722 2054 5783 ris,
2110 5737 2204 5790 per
2249 5730 2462 5779 terrena
2507 5725 2646 5780 bona
2702 5726 3053 5795 adcmlestia
3103 5729 3385 5796 provehat,
3430 5740 3528 5793 per
