4024 6198
438 304 544 358 455

1012 300 1069 355 S.
1116 298 1314 353 PETRI
1349 296 1630 353 DAMIANI
1674 296 1823 351 OI‘P.
1856 296 2034 352 PARS
2063 297 2192 352 SEil
2236 297 2470 353 ΤοΜυὸ
2502 298 2540 353 1.
2566 330 2632 340 -
2670 300 2882 355 EPIS'I‘.
2926 301 3052 355 LIB.
3100 302 3224 358 VIII.

3592 303 3694 357 4'6

440 412 757 485 temporalia
787 411 853 475 ed
893 420 1094 467 aeterna
1130 408 1413 479 perducat.
1458 407 1819 479 Quapmpter,
1848 408 2018 463 caris-
2045 418 2085 472 Λ
2120 419 2328 465 certum
2380 412 2475 465 tibi
2524 413 2874 483 municipium
2924 430 3029 467 non
3076 416 3325 484 provides
3364 417 3696 472 mansionis:

437 508 594 574 sime,
630 500 925 559 secundum
967 497 1261 554 acutissimi
1309 497 1505 566 ingenii
1538 498 1613 550 ttti
1644 497 2010 565 prudentiam,

437 600 503 650 ad
536 596 729 651 crelum
764 592 991 662 reSpice,
1021 590 1354 645 brevissima:
1380 588 1536 655 hujus
1560 590 1684 649 vitae
1715 589 2006 644 terminum

440 688 532 743 tibi
559 697 683 740 ante
708 683 892 738 oculos
925 696 1082 751 pone,
1126 689 1178 733 et
1212 696 1335 734 eum
1366 696 1472 749 quo
1501 680 1565 733 de
1602 687 1709 735 tam
1753 679 1929 749 ampla
1960 688 2014 737 et

437 782 689 832 diuturna
737 785 823 829 tua
867 773 1196 826 villicatiune
1240 772 1509 826 rationem
1547 785 1749 839 ponere
1787 770 2009 836 debeas,

435 868 697 922 sollicitus
741 865 1024 920 meditare.
1069 861 1206 929 Quid
1252 862 1397 917 enim
1452 861 1674 931 prodest
1717 862 2013 930 quemlibet

446 960 609 1016 hodie
644 975 802 1023 auro,
832 956 1059 1027 gemmis
1083 965 1137 1009 et
1167 970 1403 1024 purpura
1434 956 1666 1024 contegi,
1700 954 2014 1023 frequenter

439 1054 667 1106 militum
718 1050 909 1111 cuneis
958 1047 1279 1115 constipari,
1327 1047 1372 1102 si
1410 1060 1535 1103 cras
1575 1046 1840 1115 contingit
1887 1062 2012 1101 eum

436 1145 659 1208 nudum,
711 1150 766 1195 et
815 1156 967 1195 reum
1021 1139 1277 1207 omnique
1330 1137 1525 1193 solatio
1574 1136 1892 1192 destitutum
1946 1138 2011 1189 ad

436 1234 629 1287 inferni
665 1230 924 1301 supplicia
956 1229 1237 1299 pertrahi?
1266 1227 1404 1294 Quid
1427 1228 1605 1297 juvat,
1634 1226 1678 1280 si
1704 1227 1864 1281 hodie
1894 1227 2015 1296 quis

437 1325 717 1393 temporali
746 1322 1005 1392 prteditus
1032 1328 1320 1391 potestate,
1350 1328 1549 1374 terram
1583 1319 1748 1375 faciat
1772 1319 1873 1374 sub
1902 1320 2014 1373 suis

433 1415 660 1483 pedibus
690 1422 940 1475 tremere,
970 1421 1022 1463 et
1049 1426 1170 1465 cras
1195 1410 1473 1463 mendicus
1489 1417 1545 1463 et
1573 1424 1780 1478 pauper
1810 1409 1873 1467 de
1910 1409 2014 1464 hoc

437 1506 632 1559 mundo
661 1504 1015 1575 compellatur
1041 1502 1238 1556 exire?
1283 1502 1420 1557 Audi
1470 1502 1599 1570 quid
1632 1500 1889 1559 Salomon
1930 1502 2011 1555 di-

434 1609 522 1652 cat
551 1613 564 1650 :
597 1616 613 1648 ι
650 1598 705 1651 Si
733 1604 948 1651 centum
971 1595 1128 1649 annis
1151 1594 1347 1649 vixerit
1370 1593 1551 1658 homo,
1580 1602 1636 1653 et
1660 1594 1712 1647 in
1732 1593 1816 1651 itis
1841 1594 2015 1649 omni-

435 1691 534 1743 bus
562 1689 714 1747 laetus
744 1688 945 1753 factus,
976 1688 1330 1743 reminiscere
1359 1687 1519 1742 debet
1564 1687 1824 1757 temporis
1861 1694 2011 1741 tene-

437 1781 579 1835 brosi
597 1790 651 1837 et
673 1782 881 1839 dierum
904 1778 1189 1841 malorum,
1211 1794 1330 1849 quae
1351 1794 1473 1833 cum
1490 1777 1756 1841 venerint,
1783 1784 2016 1846 arguunt
2045 1765 2090 1823 Β

360 1922 363 1923 ν
434 1871 709 1939 prteterita
737 1869 935 1943 (Eccte.
961 1871 1061 1938 xu).
1113 1888 1132 1921 ι
1158 1869 1261 1925 Ubi
1286 1867 1431 1923 enim
1454 1875 1580 1921 sunt
1618 1866 1782 1927 modo
1815 1876 1894 1921 tot
1923 1882 2015 1935 po-

437 1976 611 2020 tentes
648 1964 850 2029 Sicculi,
886 1973 961 2023 tot
993 1961 1333 2021 invictissimi
1366 1974 1539 2028 reges,
1564 1958 1656 2028 qui
1684 1957 1832 2013 caelo
1864 1959 2015 2012 vide-

434 2058 633 2112 bantur
674 2055 941 2110 excellere
968 2064 1022 2111 et
1056 2064 1219 2117 totam
1267 2068 1406 2123 pene
1447 2051 1631 2107 mundi
1665 2050 2011 2107 latitudinem

430 2145 537 2200 sub
565 2162 676 2205 suae
720 2145 1004 2215 potestatis
1048 2143 1276 2213 imperio
1311 2142 1630 2213 possidere?
1656 2141 1846 2199 Nonne
1873 2142 1919 2198 si
1951 2142 2018 2196 ad

436 2254 625 2297 eorum
666 2237 913 2307 sepulcra
948 2235 1223 2303 respicias,
1275 2242 1445 2293 totum
1489 2248 1686 2302 corpus
1717 2231 1867 2294 illud.
1915 2233 2017 2285 sub

433 2345 543 2399 quo
592 2331 824 2391 mundus
874 2336 1106 2387 tremere
1154 2327 1469 2396 cogebatur,
1522 2324 1607 2381 vix
1660 2324 1823 2381 unius
1870 2323 2018 2377 libra:

435 2422 645 2491 pnudus
674 2419 984 2477 invenitur?
1007 2417 1139 2477 Ilaec
1172 2417 1353 2486 igitur,
1377 2414 1747 2479 dilectissime.
1770 2413 2013 2469 studiose

434 2512 739 2575 considera,
774 2511 907 2568 hac
928 2507 1115 2563 sedula
1161 2506 1359 2563 mentis
1405 2504 1703 2561 intentione
1742 2511 2012 2568 retracta;

434 2613 488 2657 et
520 2618 625 2662 non
656 2602 784 2671 quid
812 2615 892 2663 es,
922 2598 1014 2652 sed
1040 2597 1197 2668 261
1226 2595 1354 2666 quid
1375 2595 1427 2649 in
1450 2603 1772 2665 perpetuum
1796 2594 2015 2651 futurus

434 2708 515 2757 es.
546 2692 829 2761 diligenter
855 2689 1127 2747 examina.

507 2783 582 2839 De
614 2781 956 2851 monasteriis
984 2790 1189 2844 autem,
1216 2794 1337 2849 quae
1364 2793 1507 2835 nunc
1537 2778 1634 2835 tibi
1665 2778 1842 2834 vicina
1870 2787 2015 2844 sunt,

433 2889 501 2928 ex
535 2873 630 2933 Dei
661 2882 814 2942 parte
846 2872 1106 2942 deprecor
1151 2880 1206 2924 et
1236 2869 1514 2926 humiliter
1548 2877 1673 2938 peto
1705 2878 1768 2925 ut
1798 2883 2018 2925 manum

435 2966 541 3027 illis
571 2975 675 3024 tute
703 2964 1035 3023 defensionis
1064 2963 1324 3019 adhibeas
1352 2971 1408 3018 et
1442 2962 1511 3017 ab
1540 2961 1813 3018 exercitus
1839 2961 2019 3019 multi-

434 3060 639 3122 tudine,
678 3058 768 3128 qui
808 3067 985 3114 tecum
1038 3064 1164 3112 sunt
1208 3070 1316 3111 non
1365 3054 1682 3124 depraedari,
1727 3053 1812 3111 vel
1854 3053 2021 3109 mole-

2118 511 2166 555 et
2210 501 2289 555 sic
2327 501 2380 554 in
2408 510 2460 555 te
2484 502 2787 571 completur
2833 505 3100 559 sententia
3150 506 3261 571 illa,
3313 522 3418 576 qua
3462 508 3696 566 dicitur:

2123 605 2142 639 ι
2178 588 2277 654 Qui
2312 592 2568 645 observat
2613 600 2832 646 ventum
2880 609 3158 664 nunquam
3207 597 3471 663 seminat;
3521 607 3576 652 et
3608 600 3698 668 qui

2118 680 2427 735 evnsiderat
2484 682 2657 738 nubes
2711 699 2989 754 nunquam
3045 687 3201 740 metit
3254 686 3473 757 (Et-cie.
3526 692 3632 759 χι).
3673 710 3694 744 ι

2117 769 2223 823 Nos
2266 772 2423 840 plane
2454 774 2745 841 quamdam
2796 782 3040 831 tenemus
3091 777 3144 830 in
3178 776 3337 845 hujus
3375 780 3703 849 pcenitentia

2118 865 2487 919 moderatione
2517 866 2863 930 distantiam,
2899 876 2957 921 ut
3000 884 3098 925 nec
3133 885 3324 925 omnes
3352 873 3579 942 passim,
3610 874 3699 942 qui

2117 953 2274 1006 nobis
2298 954 2582 1008 consilium
2628 965 2905 1023 expetunt,
2940 959 3007 1011 ab
3036 960 3138 1013 hoc
3167 960 3359 1015 itinere
3395 978 3703 1033 compesca-

2116 1059 2268 1107 mtts,
2325 1059 2426 1100 nec
2472 1045 2725 1101 omnibus
2772 1047 2853 1102 ire
2899 1048 3203 1104 volentibus
3252 1050 3421 1106 libera
3475 1052 3702 1109 licentia:

2120 1136 2267 1191 frena
2305 1137 2574 1193 laxemus.
2622 1138 2717 1193 His
2744 1140 2911 1203 enim,
2940 1142 3030 1210 qui
3063 1142 3385 1213 regulariter
3411 1145 3616 1209 vivunt,
3644 1155 3699 1200 et

2117 1228 2199 1282 vel
2230 1229 2527 1295 canonicze,
2557 1229 2639 1283 vel
2671 1233 2982 1287 monastiete
3011 1232 3290 1304 religionis
3322 1234 3561 1305 legitime
3580 1237 3698 1306 jura

2115 1321 2447 1383 custoditmt,
2478 1322 2789 1386 suademus,
2820 1333 2877 1376 ιιι
2906 1323 2959 1377 in
2987 1340 3071 1383 ea,
3117 1341 3222 1393 qua
3252 1330 3529 1381 constituti
3556 1335 3699 1392 sunt,

2118 1415 2401 1466 vocatione
2429 1424 2814 1483 permaneant;
2852 1430 2952 1471 nec
2977 1418 3185 1485 probis
3221 1419 3271 1472 in
3307 1419 3547 1474 humano
3572 1435 3703 1475 con-

2118 1504 2419 1559 stituuntur
2468 1505 2723 1571 arbitrio,
2763 1521 2849 1572 ea,
2881 1522 3005 1577 qua:
3037 1509 3343 1564 necessaria
3389 1525 3700 1580 proponun-

2119 1605 2237 1662 tur,
2293 1596 2571 1651 omittant.
2628 1596 2783 1653 Sicut
2824 1612 2957 1669 ergo
2998 1614 3095 1669 per
3140 1599 3404 1656 Joannem
3468 1602 3700 1659 dicitur:

2124 1702 2143 1735 ι
2178 1684 2452 1753 Teneant,
2496 1686 2587 1757 qui
2633 1688 2856 1748 habent.
2885 1697 2943 1744 et
2970 1705 3130 1745 nemo
3168 1691 3397 1762 accipiat
3442 1706 3698 1747 coronam

2120 1792 2305 1830 eorum
2347 1778 2536 1847 (Apoc.
2566 1777 2670 1845 tu).
2708 1798 2729 1831 ι
2786 1779 2896 1835 Hos
2949 1788 3154 1844 autem,
3202 1783 3293 1850 qui
3343 1783 3425 1836 vel
3465 1784 3701 1854 paludati

2119 1868 2320 1923 mundo
2375 1868 2734 1929 deserviunt.
2784 1869 2866 1925 vel
2920 1871 3083 1942 262
3136 1872 3434 1941 spiritualis
3483 1875 3702 1945 quidem

2118 1955 2414 2023 prmferunt
2439 1956 2645 2011 militia:
2681 1957 2913 2023 titulum,
2947 1961 3038 2014 sed
3072 1961 3422 2029 professionis
3462 1978 3572 2018 sua:
3597 1980 3702 2018 non

2118 2049 2427 2103 custodiunt
2458 2049 2784 2116 institutum,
2816 2050 3098 2115 hortamur
3125 2061 3181 2106 ιιι
3203 2053 3501 2122 spiritualis
3521 2054 3701 2108 exsilii

2120 2137 2223 2193 iter
2253 2138 2539 2209 arripiant,
2567 2141 2955 2211 tremendoque
2996 2141 3160 2208 iudici
3210 2159 3434 2214 peregre
3480 2144 3699 2200 satisfa-

2118 2228 2286 2292 ciant,
2323 2229 2476 2298 cujus
2507 2229 2647 2283 intra
2676 2230 2971 2285 Dominicae
2997 2247 3142 2286 cura:
3172 2233 3585 2299 sollicitudines,
3616 2235 3700 2293 le-

2117 2332 2213 2388 ges
2246 2333 2309 2373 ac
2335 2319 2592 2374 mandata
2627 2334 2735 2377 non
2766 2317 3007 2375 servant.
3043 2321 3108 2375 Et
3142 2323 3245 2378 hoc
3270 2326 3431 2379 modo
3457 2324 3704 2396 vagando

2117 2408 2379 2477 quietem,
2411 2410 2811 2481 peregrinando
2838 2413 3030 2483 patriae
3065 2412 3172 2469 sibi
3198 2414 3516 2484 provideant
3543 2431 3703 2471 man~

2118 2498 2346 2554 sionem.
2393 2499 2598 2572 Itaque,
2648 2502 3023 2570 dilectissime,
3075 2505 3185 2560 noli
3237 2505 3331 2560 tibi
3397 2520 3518 2577 quae
3574 2508 3704 2579 tingi

2120 2590 2203 2646 vel
2237 2591 2532 2662 excogitari
2590 2594 2802 2662 possint
2847 2595 3074 2650 adversa
3119 2611 3439 2666 proponere,
3481 2598 3589 2652 noli
3620 2598 3705 2651 di-

2118 2696 2397 2739 versorum
2425 2698 2647 2739 casuum
2676 2686 3011 2741 muliebriter
3059 2686 3354 2743 infortunia
3384 2688 3702 2754 femtidare.

2119 2774 2214 2828 sed
2264 2790 2282 2827 ι
2315 2788 2473 2843 spera
2525 2774 2578 2828 in
2627 2774 2879 2841 Domino,
2931 2786 2986 2830 et
3034 2777 3119 2835 fac
3172 2777 3467 2835 bonitatem
3522 2776 3703 2851 (Ριαι.

2119 2864 2332 2937 xxxvr).
2368 2883 2387 2917 ι
2444 2865 2599 2935 Saepe
2627 2866 2907 2934 nimirum,
2940 2869 3029 2924 ubi
3058 2869 3229 2941 magis
3254 2885 3318 2924 ex
3352 2869 3585 2925 humana
3616 2887 3708 2925 ra-

2120 2957 2266 3014 tione
2309 2956 2586 3024 diIiiditur,
2636 2959 2748 3015 illic
2798 2959 3116 3030 propensius
3139 2974 3371 3030 superna
3416 2962 3708 3019 elememra

2119 3048 2469 3116 subvenitur;
2502 3057 2558 3104 et
2585 3050 2676 3106 ubi
2704 3051 2957 3106 solatium
2989 3053 3339 3123 desperamus
3383 3053 3706 3119 humanum,

431 3156 571 3209 stari
618 3126 922 3224 permittas.
958 3153 1031 3206 De
1063 3148 1393 3204 monasterio
1428 3156 1612 3203 autem
1649 3145 1707 3202 S.
1750 3146 2018 3211 Vincentii
2049 3126 2091 3186 Ο
2124 3140 2363 3194 divinum
2415 3140 2733 3211 plerumque
2771 3142 3045 3197 cernimus
3110 3144 3301 3197 adesse
3367 3144 3705 3212 prazsidium.

430 3247 808 3303 excellentiam
858 3253 1087 3300 vestram
1117 3257 1228 3313 prae
1258 3241 1508 3298 omnibus
1539 3250 1598 3295 et
1629 3256 1794 3310 super
1837 3256 2019 3295 omnia

434 3355 566 3409 rogo
595 3347 653 3393 ut
683 3337 811 3393 illud
842 3335 1148 3407 specialiter
1173 3333 1383 3404 diligas.
1410 3332 1617 3388 Praedia
1638 3370 1655 3396 ,
1683 3347 1805 3401 quae
1834 3332 1904 3387 ab
1934 3331 2019 3386 inr-

436 3429 719 3483 vasoribus
767 3427 1098 3491 detinentur,
1146 3424 1303 3495 legali
1335 3421 1437 3478 sibi
1463 3422 1585 3489 jure
1614 3421 1873 3477 restituas
1899 3460 1914 3486 ,
1964 3430 2020 3475 et

431 3540 462 3577 τι
491 3521 701 3577 cunctis
739 3519 1060 3576 mortalibus
1110 3517 1463 3587 protectionis
1517 3525 1621 3572 tute
1648 3524 1804 3571 scuto
1832 3515 2021 3570 defen-

436 3613 554 3666 das.
586 3612 642 3665 In
673 3612 777 3665 hoc
806 3610 971 3680 igitur
1006 3606 1339 3663 monasterio
1365 3605 1645 3661 evidenter
1670 3613 1948 3675 appareat,
1976 3604 2021 3658 si

436 3703 575 3772 apud
606 3710 801 3755 vestra:
851 3698 1189 3755 celsitudinis
1233 3712 1394 3753 aures
1423 3696 1597 3767 majus
1621 3696 1822 3764 aliquid
1856 3695 2024 3766 impe-

437 3804 585 3849 trare
617 3812 730 3848 mea
773 3793 1048 3847 humilitas
1079 3791 1275 3846 valeat.

969 3921 1301 3976 EPISTOLA
1347 3921 1486 3975 XVI.

928 4030 1180 4070 DUCISSAM
1223 4031 1292 4068 ΕΤ
1342 4027 1759 4066 MARCIIIONISSAM
1801 4028 1995 4067 AIJ‘IUM

1059 4100 1392 4139 CUTTIARUN.

735 4173 999 4245 (Habetur
1036 4184 1163 4227 tam.
1189 4172 1314 4236 ΙΙΙ,
1334 4172 1388 4226 in
1411 4187 1587 4241 opusc.
1614 4170 1726 4237 I8.)

960 4302 1293 4358 EPISTULA
1334 4301 1495 4356 XVII.

831 4413 896 4450 AD
936 4411 1226 4450 RAINERIUII
1263 4408 1627 4448 IARCHIONEM.

434 4475 831 4546 Anctmuuréu.
870 4519 942 4527 —
983 4486 1297 4541 Rainerium
1353 4483 1742 4546 marchionem,
1792 4481 1875 4536 cui
1924 4497 2019 4550 pro

505 4561 746 4630 peccatis
770 4558 886 4623 ejus
911 4555 1190 4628 expiandis
1215 4564 1277 4634 ut
1298 4552 1728 4634 Hierosolymam
1759 4550 1865 4634 iret
1889 4568 2018 4632 prte-

505 4638 744 4695 ceperat,
788 4637 1131 4683 cunctantem
1174 4633 1228 4681 et
1264 4640 1362 4695 pro
1409 4633 1758 4695 excusatione
1808 4633 2018 4695 tttuerts

507 4648 567 4686 ce
606 4647 744 4694 erat,
788 4647 1131 4683 cunetantetn
1174 4647 1228 4681 et
1265 4647 1362 4695 pro
1409 4647 1758 4679 excusauuuc
1808 4647 2017 4675 tuucrte

507 4647 848 4754 diﬁicultates
874 4707 930 4753 et
951 4696 1186 4772 pericula
1227 4696 1280 4750 in
1309 4695 1543 4749 medium
1586 4692 1921 4772 efferentem.
1953 4692 2017 4745 ad

508 4771 877 4841 ptenitentiam
921 4762 1022 4841 sibi
1064 4762 1752 4841 injunctamperagendam
1789 4762 2019 4841 int-itare

510 4833 751 4904 conatur,
777 4855 841 4894 ac
869 4848 928 4891 ut
956 4837 1209 4893 alacriter
1240 4848 1347 4890 tam
1376 4835 1589 4905 longum
1619 4833 1724 4905 iter
1750 4840 2014 4905 capessat,

508 4912 650 4965 nulla
681 4902 801 4964 esse
826 4908 1062 4978 pericula
1091 4906 1447 4978 formidanda,
1473 4902 1603 4972 quia
1633 4902 1775 4978 Deus
1803 4904 2013 4971 piortun

507 4982 784 5037 hominum
816 4972 998 5033 curam
1030 4978 1187 5047 gerit,
1219 4975 1482 5044 exemplis
1515 4972 1768 5027 ostendit.

512 5073 722 5127 Domno
788 5068 1052 5123 Busa-tuo
1106 5065 1409 5121 clarissimo
1458 5062 1759 5118 mar-chioni
1813 5060 2028 5116 Perses

439 5174 690 5234 peccator
719 5162 1012 5216 monachus
1040 5159 1286 5214 salutem.

509 5252 721 5321 Iujunxi
759 5252 881 5316 tibi,
937 5251 1017 5304 vir
1065 5248 1330 5321 magifice,
1374 5256 1434 5300 ut
1478 5259 1576 5315 pro
1621 5244 1859 5313 peccatis
1905 5260 2023 5312 qua:

440 5343 572 5398 mihi
596 5346 959 5407 cnttlessuses,
978 5342 1404 5413 Hierosolymam
1430 5348 1665 5410 peteres,
1681 5338 2023 5406 divinamque

432 5434 703 5507 justitiam
768 5435 1073 5504 longinquae
1140 5429 1593 5502 peregrinationis
1656 5427 2025 5483 satisfactione

442 5524 725 5595 placares;
758 5524 850 5578 sed
906 5534 960 5577 tu
1010 5524 1157 5587 dum,
1206 5521 1357 5591 juxta
1410 5522 1765 5589 Scriptorum,
1814 5519 2025 5573 nescias

442 5619 570 5688 quid
622 5598 862 5674 crastina
912 5619 1089 5687 pariat
1139 5617 1257 5671 dies
1289 5615 1428 5687 (Jac.
1460 5614 1556 5685 tv),
1613 5628 1725 5667 rem
1757 5610 1938 5665 differs
1973 5612 2022 5664 in

443 5719 749 5783 posterum;
794 5718 846 5762 et
883 5709 1009 5761 dum
1042 5705 1301 5761 formidas
1328 5696 1563 5759 incertus
1590 5714 1746 5757 casus
1794 5701 2023 5765 itineris,

475 4032 540 4073 Αἵ)
572 4031 873 4070 Διιεωιυειι

2125 3230 2212 3296 Ει,
2237 3240 2296 3287 ut
2323 3247 2387 3287 ex
2416 3247 2483 3287 eo
2510 3248 2672 3304 super
2700 3249 2809 3302 quo
2839 3250 2981 3289 nunc
3027 3234 3235 3305 agimus
3280 3234 3566 3303 loquamur
3619 3237 3709 3290 iti—

2125 3336 2293 3388 nere,
2346 3322 2612 3394 religiosae
2652 3325 2778 3379 vitae
2826 3332 2883 3379 et
2928 3325 3169 3380 honestae
3214 3324 3499 3394 gravitatis
3536 3323 3710 3380 fratre

2126 3425 2313 3472 nostro
2352 3427 2515 3487 atque
2563 3417 2955 3472 commonacbo
2983 3415 3257 3472 Richardo
3302 3414 3597 3480 referente,
3625 3416 3710 3471 di-

2123 3507 2353 3562 dicimus
2382 3507 2525 3576 quod
2553 3507 2727 3561 horno
2755 3515 2878 3567 octo
2909 3508 3034 3570 viri,
3062 3507 3275 3576 expleto
3326 3507 3398 3575 pii
3446 3506 3708 3562 desiderii

2124 3607 2266 3660 Vult),
2310 3601 2435 3652 dum
2467 3598 2535 3652 ab
2560 3596 2948 3668 Hierosolymis
2980 3599 3323 3667 repedarent,
3355 3595 3447 3651 sed
3483 3611 3580 3650 eos
3608 3612 3709 3666 per

2128 3689 2442 3747 iubabitalia
2468 3690 2779 3761 gradientes
2825 3689 2939 3742 loca
2969 3690 3332 3759 quatriduana
3371 3687 3483 3756 jam
3533 3688 3711 3743 fames

2124 3780 2473 3833 vehementer
2497 3778 2785 3849 afﬂigeret,
2806 3779 3045 3834 divinam
3078 3788 3359 3848 coepenmt
3380 3779 3711 3834 unanimiter

2127 3868 2417 3938 implorare
2444 3869 2811 3934 clementiam,
2850 3881 2906 3924 ut
2946 3870 3321 3925 laborantibus
3367 3871 3419 3924 in
3456 3879 3710 3925 extrema

2123 3962 2432 4015 calamitate
2476 3972 2854 4028 succurreret;
2915 3972 2999 4023 et.
3051 3961 3144 4030 qui
3190 3962 3281 4015 dat
3325 3975 3507 4015 escam
3554 3975 3712 4015 omni

2124 4052 2274 4108 carni
2315 4051 2734 4124 (Psal.cxxxv),
2786 4054 2887 4108 sibi
2946 4068 3161 4122 quoque
3212 4052 3405 4107 saltem
3453 4052 3718 4121 quaelibet

2123 4145 2380 4199 alimenta
2409 4144 2465 4197 in
2500 4153 2664 4198 tanta)
2695 4144 3042 4199 necessitatis
3064 4142 3295 4197 articulo
3322 4157 3426 4196 non
3459 4157 3713 4212 negaret.

2124 4233 2225 4300 Qui
2267 4248 2415 4298 mox,
2445 4233 2697 4288 oratione
2742 4232 3030 4302 completa,
3064 4246 3254 4301 panem
3308 4232 3360 4284 in
3394 4231 3480 4283 via
3522 4231 3719 4299 jacere

2124 4323 2485 4392 conspiciunt,
2517 4333 2572 4378 et
2598 4324 2840 4379 enormis
2869 4323 3054 4393 utique
3085 4323 3473 4393 magnitudinis
3498 4332 3554 4376 et
3584 4322 3716 4377 miri

2126 4416 2398 4471 candoris.
2450 4415 2716 4470 Mirantur
2744 4415 2812 4470 ad
2839 4431 3133 4470 commune
3176 4415 3566 4485 spectaculum,
3603 4431 3720 4470 non

2127 4508 2313 4578 utique
2359 4508 2525 4563 nescii
2553 4508 2678 4577 quia
2724 4508 2857 4561 tanti
2890 4507 3144 4577 ponderis
3182 4508 3350 4561 moles
3377 4509 3442 4562 de
3487 4508 3718 4563 sarcina

2127 4600 2421 4655 nescientis
2444 4599 2615 4668 geruli
2660 4613 3006 4668 nequaquam
3036 4598 3299 4666 potuisset
3340 4597 3503 4652 elabi.
3545 4598 3714 4678 'I‘unc

2124 4705 2372 4760 supernae
2417 4689 2807 4744 misericordiae
2835 4687 3159 4743 beneficium
3195 4697 3615 4758 recognoscant,
3661 4697 3723 4744 et

2123 4797 2319 4851 panem
2364 4780 2534 4835 divini
2585 4780 2855 4844 muneris,
2905 4789 2965 4835 ut
3000 4788 3159 4833 erant
3199 4789 3344 4843 octo,
3378 4780 3429 4833 in
3481 4781 3722 4835 totidem

2122 4883 2305 4946 partes
2338 4874 2603 4928 dividunt.
2642 4873 2721 4928 Ex
2752 4886 2858 4942 quo
2895 4873 3149 4927 nimirum
3191 4873 3266 4926 ita
3293 4880 3423 4926 sunt
3468 4874 3725 4927 suaviter

2126 4981 2191 5021 ac
2220 4963 2546 5020 sufﬁcienter
2586 4962 2819 5031 expleti,
2868 4972 2930 5016 ut
2973 4962 3028 5016 in
3064 4962 3211 5017 ontni
3249 4962 3358 5017 vita
3403 4978 3503 5016 sua
3541 4963 3725 5018 nullis

2128 5054 2329 5109 fuerint
2352 5051 2577 5123 dapibus
2608 5052 2828 5106 uberius
2863 5055 3116 5108 recreati.

2198 5145 2341 5199 Idem
2372 5145 2542 5199 frater
2568 5152 2754 5199 noster
2776 5144 3079 5201 Richardus
3118 5144 3262 5199 aliud
3286 5158 3501 5213 quoque
3524 5144 3733 5199 retulit

2128 5240 2269 5310 quod
2311 5238 2525 5294 silentio
2562 5238 2990 5308 praetereundum
3032 5253 3153 5292 esse
3180 5253 3287 5292 non
3318 5237 3576 5291 arbitror.
3626 5237 3734 5290 Ait

2128 5333 2273 5387 enim
2304 5331 2446 5401 quod
2476 5330 2644 5401 Agius
2691 5329 2863 5385 frater
2906 5340 3113 5394 noster,
3145 5330 3229 5384 vir
3259 5329 3509 5384 videlicet
3546 5337 3731 5384 atate

2128 5422 2446 5491 grandaevus
2472 5432 2529 5476 et
2557 5421 2812 5490 religione
2840 5421 3183 5490 conspicuus,
3210 5421 3337 5474 dum
3361 5420 3534 5472 adhuc.
3561 5431 3733 5475 esset

2128 5516 2179 5568 in
2212 5513 2408 5568 saeculo
2444 5512 2791 5575 constitutus,
2831 5512 3096 5569 orationis
3143 5511 3322 5565 studio
3351 5510 3620 5579 pergebat
3654 5512 3731 5564 ad

2129 5608 2186 5661 Β.
2222 5602 2528 5674 archangeli
2576 5601 2854 5656 Michaelis
2897 5601 3215 5663 ecclesiam,
3262 5613 3381 5668 qua:
3423 5608 3505 5651 est
3547 5595 3732 5663 juxta

2131 5699 2413 5768 Sipontum
2459 5696 2511 5749 in
2536 5692 2790 5764 Gargano
2821 5702 3003 5747 monte
3050 5699 3379 5748 constructa.
3434 5687 3529 5742 Hic
3588 5706 3734 5743 utut
