4024 6198
278 270 384 330 159
546 234 559 243 ’
800 244 859 319 s.
902 254 1125 317 PETRI
1162 244 1488 310 DAMIANI
1528 243 1685 304 ore.
1729 232 1921 299 PARS
1960 234 2105 353 seu
2151 234 2402 297 TOMUS
2439 236 2487 295 I.
2528 269 2596 280 —
2635 236 2871 298 EPIST.
2922 236 3057 296 LIB.
3101 236 3255 296 VIII.
3670 237 3773 297 460

275 399 399 458 Non
451 391 623 452 dulce
675 386 901 461 sapiant
948 382 1010 441 in
1061 379 1325 438 faucibus
1378 373 1492 433 tuis
1540 368 1750 431 recula
1784 362 2193 461 pupil-Apus,
2221 368 2286 422 ut
2320 362 2715 461 indigentibus
2744 363 2805 421 in
2843 364 3180 422 necessitate
3217 369 3592 432 succurreret,
3624 368 3773 420 tanta

276 452 489 556 lorum,
519 481 700 542 altilia
739 452 1076 534 viduarum.
1105 466 1350 527 Domino
1392 480 1493 538 per
1534 461 1774 556 Moysen
1814 455 1982 514 terri-
2068 452 2188 552 fuit.
2215 468 2331 510 non
2380 452 2552 553 modo
2603 454 2811 556 mentis
2860 454 3089 527 pietate,
3139 452 3235 510 sed
3277 460 3333 510 ei
3381 452 3597 527 proprii
3651 468 3777 509 σου,

521 540 862 629 intonante:
911 589 933 613 ω
982 558 1207 628 Vidua),
1252 553 1463 627 inquit,
1493 556 1548 608 et
1594 547 1813 624 pupillo
1864 559 1983 602 non
2065 542 2223 615 poris
2266 542 2556 600 anxietate
2600 542 2900 611 sollicitus,
2934 548 2999 599 ut
3032 557 3199 615 agros
3235 542 3357 614 ipse
3404 556 3577 613 supra
3626 540 3781 598 vires

278 636 576 729 nocebitis.
634 654 693 717 Si
750 651 1015 713 lasseritis
1060 663 1175 717 eos,
1227 636 1815 729 vociferabanturiad
1870 650 1983 729 me,

279 725 347 818 et
365 769 468 827 ego
507 747 739 808 audiam
778 742 1086 801 clamorem
1119 749 1340 799 eorum,
1368 739 1425 827 et
1464 727 1864 802 indignabitur
1892 725 1982 783 fu-

281 863 376 907 ror
399 821 589 905 ‘meus,
620 832 1055 909 percutiamque
1091 839 1193 883 vos
1228 821 1439 896 gladio,
1472 827 1527 876 et
1572 822 1740 875 erunt
1772 827 1986 873 uxores

280 906 488 995 vestrae
542 906 754 993 viduae,
789 926 844 978 et
889 916 997 977 tilii
1038 913 1210 973 vestri
1255 910 1461 985 pupilli
1508 909 1703 981 (Εωοίι.
1750 906 1921 968 XXII).
1960 924 1983 953 ι

283 1029 365 1085 Ac
405 1021 453 1079 si
483 1019 704 1077 dicatur
737 1031 748 1069 :
788 1009 849 1069 Si
885 1023 987 1065 vos
1026 1002 1183 1063 virili
1230 1000 1430 1058 solatio
1460 998 1760 1056 destitutos
1802 1000 1855 1050 et
1902 1008 1989 1050 or-

282 1118 441 1174 batos
491 1103 827 1183 parentibus
873 1095 1105 1163 laeditis,
1138 1099 1193 1151 et
1238 1104 1456 1183 uxores
1497 1101 1728 1161 quoque
1771 1087 1990 1183 vestras

281 1173 345 1262 ac
401 1173 612 1258 liberos
668 1192 841 1265 digna
907 1186 1019 1245 mei
1083 1180 1297 1240 furoris
1354 1178 1574 1235 ultione
1631 1173 1984 1249 percutiam;

282 1293 489 1352 viduas
518 1283 784 1345 similiter
822 1286 877 1335 et
909 1272 1158 1349 pupillos
1208 1270 1267 1327 in
1316 1266 1582 1341 proximo
1630 1264 1987 1337 relinquetis,

283 1391 349 1443 ut
407 1394 505 1439 eos
551 1370 838 1450 quispiam
897 1365 1137 1436 impune
1195 1357 1382 1450 valeat
1427 1356 1667 1450 laedere,
1723 1353 1872 1410 sicut
1936 1357 1994 1406 et

282 1441 386 1531 vos
438 1441 639 1526 secure
687 1441 981 1517 conﬁditis
1030 1450 1134 1507 hos
1177 1445 1344 1520 quasi
1393 1444 1517 1502 sine
1567 1441 1777 1499 talione
1829 1452 1993 1514 posse

436 1571 516 1614 re.

436 1574 516 1614 re.

283 1574 434 1707 γςῗέῗ
475 1650 667 1703 autem
722 1639 874 1695 hanc
918 1627 1153 1690 Domini
1204 1621 1546 1685 sententiam
1595 1635 1708 1678 non
1760 1618 1992 1690 longin-

2068 648 2202 692 suas
2239 632 2543 704 excoleret,
2574 638 2628 690 et
2660 633 2831 690 homo
2863 648 3070 705 genere
3117 631 3306 689 clarus
3344 632 3630 703 longeque
3671 629 3781 686 ali-

2069 732 2155 781 ter
2199 724 2492 792 educatus,
2527 722 2820 782 ruralibus
2862 738 2922 781 se.
2972 721 3261 780 laboribus
3307 721 3610 779 cruciaret.
3670 718 3781 777 Sed

2071 828 2258 888 neque
2290 814 2394 872 hoc
2422 813 2610 872 solum
2646 822 2695 869 te
2723 813 2967 871 sumciat
2998 811 3317 879 admoneri,
3351 817 3413 869 ut
3441 810 3631 868 aliena
3661 824 3783 867 non

2072 904 2276 976 rapias,
2307 904 2406 961 sed
2448 903 2775 962 addendum
2826 910 2909 960 est
2952 904 3208 975 insuper,
3239 908 3305 959 ut
3345 915 3593 974 quaeque
3621 914 3785 958 com-
3860 958 3877 969 _

2073 995 2287 1066 pereris
2338 1001 2471 1051 ante
2525 998 2577 1051 te
2635 1000 2916 1065 praerepta
2976 992 3259 1051 restituas.
3320 991 3462 1048 Nam
3521 998 3573 1047 et
3630 988 3790 1047 anti-

2073 1099 2227 1158 quus
2251 1083 2351 1142 ille
2381 1083 2771 1142 Romanorum
2794 1083 2938 1152 dux,
2973 1081 3181 1155 Scipio,
3210 1097 3343 1139 cum
3377 1079 3790 1153 Carthaginem

2075 1175 2258 1232 victor
2293 1173 2659 1243 obtinuisset,
2696 1169 2840 1227 266
2869 1178 3076 1231 cuncta
3105 1170 3349 1229 urbibus
3390 1169 3597 1238 Italiae,-
3628 1166 3792 1225 Afri-

2074 1279 2157 1321 cm
2185 1270 2359 1336 atque
2409 1261 2621 1320 Sicilire
2669 1261 2850 1335 spolia
2889 1259 3158 1328 reddidit,
3191 1275 3321 1331 quae
3364 1257 3580 1314 scilicet
3610 1255 3731 1313 illis
3761 1272 3794 1313 a

2077 1351 2625 1425 Carthaginensibus
2670 1351 2810 1410 olim
2852 1349 3076 1409 sublata
3120 1348 3388 1421 cognovit
3427 1347 3573 1415 (TIT.
3630 1347 3790 1415 LIv.,

2076 1444 2199 1498 Dec.
2232 1437 2282 1508 3,
2317 1440 2411 1493 lib.
2443 1440 2524 1508 X).
2560 1438 2629 1495 Et
2653 1439 2808 1513 quod
2834 1455 2865 1495 a
2894 1437 3016 1496 suis
3049 1437 3371 1495 cultoribus
3398 1434 3793 1507 Evangelium

2076 1546 2238 1590 nunc
2270 1537 2614 1602 extorquere
2660 1530 2761 1587 vix
2793 1528 3020 1597 sufﬁcit,
3058 1525 3371 1599 Evangelio
3402 1524 3648 1583 necdum
3694 1538 3791 1581 co-

2078 1626 2364 1689 ruscante,
2392 1619 2484 1676 vir
2510 1617 2741 1691 gentilis
2770 1616 3051 1691 implevit.
3095 1615 3201 1674 Sed
3246 1618 3316 1675 ad
3358 1617 3479 1675 haec
3525 1618 3664 1674 forte
3696 1633 3795 1673 re-

285 1705 420 1815 quo,
450 1734 546 1794 sed
596 1745 667 1789 ex
714 1722 1024 1786 domestico
1073 1716 1264 1792 potius
1309 1722 1640 1773 astruamus
1685 1709 1950 1783 exemplo
1976 1728 1988 1767 :
2015 1712 2361 1790 Bspondeas
2392 1711 2529 1785 quia
2560 1708 2676 1767 nisi
2705 1709 2793 1766 vir
2820 1708 2879 1764 in
2914 1708 3003 1766 his
3029 1708 3303 1766 omnibus
3331 1712 3526 1765 auctor
3556 1705 3791 1774 existat,

285 1800 463 1888 soceri
522 1823 628 1891 tui,
694 1812 984 1890 Uguzonis
1048 1807 1264 1866 scilicet
1324 1801 1675 1862 marchionis
1729 1800 1996 1858 uterinus

286 1921 478 1987 frater,
559 1910 695 1971 olim
781 1906 891 1964 fuit
968 1915 1159 1959 comes
1235 1896 1505 1965 Ubertus,
1584 1894 1754 1966 cujus
1822 1906 1993 1963 uxor,

285 1996 430 2066 265
459 1981 598 2063 dum
632 2000 693 2057 in
736 2003 919 2056 castro
960 1990 1115 2067 quod
1156 1986 1401 2048 Sciﬂ‘ena
1432 1984 1661 2053 dicitur,
1690 1981 1993 2050 habitaret,

282 2097 514 2157 cuidam
564 2088 759 2150 vidua:
811 2097 1045 2158 porcum
1096 2077 1248 2148 tulit,
1299 2090 1482 2148 eoque
1527 2089 1626 2148 per
1676 2085 1996 2158 coquorum

280 2156 598 2245 industrias
628 2177 695 2236 ad
720 2156 983 2234 edulium
1011 2170 1347 2245 praeparato,
1377 2177 1657 2237 pransura
1682 2156 1992 2218 discubuit.

284 2275 472 2332 Vidua
497 2284 633 2328 vero
659 2267 795 2340 quia
825 2260 1123 2322 victimam
1153 2254 1261 2314 sibi
1304 2251 1467 2311 reddi
1495 2250 1617 2323 jam
1645 2264 1801 2340 saepe
1828 2263 1995 2320 rega-

285 2368 459 2430 verat,
496 2357 595 2418 sed
644 2337 715 2413 ne
761 2344 869 2411 hoc
920 2348 1178 2424 quidem,
1229 2349 1295 2402 ut
1343 2341 1623 2430 patienter
1672 2337 1993 2430 audiretur,

282 2424 539 2512 obtinere
608 2446 889 2518 potuerat,
951 2434 1184 2494 mulieri
1253 2429 1588 2491 solemniter
1659 2424 1996 2485 convivanti

284 2539 478 2599 dolore
506 2515 787 2593 transﬁxa
813 2544 873 2585 se
903 2526 1113 2584 mulier
1141 2520 1368 2589 obtulit,
1397 2522 1452 2575 et
1493 2525 1558 2575 ut
1594 2523 1764 2574 tenue
1791 2515 1995 2572 saltem

284 2625 603 2688 frustulum
652 2619 723 2679 de
754 2633 861 2676 suo
900 2614 1010 2673 sibi
1050 2611 1407 2670 nutrimento
1444 2607 1760 2682 porrigeret
1797 2611 1992 2678 postu-

280 2717 441 2777 lavit.
483 2712 634 2783 Quia
671 2723 786 2767 uon
833 2717 1181 2768 merueram,
1232 2698 1441 2771 inquit,
1472 2698 1543 2755 de
1585 2694 1822 2753 nutritio
1870 2692 1993 2766 spei

279 2824 426 2869 meae
475 2809 750 2864 consueto
789 2812 950 2855 more
996 2792 1265 2867 gaudere,
1296 2789 1459 2846 liceat
1502 2786 1705 2845 saltem
1746 2787 1994 2843 extremi

280 2905 513 2972 gustum
562 2888 781 2966 saporis
831 2886 1128 2956 attingere.
1179 2879 1360 2949 Quam
1413 2876 1747 2972 petitionem
1804 2874 1993 2931 ﬂuens

280 2964 451 3062 atque
478 2964 821 3056 superbiens
858 2980 1119 3030 matrona
1164 2966 1443 3062 despexit,
1470 2964 1638 3037 eique
1669 2964 1805 3061 quia
1838 2977 1991 3061 nuu-

2077 1803 2147 1862 ad
2192 1802 2319 1859 haec
2366 1799 2655 1873 implenda
2694 1796 2994 1857 vasculum
3040 1797 3342 1856 infirmum
3394 1811 3505 1853 non
3551 1796 3790 1868 aspirat.

2078 1892 2298 1952 Verum
2349 1889 2519 1965 plane
2569 1905 2673 1947 nec
2722 1888 3039 1946 diiIitemur
3093 1886 3254 1960 quia,
3288 1902 3421 1945 cum
3472 1885 3545 1942 ad
3590 1885 3793 1941 virum

2079 1981 2342 2040 mulieris
2418 1980 2491 2038 sit
2552 1978 2836 2037 divinitus
2901 1978 3123 2036 decreta
3189 1976 3511 2042 conversio,
3564 1974 3797 2045 indiget

2076 2070 2420 2144 plerumque
2473 2083 2647 2126 sexus
2701 2067 2993 2125 inﬁrmior
3046 2064 3377 2123 auctoritate
3432 2061 3610 2120 virili.
3677 2058 3795 2119 Sed

2077 2159 2179 2218 ubi
2209 2156 2423 2218 mulier
2452 2156 2661 2215 rectius
2687 2156 2923 2232 judicat,
2952 2155 3191 2228 dignum
3226 2160 3309 2211 est
3356 2159 3419 2210 ut
3452 2153 3504 2210 ei
3556 2150 3646 2207 vir
3680 2166 3795 2207 au-

2077 2246 2351 2307 ctoritatis
2390 2263 2512 2304 sure
2554 2246 2777 2319 legibus
2810 2261 2923 2304 non
2954 2245 3227 2314 obsistat;
3264 2258 3363 2316 pro
3411 2242 3533 2299 viro
3575 2240 3797 2298 scilicet

2076 2345 2160 2396 est
2216 2338 2324 2394 hoc
2367 2335 2679 2410 judicium,
2713 2349 2827 2393 non
2885 2340 3081 2391 contra
3134 2332 3349 2389 virum.
3405 2330 3564 2389 Ozias
3623 2328 3799 2402 plane

2077 2427 2337 2485 sacerdos
2394 2426 2451 2483 in
2505 2424 2754 2483 affutura
2813 2422 3045 2480 Domini
3101 2421 3469 2479 miseratione
3529 2420 3800 2492 quinque

2075 2516 2301 2574 dierum
2348 2512 2661 2572 terminum
2694 2512 2909 2582 statuit,
2942 2510 3039 2569 sed
3074 2511 3183 2568 hoc
3223 2508 3507 2584 judicium
3554 2523 3799 2581 magna-

2078 2605 2253 2661 nimis
2298 2602 2396 2660 illa
2435 2602 2632 2660 Judith
2675 2600 3009 2673 corripiens,
3036 2598 3419 2671 improbavit:
3463 2622 3482 2648 ιι
3528 2596 3653 2655 NOII
3688 2604 3801 2663 est,

2074 2694 2283 2766 inquit,
2314 2693 2420 2751 iste
2462 2708 2651 2751 sermo
2698 2693 2797 2762 qui
2848 2690 3302 2763 misericordiam
3356 2694 3642 2762 provocet,
3693 2687 3798 2745 sed

2075 2783 2264 2856 potius
2308 2781 2411 2855 qui
2456 2782 2603 2838 iram
2641 2781 2852 2838 excitet
2883 2787 2937 2837 et
2976 2780 3231 2837 furorem
3278 2777 3545 2836 accendat
3580 2777 3800 2843 (Iudith

2074 2877 2219 2938 VIII).
2258 2895 2283 2921 υ
2314 2869 2543 2943 Abigail
2586 2883 2823 2944 quoque
2852 2870 2990 2927 dum
3025 2870 3183 2927 stulti
3226 2867 3404 2925 Nabal
3446 2865 3801 2924 sententiam

2078 2968 2276 3028 mutat,
2307 2976 2338 3015 a
2383 2975 2508 3016 suae
2554 2958 2762 3017 domus
2805 2959 3031 3016 excidio
3061 2958 3313 3015 vibratos
3352 2955 3531 3014 David
3573 2953 3803 3025 gladios

280 3046 454 3154 quam
482 3046 688 3143 eat-illo
725 3063 1100 3124 manducaret
1140 3073 1255 3116 non
1286 3056 1410 3113 sine
1449 3052 1821 3112 contumeliae
1861 3051 1982 3124 jur-
2013 3059 2307 3151 crevocat
2338 3070 2349 3107 :
2381 3065 2511 3124 quae
2543 3051 2827 3107 nimirum
2863 3064 2962 3122 pro
2991 3048 3171 3106 Nabal
3206 3047 3352 3115 fecit,
3387 3046 3525 3103 dum
3560 3058 3803 3118 perver-

868 3153 873 3154 ν
943 3152 954 3154 -
1128 3146 1169 3154 ··
1221 3147 1231 3154 ·
1368 3144 1377 3154 -
1678 3141 1695 3154 ς
1780 3141 1789 3154 ι
1868 3147 1877 3154 .
2284 3141 2291 3148 .
2410 3138 2420 3148 .
2488 3138 2524 3154 μ
2570 3139 2578 3147 ,
2930 3153 2937 3154 7
2996 3143 3175 3154 “7A.”
3220 3135 3321 3154 in"
3374 3138 3415 3154 η
3466 3138 3569 3154 “UA
3626 3132 3779 3154 ..νηὶ

280 3141 375 3241 gio
417 3141 803 3223 denuntiavit.
853 3152 982 3220 Sed,
1028 3167 1061 3207 o
1113 3146 1314 3241 divina
1358 3141 1581 3217 justitia
1625 3141 1701 3241 ad
1738 3141 1990 3214 plecten-

280 3232 412 3317 dam
464 3252 814 3327 impietatem
876 3251 1049 3315 atque
1118 3235 1450 3327 superbiam
1514 3232 1706 3307 gladio
1766 3242 1994 3327 semper

281 3343 518 3407 ultionis
551 3320 815 3400 accincta
847 3333 859 3390 Ξ
896 3331 1095 3390 eodem
1143 3328 1311 3400 plane
1354 3324 1465 3392 die,
1493 3328 1617 3396 post
1658 3320 1990 3395 prandium,

281 3438 421 3498 dum
467 3430 710 3507 praefata
746 3437 935 3484 comes
981 3423 1041 3478 in
1090 3415 1395 3476 castrensis
1442 3411 1860 3507 vallisederet,
1903 3424 1993 3506 se-

281 3496 421 3587 cura
470 3496 763 3594 crepidine
802 3520 857 3570 et
888 3507 1163 3583 saginatis
1200 3521 1274 3564 ex
1314 3503 1503 3561 aliena
1532 3498 1855 3558 calamitate
1884 3496 1996 3553 vis-

282 3611 530 3680 ceribus,
558 3589 783 3667 nullius
814 3603 1003 3658 ruinae
1044 3594 1371 3680 periculum
1410 3589 1769 3680 formidaret,
1798 3602 1996 3660 repen-

280 3674 403 3763 tino
457 3674 596 3757 mox
652 3685 968 3750 subsicivio
1020 3679 1364 3740 munitionis
1419 3693 1555 3750 ager
1605 3674 1895 3741 obruitur,
1942 3676 1999 3729 et

279 3804 453 3865 super
479 3782 772 3844 infelicem
803 3775 1111 3834 mulierem
1145 3771 1431 3827 immensa
1471 3767 1693 3824 ruentis
1732 3776 1998 3865 promon-

285 3851 416 3942 torii
477 3870 773 3947 congeries
834 3863 1202 3929 cumulatur,
1256 3862 1670 3931 perstrepentes
1734 3851 1997 3947 undique

283 3939 620 4045 phalanges"
646 3956 956 4018 hominum
1013 3948 1335 4010 conﬂuunt.
1399 3945 1641 4045 fossores
1694 3939 1995 4045 accedunt,

290 4028 456 4116 terrae
499 4028 720 4109 viscera
760 4042 1214 4115 perscrutantur.
1249 4039 1304 4090 et
1342 4034 1481 4088 dum
1522 4029 1768 4087 diversis
1816 4028 1997 4085 feri-a-

288 4149 614 4202 mentorum
647 4130 960 4208 generibus
989 4126 1236 4198 collapsa
1271 4131 1435 4180 terrae
1467 4120 1650 4179 moles
1687 4120 1824 4178 hinc
1864 4118 1999 4176 inde

286 4230 624 4309 perfoditur,
677 4223 778 4280 vix
831 4230 1003 4278 tenue
1057 4213 1284 4272 contriti
1337 4212 1632 4270 cadaveris
1694 4211 1997 4281 vestigium

288 4303 593 4399 reperitur.
638 4311 869 4374 Ossium
910 4323 1045 4383 ergo
1086 4314 1438 4379 artuumque
1483 4303 1817 4377 particulas,
1859 4317 2002 4375 quas

292 4391 407 4472 non
465 4408 590 4466 sine
650 4400 847 4473 magni
909 4396 1120 4457 laboris
1172 4395 1465 4463 instantia,
1524 4399 1588 4449 ut
1644 4392 1721 4449 ita
1782 4391 2000 4465 loquar,

288 4497 626 4572 exsculpere
688 4479 1039 4565 potuerunt,
1098 4486 1411 4558 sepultura}
1475 4481 1850 4540 tradiderunt.
1912 4478 2005 4538 Sic

290 4570 611 4660 dividi'per
654 4584 833 4640 frusta
881 4579 970 4636 sui
1011 4575 1262 4649 corporis
1308 4570 1542 4640 meruit,
1575 4586 1711 4643 qua:
1756 4571 2011 4627 fructum

294 4682 481 4745 suinze
509 4675 700 4736 carnis
734 4669 949 4746 petenti
979 4666 1179 4725 viduae
1211 4664 1537 4735 denegavit.

367 4770 500 4831 Noli
525 4781 681 4840 ergo,
704 4759 920 4820 nobilis
947 4757 1085 4823 ﬁlia,
1117 4754 1187 4811 de
1212 4752 1429 4827 rapinis
1459 4763 1775 4822 pauperum
1793 4747 2011 4804 vivere.

295 4861 391 4921 sed
424 4854 705 4917 alimenta
731 4866 833 4924 per
859 4845 1165 4905 violentias
1193 4840 1493 4915 acquisita,
1532 4846 1802 4911 tanquam
1834 4850 2015 4893 vene—

301 4967 377 5010 na
403 4942 762 5020 serpentium
788 4938 1175 5013 perhorresce.
1205 4930 1275 4987 Et
1298 4943 1431 4986 cum
1458 4927 1769 5000 Apostolus
1792 4941 2013 4983 unum-

2023 4442 2074 4504 D

2081 3155 2210 3197 sum
2245 3141 2368 3211 ejus
2400 3138 2689 3211 judicium
2723 3153 2948 3195 scrvare
2983 3135 3324 3208 contempsit
3372 3138 3415 3206 (Ι
3461 3138 3589 3201 Reg.
3626 3132 3801 3199 XXV).

2080 3228 2291 3287 Manue
2333 3244 2465 3287 cum
2515 3228 2749 3286 vidisset
2792 3226 3086 3298 angelum,
3129 3226 3428 3297 desperare
3467 3220 3659 3294 cmpit,
3703 3218 3800 3276 sed

2081 3317 2617 3391 pusillanimitatem
2685 3317 2810 3390 ejus
2872 3316 3163 3373 enerviter
3215 3315 3588 3372 ﬂuctuantem
3650 3323 3806 3368 uxor

2082 3407 2316 3465 erexit:
2361 3433 2384 3455 ‹‹
2440 3406 2635 3475 Morte,
2694 3407 2905 3479 inquit,
2959 3406 3297 3472 moriemur,
3348 3402 3484 3479 quia
3541 3400 3807 3458 vidimus

2083 3496 2286 3555 Deum.
2318 3496 2427 3553 Cui
2470 3496 2682 3554 mulier
2716 3514 2728 3554 ε
2758 3496 2818 3554 Si
2866 3494 3170 3564 Dominus,
3204 3493 3306 3561 ait,
3350 3507 3454 3550 nos
3494 3488 3670 3547 vellet
3710 3502 3803 3545 oc—

2082 3586 2287 3652 cidere,
2323 3587 2393 3642 de
2435 3585 2709 3642 manibus
2749 3584 2957 3642 nostris
3004 3583 3336 3642 holocausta
3382 3588 3437 3638 et
3487 3577 3807 3635 libamenta

2083 3691 2198 3733 non
2251 3674 2563 3747 susciperet
2618 3675 2818 3741 (Judic.
2881 3678 3027 3743 Xlll).
3078 3698 3103 3721 ι»
3166 3672 3336 3729 Porro
3393 3671 3439 3727 si
3498 3684 3803 3742 nunquam

2085 3766 2319 3826 mulieri
2393 3766 2482 3825 vir
2554 3767 2977 3839 obtemperasse
3053 3762 3365 3830 debuisset,
3430 3773 3805 3832 nequaquam

2087 3859 2337 3917 Abrahae
2368 3857 2651 3916 Dominus
2691 3857 2902 3913 diceret
2935 3875 2947 3912 :
2987 3878 3005 3903 α
3041 3853 3250 3913 Omnia
3280 3868 3412 3926 quae
3454 3850 3673 3908 dixerit
3700 3848 3809 3907 tibi

2087 3944 2248 4014 Sara,
2277 3944 2413 4001 audi
2458 3958 2656 4002 vocem
2696 3943 2822 4017 ejus
2869 3944 3023 4011 (Gen.
3070 3946 3225 4010 XXI).
3266 3962 3286 3990 ι
3329 3938 3583 4010 Dignum
3612 3942 3695 3994 est
3725 3953 3810 3994 er-

2085 4048 2156 4106 go
2212 4038 2278 4090 ut
2327 4031 2612 4104 quidquid
2666 4045 2766 4103 per
2820 4028 3161 4101 injustitiam
3219 4033 3468 4100 partum,
3517 4021 3805 4097 quidquid

2085 4120 2217 4178 aliis
2262 4120 2540 4178 violenter
2580 4118 2859 4185 ablatum,
2888 4116 3108 4187 domui,
3141 4118 3236 4174 cui
3274 4129 3434 4172 nunc
3466 4127 3671 4185 praees,
3704 4111 3810 4168 ad-

2081 4211 2269 4284 jacere
2300 4208 2659 4280 cognoveris,
2690 4208 2751 4265 in
2794 4215 3079 4282 quantum
3116 4205 3219 4262 tibi
3256 4202 3527 4277 possibile
3560 4207 3647 4258 est
3682 4199 3810 4257 red-

2087 4303 2223 4360 dere
2266 4317 2377 4359 non
2422 4298 2681 4368 moreris,
2714 4314 2786 4355 ne
2832 4297 2932 4355 tibi
2972 4296 3238 4353 videatur
3282 4292 3426 4351 illud
3472 4290 3808 4360 convenire,

2092 4391 2241 4465 quod
2271 4391 2546 4464 scriptum
2578 4394 2662 4446 est
2699 4406 2711 4446 :
2752 4413 2776 4437 «ι
2810 4386 2921 4456 Qui
2954 4386 3013 4442 in
3047 4384 3238 4442 alieno
3276 4382 3474 4439 ﬁdeles
3517 4396 3634 4437 non
3673 4381 3812 4437 fuis-

2099 4481 2189 4550 tis,
2226 4479 2376 4555 quod
2417 4486 2672 4536 vestrum
2704 4483 2789 4534 est
2823 4475 2957 4549 quis
2984 4474 3141 4531 dabit
3175 4471 3336 4531 vobis
3360 4473 3387 4526 ?
3419 4491 3445 4521 ι)
3478 4471 3627 4541 (Luc.
3663 4467 3809 4536 XVI.)

2100 4571 2192 4629 Sic
2237 4583 2389 4639 ergo,
2422 4565 2766 4624 venerabilis
2809 4564 2950 4632 ﬁlia,
2990 4563 3200 4620 domus
3247 4567 3359 4618 ture
3404 4573 3591 4615 mores
3638 4557 3809 4613 insti-

2099 4668 2230 4730 tue;
2270 4658 2498 4730 rapinas
2530 4657 2684 4728 pacis
2729 4662 2783 4711 et
2824 4651 3118 4710 violentize
3148 4651 3431 4724 reprime;
3487 4644 3811 4725 ministeria

2097 4749 2390 4806 defrenata
2419 4746 2527 4803 sub
2556 4742 2861 4816 disciplina
2889 4756 3201 4813 compesce.
3238 4738 3350 4807 Sic,
3382 4737 3641 4811 inquam,
3677 4749 3814 4808 quae

2102 4836 2203 4894 tibi
2237 4836 2543 4893 commissa
2572 4838 2727 4899 sunt,
2756 4833 2815 4888 in
2849 4831 3141 4889 voluntate
3180 4829 3281 4887 Dei
3314 4834 3519 4885 cuncta
3547 4824 3815 4898 dispone,

2101 4934 2166 4985 ut
2211 4932 2435 4999 peracto
2466 4922 2797 4982 brevissimi
2843 4921 3114 4996 temporis
3147 4921 3426 4989 villicatu,
3459 4917 3528 4975 ad
3572 4916 3795 4974 haeredi

307 5008 601 5114 quemque
633 5008 901 5088 manibus
929 5023 1051 5082 suis
1083 5020 1340 5114 laborare
1367 5015 1680 5113 praecipiat,
1712 5021 1776 5073 ut
1810 5013 2018 5070 habeat
2107 5015 2235 5072 tatis
2265 5021 2496 5071 mternze
2524 5011 2797 5070 merearis
2831 5010 3058 5069 evolare
3093 5008 3408 5079 fastigium.

304 5103 464 5185 unde
506 5103 728 5179 tribuat
781 5111 1178 5170 necessitatem
1224 5103 1464 5179 patienti
1519 5105 1740 5179 (Ephes.
1794 5106 1899 5170 1V),
1955 5108 2018 5156 tu

309 5216 400 5275 fac
431 5205 804 5286 agriculturis
842 5199 1216 5259 vehementer
1252 5193 1462 5264 insisti,
1493 5200 1558 5251 ut
1598 5192 1670 5250 ad
1704 5190 2015 5273 indigenti-

228 5294 235 5299 “
309 5305 423 5362 bus
446 5284 754 5374 praebenda
786 5288 985 5348 solatia
1021 5287 1223 5374 horrea
1255 5291 1350 5341 tua
1382 5284 1607 5374 valeant
1632 5288 2017 5374 proventuum

314 5367 715 5447 benedictione
749 5374 976 5450 repleri.
1014 5373 1348 5441 Enimvero,
1378 5371 1530 5428 sicut
1568 5368 1630 5426 in
1673 5367 1818 5425 libro
1862 5367 2017 5425 viro-

316 5492 448 5539 rum
498 5467 817 5533 illustrium
851 5465 1082 5539 legitur,
1114 5461 1394 5533 Hilarius,
1425 5457 1774 5517 Arelatensis
1802 5456 2017 5532 episco-

2679 5185 3044 5246 EPISTOLA
3080 5184 3235 5243 XIX.

2272 5332 2349 5377 AD
2377 5329 2652 5376 BLANCAM
2691 5328 2771 5374 EX
2803 5327 3103 5376 COMITISSA
3132 5323 3648 5372 SANCTIMONIALEM

2373 5451 2639 5518 (Habetur
2662 5454 2790 5504 tom.
2824 5450 2923 5509 ΙΠ,
2954 5450 3138 5515 estque
3174 5444 3415 5515 apuscul.
3448 5437 3566 5506 50.)
