4024 6198
1500 315 1724 377 LIBER
1764 313 2123 383 OCTAVUS,
2168 314 2404 376 EPIST.
2445 316 2490 374 Ι.

3630 324 3736 391 462

1430 665 1825 750 LIBER
1907 663 2551 751 OCTAVUS.

938 873 1040 933 AD
1079 871 1301 933 VIBOS
1340 868 1765 931 ILLUSTRES
1802 869 1899 929 ΕΤ
1938 868 2167 928 ALIAS
2207 868 2585 930 PRIVATAS
2631 870 3042 935 PERSONAS.

561 1259 883 1319 267-268
938 1260 1304 1324 EPISTOLA
1358 1258 1615 1319 PRIMA.

594 1367 672 1411 AD
691 1364 979 1412 CINTHIUM
1010 1363 1174 1410 URBIS
1200 1360 1585 1409 PRAEFECTUM.

236 1447 686 1503 ARGUMENTUM.
720 1474 787 1514 έ-
818 1440 1125 1514 Οἱηιιῆιῃη
1146 1441 1476 1512 ιτωῑοίιιυω
1509 1432 1945 1514 Urbisextollit,

295 1516 550 1589 justitite
584 1513 991 1589 aequitatisque
1031 1505 1415 1589 defensorem,
1439 1515 1493 1567 et
1523 1506 1802 1589 populum
1835 1505 1946 1584 sibi

299 1573 680 1645 commissum
707 1599 830 1663 non
866 1573 1286 1663 minusverbis
1314 1573 1799 1663 quam‘ex'e‘mplo
1852 1577 1945 1663 in-

296 1666 648 1716 struentem.
699 1655 854 1727 Hinc
895 1661 1124 1727 sumpta
1152 1649 1450 1713 occasione
1479 1653 1549 1709 de
1575 1649 1762 1727 ofﬁcio
1805 1662 1945 1727 con-7

298 1728 622 1801 cionatoris
645 1726 890 1786 disserit.
920 1721 1218 1801 Hortatur
1248 1732 1532 1797 postremo
1562 1721 1855 1801 eumdem,
1883 1724 1948 1801 ut

302 1802 365 1858 in
404 1799 518 1865 via,
545 1815 717 1873 quam
754 1799 930 1856 semel
960 1798 1270 1873 inceperat.
1301 1801 1627 1873 constanter
1660 1797 1944 1873 persistat,

304 1862 801 1944 pauperesqueet
838 1885 1018 1944 eum,_
1049 1862 1141 1926 cui
1185 1884 1295 1925 non
1345 1874 1430 1925 est
1467 1862 1713 1937 adjutor,
1760 1862 1949 1920 Eccle-

303 1940 534 2015 siteque
562 1940 847 2014 praecipue
874 1940 1170 1998 facultates
1193 1947 1446 1997 tueatur.

308 2032 545 2091 Domno
569 2033 839 2098 CINTHIO,
885 2028 1055 2087 Urbis
1086 2028 1375 2101 praefecto,
1422 2026 1653 2084 PETBUS
1693 2030 1952 2096 peccator

244 2122 573 2179 monachus
595 2121 864 2177 salutem.
1426 2140 1435 2150 ·

308 2211 575 2282 Propriae
603 2209 840 2267 virtutis
874 2208 1077 2266 audire
1109 2205 1489 2279 praeconium,
1517 2202 1665 2261 sicut
1686 2217 1865 2259 vanos
1892 2200 1953 2258 in

238 2302 577 2376 iactantiam
631 2299 822 2371 erigit,
873 2299 951 2356 ita
1000 2297 1180 2356 bonos
1215 2312 1281 2353 ac
1324 2293 1546 2353 sobrios
1594 2291 1665 2349 ad
1710 2290 1954 2364 gratiam

245 2390 599 2451 humilitatis
626 2390 906 2457 accendit,
951 2390 1070 2446 imo
1117 2386 1300 2455 magis
1338 2384 1408 2443 ad
1441 2384 1576 2441 recti
1605 2382 1795 2456 operis
1820 2397 1954 2455 pro-

242 2490 530 2541 vocantur
563 2487 962 2553 augmentum,
995 2478 1136 2536 dum
1165 2474 1344 2533 attolli
1396 2475 1687 2531 favoribus
1710 2472 1959 2531 audiunt

241 2571 452 2632 collata
482 2570 591 2628 sibi
618 2570 765 2627 dona
800 2569 1107 2626 virtutum.
1144 2564 1279 2622 Heri
1306 2563 1494 2636 plane,
1521 2562 1661 2621 dum
1695 2563 1753 2617 in
1786 2561 1959 2618 eccle-

242 2662 326 2720 sia
372 2660 440 2720 B.
476 2659 628 2718 Petri
672 2657 1059 2733 apostolorum
1092 2654 1368 2728 principis
1397 2652 1467 2709 de
1494 2651 1794 2725 praesentis
1825 2658 1960 2708 tunc

248 2750 597 2825 Epiphaniae
620 2748 995 2807 solemnitate.
1044 2752 1213 2820 prout
1253 2745 1451 2802 divina
1484 2742 1790 2800 clementia
1820 2757 1959 2811 sug-

245 2842 506 2911 gerebat,
548 2839 1025 2897 concionaremnr
1068 2835 1139 2893 ad
1171 2834 1468 2909 populum,
1506 2833 1586 2890 ita
1618 2833 1841 2889 locutus
1878 2844 1959 2900 es,

252 2944 370 2986 non
408 2922 847 3001 ut'przefectum
896 2922 1250 2996 reipublicae,
1294 2920 1391 2979 sed
1434 2919 1620 2991 potius
1668 2926 1733 2976 ut
1774 2932 1961 2974 sacer-

247 3018 446 3076 dotem
480 3017 716 3075 decebat
757 3015 1042 3083 Ecclesiae,
1085 3028 1190 3071 nec
1225 3010 1523 3070 saecularis
1552 3008 1803 3066 hominis
1832 3023 1962 3064 ver-

250 3109 417 3169 bum.
476 3106 574 3164 sed
616 3104 943 3179 apostolicae
990 3100 1414 3177 praedicationis
1452 3098 1794 3157 audiebatur
1843 3096 1965 3154 elo-

248 3199 485 3269 quium.
541 3196 605 3254 In
660 3210 773 3267 quo
822 3194 1121 3261 nimirum,
1170 3208 1342 3266 quem
1390 3190 1603 3248 imitari
1643 3189 1966 3246 censendus

246 3303 327 3356 es,
376 3284 493 3343 nisi
541 3283 730 3349 illum,
779 3282 881 3356 qui
924 3297 1024 3338 rex
1057 3286 1111 3339 et
1142 3283 1422 3349 sacerdos,
1457 3286 1511 3337 et
1552 3278 1836 3337 inundnm
1877 3294 1964 3335 re-

247 3380 331 3453 git
388 3394 496 3452 per.
541 3378 759 3436 divinae
811 3376 1045 3435 virtutis
1101 3373 1431 3447 imperium.
1490 3378 1544 3429 et
1594 3371 1966 3443 semetipsum

250 3467 411 3527 Patri
454 3480 560 3539 pro
607 3465 777 3524 nobis
824 3465 1029 3524 obtulit
1080 3463 1347 3521 salutaris
1392 3462 1593 3519 hostiae
1640 3475 1967 3518 sacramen-

250 3561 431 3619 tum?
470 3558 585 3616 Nos
629 3556 801 3614 etiam
850 3571 949 3628 per
976 3552 1235 3626 ejusdem
1267 3550 1667 3624 Redemptoris
1695 3548 1963 3618 gratiam,

245 3651 429 3723 cujus
472 3646 730 3704 membra
775 3659 1000 3711 sumus,
1046 3642 1320 3715 idipsum,
1370 3640 1524 3713 quod
1579 3639 1700 3711 ipse
1746 3644 1846 3702 est,
1912 3644 1969 3691 ut

246 3751 520 3796 essemus
545 3734 871 3807 accepimus
893 3735 944 3799 (Ι
969 3733 1087 3790 Cor.
1122 3735 1225 3799 Vl).
1258 3729 1421 3787 Unde
1448 3727 1697 3785 Joannes
1724 3726 1783 3782 in
1814 3726 1969 3795 Apo-

243 3825 477 3901 calypsi
505 3824 679 3881 dicit:
708 3848 735 3872 «ε
788 3819 897 3889 Qui
922 3819 1131 3878 dilexit
1158 3834 1282 3889 nos,
1321 3824 1378 3873 et
1407 3816 1550 3873 lavit
1578 3831 1682 3875 nos
1709 3832 1742 3871 a
1774 3828 1969 3886 pecca-

247 3915 322 3971 tis
356 3912 576 3971 nostris
614 3911 674 3969 in
712 3912 1000 3982 sanguine
1045 3922 1149 3965 suo
1177 3931 1189 3963 :
1215 3913 1270 3963 et
1306 3904 1438 3962 fecit
1483 3918 1587 3961 nos
1626 3917 1867 3974 regnum
1914 3907 1968 3959 et

245 4003 582 4064 sacerdotes
631 4001 877 4060 Domino
914 4004 970 4055 et
1011 3996 1163 4056 Patri
1200 4008 1305 4054 suo
1347 3994 1535 4066 (Apoc.
1579 3992 1632 4061 1).
1673 4015 1698 4037 ››
1754 3988 1821 4045 Et
1874 3988 1973 4046 Pe-

246 4104 420 4154 trus:
453 4115 478 4146 α
521 4092 657 4161 Vos,
695 4089 908 4164 inquit,
954 4102 1140 4161 genus
1180 4084 1448 4151 electum,
1492 4082 1677 4153 regale
1709 4078 1973 4137 sacerdo-

248 4185 436 4254 tium,
474 4198 616 4255 gens
644 4186 857 4243 sancta.
895 4177 1144 4251 populus
1180 4171 1601 4247 acquisitionis,
1634 4177 1699 4228 ut
1728 4169 1973 4226 virtutes

244 4268 623 4328 annuntietis
650 4267 778 4339 ejus
805 4266 907 4342 qui
937 4266 1009 4322 de
1042 4262 1293 4320 tenebris
1316 4275 1419 4318 vos
1445 4257 1669 4316 vocavit
1698 4260 1758 4315 in
1784 4256 1971 4315 admi-

248 4359 447 4417 rabile
515 4360 721 4418 lumen
785 4372 958 4417 suum
1021 4356 1065 4427 (I
1116 4357 1260 4410 Patr.
1310 4354 1389 4423 ll).
1453 4370 1479 4401 »
1530 4348 1764 4406 Constat
1837 4362 1971 4418 ergo

241 4447 583 4522 quemlibet
655 4446 1050 4505 Christianum
1117 4458 1240 4502 esse
1299 4457 1401 4514 per
1462 4440 1705 4511 gratiam
1762 4435 1973 4494 Christi

241 4538 633 4601 sacerdotem.
659 4536 813 4594 unde
834 4550 947 4594 non
978 4533 1269 4591 immerito
1294 4531 1459 4588 debet
1477 4531 1601 4603 ejus
1621 4527 1973 4586 annuntiare

240 4630 532 4686 virtutem
574 4629 723 4695 (vide
759 4630 963 4683 scholia
1009 4626 1082 4681 ad
1120 4626 1316 4680 calcem
1356 4623 1641 4694 opusculi).
1686 4617 1774 4676 Tu
1823 4631 1974 4690 prte-

240 4719 460 4777 sertim
514 4718 693 4790 hujus
728 4713 1031 4774 sacerdotii
1077 4719 1131 4770 et
1181 4710 1343 4781 regni
1384 4709 1680 4766 evidenter
1728 4704 1974 4763 imitaris

236 4810 618 4880 exemplum,
652 4809 796 4866 dum
825 4814 877 4865 et
908 4807 968 4864 in
1001 4803 1393 4864 tribunalibus
1420 4801 1692 4874 legitimae
1722 4794 1971 4853 sanctio-

238 4899 341 4955 nis
379 4899 516 4970 jura
548 4897 905 4972 promulgas,
936 4903 987 4953 et
1015 4898 1072 4953 in
1103 4892 1341 4952 ecclesia
1372 4903 1722 4964 persequens
1750 4886 1969 4942 exhor-

235 4985 495 5044 tationis
522 4987 876 5054 instantiam,
923 4982 1161 5042 astantis
1194 4980 1388 5054 populi
1436 4984 1652 5035 mentes
1695 4972 1966 5032 aediﬁcas.

236 5076 368 5149 Ego
428 5084 640 5139 autem.
683 5077 778 5134 cui
814 5091 912 5149 per
950 5071 1317 5131 sacerdotalis
1348 5068 1569 5127 ordinis
1597 5066 1841 5135 gradum
1874 5066 1970 5120 in-

223 5167 527 5239 junctum
564 5174 649 5224 est
683 5163 1103 5239 przedicationis
1131 5161 1405 5227 officium,
1451 5156 1606 5213 vocis
1647 5156 1968 5210 incommo-

228 5257 392 5315 dum
450 5256 652 5328 patior,
692 5263 865 5330 atque
896 5255 1023 5312 ideo
1072 5252 1141 5310 ad
1182 5247 1650 5309 satisfaciendum
1700 5243 1969 5317 plurimae

1991 3962 2035 4022 C

1967 1246 2018 1305 Α
2036 1246 2158 1300 tum
2189 1240 2404 1299 vividw
2432 1242 2837 1302 consolationis
2857 1242 3095 1311 attollo;
3129 1259 3230 1301 nec
3256 1259 3393 1317 erga
3414 1262 3506 1306 me
3524 1247 3736 1322 deputo

2032 1329 2311 1387 tremendi
2339 1328 2554 1402 judicis
2586 1330 2751 1397 iram,
2786 1331 2939 1405 quod
2968 1338 3081 1389 tam
3113 1330 3467 1393 sublimibus
3493 1335 3635 1393 viris
3663 1337 3738 1396 ad

2033 1416 2382 1476 humilitatis
2418 1417 2666 1476 arbitror
2703 1420 3032 1490 pervenisse
3065 1420 3403 1480 custodiam.
3453 1423 3606 1482 Illud
3644 1441 3739 1484 me

2030 1506 2219 1578 potius
2249 1505 2428 1576 angit,
2462 1505 2609 1564 illud
2648 1509 2898 1568 atrocius
2937 1510 3050 1568 mei
3079 1510 3270 1569 cordis
3306 1527 3513 1569 arcana
3553 1520 3741 1572 trans-

2030 1593 2174 1666 ﬁgit,
2215 1592 2352 1665 quia
2390 1593 2532 1661 dum
2571 1609 2709 1653 voce
2740 1598 2952 1666 raucio,
2996 1598 3146 1656 sicut
3187 1597 3425 1658 docendi
3476 1600 3743 1661 facultate

2031 1700 2143 1743 non
2183 1683 2377 1754 aﬂluo,
2415 1685 2496 1741 sic
2537 1684 2708 1742 etiam
2741 1685 2828 1742 vel
2860 1686 3139 1760 exiguum
3190 1687 3397 1748 lucidze
3433 1705 3742 1749 conversa-

2030 1775 2204 1834 tionis
2265 1773 2590 1847 igniculum
2646 1791 2759 1833 non
2805 1779 3023 1837 emitto.
3072 1778 3326 1838 Perfecto
3383 1781 3742 1853 prtedicatori

2029 1866 2144 1924 duo
2175 1872 2311 1923 sunt
2341 1865 2701 1937 permaxima
2742 1868 3079 1937 necessaria,
3123 1868 3389 1926 videlicet
3416 1877 3479 1927 ut
3510 1877 3741 1928 senten-

2032 1954 2127 2012 tiis
2171 1952 2449 2011 doctrinae
2496 1954 2813 2028 spiritualis
2859 1955 3137 2015 exuberet
3169 1964 3222 2014 et
3273 1957 3558 2029 religiosze
3606 1958 3744 2016 vita:

2033 2044 2341 2118 splendore
2377 2052 2656 2103 coruscet.
2702 2043 2865 2114 Quod
2915 2046 2960 2103 si
3016 2046 3279 2105 sacerdos
3334 2048 3620 2121 quispiam
3671 2050 3744 2107 ad

2034 2144 2356 2208 utrumque
2398 2150 2511 2192 non
2546 2134 2773 2201 sutﬁcit,
2812 2134 3078 2194 videlicet
3110 2144 3172 2196 ut
3208 2145 3262 2194 et
3304 2138 3420 2195 vita
3449 2138 3658 2206 clarus,
3694 2144 3751 2195 et

2036 2222 2315 2281 doctrinae
2350 2222 2616 2280 facultate
2647 2222 2720 2280 sit
2749 2224 3031 2296 profluas,
3067 2225 3269 2283 melior
3293 2233 3378 2284 est
3404 2226 3517 2284 vita
3547 2226 3747 2298 procul

2037 2310 2215 2370 dubio
2262 2324 2440 2383 quam
2490 2310 2771 2367 doctrina.
2827 2310 3065 2371 Dulcior
3113 2312 3329 2387 quippe
3385 2321 3470 2370 est
3523 2314 3750 2373 fructus

2039 2414 2277 2474 operum
2323 2413 2497 2473 quam
2555 2397 2691 2455 folia
2737 2399 2895 2458 nuda
2937 2399 3265 2459 verborum.
3307 2400 3376 2457 Et
3420 2401 3549 2475 plus
3599 2401 3755 2460 valet

2040 2488 2175 2546 vitae
2222 2487 2448 2545 claritas
2479 2486 2551 2543 ad
2588 2487 2923 2562 exemplum
2955 2502 3128 2561 quam
3163 2487 3510 2562 eloquentia,
3541 2491 3631 2547 vel
3661 2507 3756 2549 ur-

1977 2606 2024 2665 B
2044 2576 2266 2634 banitas
2281 2583 2542 2665 accurata
2562 2590 2915 2634 sermonum.
2942 2576 3326 2646 Quamobrem
3347 2577 3403 2635 in
3426 2579 3548 2654 ipso
3566 2578 3757 2637 Domi-

2042 2666 2191 2723 nicze
2240 2663 2556 2722 nativitatis
2602 2665 2869 2733 articulo,
2927 2664 3075 2723 sicut
3127 2666 3460 2739 evangelica
3521 2672 3758 2725 testatur

2042 2752 2303 2821 historia,
2340 2774 2363 2802 ι
2404 2751 2731 2826 pastoribus
2758 2752 3014 2825 angelica
3040 2753 3225 2811 virtus
3254 2754 3519 2828 apparuit
3546 2770 3761 2829 eosque

2043 2839 2188 2897 269
2259 2841 2361 2899 Dei
2434 2841 2663 2899 claritas
2719 2840 3101 2900 circumfulsit
3173 2846 3318 2915 (Luc.
3394 2844 3472 2917 11).
3544 2867 3571 2894 π
3646 2843 3759 2902 Ubi

2044 2939 2253 3003 pt'tBstO
2313 2928 2689 3003 subjungitur
2723 2953 2735 2988 :
2767 2931 2908 2998 Quia
2960 2932 3111 2986 dixit
3164 2934 3281 2986 illis
3339 2935 3565 3000 angelus
3597 2952 3614 2987 :
3646 2936 3761 2990 Νο-

2048 3022 2143 3075 lite
2194 3023 2399 3081 timere,
2453 3035 2566 3074 ecce
2606 3023 2748 3075 enim
2786 3022 3095 3089 evangelizo
3129 3020 3280 3075 vobis
3330 3022 3599 3090 gaudium
3640 3039 3761 3077 ma-

2047 3125 2232 3177 gnum,
2291 3109 2436 3177 quod
2484 3111 2587 3163 erit
2624 3111 2769 3163 omni
2807 3111 3029 3180 populo,
3085 3111 3221 3179 quia
3269 3114 3433 3164 natus
3482 3115 3562 3166 est
3608 3111 3762 3166 vobis

2050 3200 2208 3254 hodie
2249 3201 2525 3264 Salvatbr,
2567 3203 2665 3271 qui
2711 3205 2788 3255 est
2831 3202 3079 3257 Christus
3114 3204 3398 3264 Dominus,
3441 3204 3502 3257 in
3541 3204 3763 3258 civitate

2050 3289 2233 3345 David
2265 3287 2461 3358 (Ibid.).

2121 3376 2187 3435 In
2233 3376 2697 3434 manifestatione.
2750 3393 2901 3447 vero,
2952 3393 3068 3451 qua
3122 3378 3306 3449 magis
3363 3380 3765 3451 quaerentibus

2048 3475 2317 3525 ostensus
2376 3474 2479 3535 est,
2540 3464 2719 3523 index
2779 3466 3038 3539 ejusdem
3120 3465 3514 3540 Redemptoris
3585 3469 3765 3527 nostri

2048 3555 2213 3612 stella
2252 3553 2382 3611 luce
2422 3552 2657 3627 quidem
2700 3553 2961 3617 radiavit,
2997 3553 3096 3610 sed
3129 3555 3304 3612 verba
3346 3570 3459 3612 non
3501 3555 3761 3629 protulit.

2050 3642 2204 3713 Quid
2238 3657 2373 3715 ergo
2406 3642 2744 3713 designatur
2772 3657 2872 3715 per
2896 3641 3189 3713 angelum,
3220 3641 3322 3713 qui
3362 3651 3417 3701 et
3460 3642 3767 3717 splendore

2051 3732 2258 3790 claruit
2308 3738 2364 3788 et
2412 3732 2722 3790 Dominum
2761 3731 3074 3801 nuntiavit,
3115 3732 3229 3789 nisi
3275 3732 3526 3806 geminae
3565 3734 3766 3806 gratia:

2053 3819 2412 3892 praedicator,
2459 3822 2559 3895 qui
2594 3819 2814 3879 scilicet
2846 3828 2901 3877 et
2928 3819 3208 3879 doctrinae
3247 3821 3422 3881 verbo
3459 3822 3763 3894 exuberat,

2055 3919 2110 3969 et
2158 3920 2369 3969 sanctae
2410 3912 2706 3985 religionis
2758 3910 3058 3983 splendore.
3097 3920 3398 3970 coruscat?
3430 3911 3580 3983 Quid
3626 3927 3766 3970 vero

2059 4016 2158 4073 per
2185 4001 2431 4067 stellam,
2464 4000 2575 4059 nisi
2604 4000 2851 4071 simplex
2882 4000 3127 4073 quilibet
3160 4002 3413 4060 honesta
3433 4001 3570 4059 vitae
3590 4017 3771 4060 sacer-

2056 4088 2158 4147 dos
2208 4090 2495 4159 innuitur,
2532 4090 2631 4165 qui
2696 4090 2824 4146 licet
2881 4088 3171 4147 afﬂuentis
3230 4089 3448 4165 eloquii
3499 4090 3767 4150 facultate

2053 4193 2168 4235 non
2202 4177 2427 4250 polleat,
2472 4177 2641 4236 claris
2670 4185 2859 4237 tamen
2900 4179 3188 4253 Operibus,
3226 4180 3385 4239 velut
3409 4178 3767 4253 quibusdam

2058 4265 2365 4324 laudabilis
2404 4264 2538 4324 vitae
2577 4265 2750 4323 radiis
2784 4266 2971 4332 micat,
3007 4274 3061 4324 et
3092 4281 3237 4340 quos
3271 4283 3380 4325 non
3412 4268 3603 4327 erudit
3632 4285 3766 4327 ver-

2057 4357 2148 4426 bo,
2198 4357 2349 4413 vivae
2402 4355 2855 4413 conversationis
2916 4356 3220 4413 conﬁrmat
3265 4357 3566 4430 exemplo‘?
3618 4359 3765 4428 Quia

2056 4461 2190 4519 ergo
2246 4443 2563 4503 sacerdotes
2616 4443 2888 4503 Ecclesiae
2944 4452 3078 4502 sunt
3129 4444 3281 4513 C(Bli,
3337 4446 3438 4520 qui
3491 4455 3767 4506 enarrant

2056 4535 2295 4606 gloriam
2346 4532 2447 4590 Dei
2495 4534 2661 4602 (Psal.
2713 4531 2921 4601 xvnt);
2964 4547 3189 4589 necesse
3230 4539 3316 4589 est
3362 4539 3427 4589 ut
3477 4535 3760 4602 sacerdos,

2056 4624 2156 4694 qui
2196 4618 2584 4694 przedicatoris
2622 4617 2808 4676 oliicio
2857 4617 3136 4688 fungitur,
3180 4626 3235 4676 et
3268 4620 3549 4679 doctrinae
3591 4622 3763 4693 spiri-

2060 4711 2228 4768 tualis
2259 4709 2548 4767 imbribus
2579 4708 2758 4781 pluat,
2792 4715 2843 4764 et
2876 4706 3157 4779 religiosae
3187 4710 3322 4767 vitze
3351 4708 3529 4767 radiis
3566 4712 3763 4784 splen-

2054 4799 2204 4868 deat,
2254 4798 2434 4856 instar
2474 4798 2636 4856 illius
2672 4796 2884 4867 angeli,
2924 4797 3025 4869 qui
3057 4806 3257 4856 natum
3296 4799 3613 4858 Dominum
3663 4816 3762 4873 pa-

2056 4886 2308 4945 storibus
2359 4885 2651 4949 nuntians,
2705 4892 2760 4941 et
2806 4882 3111 4956 splendore
3168 4885 3444 4943 claritatis
3504 4887 3765 4956 emicuit,

2052 4982 2108 5033 et
2136 4973 2289 5048 quod
2328 4972 2719 5043 evangelizare
2754 4981 3005 5039 venerat,
3055 4973 3245 5030 verbis
3273 4973 3575 5045 expressit.
3606 4973 3724 5031 Hin

2053 5069 2135 5120 est
2170 5061 2324 5138 quod
2364 5076 2464 5135 per
2499 5058 2838 5118 Malacltiam
2892 5060 3101 5117 dicitur
3129 5084 3141 5116 :
3172 5082 3198 5112 (ι
3230 5060 3405 5118 Labia
3456 5062 3763 5119 sacerdotis

2053 5149 2390 5209 custodiunt
2418 5147 2737 5213 scientiam,
2765 5159 2819 5205 et
2847 5148 3029 5219 legem
3059 5149 3365 5221 requirunt
3389 5164 3463 5207 ex
3489 5166 3587 5209 ore
3612 5151 3762 5223 ejus,

2054 5238 2191 5310 quia
2225 5237 2467 5307 angelus
2498 5234 2729 5292 Domini
2758 5234 3120 5292 exercituum
3160 5243 3246 5292 est
3278 5238 3544 5305 (Malach.
3602 5242 3685 5306 ιι).
3735 5262 3757 5286 ο

228 5321 713 5419 ριεὺὶἐθιπὶιῂιε
744 5321 859 5401 non
890 5356 1148 5414 assurgo,
1186 5340 1285 5395 sed
1314 5337 1456 5395 dum
1484 5331 1809 5407 apostolicae
1837 5321 2231 5420 gra—DQuod
2250 5327 2297 5382 si
2340 5340 2456 5420 non
2495 5329 2674 5420 potest
2719 5337 2843 5379 esse
2888 5321 3148 5420 angelus,
3198 5324 3304 5420 qui
3351 5339 3450 5395 per
3500 5324 3760 5399 linguam

230 5410 339 5492 tiae
387 5433 736 5502 sacerdotes,
781 5410 1432 5507 Gregoriumvidelicet
1478 5434 1532 5481 et
1572 5420 1967 5489 Ambrosium,
2054 5412 2445 5507 prmdicatoris
2509 5410 2767 5507 cilicium
2840 5410 3065 5469 naviter
3119 5410 3373 5507 impleat.
3403 5412 3503 5507 sit
3556 5412 3759 5471 saltem

234 5523 519 5580 fractum
565 5498 927 5582 stomachum
966 5520 1237 5593 vocisque
1274 5517 1561 5573 defectum
1609 5524 1971 5583 conqueren-
2055 5502 2235 5593 stella.
2287 5515 2419 5573 quae
2460 5498 2660 5593 radios
2728 5508 2942 5593 sanetae
2996 5500 3449 5593 conversationis
3517 5502 3759 5560 emittat.

234 5618 335 5670 tes
369 5608 638 5685 attendo,
671 5610 1062 5685 desperatione
1104 5586 1436 5680 postposita,
1482 5605 1734 5658 mentem
1761 5597 1821 5653 in
1855 5605 1971 5654 sta-
2055 5592 2177 5651 Hoc
2199 5590 2396 5663 ipsum
2425 5586 2715 5660 siquidem
2747 5586 2910 5646 stella
2931 5588 3233 5662 splendore
3252 5603 3359 5647 suo
3382 5589 3564 5662 magis
3591 5590 3765 5647 inno~
