4024 6198
314 317 421 380 463

836 320 894 381 S.
938 317 1163 379 PETRI
1200 318 1525 379 DAMIANI
1560 313 1719 412 ρΡΡ.
1758 317 1950 380 PARS
1989 316 2133 380 SEU
2175 318 2432 381 TOMUS
2468 320 2515 381 Ι.
2558 354 2605 364 -
2663 320 2897 383 EPIST.
2942 322 3084 385 LIB.
3130 322 3283 385 VIII.

3695 329 3796 389 461

302 444 430 514 tuit,
465 442 617 518 quod
653 445 853 519 lingua
880 443 1125 519 loquens
1162 444 1404 517 angelus
1431 444 1752 519 pastoribus
1777 444 2469 507 nuntia-Abarharorum
2539 445 2693 506 caede
2767 452 3104 522 protegeret.
3179 447 3288 508 Pro
3368 453 3593 513 tuendis
3665 469 3802 531 ergo

302 536 404 593 vit.
445 536 609 594 Unde
640 553 740 609 per
769 534 1068 594 Danielem
1099 535 1345 595 dicitur:
1391 560 1410 586 -
1447 534 1554 606 Qui
1595 535 1743 593 docti
1791 535 2007 594 fuerint

302 625 606 695 fulgebunt
652 624 813 696 quasi
846 623 1117 696 splendor
1143 624 1527 693 firmamenti;
1574 628 1629 680 et
1667 624 1765 697 qui
1803 624 1872 681 ad
1908 623 1999 695 ju-

297 714 528 769 stitiam-
557 712 835 769 erudiunt
885 712 1115 782 multos,
1159 712 1324 786 quasi
1375 712 1556 770 stellae
1597 712 1655 769 in
1698 720 2003 786 perpetuas

295 802 641 859 aeternitates
668 806 828 872 (Dan.
858 803 935 868 ll).
976 826 999 849 ιι
1046 800 1289 860 Necesse
1321 809 1406 860 est
1451 808 1638 859 tamen
1682 808 1748 860 ut
1787 802 2002 859 clarius

295 906 397 963 per
439 890 572 948 vitae
609 890 877 948 meritum
919 893 1101 950 luceat
1145 891 1247 964 qui
1284 890 1548 949 facundae
1578 890 2001 961 praedicationis

290 977 585 1036 ailluentia
624 992 736 1035 non
772 977 1045 1035 abundat.
1081 977 1231 1034 Hinc
1270 983 1349 1034 est
1376 977 1531 1051 quod
1565 976 1768 1051 Moysi,
1801 977 1902 1050 qui
1929 977 2000 1035 de

290 1067 595 1139 semetipso
650 1064 996 1139 colloquenti
1052 1064 1297 1124 Domino
1346 1064 1611 1123 dixrrat:
1650 1091 1668 1113 -
1728 1066 1996 1137 Obsecro,

289 1158 549 1229 Domine,
593 1172 706 1215 non
756 1171 885 1214 sum
920 1157 1199 1229 eloquens
1236 1156 1308 1215 ab
1348 1157 1472 1214 heri
1520 1164 1575 1214 et
1622 1156 1844 1215 nudius
1895 1164 1999 1215 ter-

286 1246 439 1313 tius;
481 1253 531 1301 et
567 1260 635 1301 ex
672 1261 786 1319 quo
816 1244 1039 1303 locutus
1071 1260 1130 1303 rs
1160 1245 1226 1301 ad
1267 1261 1495 1302 servum
1532 1250 1716 1315 tuum,
1750 1245 1992 1318 impedi-

282 1335 444 1394 tioris
504 1343 555 1393 et
606 1335 870 1393 tardioris
918 1334 1135 1407 linguae
1179 1350 1308 1392 sum
1372 1337 1562 1393 ιΕωοά.
1614 1343 1726 1398 lVl:
1788 1360 1810 1383 υ
1855 1336 1996 1393 adeo

281 1426 646 1499 postmodum
683 1424 854 1481 facies
883 1422 1193 1480 clarificata
1228 1422 1606 1496 resplenduit,
1640 1432 1701 1482 ut
1737 1424 1993 1482 filiorum

283 1514 458 1572 Israel
502 1514 663 1572 visus
701 1512 1059 1581 obtunderet,
1111 1511 1260 1569 etin
1309 1526 1445 1568 eum
1493 1525 1615 1585 prae
1670 1511 1994 1584 splendoris

280 1602 681 1676 magnitudine
725 1601 1003 1673 respicere
1040 1615 1155 1659 non
1196 1600 1457 1658 valerent
1496 1602 1692 1673 (Exod.
1738 1602 1988 1672 XXXIV);

275 1693 474 1750 Aaron
510 1706 666 1761 vero,
708 1689 778 1746 de
815 1704 931 1762 quo
968 1688 1055 1746 illi
1088 1688 1287 1747 divina
1327 1705 1461 1748 voce
1501 1705 1837 1764 responsum
1864 1695 1988 1748 est:

2088 534 2461 594 facultatibus
2515 534 2903 595 Ecclesiarum
2956 536 3439 599 infmderabiliter
3491 542 3798 615 dimicans,

2087 622 2371 681 violentos
2398 638 2720 697 pauperum
2748 640 3111 699 oppressores
3149 627 3465 701 ulciscere;
3506 632 3801 705 aequitatis

2085 719 2257 786 atque
2306 712 2548 788 justitize
2596 712 2829 772 loricam
2879 720 3029 786 tene,
3086 722 3266 775 totum
3326 725 3379 775 te
3435 735 3551 776 non
3607 721 3802 780 dome-

2086 802 2243 860 sticae
2281 818 2457 873 curae,
2498 803 2597 861 sed
2637 802 2969 876 reipublicae
3015 811 3343 863 constanter
3379 807 3665 882 impende.
3708 811 3802 870 Ita

2085 892 2448 965 superstitem
2485 900 2537 951 te
2567 901 2622 952 et
2668 902 2887 968 patrem
2919 896 3117 970 patriae
3166 895 3461 972 nuneupet
3489 898 3688 973 Roma,
3737 909 3801 961 et

2084 982 2359 1041 idoneum
2420 997 2480 1041 se
2537 984 2895 1042 defensorem
2952 984 3159 1044 habere
3222 995 3417 1046 sancta
3467 991 3798 1063 gratuletur

2085 1074 2358 1132 Ecclesia.
2411 1074 2543 1133 Post
2587 1076 2808 1134 obitum
2868 1091 3099 1150 quoque
3149 1078 3299 1149 apud
3351 1086 3677 1155 utramque,
3731 1088 3799 1141 et

2084 1164 2365 1222 memoria
2425 1169 2524 1222 tua
2579 1180 2803 1238 semper
2857 1165 2917 1222 in
2970 1166 3158 1237 laude,
3217 1174 3272 1224 et
3331 1183 3543 1228 nomen
3600 1171 3675 1229 sit
3722 1173 3789 1230 in

2083 1254 2501 1314 benedictione.

2758 1506 3101 1567 SCHOLIA.

2145 1652 2363 1703 Constat
2401 1662 2523 1715 ergo
2562 1649 2844 1716 quemlibet
2880 1650 3253 1703 Christianum
3282 1663 3388 1701 esse
3419 1663 3517 1715 per
3542 1652 3797 1714 gratiam

2076 1720 2285 1776 Christi
2310 1721 2641 1776 sacerdotem
2662 1743 2677 1774 .-
2714 1722 2858 1775 unde
2897 1734 3008 1774 non
3037 1721 3319 1774 immerito
3350 1721 3497 1775 debet
3540 1724 3656 1789 ejus
3680 1736 3797 1775 an-

285 1806 310 1829 «
342 1784 536 1839 Aaron
569 1779 743 1837 frater
773 1786 908 1836 tuus
951 1777 1197 1849 Levites,
1241 1778 1359 1837 scio
1400 1779 1552 1853 quod
1589 1778 1866 1854 eloquens

2203 1795 2330 1847 tiare
2377 1793 2654 1847 virtutem.
2703 1794 2960 1855 Quoniam
3009 1793 3246 1846 haeretici
3295 1795 3464 1848 nostri
3504 1777 3792 1858 temporis,

280 1871 483 1939 (Emod.
542 1872 663 1939 IV);
719 1889 747 1920 η
798 1868 999 1926 nullus
1066 1882 1334 1942 supernae
1389 1868 1664 1927 claritatis
1715 1867 1985 1942 splendor

274 1958 528 2017 accessit.
562 1957 784 2027 Quibus
807 1956 978 2031 plane
1004 1957 1144 2015 dum
1173 1955 1314 2031 quid
1344 1955 1627 2015 divinitus
1654 1956 1982 2030 injunctum

276 2048 452 2108 fuerit
496 2048 693 2107 solerti
724 2046 1103 2105 meditatione
1147 2046 1466 2116 considero,
1502 2046 1804 2119 utriusque
1849 2062 1980 2105 mu-

275 2153 387 2197 nus
413 2154 445 2196 a
477 2146 529 2196 te
558 2136 810 2212 suppleri
837 2135 1086 2210 quadam
1107 2135 1297 2210 operis
1322 2135 1644 2193 imitatione
1666 2134 1977 2209 perpendo.

279 2249 300 2276 -
332 2226 472 2301 Ego,
521 2227 734 2302 inquit,
782 2240 881 2285 ero
922 2226 976 2284 in
1027 2240 1127 2284 ore
1176 2232 1275 2283 tuo
1318 2230 1375 2283 et
1422 2224 1482 2283 in
1537 2238 1636 2283 ore
1686 2222 1871 2296 illius,
1927 2231 1982 2284 et

186 2312 189 2317 ”
270 2316 568 2375 ostendam
615 2315 779 2375 vobis
817 2315 956 2391 quid
1004 2330 1172 2387 agere
1206 2314 1497 2385 debeatis;
1548 2315 1670 2387 ipse
1714 2314 1982 2388 loquetur

271 2424 375 2483 pro
421 2416 474 2467 te
508 2409 577 2467 ad
610 2408 916 2484 p0pulum,
958 2413 1015 2463 et
1052 2406 1161 2464 erit
1191 2420 1255 2464 os
1284 2412 1481 2474 tuum;
1526 2412 1588 2463 tu
1626 2411 1822 2463 autem
1865 2405 1980 2463 eris

267 2496 321 2553 ei
355 2497 412 2554 in
450 2496 542 2555 his
568 2512 703 2571 quaa
728 2495 796 2554 ad
829 2494 1013 2553 Deum
1042 2493 1329 2567 pertinent
1358 2492 1552 2565 (Ibid).
1601 2514 1620 2543 ι
1658 2492 1805 2550 Nam
1833 2491 1977 2550 dum

266 2584 462 2661 populi
536 2582 972 2642 multitudinem
1031 2580 1386 2655 praefectoria
1435 2580 1856 2653 jurisdictione,
1922 2586 2009 2641 et.

259 2675 585 2750 judiciariaa
615 2672 908 2747 potestatis
934 2671 1131 2744 vigore
1157 2684 1404 2741 coerces,
1434 2670 1573 2744 quid
1611 2668 1771 2729 aliud
1799 2684 1973 2743 quam

264 2767 456 2823 Aaron
505 2761 764 2821 ofﬁcium
802 2758 1059 2834 imples?
1098 2758 1168 2816 Et
1204 2774 1337 2817 cum
1380 2759 1652 2816 eumdem
1696 2756 1974 2832 populum

261 2852 330 2909 ad
391 2867 456 2910 ea
514 2865 647 2924 quae
700 2846 804 2907 Dei
861 2848 1073 2905 sanctis
1121 2846 1629 2905 exhortationibus
1675 2861 1973 2919 provocas,

258 2938 395 3014 quid
441 2937 600 2997 aliud
647 2952 821 3011 quam
871 2935 1050 3009 Moysi
1092 2934 1393 3008 spirituale
1443 2934 1800 3008 propositum
1843 2934 1974 3008 pius

258 3025 562 3086 aemulator
616 3023 900 3100 usurpas?
959 3025 1080 3097 Age
1132 3023 1328 3096 igitur,
1379 3030 1563 3081 macte
1603 3022 1840 3089 virtute,
1881 3023 1973 3081 vir

258 3122 508 3181 Strenue,
541 3123 595 3173 et
632 3115 690 3173 in
738 3128 875 3187 agro
916 3121 966 3170 te
1010 3112 1243 3170 Domini
1281 3120 1555 3184 tanquam
1591 3111 1804 3185 duplex
1839 3127 1969 3187 Ope-

255 3211 409 3263 rator
436 3218 679 3273 exerce;
709 3202 939 3275 profice,
973 3206 1183 3274 satage,
1230 3200 1451 3270 labora;
1488 3209 1541 3258 et
1577 3202 1641 3257 in
1682 3201 1792 3271 his,
1834 3216 1966 3276 quae

254 3290 399 3349 270
442 3292 689 3367 gloriose
733 3290 976 3364 cmpisti,
1033 3289 1344 3364 gloriosius
1400 3305 1741 3364 persevera;
1793 3291 1964 3349 modo

251 3383 478 3441 forense
530 3382 784 3458 litigium
834 3382 1104 3441 examine
1144 3381 1390 3455 justitiae
1435 3382 1735 3451 dirimens,
1792 3381 1963 3441 modo

250 3480 475 3530 servata
521 3487 794 3531 mensura
830 3471 915 3530 tui
964 3471 1206 3544 ordinis,
1254 3470 1317 3529 in
1358 3470 1611 3529 Ecclesia
1649 3471 1962 3531 salutiferae

249 3563 669 3622 exhortationis
699 3562 873 3620 verba
900 3562 1263 3636 depromeus,
1306 3561 1478 3620 modo
1511 3561 1572 3619 in
1607 3560 1699 3618 his
1726 3577 1859 3636 quae
1889 3562 1956 3621 ad

246 3653 431 3711 Deum
478 3652 784 3725 pertinent,
824 3650 1041 3723 Moysis
1080 3648 1321 3723 vestigia
1373 3664 1634 3722 sequere,
1677 3651 1848 3708 modo
1896 3650 1959 3708 in

243 3756 573 3809 causarum,
672 3739 1153 3813 negotiorumque
1236 3737 1608 3796 saecularium
1696 3738 1954 3811 calculis,

243 3833 436 3889 Aaron
465 3829 774 3887 sacerdotis
802 3825 1072 3900 exempla
1101 3841 1378 3900 propone.
1414 3826 1548 3884 Esto
1581 3830 1775 3900 itaque
1799 3827 1916 3886 Ben
1940 3861 1953 3868 -

236 3922 419 3996 jamin
477 3919 870 3994 [Benjemini],
941 3917 1043 3993 qui
1092 3922 1339 3990 utraque
1392 3930 1569 3974 manu
1617 3917 1798 3976 utaris
1857 3933 1960 3993 pro

243 4008 502 4083 dextera,
532 4018 821 4085 quatenus
854 4008 943 4067 sic
964 4007 1157 4082 jurgia
1186 4006 1601 4065 tumultuantis
1630 4007 1825 4082 populi
1858 4025 1960 4083 per

241 4099 567 4173 disciplinae
616 4099 872 4171 vigorem
940 4096 1238 4169 reprimas,
1289 4102 1354 4153 ut
1404 4094 1462 4152 in
1523 4104 1814 4169 quantum
1871 4100 1955 4157 tui

243 4187 466 4248 ordinis
516 4186 757 4245 facultas
805 4186 1075 4259 suppetit,
1124 4186 1296 4242 etiam
1348 4184 1718 4243 ecclesiastici
1777 4194 1957 4246 status

236 4279 370 4351 jura
413 4290 743 4349 componas.
790 4273 1070 4332 Videntur
1115 4273 1175 4331 in
1220 4280 1273 4331 te
1317 4274 1385 4331 de
1420 4290 1517 4331 ore
1555 4273 1694 4333 Jesu
1725 4277 1954 4349 prodire

241 4367 472 4441 gladius
500 4382 571 4424 ex
606 4372 853 4439 utraque
888 4370 1048 4437 parte
1079 4368 1282 4421 acutus
1311 4364 1503 4435 (Apoc.
1535 4376 1599 4434 μ,
1643 4372 1708 4423 ut
1757 4381 1955 4424 mucro

241 4473 360 4533 quo
404 4455 794 4531 praecingeris,
844 4462 900 4536 et
940 4455 1221 4511 tumentia
1268 4453 1569 4512 rebellium
1609 4454 1816 4528 cordap
1860 4470 1954 4513 er-

246 4528 474 4618 terreat,
524 4554 578 4604 et
638 4528 676 4603 7a
730 4528 1132 4618 perversorum
1185 4542 1585 4616 quorumlibet
1636 4528 2023 4615 violentiis,D

240 4637 463 4713 inOpes,
512 4652 578 4695 ac
627 4635 881 4709 pupillos
938 4642 993 4692 et
1045 4633 1426 4693 ecclesiastica
1488 4635 1773 4708 praecipue
1818 4636 1954 4709 jura

241 4728 531 4786 defendat.
578 4726 841 4787 Sentiant
892 4731 943 4784 te
984 4732 1432 4798 transgressores
1481 4726 1675 4797 legum
1725 4727 1955 4786 violatae

235 4817 479 4890 justitim
530 4815 861 4886 vindicem;
921 4815 1208 4889 gaudeant
1270 4821 1322 4872 te
1370 4832 1542 4888 super
1597 4832 1658 4875 se
1709 4824 1953 4877 rectores

240 4905 615 4964 ecclesiarum
691 4911 997 4961 strenuum
1073 4909 1247 4977 atque
1324 4902 1637 4961 sollicitum
1712 4904 1954 4978 vigilare

242 4994 557 5054 custodem.
616 4993 749 5052 Esto
807 4991 986 5051 David
1050 4991 1110 5049 in
1163 4999 1376 5050 sanctas
1424 4991 1789 5053 discretionis
1831 5002 1953 5055 arte

244 5081 586 5157 discipulus,
625 5081 727 5156 qui
766 5088 823 5138 et
861 5082 1175 5139 clementer
1211 5078 1455 5139 indulsit
1494 5096 1553 5139 se
1609 5098 1954 5157 persequen-

248 5172 401 5230 tibus
452 5173 706 5243 veniam,
765 5178 822 5229 et
878 5170 1121 5245 rigidam
1174 5169 1355 5229 tenuit
1408 5171 1467 5228 in
1522 5170 1729 5232 aliena:
1778 5174 1954 5233 caedis

246 5260 466 5318 ultione
494 5275 800 5319 censuram
828 5262 906 5328 (II
929 5263 1060 5329 Reg.
1092 5263 1241 5328 XVI).
1272 5257 1441 5319 Judze
1471 5275 1701 5335 quoque
1732 5260 1957 5321 Macha-

248 5352 360 5409 bzei
395 5358 447 5409 te
477 5350 885 5425 pedissequum
918 5351 1131 5410 exhibe
1161 5353 1205 5420 (1
1225 5354 1479 5410 Machab.
1508 5353 1583 5426 v),
1609 5354 1712 5428 qui
1738 5355 1808 5413 ad
1848 5355 1955 5415 hoc

249 5455 365 5499 non
426 5439 699 5510 cessabat,
762 5449 816 5499 et
865 5439 1193 5500 fulmineus
1249 5440 1310 5498 in
1382 5443 1575 5500 hostes
1625 5442 1848 5502 irruere
1899 5449 1953 5503 et

251 5531 535 5599 tumentia
566 5537 946 5606 tyrannorum
983 5531 1129 5592 colla
1158 5531 1366 5605 gladiis
1392 5532 1681 5592 ultoribus
1710 5533 1953 5595 obtrun-

248 5636 395 5687 care,
431 5626 495 5680 ut
524 5621 876 5680 contribules
915 5636 1049 5681 suos
1087 5620 1161 5678 ab
1203 5613 1541 5679 imminenti
1583 5624 1950 5684 smvientium

2065 1883 2178 1923 non
2217 1872 2582 1931 agnoscentes
2631 1878 2755 1918 cum
2790 1865 3032 1918 Ecclesia
3079 1864 3343 1918 catholica
3386 1868 3792 1919 sacramentum

2064 1940 2290 1999 ordinis,
2347 1937 2644 1991 abutuntur
2696 1936 2788 1989 illo
2856 1937 2993 1989 Petri
3050 1939 3381 1999 testimonio,
3422 1950 3532 2004 quo
3590 1936 3793 1990 ﬁdeles

2064 2023 2255 2066 omnes
2288 2014 2447 2062 vocat
2478 2022 2654 2074 genus
2695 2009 2950 2071 electum,
2997 2009 3185 2074 regale
3222 2010 3604 2070 sacerdotium,
3657 2021 3791 2061 cum

2062 2088 2243 2137 tamen
2276 2094 2341 2135 eo
2376 2081 2500 2135 loco
2554 2082 2604 2132 S.
2651 2081 2837 2134 Petrus
2881 2083 3063 2133 utatur
3112 2084 3373 2134 consueto
3410 2080 3641 2147 quodam
3702 2079 3787 2131 lo-

2063 2154 2266 2222 quendi
2300 2154 2461 2208 modo
2502 2153 2672 2205 sacris
2711 2152 2912 2206 litteris
2942 2151 3087 2204 haud
3137 2165 3267 2205 sane
3315 2153 3586 2213 inusitato,
3632 2155 3695 2204 ut
3732 2151 3791 2205 id

2062 2226 2289 2284 dicatur.
2312 2224 2595 2278 indefinite
2644 2236 2770 2276 esse
2804 2225 2946 2288 apud
2975 2235 3167 2276 omnes
3196 2222 3341 2287 quod
3382 2225 3523 2288 apud
3568 2222 3790 2289 aliquos

2061 2308 2133 2348 ex
2178 2295 2521 2349 multitudine
2556 2296 2845 2360 reperitur,
2878 2294 3332 2360 quemadmodum
3360 2295 3607 2357 dicimus,
3634 2294 3791 2358 apud

2061 2368 2354 2420 Germanos
2408 2379 2533 2419 esse
2583 2366 2870 2430 imperium
2926 2372 3077 2419 recto
3130 2378 3196 2419 ac
3241 2378 3371 2419 vero
3420 2378 3607 2426 sensu,
3668 2378 3791 2418 non

2060 2438 2205 2501 quod
2246 2450 2434 2490 omnes
2477 2436 2727 2490 Germani
2771 2440 2879 2490 sint
2912 2439 3287 2503 imperatores.
3330 2439 3403 2491 De
3451 2438 3549 2490 hac
3590 2436 3789 2502 phrasi

2059 2507 2299 2573 loquitur
2356 2509 2705 2573 Augustinus,
2750 2509 2841 2562 tib.
2885 2512 3079 2563 contra
3137 2508 3420 2569 Donatist.,
3471 2512 3610 2574 post.
3658 2510 3788 2562 col-

2056 2579 2173 2643 lat.,
2217 2592 2336 2644 cap.
2405 2581 2488 2639 20,
2557 2584 2611 2632 et
2665 2581 2848 2635 Patres
2899 2582 2993 2634 alii
3051 2580 3195 2635 ultro
3260 2581 3493 2633 fatentur
3550 2580 3601 2631 S.
3684 2580 3783 2633 Pe-

2058 2653 2203 2703 trum
2270 2652 2518 2705 innuisse
2577 2652 2853 2718 quoddam
2890 2653 3254 2707 sacerdotium
3314 2655 3622 2717 mysticum,
3667 2665 3787 2718 quo

2054 2721 2227 2774 laicus
2321 2725 2580 2775 censetur
2672 2723 2956 2777 immolare
3050 2736 3245 2788 pravas
3331 2723 3652 2787 cupiditates
3728 2724 3788 2776 et

2055 2793 2254 2846 offerre
2311 2794 2421 2847 Deo
2472 2794 2675 2848 hostias
2742 2796 2973 2848 mundas
3038 2807 3265 2859 operum
3344 2794 3626 2847 honorum.
3709 2796 3786 2849 De

2055 2862 2159 2917 hoc
2225 2866 2533 2919 sacerdotio
2595 2866 2865 2919 videndus
2917 2866 3022 2919 Leo
3081 2868 3306 2931 Magnus
3365 2878 3528 2918 serm.
3602 2868 3653 2928 3,
3723 2870 3785 2919 in

2054 2936 2332 2988 annivers.
2393 2938 2786 3001 assumptionis
2853 2950 2984 2992 sua.
3055 2936 3241 2991 Thom.
3310 2936 3455 2989 card.
3524 2937 3575 2988 S.
3641 2938 3785 2990 Sixti

2053 3007 2109 3058 in
2186 3008 2449 3072 jeutacul.
2519 3010 2566 3069 3,
2640 3022 2926 3074 exponens
2996 3008 3088 3063 illa
3168 3010 3304 3064 Petri
3370 3008 3538 3061 verba
3568 3024 3584 3057 :
3616 3027 3645 3055 α
3702 3010 3784 3063 Ad

2051 3088 2215 3143 quem
2304 3080 2634 3133 accedentes
2714 3081 2949 3145 lapidem
3034 3082 3234 3144 vivum,
3309 3079 3376 3132 ab
3454 3079 3785 3135 hominibus

1987 3150 2279 3230 equidem
2314 3150 2687 3230 reprobatum,
2717 3166 2783 3230 Aa
2847 3153 2955 3205 Deo
3006 3152 3478 3230 antemelectum,
3523 3156 3576 3203 et
3621 3147 3776 3208 2'71

2052 3223 2485 3287 honoriﬁcatum,
2531 3230 2582 3278 et
2628 3227 2730 3291 ipsi
2788 3231 3048 3292 tanquam
3099 3226 3310 3291 lapides
3360 3225 3468 3275 vivi
3515 3235 3777 3287 superae-

2051 3291 2343 3360 ditlcaminl
2409 3299 2466 3348 in
2531 3298 2722 3350 domos
2780 3291 3119 3363 spirituales.
3200 3296 3560 3349 sacerdotium
3646 3308 3783 3348 san-

2047 3369 2215 3426 ctum,
2288 3366 2580 3421 offerentes
2647 3370 2962 3435 spirituales
3023 3369 3225 3422 hostias
3286 3368 3342 3433 (Ι
3391 3368 3532 3419 Petr.
3592 3366 3684 3431 ri),
3745 3387 3776 3415 ι

2049 3449 2169 3503 quas
2214 3438 2382 3490 verba
2442 3440 2668 3505 intelligi
2721 3442 2923 3495 debere
2981 3443 3049 3496 de
3103 3439 3408 3496 sacerdotio
3461 3451 3573 3491 non
3632 3451 3777 3504 pro.

2046 3510 2185 3572 prie,
2267 3510 2366 3563 sed
2457 3511 2847 3577 metaphorice,
2914 3526 2982 3569 ex
3063 3515 3131 3566 iis
3201 3512 3333 3575 ipsis
3399 3510 3609 3563 clarum
3690 3509 3777 3563 ﬁt.

2048 3581 2177 3633 Nam
2242 3583 2613 3646 metaphorico
2665 3596 2917 3638 sermone
2960 3584 3245 3650 proposuit
3289 3582 3339 3632 8.
3389 3581 3573 3634 Petrus
3615 3581 3775 3645 lapi-

2046 3651 2144 3704 des
2196 3655 2352 3707 vivos
2405 3653 2832 3719 superaediﬂcari
2894 3658 2950 3708 in
2992 3656 3186 3708 domos
3233 3651 3503 3718 spiritales
3546 3657 3602 3706 et
3657 3665 3779 3706 me-

2045 3725 2328 3786 taphorico
2393 3738 2646 3779 sermone
2714 3728 2996 3793 subjungit
3062 3725 3337 3791 spiritales
3405 3722 3625 3776 hostias.
3694 3727 3777 3778 De

2048 3794 2247 3858 quibus
2301 3798 2490 3860 utique
2565 3802 2713 3861 patet
2772 3799 2983 3852 Petrum
3049 3796 3417 3865 metaphorice
3480 3793 3628 3859 loqui
3697 3796 3777 3849 de

2047 3870 2352 3921 sacerdotio
2403 3881 2604 3933 nempe
2671 3870 2898 3931 virtutis,
2966 3883 3073 3935 quo
3123 3870 3320 3936 aliquis
3380 3865 3537 3918 offert
3592 3878 3776 3931 opera

2044 3938 2258 3990 virtutis
2303 3939 2429 3993 Deo.
2500 3938 2571 3992 De
2611 3953 2720 4008 quo
2765 3944 2928 3995 etiam
2981 3942 3230 4006 mystico,
3265 3938 3356 3992 vel
3394 3938 3775 4002 metaphorico

2044 4010 2367 4069 sacerdotio,
2395 4016 2445 4061 et
2473 4023 2582 4064 non
2606 4014 2828 4077 proprie
2863 4018 3098 4078 sumpto,
3146 4016 3393 4066 nostrum
3422 4008 3771 4063 cardinalem

2044 4080 2215 4145 loqui.
2250 4079 2482 4134 dubitari
2504 4094 2616 4136 non
2642 4082 2822 4136 debet.

2658 4213 3031 4277 EPISTOLA
3065 4216 3143 4276 II.

2711 4335 2792 4383 AD
2816 4334 3086 4384 EUMDEM.

2041 4426 2487 4511 Aacmgsurun.
2539 4463 2608 4474 —
2670 4432 2956 4511 Eumdem
3023 4434 3323 4511 Ginthium
3385 4436 3774 4511 reprehendit

2115 4501 2268 4573 quod
2306 4510 2539 4584 propter
2567 4505 3119 4584 orationis-fortasse
3159 4501 3767 4584 studium,'_commis-

2113 4586 2243 4653 sum
2285 4574 2529 4653 sibi—jus
2557 4577 2771 4649 populo
2808 4576 3039 4653 dicendi
3063 4593 3290 4653 munus
3321 4574 3440 4637 non
3464 4579 3767 4653 impleret.

2112 4642 2374 4725 Ostendit
2404 4642 2602 4725 igitur
2625 4642 2801 4725 quam
2841 4648 2915 4705 sit
2948 4648 3238 4707 laudabile
3279 4642 3600 4724 quantique
3628 4667 3771 4709 me-

2114 4718 2209 4771 riti
2229 4718 2515 4787 justitiam
2536 4718 2958 4777 administrare.

2114 4822 2338 4881 Domno
2382 4824 2628 4886 CINTHIO
2682 4829 2951 4901 praefecto
2991 4827 3223 4890 Parens
3256 4837 3517 4905 peccator
3548 4845 3776 4909 mona-

2042 4911 2189 4969 chus
2218 4910 2464 4972 salutem
2496 4914 2555 4973 in
2585 4916 2857 4978 Domino.
2894 4934 2899 4939 δ

2119 5000 2519 5075 Dilectissime,
2591 5008 2692 5079 qui
2770 5015 2946 5067 tanta:
3012 5009 3312 5083 dignitatis
3379 5008 3779 5068 administras

2038 5092 2318 5166 cilicium,
2356 5097 2719 5157 formidabile
2740 5100 2906 5158 valde
2932 5107 3036 5170 est,
3066 5103 3113 5159 si
3137 5108 3189 5159 te
3212 5101 3416 5159 reddas
3437 5101 3779 5174 aliquando

2040 5187 2264 5256 torpore
2305 5185 2541 5245 desidiae
2589 5190 2928 5249 resolutum.
2971 5189 3183 5249 Multas
3221 5190 3507 5264 siquidem
3546 5189 3781 5248 adver-

2041 5289 2169 5331 sum
2205 5281 2257 5332 te
2288 5274 2413 5334 ﬁeri
2445 5278 2714 5350 querelas
2748 5278 2925 5337 audio
2961 5279 3035 5338 ab
3071 5280 3183 5349 his,
3234 5282 3335 5354 qui
3386 5279 3777 5352 negotiorum

2038 5377 2242 5420 causas
2305 5363 2535 5434 habent,
2591 5367 2727 5440 quia
2780 5365 3051 5426 videlicet
3109 5367 3310 5442 legalis
3359 5366 3564 5441 judicii
3616 5382 3781 5426 san-

2038 5450 2289 5508 ctionem
2314 5468 2348 5508 a
2378 5460 2430 5509 te
2458 5453 2721 5514 obtinere
2746 5470 2863 5514 non
2891 5456 3230 5529 praevalent.
3262 5455 3417 5515 Audi
3453 5470 3591 5529 ergo
3610 5456 3781 5528 quid

2039 5538 2131 5596 vir
2172 5539 2400 5614 sapiens
2432 5540 2579 5600 dicat
2607 5567 2620 5601 :
2647 5566 2675 5595 «
2715 5542 2906 5602 Judex
2956 5544 3185 5618 sapiens
3229 5542 3510 5619 judicabit
3564 5558 3780 5617 popu-

2040 5626 2162 5686 lum
2209 5644 2405 5695 suum,
2442 5636 2497 5687 et
2525 5630 2880 5704 principatus
2917 5630 3131 5689 sensati
3161 5639 3330 5691 terra)
3361 5628 3584 5691 stabilis
3616 5631 3780 5694 erit.
