4018 6202
241 217 355 280 465

1477 223 1704 286 LIBER
1742 223 2108 297 OCTAVUS,
2151 225 2388 287 EPIST.
2433 227 2540 287 III.

3650 232 3759 292 466

238 344 580 434 Secundum
615 345 874 417 iudicem
915 349 1137 421 populi,
1189 349 1271 408 sic
1315 358 1369 408 et
1411 350 1660 410 ministri
1705 352 1848 425 ejus,
1891 351 2336 434 etinnjustitiaa
2387 369 2502 412 non
2551 359 2814 422 coarctat,
2862 352 3235 427 vigoremque
3281 355 3534 414 sentiant
3581 357 3748 433 legis,

235 433 436 508 qualis
480 441 663 492 rector
701 442 786 492 est
835 435 1107 504 civitatis,
1157 436 1294 495 tales
1347 445 1403 496 et
1453 438 1838 497 inhabitantes
1893 441 1953 497 in

233 540 307 582 ea
338 527 520 595 (Eccli.
560 524 636 595 Χ).
672 545 700 576 »
731 523 954 593 Quibus
994 525 1189 598 itaque
1246 526 1483 600 [utique]
1532 527 1722 586 verbis
1765 536 1956 601 aperte

235 612 531 685 colligitur
582 611 719 686 quia
770 612 820 669 si
867 619 928 670 tu
974 615 1293 672 servaveris
1331 616 1637 687 justitiam,
1677 632 1742 674 ac
1784 615 1958 688 probe

233 701 425 760 fueris
455 701 667 774 justus,
713 701 856 772 justi
897 702 1040 759 lient
1086 719 1199 762 non
1249 705 1414 762 modo
1458 704 1732 775 ministri,
1768 704 1866 762 sed
1901 713 1958 763 et

233 790 464 864 quique
494 789 593 846 tibi
623 795 762 846 sunt
802 791 858 846 in
897 790 1118 848 urbana
1155 791 1317 864 plebe
1349 791 1610 865 subjecti.
1643 792 1792 850 Cave
1820 809 1955 867 ergo

235 896 319 938 ne
364 887 590 953 propter
637 878 943 952 peculiaris
986 881 1263 938 orationis
1308 882 1519 952 studia,
1554 883 1768 956 quibus
1808 883 1952 940 insi-

234 964 392 1027 stere
421 971 564 1028 forte
594 969 914 1040 contendis,
948 970 1314 1044 disciplinam
1353 978 1465 1030 tam
1512 973 1956 1032 innumerabilis

233 1058 464 1132 populi,
503 1058 605 1132 qui
647 1058 750 1116 tibi
795 1060 1139 1118 commissus
1173 1068 1280 1130 est,
1327 1062 1600 1136 negligas,
1634 1072 1688 1120 et
1728 1071 1956 1137 propter

231 1148 538 1222 proprium
587 1146 975 1215 commodum,
1029 1164 1401 1207 communem
1456 1150 1705 1207 salutem
1751 1150 1952 1224 plebis,

230 1253 373 1312 qua;
431 1235 717 1309 justitiam
785 1252 819 1293 a
887 1244 938 1294 te
1009 1238 1406 1310 praestolatur,
1471 1239 1723 1297 omittas.
1796 1239 1952 1298 Scri-

230 1333 400 1400 ptum
439 1326 650 1400 quippe
693 1331 776 1382 est
815 1348 828 1383 :
882 1348 902 1377 α
949 1326 1059 1395 Qui
1104 1335 1405 1386 conservat
1448 1327 1632 1402 legem
1674 1329 1953 1404 multipli-

230 1423 326 1473 cat
351 1416 706 1483 orationem;
739 1423 792 1472 et
813 1416 1165 1474 sacriﬁcium
1193 1417 1443 1475 salutare
1467 1419 1756 1477 attendere
1786 1435 1953 1476 man-

231 1505 386 1562 datis
415 1508 605 1575 (Eccli.
640 1511 860 1574 xxxv).
898 1528 924 1558 »
955 1507 1248 1566 Justitiam
1301 1525 1434 1581 ergo
1476 1509 1656 1568 facere
1692 1509 1832 1585 quid
1869 1517 1953 1568 est

228 1592 395 1650 aliud
424 1609 598 1666 quam
622 1609 785 1652 orare
804 1593 832 1651 ?
861 1594 1020 1653 Alibi
1044 1613 1277 1672 quoque
1297 1599 1575 1672 scriptum
1599 1605 1684 1657 est
1714 1619 1726 1657 :
1759 1622 1780 1651 ι
1814 1599 1951 1656 Jus—

230 1681 355 1738 titia
399 1678 586 1774 elevat
629 1682 841 1755 gratias
891 1683 1120 1774 [gentes]
1166 1689 1342 1759 (Prov.
1390 1689 1535 1760 XIV).
1594 1712 1620 1740 1)
1672 1689 1741 1746 Et
1793 1687 2011 1774 Psal-B

228 1770 446 1829 mista:
488 1795 506 1818 α
549 1769 721 1840 Beati,
777 1771 991 1846 inquit,
1035 1774 1136 1847 qui
1179 1776 1519 1834 custodiunt
1555 1777 1844 1851 judicium
1895 1786 1952 1837 et

227 1860 455 1918 faciunt
491 1860 776 1933 justitiam
811 1862 869 1919 in
901 1863 1062 1920 omni
1095 1868 1343 1938 tempore
1377 1867 1598 1939 (Psalm.
1630 1870 1744 1940 cv).
1779 1893 1800 1919 ι

300 1950 540 2007 Memini
591 1952 760 2024 plane
804 1952 1362 2013 excellentissimum
1409 1955 1616 2014 ducem
1667 1957 1950 2016 Gothifre-

226 2039 370 2097 dum
419 2039 562 2097 mihi
601 2041 866 2100 retulisse
905 2059 1037 2116 quae
1073 2043 1260 2102 scribo
1291 2063 1302 2102 :
1339 2045 1698 2117 Avunculus,
1732 2047 1946 2121 inquit,

228 2143 416 2196 meus,
447 2143 616 2202 aeque
647 2129 882 2187 nomine
908 2131 1302 2204 Gothifredus,
1327 2141 1652 2208 przepotens
1682 2133 1948 2193 videlicet

226 2217 337 2282 vir,
380 2217 449 2274 ad
497 2218 810 2277 faciendam
858 2219 1141 2293 justitiam
1192 2221 1366 2279 nimis
1405 2229 1524 2280 erat
1575 2223 1850 2296 intentus,
1893 2233 1948 2282 et

223 2324 402 2380 super
457 2309 717 2367 subditos
775 2311 884 2368 sibi
947 2312 1191 2386 populos
1249 2313 1524 2386 legalium
1579 2314 1943 2373 sanctionum

221 2396 591 2471 disciplinam
641 2399 1012 2473 vigoremque
1058 2401 1301 2470 tenebat,
1339 2403 1479 2459 adeo
1517 2411 1577 2460 ut
1607 2403 1940 2476 aliquando,

221 2495 567 2557 congregata
613 2500 803 2544 coram
856 2504 916 2545 se
960 2488 1138 2561 plebis
1177 2490 1501 2547 innumerae
1543 2489 1941 2564 multitudine,

221 2575 346 2646 ipse
403 2571 546 2630 272
607 2578 724 2634 dux
786 2578 1013 2636 excelsa
1082 2595 1219 2636 voce
1292 2580 1563 2636 clamaret
1618 2597 1630 2636 :
1692 2579 1943 2637 Proferat

220 2679 460 2720 causam
505 2681 669 2723 suam
717 2666 773 2723 in
817 2667 1073 2724 medium
1106 2666 1206 2740 qui
1238 2667 1362 2724 vult
1392 2666 1936 2738 haberejudicium.

219 2752 489 2826 Cumque
526 2755 633 2812 hoc
677 2757 959 2829 praeconis
1005 2757 1193 2815 0111010
1241 2758 1476 2815 functus
1519 2756 1683 2814 tertio
1727 2757 1940 2814 diceret

219 2850 274 2901 et
334 2843 538 2902 nullus
596 2863 626 2901 e
689 2853 844 2905 tanto
903 2850 1115 2921 populo
1183 2847 1584 2920 responderet,
1652 2844 1937 2904 intellexit

216 2934 498 2992 omnibus
526 2935 878 2994 satisfactum
910 2937 1253 3011 indirempta
1290 2953 1527 3011 prorsus
1553 2942 1728 3010 atque
1757 2935 1937 3009 sopita

218 3023 378 3080 omni
421 3021 519 3080 lite
561 3039 883 3084 causarum.
926 3025 1092 3084 Tunc
1129 3041 1340 3101 equum
1378 3026 1545 3084 lmtus
1572 3024 1847 3094 ascendit,
1881 3031 1936 3082 et

217 3113 502 3187 populum
550 3130 660 3173 non
692 3114 1043 3187 jurgantem,
1076 3117 1172 3173 sed
1213 3131 1349 3188 pace
1391 3125 1592 3174 mutua
1631 3117 1933 3189 perfruen-

217 3211 326 3261 tem
376 3219 512 3261 cum
559 3203 773 3276 gaudio
815 3205 1142 3279 dereliquit.
1191 3206 1320 3264 Post
1355 3205 1524 3280 cujus
1569 3205 1812 3269 obitum,
1846 3206 1937 3262 vir

210 3294 454 3366 quidam
488 3302 681 3365 raptus
722 3295 782 3350 in
821 3295 1028 3368 spiritu
1069 3312 1169 3369 per
1207 3312 1469 3369 soporem
1502 3297 1711 3354 ductus
1751 3302 1833 3352 est
1863 3293 1934 3351 ad

209 3380 530 3450 infernum,
570 3390 622 3439 et
663 3381 892 3440 diversa
920 3400 1223 3456 poenarum
1271 3392 1554 3442 tormenta
1593 3385 1928 3457 conspexit;

209 3469 359 3527 inter
399 3486 537 3544 quae
577 3471 723 3529 vidit
759 3472 1114 3530 Richardum
1159 3473 1597 3532 Verduuensem
1643 3472 1930 3543 abbatem,

213 3560 372 3618 velut
408 3559 670 3618 excelsas
701 3561 999 3620 machinas
1029 3563 1374 3634 erigentem,
1401 3569 1456 3620 et
1485 3562 1730 3620 anxium
1756 3570 1931 3635 atque

212 3648 555 3720 sollicitum,
588 3659 861 3723 tanquam
897 3651 1117 3708 munita
1146 3661 1462 3708 castrorum
1502 3651 1930 3724 propugnacula

214 3747 666 3799 oonstruentem.
715 3742 835 3800 Hoc
889 3742 1047 3799 enim
1102 3743 1301 3800 morbo
1354 3743 1709 3801 laboraverat
1754 3743 1930 3801 abbas

216 3830 331 3897 ille,
361 3832 509 3890 dum
535 3832 772 3900 viveret,
799 3841 858 3891 ut
887 3832 945 3890 iu
973 3833 1340 3891 exstruendis
1375 3833 1625 3891 inaniter
1644 3833 1926 3904 aediliciis,

216 3939 418 3982 omnes
456 3923 574 3981 fere
612 3923 929 3998 diligentia:
969 3939 1093 3981 suas
1122 3940 1287 3982 curas
1319 3923 1686 3998 expenderet,
1716 3932 1772 3982 et
1798 3925 1925 3998 plu-

221 4013 391 4071 rimas
463 4014 759 4072 facultates
829 4015 1100 4074 Ecclesiae
1171 4016 1232 4072 iu
1304 4015 1530 4073 frivolis
1591 4015 1928 4088 hujusmodi

223 4103 426 4161 naaniis
454 4103 800 4177 proﬂigaret.
832 4104 993 4173 Quod
1032 4121 1166 4178 ergo
1210 4105 1340 4162 fecit
1369 4105 1431 4183 in
1471 4104 1608 4175 vita,
1649 4105 1756 4162 1100
1804 4121 1927 4179 per-

220 4193 426 4250 ferebat
469 4193 529 4249 in
568 4208 754 4266 pmna.
789 4195 845 4252 Is
877 4196 1086 4268 itaque,
1117 4194 1218 4269 qui
1250 4195 1372 4253 thc
1402 4193 1460 4251 in
1493 4210 1692 4268 sopore
1722 4210 1923 4254 cerne-

216 4281 321 4350 bat,
353 4282 498 4340 duni
530 4281 666 4340 hinc
706 4283 838 4340 inde
870 4282 1120 4356 plurima
1149 4286 1414 4341 curiosus
1453 4283 1714 4353 attendit,
1766 4284 1926 4342 visus

213 4378 289 4425 est
317 4370 429 4427 sibi
459 4369 654 4428 videre
678 4371 1040 4430 avunculum
1069 4388 1284 4441 meum,
1313 4371 1416 4444 qui
1442 4372 1710 4445 superius
1734 4371 1922 4431 dictus

211 4465 307 4526 est,
356 4459 413 4516 in
460 4465 638 4516 aureo
690 4459 965 4518 subsellio
1021 4459 1444 4532 praesidentem.
1493 4458 1599 4518 Cui
1640 4460 1921 4518 nimirum

212 4543 318 4602 duo
354 4545 550 4618 angeli
600 4546 945 4605 videbantur
985 4549 1271 4616 assistere,
1301 4556 1354 4604 et
1395 4547 1620 4620 ﬂagella
1655 4548 1924 4608 manibus

215 4633 574 4702 ventilantes,
634 4634 992 4692 conabantur
1040 4641 1216 4693 aestus
1270 4636 1330 4693 in
1384 4635 1507 4709 ejus
1552 4635 1713 4706 facie,
1763 4652 1923 4695 more

217 4719 690 4791 ministrantium,
743 4728 1077 4794 temperare.
1132 4721 1394 4798 Cumque
1444 4724 1578 4797 quis
1625 4733 1772 4783 esset
1823 4725 1922 4784 ille

218 4807 259 4863 is
308 4809 410 4882 qui
471 4809 596 4867 haec
645 4809 877 4878 videbat
937 4811 1276 4884 inquireret,
1327 4827 1663 4886 responsum
1710 4821 1792 4871 est
1836 4814 1917 4873 ei:

220 4893 462 4954 Justitia.
502 4896 787 4956 Nimirum
828 4899 928 4972 qui
953 4899 1262 4972 justitiam”,
1297 4899 1437 4958 dum
1479 4901 1717 4970 viveret,
1768 4902 1918 4974 fecit,

221 4980 398 5054 ipsum
429 4999 661 5058 quoque
692 4994 814 5058 post
856 4995 1094 5044 mortem
1127 4986 1368 5059 iustitiae
1409 4987 1752 5047 vocabulum
1798 5005 1920 5048 me-

221 5073 341 5130 ruit.
404 5074 492 5132 Tu
552 5076 744 5146 etiam,
795 5076 1184 5149 dilectissime,
1241 5078 1464 5136 naviter
1511 5078 1763 5138 oﬂicium
1816 5080 1917 5138 tibi

221 5159 435 5219 credita:
481 5162 1003 5222 administrationis
1047 5181 1270 5236 exerce,
1324 5172 1388 5223 ut
1437 5175 1708 5240 tanquam
1760 5183 1917 5226 com-

222 5247 398 5308 missze
449 5251 638 5309 vinea:
694 5260 745 5310 te
804 5253 1131 5328 operarium
1186 5255 1405 5325 credas,
1464 5271 1569 5313 nec
1617 5272 1651 5313 a
1709 5257 1920 5316 laboris

216 5341 476 5398 exercitio
512 5348 753 5416 torpeas,
788 5343 834 5400 si
868 5359 1172 5402 nummum
1209 5344 1401 5417 digna:
1433 5346 1918 5405 remunerationis

215 5437 516 5501 exspectas.
579 5431 878 5502 Legalium
929 5433 1144 5513 itaque
1207 5433 1567 5492 sanctionum
1645 5436 1918 5494 severitas

217 5528 517 5591 tepimat,
583 5536 727 5596 quos
802 5521 1116 5582 honestatis
1185 5523 1374 5598 pudor
1447 5521 1520 5582 ab
1583 5524 1917 5586 excessibus

2040 459 2186 516 quos
2219 443 2578 502 rectitudinis
2616 443 2860 501 limitem
2899 444 3274 517 praavaricare
3310 447 3602 506 convincit
3633 448 3751 508 vio-

2044 529 2217 589 lentia
2243 532 2560 605 pravitatis,
2596 538 2657 588 ut
2687 532 2828 589 dum
2860 531 2970 601 his,
3007 531 3109 606 qui
3158 531 3261 589 tibi
3301 533 3541 606 subjecti
3585 543 3742 604 sunt,

2041 638 2145 680 sua
2192 623 2403 694 cuique
2444 624 2579 696 jura
2622 630 2945 691 servantur,
2997 622 3101 679 tibi
3156 637 3388 696 quoque
3444 623 3750 685 ministerii

2041 712 2124 770 tui
2161 726 2373 769 merces
2399 710 2554 785 apud
2586 713 2768 769 Deum
2796 711 2972 783 digna
3003 719 3284 771 servetur.

2637 831 3001 892 EPISTULA
3047 834 3150 892 III.

2347 945 2424 991 AD
2455 945 2765 991 ALBEHTUM
2799 945 2988 1008 VIRUM
3017 945 3430 994 CLARISSIMUM.

2039 1043 2576 1120 ARGUMENTUM.__—
2612 1045 2911 1120 Albertum
2945 1046 3501 1120 quemdamLVirum
3546 1053 3746 1120 poten-

2111 1117 2298 1192 tja__et
2355 1116 2650 1192 nobilitate
2700 1116 2816 1173 illis
2849 1116 3232 1192 temporibus
3289 1116 3615 1192 insignem,
3673 1120 3747 1176 ad

2109 1186 2357 1260 debitam
2402 1189 2732 1260 parentibus
2767 1186 3161 1246 exhibendam
3200 1186 3610 1258 reverentiam,
3645 1192 3750 1251 hac

2109 1257 2347 1330 epistola
2375 1257 2721 1328 cohortatur,
2757 1267 3048 1332 propterea
3078 1260 3230 1331 quod
3258 1260 3520 1319 audierat
3546 1257 3748 1320 abillo

2112 1337 2352 1404 matrem
2381 1345 2496 1404 non
2517 1332 2614 1404 Δ10⁸
2633 1345 2698 1388 00
2722 1331 3360 1404 ⁸(100110001101110001⁸0
3389 1348 3508 1404 pra)
3544 1333 3748 1391 uxoris

2107 1415 2302 1458 amore
2334 1401 2550 1459 haberi.
2581 1400 2741 1470 Quod
2755 1400 2834 1460 ‘ut
2861 1417 3036 1474 grave
3065 1403 3284 1460 crimen
3309 1400 3636 1476 exaggerat.

2108 1507 2384 1565 ALBERTO
2425 1507 2744 1566 clarissimo
2801 1509 2925 1567 viro
2975 1509 3205 1568 Pramus
3250 1519 3506 1584 peccator
3544 1527 3746 1570 mona-

2035 1596 2180 1654 chus
2205 1597 2451 1656 salutem
2481 1598 2542 1655 in
2576 1597 2840 1656 Domino.

2109 1687 2338 1747 Divina:
2386 1689 2527 1762 legis
2579 1689 2847 1748 mandata
2895 1691 3092 1763 procul
3139 1691 3320 1750 dubio
3357 1691 3598 1766 despicit
3647 1694 3749 1766 qui

2034 1775 2257 1833 deferre
2320 1777 2652 1851 parentibus
2727 1778 3121 1851 parvipendit;
3199 1780 3294 1854 qui
3351 1779 3474 1839 suis
3530 1779 3748 1854 genito-

2037 1863 2196 1922 ribus
2234 1881 2348 1924 non
2397 1865 2608 1936 obedit,
2659 1865 2826 1924 sortis
2873 1865 3200 1926 funiculum
3249 1867 3312 1926 in
3361 1875 3507 1926 terra
3552 1868 3747 1926 viven-

2032 1952 2180 2010 tium
2232 1969 2346 2012 non
2395 1955 2664 2013 admittit.
2722 1958 2847 2025 Quo
2894 1963 3092 2014 contra
3153 1953 3297 2011 273
3352 1974 3451 2032 per
3507 1959 3744 2032 Moysen

2030 2041 2231 2100 divina
2279 2059 2416 2102 voce
2467 2045 2797 2118 praecipitur
2847 2069 2858 2102 :
2920 2067 2947 2098 «
3006 2045 3240 2104 Honora
3295 2056 3512 2120 patrem
3574 2055 3739 2108 tuum

2030 2138 2085 2187 et
2136 2140 2396 2202 matrem,
2457 2140 2517 2190 ut
2572 2133 2651 2191 sis
2707 2133 3008 2207 longaevus
3054 2150 3227 2208 super
3287 2141 3493 2194 terram
3541 2138 3740 2204 (Exod.

2029 2223 2155 2293 xx).
2201 2243 2226 2275 ››
2270 2220 2374 2280 Vir
2423 2222 2596 2281 etiam
2651 2223 2891 2296 Sapiens
2938 2225 3018 2282 ait
3057 2249 3069 2282 :
3115 2248 3141 2277 «
3185 2224 3292 2296 Qui
3350 2227 3592 2286 honorat
3641 2245 3742 2301 pa-

2031 2319 2174 2368 trem
2221 2328 2416 2382 suum,
2474 2313 2649 2371 vitam
2706 2315 2858 2372 vivet
2909 2314 3248 2388 longiorem,
3297 2321 3351 2374 et
3398 2317 3500 2389 qui
3549 2317 3744 2376 obedit

2031 2401 2196 2473 patri,
2271 2402 2630 2475 refrigerabit
2697 2410 2936 2461 matrem
2998 2406 3185 2476 (Eccli.
3241 2407 3342 2477 In).
3407 2427 3433 2456 ι)
3487 2405 3742 2480 Moxque

2028 2491 2333 2565 subjunxit
2389 2517 2400 2550 :
2461 2515 2487 2544 (ι
2543 2491 2652 2562 Qui
2726 2493 2884 2551 timet
2954 2494 3267 2553 Dominum
3335 2495 3578 2555 honorat
3638 2515 3742 2572 pa-

2031 2587 2238 2650 rentes,
2283 2588 2336 2639 et
2379 2582 2544 2655 quasi
2585 2581 2839 2640 dominis
2877 2582 3086 2640 serviet
3131 2583 3221 2640 his
3263 2583 3365 2658 qui
3416 2599 3476 2642 se
3521 2601 3740 2658 genue-

2029 2677 2183 2739 runt,
2238 2677 2292 2728 et
2345 2671 2406 2728 iu
2455 2688 2644 2744 opere,
2699 2679 2754 2728 et
2802 2672 2858 2729 in
2907 2688 3194 2743 sermone,
3237 2681 3290 2731 et
3334 2673 3393 2731 in
3437 2675 3596 2732 omni
3641 2692 3738 2750 pa-

2028 2759 2225 2817 tientia
2249 2762 2457 2830 (Ibid.).
2494 2782 2519 2811 ι)
2551 2761 2581 2818 J
2590 2767 2714 2820 usto
2744 2760 2911 2835 plane
2939 2760 3042 2819 Dei
3072 2761 3214 2820 solet
3241 2763 3473 2822 evenire
3494 2763 3735 2838 judicio,

2025 2855 2088 2906 ut
2135 2849 2236 2923 qui
2291 2847 2624 2922 parentibus
2664 2850 2966 2910 humiliter
3003 2852 3286 2921 subditur,
3339 2853 3460 2927 ipse
3501 2871 3735 2931 quoque

2024 2954 2231 3011 parens
2269 2938 2523 3010 eﬂ'ectus,
2565 2940 2624 2997 in
2672 2941 2919 3015 prOprim
2968 2941 3181 3001 sobolis
3221 2943 3547 3002 obedientia
3586 2944 3735 3004 dele-

2023 3032 2227 3086 ctetur.
2269 3027 2431 3085 Unde
2469 3029 2746 3102 scriptum
2786 3038 2871 3088 est
2917 3049 2928 3087 :
2977 3052 3001 3083 ‹‹
3050 3030 3159 3099 Qui
3203 3031 3445 3090 honorat
3492 3040 3732 3104 patrem,

2014 3113 2435 3190 jucundabitur
2473 3116 2533 3174 in
2570 3116 2726 3187 ﬁliis,
2761 3124 2814 3175 et
2862 3119 2920 3176 in
2963 3118 3056 3176 die
3085 3119 3363 3177 orationis
3394 3135 3516 3178 suae
3545 3136 3731 3180 exau-

2016 3205 2205 3262 dietur
2231 3206 2439 3274 (Ibid.).
2479 3227 2504 3256 »
2540 3205 2741 3265 Merito
2786 3208 2998 3282 quippe
3041 3209 3101 3265 in
3146 3207 3268 3266 suis
3312 3223 3344 3266 a
3383 3208 3499 3267 Deo
3543 3211 3725 3284 preci-

2016 3289 2124 3348 bus
2164 3293 2493 3362 exauditur,
2534 3293 2630 3367 qui
2674 3293 2855 3351 Deum
2900 3294 3330 3368 prmcipientem
3383 3297 3725 3369 exaudiens,

2014 3386 2317 3451 parentum
2359 3395 2595 3438 suorum
2646 3380 2870 3454 legibus
2913 3381 3200 3440 subditur.
3257 3383 3531 3442 Praeterea
3577 3387 3727 3444 sicut

2013 3466 2368 3539 genitoribus
2415 3469 2781 3538 maledicens,
2843 3468 3055 3543 dignus
3112 3477 3197 3527 est
3251 3471 3450 3529 mortis
3505 3473 3726 3534 ultione

2014 3557 2242 3630 percelli
2305 3583 2316 3614 :
2379 3558 2457 3616 ita
2508 3559 2609 3632 qui
2661 3566 2984 3618 reverenter
3035 3559 3407 3632 obtemperat,
3471 3570 3724 3622 meretur

2011 3646 2294 3705 divinitus
2327 3647 2602 3705 benedici.
2638 3647 2703 3704 In
2729 3647 2852 3721 lege
2873 3648 3089 3722 quippe
3109 3649 3388 3722 scriptum
3405 3657 3487 3708 est
3515 3669 3527 3708 :
3557 3672 3582 3702 «
3610 3651 3719 3721 Qui

2013 3734 2379 3794 maledixerit
2427 3737 2591 3811 patri,
2644 3739 2728 3796 vel
2784 3737 2972 3809 matri,
3019 3746 3202 3796 morte
3244 3739 3523 3797 moriatur
3569 3743 3718 3812 (Leu.

2011 3840 2128 3897 xx;
2155 3832 2312 3885 Prov.
2344 3833 2470 3899 xx).
2501 3851 2528 3881 ν)
2557 3829 2709 3887 Alibi
2731 3846 2961 3905 quoque
2983 3830 3258 3904 scriptum
3284 3837 3398 3889 est:
3429 3853 3455 3884 «
3484 3831 3718 3891 Honora

2010 3924 2228 3988 patrem
2279 3923 2462 3988 tuum,
2518 3926 2578 3974 ut
2621 3917 2988 3990 superveniat
3030 3917 3132 3975 tibi
3167 3918 3491 3976 benedictio
3532 3936 3565 3977 a
3600 3919 3714 3978 Do-

2011 4007 2188 4075 mino,
2222 4014 2276 4064 et
2303 4007 2625 4064 benedictio
2653 4006 2812 4064 illius
2843 4006 2898 4064 in
2934 4005 3250 4065 novissimo
3276 4012 3713 4078 maneat(Eccli.

2008 4104 2115 4166 III).
2142 4119 2167 4149 »
2195 4096 2302 4154 Ubi
2326 4112 2463 4154 mox
2487 4114 2512 4154 s
2537 4096 2747 4170 'quitur
2773 4122 2783 4154 :
2811 4119 2837 4149 ‹‹
2861 4095 3194 4155 Benedictio
3211 4097 3384 4171 patris
3406 4100 3598 4158 lirmat
3621 4101 3714 4158 do-

2011 4204 2134 4246 mos
2165 4186 2422 4245 liliorum
2461 4207 2472 4245 :
2510 4187 2829 4245 maledictio
2853 4196 3046 4245 autem
3083 4189 3278 4246 matris
3307 4188 3554 4247 eradicat
3582 4190 3713 4248 fun-

2007 4277 2275 4334 damenta
2307 4278 2503 4348 ,'Ibid.).
2544 4299 2567 4328 ι)
2617 4276 2676 4334 Si
2721 4291 2855 4348 ergo
2885 4276 3141 4335 ﬁliorum
3173 4278 3380 4335 domus
3408 4285 3712 4351 parentum

2009 4365 2406 4424 maledictioue
2459 4368 2793 4438 destruitur,
2839 4383 3162 4442 eorumque
3214 4369 3715 4428 benedictionibus

2007 4454 2336 4524 stabilitur;
2366 4456 2691 4514 cavendum
2721 4454 2884 4512 valde
2911 4463 3012 4525 est,
3053 4472 3122 4512 ne
3154 4456 3201 4512 si
3238 4463 3498 4528 parentes
3529 4455 3716 4512 01100-

2004 4543 2215 4612 (110108,
2268 4559 2662 4601 successuram
2711 4542 2876 4600 nobis
2912 4544 3284 4616 propaginem
3322 4544 3714 4603 destruamus.

2078 4631 2478 4704 Signiﬁcatum
2519 4641 2602 4690 est
2639 4631 2806 4702 mihi,
2847 4630 3205 4690 nobilissime
3250 4631 3360 4702 vir,
3408 4632 3547 4705 quia
3577 4647 3711 4689 san-

2005 4727 2152 4779 ctam
2187 4728 2426 4780 matrem
2458 4726 2615 4778 tuam
2648 4719 2849 4778 uxoris
2876 4735 3072 4777 amore
3100 4718 3346 4793 despicis
3372 4725 3427 4777 et
3455 4727 3709 4777 contem-

2005 4811 2115 4878 nis,
2171 4808 2520 4883 nullumque
2571 4808 2681 4866 sibi
2735 4806 2977 4865 dominii
3023 4805 3120 4880 jus
3169 4807 3226 4864 in
3274 4807 3582 4865 domestica
3631 4807 3711 4865 rei

2003 4899 2307 4958 familiaris
2334 4897 2700 4957 ordinatione
2727 4897 3010 4956 concedis.
3045 4897 3114 4955 In
3146 4912 3262 4970 quo
3291 4896 3506 4954 scilicet
3544 4897 3711 4967 facto,

2004 4988 2142 5060 quid
2204 4986 2363 5046 aliud
2418 5002 2591 5060 quam
2651 4990 2914 5044 naturam
2967 4985 3120 5058 ignis
3171 4984 3423 5042 cerneris
3472 4983 3711 5057 imitari,

2003 5079 2105 5152 qui
2148 5093 2284 5136 cum
2330 5093 2403 5133 ex
2445 5076 2618 5149 lignis
2659 5075 2909 5149 prodeat,
2954 5074 3109 5147 ligna
3145 5073 3431 5130 consumit
3454 5078 3511 5131 et
3538 5073 3597 5130 in
3629 5073 3712 5131 ci-

2004 5181 2197 5224 nerem
2257 5165 2441 5235 vertit,
2491 5165 2708 5238 lapides
2763 5170 2956 5222 autem
3013 5163 3285 5234 excoquit
3335 5169 3390 5219 et
3437 5161 3712 5222 candidos

2001 5254 2239 5313 reddit?
2286 5254 2469 5327 Ligna
2521 5268 2744 5326 nempe,
2792 5267 2866 5309 ex
2915 5251 3128 5326 quibus
3179 5250 3492 5323 egreditur,
3543 5250 3711 5327 quasi

2001 5348 2241 5400 matrem
2269 5340 2552 5400 nascendo
2580 5340 2904 5409 consumit;
2941 5338 3157 5413 lapides
3185 5346 3398 5408 autem,
3432 5356 3465 5398 a
3493 5339 3710 5414 quibus

2003 5431 2414 5504 exstinguitur,
2452 5430 2523 5488 ad
2557 5430 2948 5489 exhibendam
2991 5430 3159 5489 calcis
3199 5429 3531 5490 albedinem
3571 5445 3712 5488 can-

2000 5523 2164 5585 didos
2192 5523 2347 5582 facit.
2381 5522 2527 5581 Cum
2555 5521 2732 5596 igitur
2759 5520 2911 5595 ignis
2941 5521 3003 5579 in
3036 5520 3214 5595 lignis
3241 5521 3458 5593 ardeat,
3491 5520 3710 5594 lapides
