4024 6198
242 260 347 333 4'67

242 491 497 551 eﬂ’ectus.
547 491 694 551 Nam
726 493 831 551 etsi
871 493 1088 569 lapides
1116 506 1172 555 et
1204 497 1357 569 ligna
1388 498 1616 557 diversa
1648 499 1783 565 sint,
1815 516 1955 559 con-

180 606 183 613 ~
244 578 417 639 traria
462 594 576 639 non
622 590 759 640 sunt
802 581 950 641 sicut
991 582 1193 643 album
1224 591 1278 643 et
1315 586 1567 661 nigrum,
1612 603 1859 661 quorum
1891 589 1952 646 in

244 671 534 744 lapidibus
560 686 745 731 unum
782 673 931 743 facit,
971 674 1216 733 alterum
1251 674 1309 734 in
1349 676 1542 751 lignis.
1577 679 1778 738 Clarus
1820 680 1954 737 illos

242 764 586 835 clarilicans,
619 765 743 822 haec
772 764 1075 835 oﬂ‘uscans,
1121 781 1258 824 cum
1294 768 1354 825 in
1390 767 1511 825 illis
1543 770 1781 827 omnino
1808 769 1951 827 deﬁ-

244 862 415 924 ceret,
446 852 559 911 nisi
589 854 648 911 in
680 853 804 911 istis
829 854 1068 912 viveret.
1104 854 1265 914 Unde
1290 856 1435 914 bene
1457 857 1546 915 vir
1570 856 1809 929 Sapiens
1830 860 1908 916 ait
1935 883 1948 917 :

248 964 277 997 α
309 943 541 1002 Honora
573 951 791 1016 patrem
825 952 1012 1017 tuum,
1045 952 1101 1004 et
1128 946 1406 1019 gemitum
1452 947 1651 1005 matris
1685 955 1800 1007 ture
1834 966 1950 1008 non

243 1032 645 1103 obliviscaris;
692 1042 978 1093 memento
1022 1036 1300 1108 quoniam
1342 1037 1455 1094 nisi
1497 1053 1593 1110 per
1625 1038 1753 1095 illos
1784 1047 1954 1097 natus

247 1141 363 1183 non
413 1124 640 1195 fuisses,
694 1130 751 1182 et
800 1123 1051 1183 retrihue
1100 1124 1237 1197 illis,
1286 1127 1575 1201 quomodo
1618 1133 1672 1184 et
1713 1125 1800 1184 illi
1850 1125 1952 1184 tibi

243 1215 436 1283 (Eoeli.
488 1218 614 1282 vn).
664 1234 690 1266 κ
736 1213 1029 1285 Perpende
1074 1214 1269 1286 igitur,
1321 1224 1551 1288 quantae
1598 1215 1955 1274 crudelitatis

243 1301 318 1360 sit
345 1302 475 1362 illos
503 1301 869 1377 despiciendo
898 1307 1286 1374 contemnere,
1336 1321 1437 1378 per
1482 1319 1628 1378 quos
1678 1305 1853 1362 habes
1898 1310 1955 1361 et

242 1392 435 1465 ipsum
491 1406 632 1460 esse,
681 1399 1015 1467 quantaque
1071 1393 1316 1466 dignum
1364 1396 1436 1452 sit
1489 1403 1542 1453 te
1593 1393 1954 1465 genitoribus

243 1481 361 1538 tuis
402 1480 728 1539 humilitate
775 1480 1058 1552 submitti,
1098 1482 1313 1555 quibus
1350 1493 1403 1541 et
1445 1484 1729 1542 naturalis
1768 1499 1956 1541 essen—

242 1569 339 1627 tiaa
382 1569 763 1628 substantiam
807 1569 995 1636 debes,
1029 1577 1085 1627 et
1126 1569 1281 1641 quod
1328 1571 1401 1629 ab
1444 1570 1562 1629 illis
1600 1580 1654 1629 te
1693 1588 1808 1631 non
1837 1587 1958 1631 am-

242 1658 394 1731 bigis
447 1675 695 1732 puerum
744 1660 1084 1734 percepisse,
1138 1667 1491 1733 quantopere
1535 1661 1743 1720 debeas
1796 1679 1955 1722 nunc

764 277 822 338 s.
866 279 1087 340 PETRI
1126 281 1447 342 DAMIANI
1488 268 1644 343 oar.
1690 262 1887 345 etas
1928 261 2071 345 seu
2107 266 2361 342 TO'MUS
2400 279 2448 338 Ι.
2490 294 2556 321 -ι
2597 276 2833 337 EPIST.
2879 275 3020 336 LIB.
3062 275 3217 335 vm.

242 399 470 474 coquat,
531 398 849 461 contrarios
908 400 1078 463 habet
1129 406 1187 464 in
1246 406 1359 466 non
1425 408 1724 467 contrariis
1781 404 2392 480 rebusAztranquilla!
2458 394 2618 461 Unde
2668 402 2939 462 Salomon
2992 419 3005 458 :

3639 276 3749 338 468

3056 416 3084 453 (ι
3128 400 3217 459 Tu
3267 404 3481 472 autem,
3532 402 3745 477 inquit,

2030 497 2366 557 Dominator
2418 492 2667 563 virtutis,
2726 500 2864 549 cu’m
2915 487 3335 566 tranquillitate
3394 489 3635 563 judicas,
3691 501 3753 550 et

2030 604 2163 647 cum
2222 593 2431 658 magna
2483 583 2804 642 reverentia
2854 581 3112 655 disponis
3160 594 3266 638 nos
3318 582 3467 653 (δίῳ.
3522 586 3646 649 ΧΠ).
3714 604 3745 635 υ

2038 676 2311 735 Eamdem
2361 689 2499 731 sane
2548 670 2899 744 percussoris
2940 667 3264 741 maxillam,
3317 670 3427 727 hoc
3470 678 3554 727 est
3596 670 3750 727 siui-

2034 774 2232 836 stram,
2264 771 2497 839 repente
2527 763 2768 833 languor
2799 760 3031 829 invasit,
3062 774 3316 832 eumque
3345 757 3546 817 nimiis
3575 775 3751 817 vexa-

2036 874 2097 915 re
2133 853 2431 913 doloribus
2458 851 2646 925 cmpit.
2681 849 2944 924 Cumque
2981 851 3227 923 languor
3272 848 3331 905 in
3385 847 3507 905 dies
3548 848 3751 921 perni-

2034 944 2249 1002 ciosius
2300 942 2720 1015 ingravesceret
2749 986 2762 1012 ,
2819 939 3116 998 acerrimis
3172 936 3438 997 dolorum
3493 939 3755 999 stimulis

2034 1037 2332 1096 hominem
2396 1033 2838 1092 intolerabiliter
2906 1031 3206 1103 fatigaret,
3288 1030 3608 1105 mugitibus
3680 1046 3755 1088 ac

2039 1124 2383 1185 stridoribus
2420 1123 2639 1196 ejulare
2677 1121 3065 1195 compelleret,
3110 1120 3337 1179 tandem
3385 1129 3565 1179 mater
3607 1136 3750 1196 quae

2039 1216 2371 1290 privignum
2406 1220 2659 1271 senserat
2685 1211 2747 1270 in
2780 1227 3143 1286 percussum,
3186 1211 3516 1284 recognovit
3558 1210 3750 1270 ﬁlium

2037 1305 2099 1362 in
2134 1310 2370 1372 natura;
2403 1309 2456 1359 et
2492 1316 2609 1359 non
2651 1299 2943 1370 duritiam,
2976 1307 3041 1360 ut
3066 1299 3166 1358 ille
3197 1306 3501 1368 meruerat,
3532 1314 3749 1358 nover-

2037 1392 2238 1461 calem,
2273 1391 2371 1449 sed
2404 1396 2796 1448 maternorum
2842 1389 3080 1448 exhibet
3121 1390 3408 1447 viscerum
3454 1388 3745 1462 pietatem.

2037 1483 2164 1542 Jam
2218 1488 2426 1554 nempe
2482 1478 2850 1538 tumescentia
2906 1477 3264 1537 mandibulae
3314 1493 3446 1537 caro
3500 1477 3757 1551 turpiter

2038 1579 2489 1649 computruerat,
2540 1574 2660 1647 jam
2715 1571 2880 1629 virus
2927 1585 2994 1628 ac
3041 1572 3231 1629 sanies
3278 1585 3379 1643 per
3434 1584 3754 1629 concavam

2039 1664 2300 1737 vulneris
2344 1661 2597 1721 fistulam
2627 1660 2958 1720 dislillabat.
3004 1659 3266 1734 Cumque
3305 1662 3513 1719 misere
3553 1659 3759 1718 homi-

243 1755 403 1821 grata
462 1748 584 1807 vice
633 1748 872 1807 senibus
917 1747 1237 1807 redhibere.
1289 1744 1453 1807 Unde
1496 1751 1772 1824 scriptum
1821 1761 1905 1810 est
1937 1758 2019 1833 :B‘
2045 1769 2175 1812 nem
2218 1753 2357 1837 hinc
2394 1750 2531 1809 inde
2568 1750 2921 1824 percelleret,
2952 1754 3009 1808 et
3050 1749 3379 1808 exhalantia
3422 1748 3751 1822 corruptela

246 1856 274 1890 ‹‹
306 1837 440 1909 Fili,
484 1839 709 1912 suscipe
747 1843 1034 1898 senectam
1078 1839 1252 1914 patris
1301 1841 1403 1908 tui,
1446 1849 1500 1898 et
1545 1858 1617 1900 ne
1654 1842 1956 1902 contristes
2042 1842 2365 1918 putredinis
2409 1848 2463 1898 et
2499 1839 2690 1897 intimi
2739 1837 2826 1897 vis
2867 1839 3080 1897 doloris
3106 1838 3417 1910 poenitebat
3444 1839 3576 1897 initi
3607 1855 3752 1898 con—

243 1922 371 1987 eam
412 1932 474 1988 in
516 1931 633 1988 vita
671 1926 849 2001 illius,
883 1939 937 1987 et
965 1930 1013 1988 si
1049 1931 1343 2001 defecerit,
1378 1932 1611 1990 veniam
1654 1933 1744 2003 da,
1789 1940 1844 1992 et
1885 1950 1958 1993 ne
2041 1934 2229 2005 nubii,
2277 1937 2333 1991 et
2374 1932 2622 1990 alterum
2657 1930 2801 1988 forte
2841 1926 3037 1989 virum
3071 1931 3192 2003 jam
3230 1930 3518 1987 metuebat
3549 1929 3754 1999 uxori,

246 2034 481 2093 spernas
529 2035 664 2077 eum
711 2020 771 2078 in
815 2026 911 2078 tua
958 2022 1171 2079 virtute
1216 2024 1408 2093 (Eccli.
1458 2025 1559 2095 Ill).
1602 2045 1628 2076 »
1663 2022 1768 2082 Sed
1818 2024 1961 2084 forte
2040 2029 2097 2082 et
2128 2036 2303 2097 quam
2333 2020 2601 2079 cernebat
2630 2019 2856 2077 noviter
2886 2027 3144 2092 nuptam,
3170 2019 3292 2093 jam
3322 2018 3758 2092 quodammodo

244 2107 399 2165 dices
451 2128 464 2166 :
517 2107 697 2168 Mater
744 2125 872 2167 mea
926 2125 1018 2167 me
1062 2109 1392 2186 frequenter
1432 2119 1750 2186 exasperat,
1798 2113 1960 2172 duris

245 2196 440 2255 verbis
483 2213 675 2256 meum
725 2207 779 2256 et
828 2199 1029 2258 uxoris
1071 2215 1215 2258 meae
1258 2200 1428 2258 corda
1468 2201 1796 2274 perturbat;
1841 2218 1954 2261 non

248 2284 555 2361 pessumus
591 2294 671 2346 tot
715 2288 1065 2362 injuriarum
1101 2288 1312 2363 probra
1349 2291 1618 2364 perferre,
1651 2306 1767 2349 non
1804 2292 1958 2349 vale-

244 2384 377 2435 mus
427 2377 777 2435 austeritatis
826 2378 951 2449 ejus
1003 2382 1057 2434 et
1110 2388 1328 2437 severae
1384 2372 1532 2434 274
1581 2381 1960 2454 correptionis

244 2462 536 2524 molestias
579 2465 839 2524 tolerare.
887 2464 1001 2524 Sed
1039 2466 1101 2522 in
1147 2467 1252 2525 hoc
1290 2468 1393 2526 tibi
1427 2468 1707 2541 copiosior
1741 2484 1959 2528 merces

242 2553 584 2629 acquiritur,
636 2555 686 2612 si
739 2554 878 2612 dum
931 2556 1343 2614 contumeliam
1396 2559 1661 2631 suscipis,
1717 2558 1959 2630 gratiam

244 2642 457 2713 reddis,
497 2649 552 2700 et
587 2643 728 2701 dum
783 2643 1178 2702 conviciorum
1228 2645 1347 2703 sale
1399 2647 1812 2719 conspergeris,
1855 2646 1959 2705 hu-

248 2729 491 2790 militate
518 2731 820 2790 blandiris.
852 2732 1005 2791 Hinc
1033 2735 1193 2792 enim
1225 2740 1309 2791 est
1338 2758 1350 2792 :
1387 2756 1415 2787 (ι
1445 2733 1829 2809 Eleemosvna
1860 2752 1958 2809 pa-

247 2821 350 2879 tris
396 2836 515 2879 non
558 2822 667 2880 erit
714 2823 773 2880 in
821 2822 1133 2894 oblivione,
1175 2840 1309 2882 nam
1352 2840 1448 2896 pro
1489 2836 1716 2898 peccato
1762 2828 1960 2885 matris

247 2910 582 2970 restituetur
617 2911 720 2970 tibi
752 2912 971 2971 bonum
1017 2915 1220 2986 (Ibid.).
1256 2936 1283 2969 »
1317 2915 1459 2975 Cum
1491 2916 1671 2988 igitur
1697 2933 1800 2992 pro
1827 2933 1959 2990 pec-

2040 2111 2209 2189 quasi
2253 2109 2502 2169 biviram
2554 2107 2879 2183 deputabat.
2932 2107 3111 2166 Mater
3160 2110 3353 2181 itaque
3400 2106 3757 2181 periclitanti

2041 2203 2162 2262 tilio
2192 2218 2308 2261 non
2334 2201 2579 2276 justitiae
2616 2200 2886 2259 talionem
2915 2197 3178 2265 reddens,
3213 2196 3310 2255 sed
3340 2196 3607 2269 religiosa
3652 2212 3755 2270 po-

2041 2293 2157 2351 tius
2207 2291 2414 2364 pietate
2469 2289 2842 2364 compatiens,
2915 2286 2986 2345 ad
3051 2286 3349 2345 ecclesiam
3399 2284 3462 2345 B.
3524 2283 3759 2343 Nazarii

2040 2381 2313 2454 martyris
2356 2386 2640 2454 properat,
2697 2378 3026 2436 accumulat
3073 2385 3222 2448 vota,
3273 2376 3440 2433 olTert
3482 2390 3760 2447 munera,

2039 2470 2374 2545 pavimento
2426 2467 2846 2542 prosternitur,
2908 2473 3068 2537 orat,
3125 2466 3419 2545 obsecrat,
3474 2465 3758 2535 anhelat;

2039 2544 2104 2619 ac
2151 2557 2514 2632 delinquenti
2568 2558 2692 2616 tilio
2739 2556 2967 2615 veniam
3020 2544 3469 2630 lacrymabil'iter
3511 2555 3760 2629 ﬂagitat.

2040 2650 2312 2708 Maternis
2341 2649 2536 2720 itaque
2575 2646 2840 2720 precibus
2884 2644 3044 2703 adest
3080 2644 3279 2703 divina
3320 2644 3757 2713 misericordia;

2040 2736 2185 2795 275
2228 2746 2282 2796 et
2318 2752 2494 2812 quam
2538 2746 2603 2796 ut
2648 2751 2750 2809 pro
2786 2734 3026 2792 laedente
3061 2734 3388 2807 deposceret
3423 2733 3761 2807 inspiravit,

2040 2828 2212 2886 etiam
2256 2835 2320 2885 ut
2371 2834 2425 2884 et
2478 2830 2850 2898 aegrotantem
2903 2823 3245 2898 propitiatus
3287 2825 3526 2897 erigeret
3578 2838 3764 2881 exau-

2039 2916 2203 2975 divit.
2255 2914 2433 2974 Paulo
2470 2923 2594 2988 post
2642 2913 2894 2988 denique
2924 2911 3130 2971 solutis
3167 2927 3233 2970 ac
3274 2913 3608 2986 putrefactis
3654 2928 3764 2970 un-

245 2994 369 3061 ca‘to
399 3003 600 3061 matris
630 3003 851 3062 bonum
887 3002 1225 3075 restituitur,
1270 3023 1375 3065 cur
1412 3008 1679 3079 saeviens,
1732 3007 1821 3065 vel
1862 3007 1957 3064 in-
2039 3008 2214 3079 dique
2238 3005 2528 3074 carnibus,
2558 3021 2622 3063 os
2648 3004 2718 3061 de
2747 3002 3080 3061 mandibula
3110 3001 3343 3071 cecidit;
3377 3018 3441 3061 ac
3464 3004 3760 3076 protinus,

240 3089 396 3162 juste
422 3088 788 3163 delin'quens,
822 3106 938 3150 non
971 3094 1377 3166 aequanimiter
1416 3095 1734 3169 perferatur
1757 3096 1786 3155 ‘?
1815 3094 1954 3155 Ter-
1977 3097 2202 3188 Comni
2250 3095 2445 3154 dolore
2489 3094 2703 3167 fugato,
2752 3090 2993 3188 cicatrix
3047 3092 3332 3188 occalluit,
3382 3092 3603 3188 sicque
3629 3093 3763 3188 jam

247 3176 419 3236 ribile
449 3186 600 3237 certe
638 3187 722 3236 est
760 3180 916 3253 quod
957 3180 1253 3257 Scriptura
1280 3184 1417 3242 dicit
1448 3209 1458 3242 :
1497 3206 1523 3238 «
1559 3183 1742 3255 Quam
1784 3188 1954 3245 mala:
1980 3176 2400 3259 "desperatum
2459 3183 2750 3241 hominem
2810 3180 3192 3239 incolumitati
3236 3180 3495 3253 priSlinze
3546 3180 3758 3238 divina

251 3268 422 3326 fama
448 3274 552 3340 est,
591 3268 690 3343 qui
726 3271 1005 3346 relinquit
1034 3280 1273 3345 patrem,
1311 3282 1366 3331 et
1410 3283 1492 3332 est
1536 3274 1880 3334 maledictus
1926 3293 1960 3333 a
2040 3277 2221 3351 pietas
2252 3273 2557 3347 reparavit.
2589 3272 2711 3329 Hoc
2752 3271 2947 3345 itaque
2989 3270 3156 3328 modo
3192 3269 3249 3326 in
3287 3270 3465 3327 unius
3493 3269 3766 3328 hominis

248 3358 366 3417 Deo
407 3359 507 3432 qui
553 3369 852 3435 exasperat
896 3367 1139 3420 matrem
1188 3366 1397 3434 (Ibid.).
1431 3386 1457 3418 »
1490 3364 1680 3435 Porro,
1726 3367 1827 3440 qui
1871 3381 1961 3440 pa-
2043 3367 2206 3436 faeie,
2251 3370 2308 3422 et
2345 3363 2563 3421 divina}
2600 3361 3010 3418 misericordiae
3049 3361 3341 3417 character
3380 3360 3761 3431 exprimitur,

249 3448 440 3506 rentes
467 3448 797 3519 inhonorat,
831 3446 1107 3524 quoniam
1140 3451 1424 3511 divinitus
1452 3452 1768 3524 abdicatur,
1802 3471 1959 3513 nun-

248 3538 390 3613 q'did
426 3555 539 3598 non
574 3540 628 3598 et
659 3540 719 3598 in
752 3541 856 3598 hac
890 3541 1004 3599 vita
1034 3542 1459 3601 confunditur?
1490 3542 1598 3604 Sed
1626 3545 1766 3603 audi
1805 3544 1959 3604 Scri-

246 3626 472 3702 pturam
506 3648 520 3685 :
556 3650 583 3682 «
613 3628 828 3700 Gloria,
859 3631 1070 3705 inquit,
1102 3632 1357 3692 hominis
1408 3650 1479 3692 ex
1524 3636 1742 3694 honore
1785 3635 1961 3710 patris

249 3720 360 3787 sui,
392 3725 448 3778 et
491 3719 740 3780 dedecus
788 3721 896 3779 lilii
939 3731 1096 3796 pater
1132 3726 1256 3783 sine
1304 3726 1518 3785 honore
1556 3730 1752 3797 (Ibid.l.
1787 3748 1814 3780 »
1844 3726 1960 3786 Sed

250 3804 396 3865 dum
436 3816 698 3867 veterum
739 3814 1109 3884 congerimus
1151 3814 1473 3874 testimonia
1508 3814 1960 3889 scripturarum,

249 3896 425 3954 etiam
457 3897 595 3954 novi
616 3913 782 3957 casus
801 3915 1088 3973 apponere
1115 3904 1230 3959 non
1263 3919 1573 3975 gravemur
1600 3904 1959 3978 exemplum,

252 3990 317 4040 ut
345 3976 547 4042 saltem
568 3984 801 4044 ostensa
826 3986 1046 4046 divinae
1069 3990 1313 4062 justitia)
1344 3990 1595 4049 vindicta
1629 3976 1794 4068 [noni
1817 4010 1964 4066 prae—

254 4079 464 4140 tereat,
525 4090 674 4149 quos
729 4076 1128 4136 mandatorum
1182 4077 1503 4138 caelestium
1559 4080 1792 4154 cingula
1848 4099 1965 4141 non

253 4175 313 4217 re
322 4160 567 4221 frenant.

328 4250 521 4311 Pridie
559 4270 765 4330 nempe
810 4265 936 4330 post
984 4273 1303 4332 vesperam,
1354 4275 1428 4318 ex
1471 4276 1569 4319 ore
1612 4261 1794 4335 ipsius
1840 4263 1967 4320 Ale-

256 4341 464 4400 xandri
513 4346 861 4405 venerabilis
908 4364 1090 4422 papae,
1138 4366 1228 4408 me
1278 4349 1516 4423 contigit
1563 4351 1767 4410 audire
1812 4351 1964 4427 quod

2040 3463 2094 3514 et
2116 3456 2390 3513 humanze
2411 3453 2599 3524 culpae
2619 3448 2985 3523 signaculum
3008 3448 3319 3506 retinetur:
3344 3454 3407 3505 ut
3429 3447 3572 3505 dum
3594 3464 3765 3507 exos

2042 3553 2161 3603 sala
2192 3543 2363 3601 facies
2390 3540 2665 3606 cernitur,
2718 3543 2771 3596 et
2818 3542 3011 3595 sanata
3066 3538 3363 3595 evidenter
3410 3539 3654 3607 eluceat,
3704 3547 3765 3595 et

2042 3634 2184 3709 quid
2236 3634 2345 3691 filii
2396 3628 2692 3689 szevientis
2717 3631 2776 3703 (γ’.
2820 3628 3098 3701 impietas)
3144 3628 3457 3698 immeruit,
3511 3636 3569 3685 et
3612 3630 3758 3704 quid

2041 3728 2095 3785 ei
2126 3724 2281 3798 apud
2314 3738 2484 3781 aures
2523 3720 2740 3779 divinae
2773 3718 3093 3777 clementia:
3130 3726 3387 3777 materna
3426 3719 3607 3791 pietas
3643 3718 3729 3775 im

2048 3814 2309 3886 petravit.
2348 3811 2491 3870 Haec
2520 3811 2696 3884 igitur
2729 3816 2802 3874 te,
2839 3809 2929 3866 vir
2960 3808 3302 3877 clarissime,
3329 3807 3534 3865 divina
3569 3806 3765 3866 virtus

2042 3902 2365 3972 admoneat,
2397 3900 2521 3957 haec
2548 3895 2900 3971 prosilientis
2947 3895 3003 3953 in
3051 3904 3292 3953 matrem
3337 3895 3501 3968 plaga
3540 3903 3769 3968 perter-

2047 3999 2185 4062 reat,
2226 4000 2282 4049 et
2323 4006 2438 4048 non
2485 3988 2653 4047 modo
2696 4003 2776 4058 se,
2809 3987 2904 4044 sed
2947 3994 3001 4044 et
3047 3985 3469 4044 serenissimam
3513 3999 3766 4043 uxorem

2046 4086 2206 4143 tuam
2232 4098 2265 4140 a
2297 4081 2556 4140 socerina
2585 4094 2821 4152 prorsus
2861 4077 3179 4136 oli‘ensione
3217 4083 3530 4149 compescat
3565 4100 3577 4132 :
3613 4090 3769 4148 qua—

2047 4183 2214 4233 tenus
2254 4172 2395 4230 dum
2440 4170 2689 4229 honoras
2743 4178 3033 4240 parentem
3072 4167 3225 4241 quod
3273 4174 3355 4224 est
3400 4167 3653 4240 primum
3702 4165 3767 4222 in

2047 4262 2428 4338 promissione
2459 4261 2795 4319 mandatum
2843 4259 3040 4329 (Exod.
3073 4270 3201 4327 xx;
3246 4261 3402 4314 Deut.
3438 4268 3512 4324 v;
3552 4257 3766 4317 Matth.

2047 4355 2179 4426 xv),
2237 4349 2572 4411 transmisso
2622 4349 2973 4424 quandoque
3023 4348 3262 4416 deserto,
3317 4362 3449 4405 cum
3512 4345 3603 4402 his
3657 4345 3768 4418 qui

254 4434 458 4493 refero.
516 4433 870 4505 Ardericus,
928 4437 1162 4510 inquit,
1226 4437 1461 4513 quidam
1521 4438 1965 4500 Mediolanensis
1986 4441 2170 4536 Dveri
2212 4444 2350 4499 sunt
2378 4437 2672 4507 lsraelitaa,
2720 4442 2927 4495 terram
2980 4436 3251 4494 merearis
3294 4436 3515 4517 intrare
3554 4433 3773 4490 viven-

254 4520 420 4580 urbis
446 4520 737 4593 indigena,
771 4522 908 4583 dum
942 4541 1126 4585 uxore
1149 4525 1339 4595 ducta,
1367 4527 1677 4586 celebraret
1706 4529 1965 4603 nuptiale

255 4611 630 4681 convivium,
705 4623 1054 4687 conquestus
1120 4624 1204 4674 est
1273 4615 1532 4690 opinator
1592 4622 1965 4691 conspersum

256 4700 447 4774 epulis
483 4699 756 4757 defecisse
799 4699 1177 4774 pigmentum.
1221 4702 1484 4779 Cumque
1534 4703 1710 4778 hujus
1754 4706 1839 4763 rei
1880 4721 1967 4764 ca-

254 4787 543 4849 lumniam
575 4802 821 4860 sponsus
851 4788 909 4847 in
940 4796 1178 4848 matrem
1208 4807 1323 4849 non
1356 4792 1482 4850 sine
1513 4795 1759 4866 quodam
1785 4794 1967 4868 jurgii

260 4887 483 4938 tumore
528 4874 876 4948 devolveret,
922 4888 976 4938 et
1023 4896 1129 4939 cur
1178 4881 1328 4939 hanc
1376 4890 1661 4955 pateretur
1713 4883 1967 4957 inopiam

2053 4531 2219 4589 tium.

2656 4621 3024 4682 EPISTULA
3054 4620 3154 4680 IV.

2052 4748 2129 4795 AD
2150 4745 2480 4793 ALBERICUM
2500 4743 3126 4800 SENATOREM,FJUSQUE
3143 4742 3388 4788 UXOREM
3407 4740 3770 4787 ERMILINAM.

2053 4859 2496 4933 At‘gGUMttnTUn.
2530 4889 2596 4933 _—
2623 4855 2956 4913 Albericum
2999 4860 3053 4912 et
3107 4855 3233 4927 ejus
3265 4853 3590 4933 conjugem,
3640 4854 3781 4933 qui;

2125 4930 2232 4988 bus
2276 4929 2433 4986 ﬁlius
2469 4928 2665 4985 infans
2706 4934 2962 4984 recenter
3007 4935 3271 4984 mortuus
3307 4931 3448 4991 erat,
3480 4928 3777 4981 consolari

2123 5000 2367 5070 nititur,
2421 5000 2730 5057 ostendens
2788 4997 2987 5055 laetitia
3040 4995 3228 5069 potius
3285 5012 3460 5070 quam
3518 5010 3782 5070 mmrore

2124 5067 2525 5152 excipiendam
2579 5071 2914 5152 essehiilius
2962 5067 3221 5152 mortem,
3278 5067 3471 5149 utpote
3512 5083 3645 5123 cum
3692 5067 3779 5152 ad

259 4968 440 5028 iratus
467 4975 521 5026 et
543 4976 856 5027 contumax
889 4969 1246 5041 inquisisset,
1284 4980 1464 5029 mater
1490 4981 1682 5030 autem
1717 4989 1777 5031 se
1805 4975 1968 5033 sufﬁ-

259 5058 475 5116 cienter
504 5059 861 5135 exhibuisse
911 5059 1194 5118 ministris
1246 5060 1394 5118 hanc
1437 5062 1685 5135 speciem
1723 5072 1971 5122 econtra-

260 5146 346 5204 rio
377 5132 764 5219 responderet,
798 5148 895 5205 ille
938 5149 1171 5207 tandem
1218 5132 1535 5209 iracundiae
1581 5150 1716 5209 felle
1751 5167 1971 5225 permo-
2125 5132 2533 5225 εεθίηὺἱζῼτηβξη
2576 5140 2904 5225 τειίςὶιίιῐςηι
2950 5157 3021 5223 Fx
3068 5140 3174 5225 ηἰιο
3208 5132 3584 5225 ἰειίξένίίιξυω
3617 5136 3781 5194 νειηθ

266 5242 376 5301 tus,
425 5210 634 5292 manus
675 5210 888 5293 inferre
940 5253 1053 5296 non
1099 5237 1313 5309 timuit,
1350 5240 1519 5312 eique
1566 5210 1866 5311 protervus
1906 5255 1971 5297 ac
2124 5214 2249 5271 Sine
2276 5213 2398 5270 “"0
2428 5212 2621 5270 labor"
2650 5220 2705 5271 θί
2732 5213 3045 5270 """amine
3076 5210 3385 5269 mmsmus
3413 5216 3506 5267 51L

263 5320 479 5380 furiose
509 5324 812 5381 vesaniens
849 5324 1073 5398 alapam
1115 5326 1496 5384 irreverenter
1523 5326 1785 5385 incussit.
1835 5326 1968 5398 Sed,
2125 5327 2350 5384 Domno
2401 5326 2695 5385 ALBantco
2746 5326 3047 5384 senatorit'e
3120 5323 3416 5398 dignitatis
3486 5322 3651 5394 viro,
3717 5331 3782 5382 et

259 5425 294 5469 o
333 5407 530 5467 divina
563 5411 790 5486 justitia
823 5414 1181 5472 iracundiam
1214 5422 1470 5473 nostram
1508 5415 1829 5484 vindicans,
1871 5414 1968 5474 sed
2054 5415 2369 5473 E‘nmLINzE
2403 5415 2654 5488 conjugi,
2698 5413 2924 5473 Pli'l‘lttS
2961 5419 3223 5487 peccator
3251 5412 3574 5472 monachus
3603 5411 3780 5470 salu-

262 5513 379 5557 non
428 5497 610 5567 irata;
664 5498 722 5556 in
773 5501 1019 5560 furentis
1067 5502 1250 5561 animi
1298 5503 1517 5561 rabiem
1563 5505 1830 5577 saeviens,
1872 5504 1969 5595 sed
2053 5509 2165 5561 tem
2202 5503 2261 5562 in
2296 5503 2560 5563 Domino.

258 5588 493 5663 quieta;
550 5587 833 5649 ulciscens
891 5591 1190 5667 impacatae
1244 5593 1454 5652 mentis
1506 5595 1816 5668 insaniam,
1871 5587 1970 5654 sed
2125 5590 2434 5665 Noveritis,
2477 5590 2856 5665 dilectissimi,
2897 5594 3035 5667 quia
3075 5607 3211 5654 cum
3242 5604 3611 5653 communem
3651 5605 3781 5651 ex-
