4024 6198
211 265 318 325 469

1451 270 1678 334 LIBER
1719 273 2085 350 OCTAVUS,
2126 274 2359 336 EPIST.
2403 274 2474 333 v.

3605 264 3716 325 470

209 386 495 446 cellentiae
513 391 719 446 vestrae
739 387 925 447 tilium
952 390 1022 448 ad
1052 390 1154 450 Dei
1175 393 1587 466 omnipotentis
1605 394 1918 469 imperium
1937 404 1989 462 A
2005 398 2188 472 magis
2206 398 2276 457 ad
2295 413 2429 458 eum
2446 414 2459 466 ;
2478 395 2578 454 ille
2598 409 2717 453 non
2731 394 3047 453 revertetur
3063 390 3138 450 ad
3156 405 3250 450 me
3271 393 3351 461 (Π
3525 391 3655 459 xu).
3677 409 3699 439 ι

209 495 280 537 ex
308 479 417 535 hoc
447 477 660 536 saeculo
687 479 958 537 transisse
995 482 1394 554 cognovimus,
1428 483 1607 544 subiti
1636 502 1741 544 nos
1775 503 1917 546 mte-

210 565 353 626 roris
379 566 652 636 angustia
688 565 958 639 perculit,
993 575 1046 625 et
1078 569 1324 628 tristitize
1353 587 1468 629 non
1516 572 1658 631 levis
1684 575 1923 635 aculeus

207 671 303 713 cer
357 660 628 711 nostrum
684 656 775 727 pia
822 657 1219 730 compassione
1273 661 1583 720 transfixit.
1626 662 1736 723 Sed
1789 680 1922 724 cum

207 751 431 816 recepto
469 741 713 800 consilio
750 742 1060 816 diligenter
1090 747 1426 805 examinare
1458 764 1574 807 rem
1618 751 1920 824 ccepimus,

206 842 259 892 et
300 832 681 907 nosmetipsos
728 836 1210 908 reprehensibiles
1243 839 1598 912 judicamus,
1641 848 1696 900 et
1741 843 1921 902 subli-

208 923 426 981 mitatis
471 931 675 980 vestra)
720 924 1082 996 prudentiam
1133 942 1437 987 mcerorem
1469 929 1754 1003 deponere
1786 933 1920 991 sub-

206 1012 402 1070 missis
431 1012 696 1085 precibus
722 1013 1027 1072 humiliter
1057 1016 1387 1076 suademus.
1418 1017 1567 1088 Quid
1596 1021 1754 1079 enim
1786 1022 1921 1081 boni

206 1112 395 1160 vestra
439 1103 665 1161 devotio
704 1104 761 1161 in
809 1115 1117 1178 conspectu
1164 1110 1262 1168 Dei
1306 1112 1714 1186 omnipotentis
1756 1130 1924 1188 agere

201 1193 413 1265 potuit,
448 1198 512 1249 ut
550 1192 671 1265 ipse
715 1193 878 1252 vobis
917 1196 1058 1253 tanti
1108 1199 1367 1256 muneris
1415 1201 1759 1260 leneﬁcium
1800 1219 1923 1261 me-

204 1282 314 1339 rito
351 1280 768 1355 praestitisset?
818 1282 1093 1343 Videlicet
1133 1294 1195 1345 ut
1229 1287 1300 1347 de
1338 1290 1559 1349 semine
1599 1298 1788 1351 vestro
1827 1309 1922 1351 so-

202 1376 399 1435 bolem
446 1376 517 1433 ad
563 1377 816 1436 caelestia
867 1394 1039 1453 regna
1088 1380 1439 1455 transferret,
1494 1381 1646 1441 inter
1689 1383 1925 1456 angelos

203 1466 775 1537 constitueret,‘stola
813 1466 1260 1533 immortalitatis
1290 1468 1575 1543 indueret,
1617 1487 1682 1529 ac
1725 1471 1920 1531 diade-

205 1563 358 1613 mate
409 1562 697 1630 perpetuae
743 1556 943 1630 glorize
984 1566 1282 1617 coronaret
1328 1584 1339 1617 :
1394 1560 1640 1634 propriis
1683 1561 1922 1635 insuper

203 1645 364 1705 ulnis
408 1647 768 1721 astringeret,
800 1649 995 1707 oscula
1048 1656 1324 1725 tanquam
1356 1649 1544 1709 dulcis
1578 1658 1739 1726 pater
1780 1652 1921 1710 inli-

2001 486 2406 557 Quamobrem,
2444 482 2825 553 dilectissimi,
2864 480 3059 541 omnia
3088 479 3303 540 doloris
3346 484 3519 559 atque
3557 491 3700 535 mte-

2002 576 2173 635 stitize
2210 575 2464 634 lamenta
2499 572 2784 645 deponite,
2825 570 2989 630 solita
3028 569 3229 645 domui
3269 574 3477 627 vestrm
3529 567 3703 642 spiri-

2003 664 2178 725 tualis
2224 662 2440 722 lietitite
2496 662 2707 737 gaudia
2756 665 3032 734 reparate,
3085 666 3333 741 mentes.
3361 664 3577 715 vestras
3639 655 3712 715 ad

2001 772 2161 830 spem
2198 770 2463 830 supernae
2493 751 2903 812 consolationis
2931 750 3153 821 erigite,
3185 754 3241 806 et
3288 747 3476 807 divini
3504 746 3706 806 verbe-

2002 845 2082 904 ris
2121 848 2270 903 ictus
2313 860 2427 904 non
2478 845 2668 903 solum
2720 843 2999 916 patienter
3036 847 3091 899 et
3137 837 3564 912 zequanimiter,
3611 836 3710 897 sed

2002 932 2176 989 etiam
2191 931 2456 990 alacriter
2477 931 2726 989 tolerate.
2756 927 3132 1002 Omnipotens
3161 927 3333 997 Deus,
3358 926 3460 1000 qui
3489 925 3707 997 Filium

2004 1030 2261 1079 vestrum
2302 1019 2373 1077 de
2422 1020 2622 1077 vestris
2667 1018 2941 1077 manibus
2991 1016 3204 1085 tollere,
3256 1021 3311 1074 et
3357 1015 3417 1073 in
3466 1013 3712 1088 propriae

2003 1108 2326 1169 dilectionis
2394 1110 2704 1184 amplexus
2752 1110 3023 1181 dignatus
3077 1113 3162 1165 est
3220 1111 3459 1182 paterna
3506 1104 3715 1178 pietate

2005 1201 2331 1271 transferre,
2371 1201 2681 1270 multiplex
2719 1201 2923 1274 utique
2962 1214 3063 1272 pro
3106 1214 3223 1257 uno
3255 1212 3434 1271 puero
3470 1211 3711 1266 germen

2001 1289 2293 1359 attribuat,
2324 1295 2381 1348 et
2409 1289 2649 1363 insuper
2689 1303 2995 1363 nunquam
3041 1286 3388 1345 morituram
3423 1284 3709 1345 bonorum

2001 1394 2243 1452 operum
2274 1376 2529 1437 sobolem
2557 1393 2832 1450 generare
2859 1375 3149 1435 concedat.

2609 1510 2976 1572 EPISTULA
3005 1510 3075 1567 V.

2352 1641 2429 1687 AD
2483 1641 2719 1688 PETRUM
2762 1638 3113 1687 SENATOREM
3166 1636 3350 1683 URBIS.

201 1742 381 1807 geret,
415 1742 470 1794 et
492 1736 649 1795 velut
677 1738 971 1796 uterinum
1002 1738 1215 1811 ﬁlium,
1244 1738 1300 1797 in
1325 1739 1426 1799 illo
1450 1740 1660 1812 quietis
1681 1748 1914 1800 aeternae
1938 1755 1985 1817 Β
2002 1746 2444 1805 ARGUMENTUM.
2480 1775 2547 1787 -
2588 1745 2818 1803 Petrum
2841 1741 3143 1802 senatorias
3176 1739 3473 1817 dignitatis
3500 1738 3712 1817 virum,

202 1824 462 1883 thalamo
515 1825 750 1884 feliciter
806 1827 1126 1886 collocaret.
1192 1827 1335 1885 Ecce
1391 1844 1497 1886 nos
1549 1828 1809 1888 infelices
1862 1838 1917 1889 et

202 1914 426 1983 miseri,
445 1916 595 1989 quod
622 1915 822 1989 utique
847 1918 916 1976 de
946 1932 1039 1974 me
1068 1915 1326 1990 meisque
1352 1915 1643 1977 similibus
1672 1924 1728 1977 et
1755 1934 1915 1976 com-

202 2002 598 2077 peccatoribns
657 2004 876 2081 loquor,
933 2005 1084 2080 quod
1132 2006 1465 2079 jejunantcs
1538 2012 1593 2065 et
1640 2008 1918 2066 adversus

202 2094 496 2165 malignos
547 2093 784 2167 spiritus
822 2095 1210 2154 initederabili
1249 2098 1670 2157 concertatione
1702 2100 1918 2174 jugiter

200 2182 473 2239 obluctari
485 2188 566 2239 tes
583 2198 809 2256 sperare
825 2184 921 2242 vix
935 2200 1271 2259 possumus;
1292 2186 1397 2243 iste
1414 2187 1538 2245 sine
1556 2186 1674 2245 ulla
1690 2187 1919 2247 sudoris

202 2280 251 2333 et
277 2274 504 2331 laboris
532 2271 675 2329 276
713 2272 1005 2345 instantia,
1046 2277 1222 2349 gratis
1270 2276 1539 2349 obtinuit,
1576 2284 1632 2336 et
1664 2279 1738 2337 ad
1768 2279 1918 2339 illud

205 2365 509 2421 beatorum
544 2362 761 2420 civium
800 2365 1059 2436 nuptiale
1094 2365 1435 2425 convivium
1477 2367 1602 2425 sine
1641 2367 1762 2431 ullo
1793 2385 1917 2429 cer-

203 2452 445 2509 taminis
510 2468 575 2509 ac
642 2452 855 2510 fastidii
914 2453 1106 2513 labore
1163 2455 1439 2525 pervenit.
1493 2455 1625 2514 Huc
1679 2458 1916 2528 accedit,

206 2540 341 2614 quia
376 2541 481 2614 qui
526 2540 708 2598 tilium
737 2541 808 2599 de
849 2543 1051 2600 vestris
1100 2544 1372 2602 manibus
1400 2544 1658 2615 abstulit,
1685 2551 1741 2603 et
1782 2562 1919 2603 eum

204 2632 331 2704 plus
365 2630 481 2687 sibi
517 2645 687 2704 quam
722 2631 885 2688 vobis
923 2632 1187 2704 diligens,
1226 2633 1285 2689 in
1321 2632 1767 2690 contubernium
1799 2650 1920 2692 suae

201 2718 534 2792 adoptionis
581 2720 801 2786 ascivit,
843 2726 1045 2795 potens
1071 2729 1157 2778 est
1203 2721 1383 2778 inulto
1428 2720 1587 2779 vobis
1625 2722 1921 2780 meliorem

203 2807 487 2878 reddere;
519 2814 574 2865 et
614 2824 718 2881 pro
758 2826 893 2881 uno,
926 2810 1304 2883 multiplicem
1348 2827 1422 2868 ex
1462 2812 1625 2870 vobis
1666 2814 1920 2875 sobolem

200 2911 539 2969 propagare.
580 2900 749 2955 Anna
792 2899 1069 2958 nimirum
1105 2915 1254 2957 uxor
1291 2899 1539 2967 Eleanze,
1579 2902 1820 2961 unicum
1850 2903 1921 2961 fi-

207 2986 353 3046 lium
400 2989 463 3045 in
496 2988 863 3048 tabernaculo
900 2991 969 3047 ad
1002 2991 1312 3048 servandas
1350 2991 1492 3063 legis
1520 2991 1737 3052 divinze
1765 3009 1920 3051 cere.-

2072 1818 2172 1892 qni
2223 1818 2519 1892 ecclesiam
2555 1824 2884 1892 construere
2920 1808 3470 1892 aggressusfnescio
3493 1827 3611 1892 qua
3646 1808 3718 1879 de

2043 1882 2263 1959 causa,
2318 1889 2507 1945 statim
2546 1887 2618 1944 ab
2660 1888 2881 1959 incepto
2928 1882 3239 1952 destiterat,
3268 1882 3352 1959 ad
3412 1882 3715 1955 perlicien-

2072 1960 2211 2017 dum
2252 1955 2509 2033 ereptum
2558 1971 2733 2033 opus
2762 1955 3040 2033 hortatur,
3086 1955 3391 2033 ostendens
3434 1968 3549 2011 non
3595 1968 3720 2033 esse

2073 2046 2272 2089 verum
2296 2024 2448 2103 quod
2466 2024 2738 2089 nonnulli
2765 2024 3116 2101 garriebant,
3144 2025 3366 2085 nullam
3399 2024 3717 2083 mercedem

2073 2111 2150 2184 iis
2172 2110 2347 2184 tribui
2377 2127 2411 2184 a
2440 2111 2577 2184 Deo,
2609 2110 2713 2184 qui
2741 2107 3007 2184 ecclesias
3029 2104 3509 2184 2791aadiiicant.
3540 2104 3718 2184 qujus

2072 2182 2156 2240 rei
2182 2181 2364 2253 gratia
2390 2175 2714 2241 Salomonis
2734 2188 2790 2239 et
2810 2180 3059 2239 aliorum
3083 2176 3350 2252 exempla
3373 2176 3434 2235 in
3455 2175 3715 2235 medium

2073 2253 2255 2311 alfert.

2079 2360 2327 2419 Domino
2361 2360 2556 2418 ΡΕΤιιυ
2594 2358 2898 2420 senatoriae
2944 2356 3243 2432 dignitatis
3281 2356 3427 2426 viro,
3484 2355 3713 2417 PETRUS

2009 2460 2268 2528 peccator
2298 2452 2617 2510 monachus
2641 2451 2888 2509 salutem
2912 2449 2971 2507 in
3004 2447 3272 2506 Domino.

2083 2541 2414 2600 Electorum
2464 2557 2529 2600 ac
2580 2542 2960 2614 reproborum
3037 2551 3345 2597 commune
3422 2543 3506 2594 est
3565 2535 3714 2594 bona

2011 2629 2286 2705 quaelibet
2338 2631 2736 2689 inditferenter
2789 2629 3063 2702 incipere,
3117 2626 3213 2685 sed
3269 2624 3582 2683 electorum
3629 2630 3716 2682 est

2009 2716 2331 2791 specialiter
2403 2733 2536 2791 quas
2610 2717 2757 2775 bene
2829 2722 3011 2788 ncepta
3079 2719 3215 2772 sunt
3284 2728 3712 2772 consummare.

2008 2806 2109 2865 Isti
2138 2806 2426 2880 siquidem
2470 2806 2532 2864 in
2567 2822 2634 2865 eo
2681 2804 2837 2881 quod
2870 2804 3145 2863 inchoent
3171 2802 3553 2861 immobiliter
3583 2818 3715 2878 per-

2009 2904 2313 2957 severant:
2368 2896 2476 2967 illi,
2522 2897 2659 2955 dum
2702 2910 2927 2967 semper
2973 2891 3420 2952 inconstantiam
3467 2892 3710 2962 variant,

2008 2989 2365 3062 propositum
2415 2987 2687 3047 velociter
2740 2992 2986 3046 mutant.
3044 2985 3204 3045 Unde
3249 2985 3528 3059 scriptum
3580 2993 3709 3044 est:

203 3078 437 3135 monias
480 3077 694 3151 jugiter
732 3080 1016 3137 excubare
1061 3078 1393 3145 constituit;
1453 3095 1724 3156 eumque,
1775 3082 1987 3175 sicutc
2015 3104 2041 3127 «
2083 3078 2306 3136 Stultus
2344 3085 2409 3137 ut
2443 3078 2583 3137 luna
2619 3085 2878 3137 mutatur
2905 3080 3097 3146 (Eccli.
3146 3080 3365 3144 XXVII).
3402 3101 3429 3126 κ
3479 3074 3713 3150 Οαερὶεῐὶ

203 3167 505 3239 Scriptura
549 3175 804 3238 testatur,
848 3195 872 3215 «
917 3169 1161 3227 Domino
1206 3168 1363 3226 velut
1400 3169 1462 3226 in
1504 3170 1721 3228 ftenore
1757 3186 1916 3229 com-
1946 3166 2265 3241 'quidem,
2323 3167 2713 3241 dilectissime,
2779 3168 3191 3228 monasterium
3249 3166 3558 3237 aediﬁcare,
3615 3167 3715 3225 sed

202 3257 461 3313 modnvit
487 3261 537 3324 (Ι
559 3260 693 3326 Reg.
722 3263 784 3325 ι).
823 3283 847 3305 ››
883 3257 1034 3316 Hinc
1054 3266 1138 3315 est
1165 3258 1320 3332 quod
1344 3259 1542 3316 eadem
1567 3266 1759 3317 sancta
1786 3275 1915 3317 mu-

203 3346 302 3401 lier
332 3344 411 3401 ad
446 3344 579 3403 Heli
609 3347 955 3405 sacerdotem
985 3348 1163 3406 dicit:
1201 3371 1224 3399 ι
1260 3347 1452 3419 Oravi,
1482 3357 1538 3407 et
1575 3349 1732 3408 dedit
1775 3348 1916 3407 mihi

207 3432 492 3493 Dominus
535 3435 866 3507 petitionem
914 3452 1118 3506 meam,
1180 3453 1355 3511 quam
1403 3438 1689 3510 postulavi
1742 3454 1915 3507 eum;

200 3520 419 3579 idcirco
455 3529 510 3578 et
564 3537 668 3595 ego
712 3524 1073 3582 commodavi
1115 3540 1248 3581 cum
1272 3524 1519 3582 Domino
1549 3524 1772 3583 cunctis
1794 3524 1918 3582 die-

199 3608 569 3684 bus,quibus
594 3609 765 3667 fuerit
786 3612 1247 3671 accommodatus
1266 3613 1530 3671 Domino.
1564 3635 1582 3662 ι
1613 3612 1718 3671 Cui
1744 3612 1917 3670 etiam

200 3698 468 3757 sacerdos
496 3699 629 3757 Heli
665 3723 679 3757 :
714 3721 741 3751 «
769 3699 988 3759 Reddat
1019 3702 1303 3761 Dominus
1333 3702 1434 3761 tibi
1459 3718 1657 3761 semen
1684 3704 1754 3763 de
1788 3718 1918 3761 mu-

202 3786 341 3847 liere
412 3790 516 3846 bac
574 3805 679 3863 pro
738 3793 953 3849 fcenore
1007 3793 1164 3865 quod
1232 3791 1610 3851 commodasti
1673 3793 1920 3851 Domino

199 3881 247 3945 (Ι
284 3882 424 3947 Reg.
478 3890 619 3942 11).»
670 3879 861 3951 Porro,
892 3881 1044 3954 quod
1091 3897 1193 3955 pro
1237 3882 1452 3939 foenore
1503 3882 1920 3952 commodatur,

200 3982 313 4025 non
346 3967 602 4040 simplex
626 3983 873 4036 summa,
902 3967 1001 4025 sed
1024 3968 1402 4043 multiplicata
1433 3970 1723 4043 recipitur.
1760 3969 1922 4028 Unde

199 4062 252 4113 et
276 4055 406 4113 illic
432 4063 640 4128 praesto
670 4056 1043 4129 subjungitur
1076 4077 1087 4115 :
1117 4079 1143 4111 «
1178 4056 1444 4115 Visitavit
1472 4074 1608 4131 ergo
1636 4056 1923 4117 Dominus

202 4144 462 4215 Annam,
523 4153 578 4204 et
635 4146 913 4219 concepit,
970 4152 1023 4203 et
1070 4147 1288 4220 peperit
1334 4153 1446 4205 tres
1493 4147 1644 4205 tilios
1687 4154 1742 4205 et
1780 4146 1925 4205 duas

202 4233 350 4299 ﬁlias
391 4238 600 4304 (Ibid).
639 4261 664 4284 »
707 4235 816 4305 Qui
858 4252 991 4307 ergo
1044 4252 1145 4310 pro
1193 4252 1308 4295 uno
1353 4237 1473 4295 tilio
1525 4244 1637 4294 tam
1684 4237 1923 4295 uberem

200 4327 429 4398 prolem
483 4327 754 4397 reddidit,
792 4335 1007 4401 quanto
1060 4328 1244 4400 magis
1286 4342 1388 4386 vos
1442 4328 1503 4386 in
1560 4328 1925 4403 propagando

202 4421 431 4479 semine
462 4422 535 4478 de
574 4421 755 4478 sancti
795 4421 965 4479 vestri
1003 4422 1264 4496 conjugii
1301 4421 1577 4480 charitate
1629 4420 1921 4479 laetiﬁcare

204 4468 431 4479 -...-..---
464 4468 534 4478 ..ν
574 4468 755 4478 νην--
804 4468 965 4479 .w...
1005 4468 1264 4496 w..,..,.,.-
1302 4468 1577 4480 πωπω
1629 4468 1920 4479 .νν....υ...ν

204 4512 415 4581 potuit,
443 4510 544 4586 qui
570 4509 757 4568 ﬁlium
789 4518 1041 4568 vestrum
1066 4527 1183 4569 non
1212 4511 1273 4568 in
1302 4518 1524 4569 terreno
1556 4468 1983 4569 tabernaculop

203 4599 427 4656 servire
456 4598 744 4671 przecepit,
778 4599 873 4655 sed
917 4598 1105 4671 potius
1150 4597 1208 4655 in
1242 4597 1346 4655 illa
1380 4598 1598 4656 cretesti
1641 4597 1922 4657 Hierusa-

204 4684 319 4743 lem
370 4692 503 4744 ante
548 4702 674 4744 suze
707 4685 1018 4758 majestatis
1055 4685 1325 4744 obtutum
1369 4692 1645 4758 perpetuo
1684 4700 1923 4759 regnare

203 4777 506 4835 constituit
550 4774 578 4833 ?
624 4775 941 4833 Excessant
982 4791 1137 4848 ergo,
1187 4775 1571 4847 dilectissimi,
1628 4775 1698 4833 de
1740 4775 1925 4834 oculis

206 4865 417 4923 vestris
466 4866 763 4940 lacrymaa,
811 4863 1058 4935 gemitus
1114 4872 1169 4922 et
1213 4865 1461 4936 suspiria
1514 4864 1922 4937 reprimuntur,

204 4952 485 5027 lugubria
512 4952 791 5028 quaelibet
816 4952 887 5010 de
928 4953 1129 5010 vestris
1163 4954 1427 5012 vultibus
1457 4959 1824 5023 evanescant,
1872 4957 1929 5009 et

210 5042 420 5100 festiva
474 5041 769 5111 serenitas,
825 5040 1080 5112 deposito
1126 5058 1361 5116 prorsus
1444 5042 1605 5099 omni
1664 5054 1924 5106 mcerore,

209 5133 592 5208 resplendeat.
654 5133 814 5192 Dicat
869 5133 1059 5207 itaque
1115 5137 1309 5188 sancta
1382 5129 1684 5203 prudentia
1742 5136 1928 5188 vestra

208 5224 396 5283 simul
420 5241 551 5283 cum
586 5241 717 5295 rege
742 5224 925 5282 David
959 5244 971 5281 ε
1011 5248 1039 5273 α
1076 5221 1310 5294 Propter
1334 5221 1635 5289 infantem,
1666 5221 1805 5279 dum
1836 5220 1931 5278 ad-

211 5313 331 5373 huc
366 5316 601 5378 viveret.
630 5314 894 5387 jejunavi
930 5321 984 5371 et
1022 5312 1155 5370 ﬂevi
1186 5330 1197 5368 :
1231 5309 1493 5369 dicebam
1533 5310 1689 5368 enim
1726 5329 1739 5367 :
1790 5308 1932 5379 Quis

210 5404 320 5461 scit
355 5403 411 5460 si
454 5404 594 5463 forte
632 5404 805 5462 donet
851 5420 984 5461 eum
1024 5400 1168 5459 milii
1206 5399 1486 5459 Dominus
1530 5406 1592 5456 ut
1638 5399 1795 5457 vivat
1836 5398 1930 5456 in-

214 5491 349 5552 fans
374 5490 405 5549 ?
432 5492 594 5551 Nunc
622 5500 838 5562 autem,
878 5492 1015 5566 quia
1051 5497 1311 5549 mortuus
1338 5496 1444 5559 est,
1477 5502 1655 5561 quare
1686 5485 1887 5560 jejuno
1908 5495 1932 5544 ἰ

215 5579 506 5654 Nunquid
534 5591 730 5654 potero
764 5595 1030 5642 revocare
1060 5594 1199 5639 eum
1223 5576 1476 5651 amplius
1505 5574 1533 5637 ?
1566 5575 1686 5650 Ego
1727 5574 1933 5634 vadam

2002 3268 2314 3332 antequam
2371 3275 2495 3319 sese
2550 3262 2621 3319 ad
2680 3258 3153 3334 sexquipedalem
3212 3261 3328 3318 fere
3381 3273 3712 3317 mensuram

2003 3349 2248 3408 muralis
2301 3356 2589 3409 structura
2644 3351 2981 3421 subrigeret,
3032 3348 3342 3419 deiecisti;
3394 3352 3460 3406 ut
3510 3347 3714 3406 merito

2004 3439 2325 3497 secundum
2362 3439 2753 3511 evangeliram
2779 3438 2911 3510 quis
2949 3438 3136 3496 valeat
3163 3436 3271 3495 hoc
3308 3435 3551 3494 irridere
3577 3450 3709 3493 sen-

2004 3527 2265 3598 tentiam,
2334 3543 2451 3599 qua
2514 3526 2725 3585 dicitur
2775 3545 2787 3583 :
2855 3546 2883 3579 «
2937 3524 3083 3596 Quia
3138 3524 3231 3583 hic
3301 3524 3474 3582 homo
3543 3521 3715 3597 ccepit

2002 3618 2312 3688 aediﬁcare,
2341 3626 2396 3676 et
2444 3633 2562 3676 non
2612 3616 2795 3692 potuit
2836 3631 3242 3675 consummare
3283 3618 3430 3685 (Luc.
3486 3614 3648 3682 XIV);
3680 3633 3709 3664 »

2003 3707 2096 3764 vel
2131 3706 2274 3764 illud
2325 3707 2480 3779 quod
2537 3725 2595 3763 ιιι
2658 3705 2807 3763 libro
2867 3703 3165 3763 Nehemiae
3215 3702 3427 3762 Tobias
3478 3702 3712 3759 Αωωο-

2003 3797 2154 3853 nites
2200 3794 2270 3853 de
2322 3795 2705 3864 Hierusilem,
2756 3794 2897 3853 dum
2952 3792 3418 3862 reaediiicaretur,
3462 3790 3714 3849 irridens

2003 3883 2082 3942 ait
2142 3902 2155 3941 :
2212 3906 2233 3935 κ
2268 3883 2614 3954 [ΕιΗῘῘϐΘιὶί;
2669 3883 2719 3943 si
2777 3882 3096 3942 ascenderit
3149 3881 3372 3956 vulpes,
3429 3875 3713 3939 transiliet

2004 3986 2238 4029 murum
2280 3987 2479 4030 eorum
2526 3971 2812 4045 lapideum
2861 3974 2937 4040 (Π
2961 3971 3126 4028 Esdr.
3158 3982 3261 4033 IV).
3293 3990 3321 4022 η
3372 3966 3518 4027 Nam
3570 3967 3711 4024 dum

2004 4059 2271 4117 semiruti
2339 4061 2625 4133 pendeant
2704 4059 2857 4118 muri
2915 4064 2970 4117 et
3041 4057 3281 4132 turpiter
3353 4054 3710 4131 interrupti,

2005 4148 2285 4221 parietina
2335 4150 2525 4221 potius
2577 4148 2753 4222 digna
2800 4154 2937 4206 sunt
2985 4146 3099 4205 dici
3148 4162 3325 4219 quam
3379 4144 3564 4202 valeat
3619 4157 3713 4201 ec-

2007 4236 2182 4294 clesia
2249 4237 2592 4310 nuncupari.
2671 4239 2764 4296 An
2816 4241 3005 4311 putas,
3057 4239 3123 4293 ut
3175 4231 3445 4292 nonnulli
3506 4231 3714 4290 blatte-

2006 4325 2187 4383 rando
2243 4325 2511 4395 delirant,
2572 4325 2800 4384 nullum
2862 4322 3140 4382 mercedis
3194 4322 3383 4379 inesse
3437 4320 3712 4388 fructum,

2008 4414 2100 4470 vel
2177 4414 2659 4486 compensationis
2716 4413 3026 4485 praemium
3087 4410 3147 4468 in
3202 4409 3717 4483 ecclesiasticarum

2011 4503 2432 4562 constructione
2459 4519 2759 4561 murorum
2792 4502 2819 4560 '?
2849 4499 3132 4574 Nunquid
3161 4501 3393 4573 ignoras
3420 4498 3559 4572 quia
3592 4513 3717 4571 per-

2010 4599 2135 4650 acto
2196 4592 2425 4665 templo,
2504 4589 2797 4653 Salamoni
2850 4589 2970 4663 regi
3018 4588 3303 4647 Dominus
3381 4587 3442 4644 in
3498 4586 3718 4645 somnis

2011 4679 2294 4755 apparuit,
2332 4679 2500 4752 eique
2550 4695 2663 4737 non
2705 4680 2877 4737 modo
2914 4676 3257 4750 sapientiam
3287 4676 3439 4733 ultra
3477 4689 3718 4732 mensae

2013 4784 2135 4827 ram
2190 4767 2517 4841 capacitatis
2577 4770 2874 4840 humanae,
2929 4766 3030 4827 sed
3074 4771 3128 4824 et
3198 4762 3715 4837 incomparabilem

2012 4858 2348 4917 divitiarum
2378 4860 2646 4918 omnium
2672 4858 2893 4933 copiam
2925 4853 3307 4931 praerogavit?
3337 4874 3363 4906 «
3399 4850 3715 4925 Sapientia,

2012 4949 2224 5022 inquit,
2273 4957 2326 5007 et
2355 4949 2593 5009 scientia
2631 4949 2780 5007 data
2818 4958 2956 5007 sunt
2999 4945 3120 5014 tibi,
3163 4944 3396 5003 divitias
3421 4948 3635 5011 autem.
3666 4946 3723 4997 et

2013 5038 2417 5108 substantiam,
2450 5043 2505 5097 et
2544 5033 2787 5111 gloriam
2831 5035 2978 5094 dabo
3016 5033 3142 5103 tibi,
3189 5033 3268 5092 ita
3307 5038 3372 5090 ut
3410 5029 3610 5088 nullus
3662 5030 3723 5086 in

2015 5127 2247 5201 regibus
2306 5142 2410 5184 nec
2467 5133 2619 5195 ante,
2676 5140 2782 5182 nec
2849 5129 2976 5198 post
3045 5129 3097 5179 te
3147 5120 3323 5178 fuerit
3368 5117 3581 5177 similis
3633 5118 3720 5177 tui

2017 5216 2090 5288 (II
2112 5218 2301 5274 Paral.
2343 5216 2399 5285 1).
2433 5242 2458 5263 »
2512 5214 2824 5272 Enimvero
2853 5212 2901 5270 si
2928 5210 3082 5270 Deus
3107 5210 3471 5282 omnipotens
3504 5206 3725 5267 labores

2015 5304 2427 5362 aidilicantium
2468 5302 2733 5361 ecclesias
2778 5316 2912 5359 suas
2957 5298 3217 5372 despicit,
3259 5296 3404 5371 quid
3445 5302 3529 5355 est
3570 5297 3725 5370 quod

2016 5399 2172 5452 tanto
2222 5392 2424 5456 studio,
2447 5391 2678 5449 sibimet
2717 5389 3155 5450 tabernaculum
3198 5388 3259 5446 in
3305 5386 3529 5446 deserto
3577 5402 3720 5445 con-

2017 5482 2162 5540 strui
2194 5480 2400 5539 debere
2441 5478 2791 5538 mandavit?
2830 5479 3031 5548 (Exod.
3064 5481 3240 5546 xxv.)
3280 5477 3375 5535 An
3412 5475 3722 5550 parvipen-

2016 5573 2224 5644 dendo,
2258 5571 2349 5631 vel
2390 5568 2733 5645 negligendo
2770 5568 2843 5653 ad
2872 5566 3107 5655 Moysen
3138 5566 3433 5667 loquitur,
3466 5564 3675 5645 dicens
3704 5581 3719 5622 :
