4024 6198
315 256 413 357 4ῖὶ

837 298 893 359 s.
944 298 1162 358 PETRI
1207 299 1522 359 DAMIANI
1561 285 1719 360 OPP.
1766 301 1956 361 PARS
1998 288 2138 361 SEU
2178 301 2430 363 TOMUS
2469 302 2515 364 Ι.
2556 335 2626 347 -
2664 303 2899 365 EPIST.
2943 306 3085 369 LIB.
3130 310 3285 371 VIII.

3707 318 3817 378 472

322 449 347 477 α
387 425 529 483 Ecce
573 425 768 483 vocavi
818 441 891 483 ex
944 427 1178 484 nomine
1220 426 1473 484 Beseleel
1512 426 1694 485 lilium
1736 426 1885 486 Huri
1952 426 2091 489 deA
2106 429 2270 501 perii,
2302 429 2443 487 dum
2490 431 2599 488 sub
2639 431 2813 505 regiae
2852 432 3147 507 dignitatis
3182 453 3469 510 occasum,
3498 441 3639 499 dum
3685 458 3817 500 ma-

321 513 473 571 trihu
509 512 680 582 Juda,
721 521 776 569 et
815 512 1052 584 implevi
1100 528 1235 571 eum
1282 512 1486 585 spiritu
1539 512 1661 586 Dei,
1724 513 2022 588 sapientia,

318 600 697 675 intelligentia
730 609 783 659 et
814 602 1052 660 scientia
1081 602 1137 659 in
1165 602 1322 660 omni
1362 618 1549 676 opere,
1584 604 1654 661 ad
1692 604 2020 677 excogitan-

318 688 456 748 dum
486 690 768 765 quidquid
815 691 1093 750 fabreiieri
1138 691 1341 766 poterit
1378 709 1453 749 ex
1480 709 1641 761 auro,
1674 700 1728 752 et
1764 701 2021 765 argento,

317 784 372 837 et
416 794 548 847 aere,
602 794 904 848 marmore,
947 788 1003 837 et
1049 782 1314 854 gemmis.
1364 789 1420 839 et
1470 782 1800 842 diversitate
1836 784 2023 856 ligno-

321 884 448 926 rum
481 886 493 925 :
526 868 773 944 dedique
800 869 850 927 ei
879 870 1101 929 socium
1130 871 1375 931 Hooliab
1402 872 1738 931 Achisamec
1764 873 1834 930 de
1867 872 2021 931 tribu

318 956 463 1028 Dan,
498 966 553 1016 et
582 958 642 1016 in
697 960 866 1018 corde
894 961 1084 1020 omnis
1111 962 1322 1020 eruditi
1363 962 1524 1035 posui
1565 962 1924 1035 sapientiam,
1960 968 2022 1019 ut

316 1045 526 1104 faciant
585 1056 789 1107 cuncta
844 1066 975 1123 quae
1016 1051 1287 1124 praecipio
1320 1049 1473 1109 tibi?
1513 1076 1530 1098 ιι
1581 1053 1783 1121 (Εωοά.
1818 1051 2018 1117 XXXI.)

318 1133 494 1194 Porro
541 1144 736 1195 autem
769 1138 869 1214 qui
925 1146 1078 1198 tanta
1134 1139 1261 1198 ﬁeri
1316 1138 1683 1214 praecipiebat
1736 1139 2019 1197 industria

316 1223 774 1296 tabernaculum,
821 1229 975 1301 quod
1012 1230 1412 1307 elvacuandum
1444 1229 1501 1286 in
1543 1228 1808 1301 proximo
1846 1243 2021 1286 nove-

312 1318 418 1384 rat,
452 1323 669 1388 quanto
717 1318 898 1391 magis
937 1318 1048 1375 sibi
1083 1318 1204 1377 vult
1241 1318 1537 1376 ecclesiam
1575 1318 1849 1381 construi.
1892 1333 2025 1390 qua;

313 1419 498 1477 usque
530 1405 599 1464 ad
630 1407 805 1465 ﬁnem
839 1408 1039 1466 saeculi
1068 1409 1139 1467 ad
1179 1408 1418 1467 salutem
1457 1410 1723 1467 omnium
1754 1409 2019 1482 gentium

311 1492 685 1554 immobiliter
711 1505 1035 1570 perseverat
1063 1497 1571 1558 ?Tabernaculum
1599 1515 1824 1573 nempe,
1861 1499 2017 1572 quod

311 1589 565 1641 erectum
592 1592 676 1642 est
710 1586 771 1644 in
802 1586 1046 1658 deserto,
1096 1594 1148 1646 et
1181 1587 1461 1662 templum
1493 1586 1661 1658 illud,
1701 1588 1853 1662 quod
1888 1605 2019 1648 con-

310 1675 594 1730 structum
634 1680 719 1731 est
764 1675 873 1732 sub
920 1674 1247 1734 Salomonis
1293 1676 1555 1749 imperio,
1599 1677 1803 1735 umbra
1855 1685 2019 1736 erant

2066 517 2218 574 irini
2269 518 2621 578 discriminis
2680 521 2886 581 metuit
2934 538 3070 582 vero
3121 527 3466 599 periculum,
3524 530 3819 603 religiosae

2104 605 2326 665 fraudis
2361 608 2695 681 aggreditur
2731 619 3161 684 argumentum.
3212 615 3377 674 Dedit
3408 633 3543 691 ergo
3574 620 3823 692 remigi-

2105 694 2214 752 bus
2275 696 2383 754 hoc
2440 697 2799 768 mandatum,
2854 707 2916 758 ut
2965 701 3301 762 nullatenus
3354 704 3599 763 Romam
3662 714 3821 766 recta

2109 788 2502 856 progressione
2542 788 2975 857 contenderent,
3019 789 3115 847 sed
3171 807 3273 864 per
3316 792 3572 852 diversos
3614 802 3824 868 portus

2104 892 2169 931 ac
2221 875 2474 934 littorum
2525 879 2795 937 stationes
2868 880 3236 939 subsistendo
3304 898 3370 940 ac
3445 885 3821 957 reprimendo

2106 967 2424 1039 navigium,
2477 969 2586 1028 iter
2632 971 3026 1029 tantummodo
3074 972 3434 1032 simularent.
3495 972 3607 1033 Sed
3669 977 3821 1035 dum

2109 1064 2297 1116 nauta!
2340 1074 2553 1132 regem,
2603 1066 2667 1118 ut
2717 1061 2899 1120 edocti
2934 1062 3181 1133 fuerant,
3224 1063 3383 1121 varia
3412 1062 3671 1123 locorum
3703 1082 3821 1125 no-

2107 1150 2265 1207 mina
2315 1153 2713 1224 permutando,
2746 1153 3031 1212 deludunt
3062 1172 3076 1224 ;
3124 1169 3190 1210 ac
3219 1155 3389 1213 modo
3420 1155 3477 1213 in
3520 1155 3820 1216 anteriora

2104 1239 2440 1311 procedunt,
2486 1241 2653 1300 modo
2686 1258 2789 1316 per
2834 1242 3104 1301 sinuosos
3138 1244 3329 1303 ﬂexus
3358 1249 3529 1318 atque
3556 1246 3821 1305 reﬂexus

2103 1328 2163 1385 in
2222 1330 2420 1387 eadem
2470 1331 2609 1402 loca,
2655 1348 2755 1406 per
2804 1347 2940 1406 quae
2988 1340 3397 1405 processerant,
3439 1333 3818 1406 relabuntur;

2106 1417 2323 1492 regina,
2366 1417 2709 1479 latomorum
2758 1437 2823 1479 ac
2860 1430 3278 1482 caementorum
3318 1422 3575 1482 adhibita
3619 1425 3822 1484 multi-

2107 1508 2327 1581 tudine,
2367 1511 2841 1583 augustissimam
2880 1527 2946 1571 ac
2977 1512 3141 1571 valde
3186 1512 3493 1571 mirificam
3532 1513 3592 1571 iu
3627 1515 3820 1573 bono-

2105 1613 2226 1654 rem
2258 1597 2320 1656 B.
2359 1598 2656 1658 Laurentii
2700 1601 3027 1659 construxit
3076 1600 3395 1671 ecclesiam,
3420 1603 3589 1675 juxta
3644 1618 3818 1661 meu-

2106 1702 2299 1745 suram
2372 1687 2635 1753 videlicet
2720 1689 2879 1748 illius
2954 1689 3228 1758 basilicze,
3288 1706 3464 1762 quam
3539 1692 3822 1765 praefatus

308 1764 482 1856 atque
535 1760 743 1856 ﬁgurat
773 1764 950 1840 hujus
1012 1766 1312 1840 Ecclesiae,
1361 1785 1494 1843 qua:
1555 1782 1710 1824 nunc
1758 1774 2327 1853 coruscathartyr
2356 1780 2525 1839 habet
2576 1782 2637 1840 in
2684 1782 2809 1856 ipso
2847 1782 3048 1840 Romae
3088 1760 3370 1840 suburbio
3398 1760 3816 1842 constructam.

310 1848 371 1908 in
425 1851 636 1924 populo
687 1852 1033 1915 Christiano.
1098 1857 1262 1917 Unde
1334 1859 1517 1935 Moysi
1581 1859 1803 1919 dictum
1868 1867 1948 1918 est
1998 1876 2010 1915 :

310 1960 338 1992 α
372 1939 578 2001 Omnia
624 1945 733 2015 fac,
781 1946 927 2006 sicut
975 1948 1079 2006 tibi
1123 1957 1509 2010 monstratum
1568 1958 1652 2009 est
1706 1952 1764 2010 in
1821 1958 2017 2011 monte

309 2033 511 2097 (Exod.
546 2038 719 2104 xxv).
756 2060 777 2085 ιι
827 2035 1022 2109 Hujus
1051 2039 1265 2098 scilicet
1308 2040 1577 2099 Ecclesiae
1611 2047 1812 2100 auctor
1839 2051 2015 2118 atque

304 2128 660 2181 constructor
695 2124 961 2184 Christus
992 2135 1097 2198 est,
1138 2128 1243 2201 qui
1271 2145 1446 2188 verus
1486 2137 1570 2187 est
1598 2147 1700 2188 rex
1729 2139 1783 2188 et
1823 2147 2013 2189 sacer-

305 2208 428 2266 dos.
486 2208 639 2270 Illud
694 2227 925 2289 quoque
992 2217 1273 2290 templum
1340 2234 1472 2276 cum
1537 2226 1663 2292 post
1722 2225 2014 2292 peractum

304 2297 754 2360 reaediﬁcaretur
791 2303 1108 2376 excidium,
1165 2309 1597 2366 restaurationis
1634 2308 1759 2382 ejus
1807 2310 2015 2382 princi-

306 2404 408 2464 pes
454 2391 824 2463 exstiterunt,
868 2403 923 2453 et
970 2396 1308 2470 Zorobabel,
1358 2398 1461 2473 qui
1511 2398 1695 2456 fuerat
1737 2399 1807 2456 de
1861 2399 2015 2471 regia

308 2479 461 2539 tribu
505 2484 675 2555 Juda,
708 2482 853 2543 278
899 2494 954 2545 et
995 2488 1163 2547 Jesus
1199 2489 1354 2547 lilius
1404 2489 1701 2559 Josedech,
1753 2489 2013 2547 sacerdos

304 2585 570 2643 magnus.
605 2573 769 2633 Unde
800 2582 854 2635 et
890 2576 1143 2651 Aggaaus
1172 2580 1445 2651 pr0pheta
1468 2578 1604 2635 dicit
1640 2596 1651 2635 :
1694 2602 1712 2627 κ
1754 2576 2011 2635 Suscita-

307 2660 389 2718 vit
424 2662 705 2723 Dominus
750 2666 1017 2738 spiritum
1048 2667 1360 2727 Zorobabel
1386 2668 1492 2725 ﬁlii
1525 2666 1820 2736 Salatbiel,
1848 2666 2013 2725 ducis

303 2749 473 2823 Juda,
528 2761 581 2813 et
647 2754 917 2827 spiritum
971 2755 1110 2815 Jesu
1181 2757 1287 2815 ﬁlii
1350 2757 1624 2816 Josedech
1702 2756 2011 2815 sacerdotis

306 2844 524 2916 magni,
553 2851 609 2901 et
653 2845 922 2920 spiritum
962 2846 1318 2922 reliquorum
1360 2846 1432 2904 de
1480 2847 1640 2904 omni
1678 2846 1907 2919 populo,
1958 2852 2014 2903 et

305 2932 552 3006 ingressi
599 2941 756 3005 sunt,
804 2945 858 2993 et
909 2935 1194 2993 faciebant
1238 2950 1382 3009 Opus
1436 2934 1495 2992 in
1548 2935 1719 2993 domo
1775 2934 2009 2993 Domini

306 3028 671 3092 exercituum
712 3028 815 3088 Dei
843 3027 933 3086 sui
967 3027 1216 3098 (Agg.1).
1262 3052 1280 3079 ιι
1321 3026 1398 3086 De
1437 3027 1543 3085 hac
1595 3027 2010 3087 instauratione

270 3138 406 3197 ~per
443 3122 649 3182 Isaiam
699 3119 913 3180 dicitur
955 3140 967 3179 :

2102 1867 2332 1927 Dicebat
2361 1870 2517 1927 enim
2554 1893 2565 1928 :
2609 1870 2659 1929 si
2708 1871 2907 1928 datum
2942 1876 3047 1939 est,
3080 1876 3143 1926 ut
3185 1884 3286 1942 per
3314 1868 3378 1927 B.
3424 1869 3815 1929 Laurentium

2103 1959 2193 2016 vir
2231 1974 2395 2017 meus
2444 1959 2633 2017 redeat
2672 1959 2744 2016 ad
2782 1959 3049 2029 salutem,
3079 1958 3363 2033 quidquid
3405 1958 3557 2018 Deus
3603 1959 3816 2018 Roma:

2103 2055 2299 2121 potest,
2366 2052 2422 2103 et
2476 2046 2571 2105 hic
2625 2045 3009 2105 nihilominus
3052 2052 3249 2119 potest.
3308 2045 3420 2106 Sed
3473 2046 3618 2104 dum
3672 2048 3816 2107 hinc

2100 2136 2411 2210 imperator
2458 2153 2559 2210 per
2594 2135 2851 2193 diversos
2897 2136 3188 2194 anfractus
3231 2151 3299 2193 ac
3329 2137 3602 2195 stationes
3650 2136 3817 2196 litto-

2101 2242 2230 2284 rum
2277 2225 2576 2299 spatiando
2610 2226 2931 2296 deducitur,
2962 2225 3125 2283 illinc
3171 2241 3272 2300 per
3302 2225 3579 2299 plurimos
3634 2227 3817 2286 artiﬁ-

2101 2332 2193 2375 ces
2245 2331 2486 2388 operum
2540 2313 3191 2384 basilica‘fabricatur;
3252 2314 3424 2373 simul
3485 2324 3537 2373 et
3592 2315 3818 2375 fabrica

2100 2404 2347 2463 mirifice
2386 2405 2647 2463 decorata
2697 2404 3010 2483 perﬁcitur,
3044 2411 3100 2460 et
3136 2418 3329 2461 annus
3364 2404 3659 2477 impletur.
3701 2405 3818 2464 His

2098 2491 2276 2565 igitur
2348 2494 2456 2551 hoc
2517 2492 2684 2551 modo
2769 2491 3030 2565 peractis,
3091 2491 3369 2564 praefatus
3422 2492 3687 2565 princeps
3739 2492 3815 2551 ad

2100 2582 2315 2640 mcenia
2372 2580 3000 2653 Constantinopolitana
3064 2579 3378 2650 reducitur,
3440 2581 3540 2656 qui
3615 2587 3816 2638 tamen

2100 2671 2342 2731 Romam
2397 2688 2541 2742 esse,
2594 2671 2762 2729 sociis
2825 2671 2901 2727 ita
2958 2669 3416 2743 perhibentibus,
3473 2671 3811 2730 arbitratur.

2101 2760 2404 2819 Provisum
2460 2767 2545 2818 est
2586 2761 2783 2833 itaque
2830 2775 2895 2816 ac
2952 2757 3288 2829 diligentius
3327 2768 3682 2832 accuratum,
3752 2770 3817 2819 ut

2100 2848 2251 2908 nulli
2308 2849 2421 2907 nisi
2474 2849 2677 2907 Latine
2728 2848 3024 2920 loquentes
3076 2845 3423 2918 assisterent,
3474 2850 3574 2924 qui
3644 2849 3813 2908 vide-

2100 2937 2231 2997 licet
2285 2938 2603 3011 inquirenti
2644 2938 2886 2997 Romam
2924 2947 2977 2997 et
3014 2934 3161 2997 279
3207 2940 3271 2998 B.
3316 2940 3608 2998 Laurentii
3654 2956 3813 2999 mar-

2102 3030 2244 3103 tyris
2280 3030 2478 3089 adesse
2530 3031 2821 3089 basilicam
2863 3032 3186 3091 suaderent.
3241 3032 3328 3090 Ad
3368 3048 3572 3091 manus
3609 3032 3812 3106 itaque

1022 3148 1037 3169 ι
1071 3118 1481 3189 ίἘόὶῐὶοίώυηι,
1530 3119 1744 3194 inquit,
1790 3119 2008 3177 deserta

2181 3126 2324 3191 ctus,
2351 3119 2648 3177 ecclesiam
2690 3119 2999 3194 imperator
3035 3121 3378 3194 ingreditur,
3410 3129 3464 3179 et
3500 3120 3809 3179 confestim

303 3213 672 3284 saeculorum,
718 3219 772 3269 et
806 3210 1008 3269 ruinas
1044 3211 1313 3285 antiquas
1362 3210 1604 3282 erigent,
1636 3215 1688 3266 et
1724 3209 2012 3266 instaura-
2102 3210 2225 3269 luce
2286 3217 2525 3284 recepta,
2583 3210 3021 3268 circumstantes
3084 3228 3207 3271 sese
3280 3211 3607 3285 conspicere
3664 3227 3807 3269 cou-

303 3304 449 3365 buut
477 3302 737 3361 civitates
775 3301 1023 3359 desertas
1063 3306 1117 3356 et
1146 3297 1449 3371 dissipatas
1482 3300 1631 3370 (Isai.
1686 3300 1824 3369 LXI).
1866 3320 1885 3347 ι
1934 3296 2015 3354 De

303 3396 413 3454 hac
440 3396 651 3453 iterum
693 3392 948 3451 dicitur:
1000 3413 1027 3443 (ι
1067 3390 1213 3448 Ecce
1255 3404 1358 3462 ego
1405 3396 1734 3447 convertam
1770 3402 2013 3445 conver-

305 3485 528 3544 sionem
560 3481 1063 3541 tabernaculorum
1108 3480 1302 3549 Jaeob,
1335 3486 1389 3537 et
1419 3479 1576 3535 tectis
1616 3479 1741 3552 ejus
1774 3477 2011 3534 misere-

310 3570 434 3636 bor,
477 3575 533 3626 et
573 3567 955 3625 zediiicabitur
985 3564 1187 3621 civitas
1223 3566 1281 3621 in
1335 3565 1564 3621 excelso
1608 3578 1731 3633 suo,
1765 3570 1819 3620 et
1868 3568 2013 3621 tem-

306 3656 473 3731 plum
489 3656 658 3730 juxta
682 3653 944 3712 ordinem
964 3667 1137 3710 suum
1165 3650 1504 3711 fundabitur
1520 3654 1646 3722 (Jer.
1676 3652 1849 3723 xxx).
1878 3672 1903 3702 υ
1925 3649 2014 3709 Ad

306 3748 487 3823 hujus
524 3746 718 3820 itaque
756 3742 1074 3819 spiritualis
1114 3741 1312 3816 templi
1361 3756 1472 3799 non
1517 3740 1838 3812 ambigitur
1886 3757 2013 3814 per-

306 3840 488 3898 tinere
510 3840 880 3901 structuram,
911 3831 1179 3907 quisquis
1216 3832 1285 3889 ad
1317 3832 1589 3890 honorem
1622 3830 1725 3891 Dei
1755 3831 2043 3905 omnipoﬁ

308 3928 480 3989 tentis
506 3926 854 3984 exteriorem
885 3938 1115 3999 quoque
1146 3921 1346 3994 satagit
1376 3921 1664 3980 aediﬁcare
1688 3922 2013 3981 basilicam.

381 4016 556 4074 Porro
586 4021 802 4083 autem,
832 4020 896 4070 ut
920 4011 989 4069 ad
1023 4010 1378 4084 explendum
1409 4009 1563 4085 quod
1598 4010 1741 4069 bene
1768 4010 2012 4084 coepisti,

307 4123 426 4165 non
479 4101 805 4162 exhortatio
856 4099 975 4157 sola
1049 4098 1382 4166 verborum,
1440 4098 1536 4156 sed
1593 4106 1647 4155 et
1716 4105 2012 4157 ostensum

305 4195 523 4253 divina:
552 4191 784 4250 virtutis
816 4196 869 4247 te
896 4195 1161 4262 provocet
1186 4188 1455 4261 signum;
1489 4188 1791 4262 Alphanus
1823 4188 2013 4247 Saler-

305 4284 542 4343 nitanus
586 4280 1070 4355 archiepiscopus,
1106 4278 1194 4337 vir
1245 4278 1509 4338 videlicet
1547 4296 1722 4338 verax
1761 4296 1826 4338 ac
1876 4296 2013 4354 pru-

307 4374 470 4443 dens,
512 4375 571 4434 iu
602 4370 1231 4445 Constantinopolitana
1271 4387 1332 4429 se
1370 4371 1626 4445 perbibet
1667 4374 1809 4431 urbe
1861 4373 2015 4431 didi-

307 4463 453 4523 cisse
508 4464 658 4537 quod
711 4462 950 4521 retulit:
996 4461 1268 4534 Contigit,
1319 4463 1533 4537 inquit,
1582 4462 2008 4535 imperatorem,

307 4553 474 4626 cujus
504 4558 690 4609 tamen
724 4550 1070 4609 vocabulum
1108 4566 1218 4609 non
1263 4550 1509 4622 tenebat,
1544 4550 1856 4624 aliquando
1889 4552 2010 4624 pla-

309 4656 440 4711 gam
468 4638 738 4698 caecitatis
766 4639 1084 4712 incurrere,
1117 4640 1211 4698 cui
1250 4639 1412 4698 nulla
1447 4639 1807 4697 medicinalis
1834 4639 2011 4697 indu-

308 4730 463 4789 striae
493 4745 629 4787 cura
668 4729 853 4804 potuit
889 4728 1219 4787 subvenire.
1252 4728 1516 4803 Cumque
1552 4729 1875 4801 periculum
1908 4731 2016 4791 hoc

308 4820 566 4879 humano
618 4818 808 4879 studio
871 4818 1203 4877 nullatenus
1263 4818 1537 4893 potuisset
1601 4819 1859 4889 evadere,
1912 4837 2013 4893 ag—

2028 4511 2079 4570 D

2095 3297 2316 3372 iugem,
2345 3297 2582 3355 clientes
2608 3303 2779 3372 atque
2807 3298 3148 3357 domesticos
3171 3301 3506 3359 admiratur.

2174 3385 2498 3444 Venerabili
2525 3386 2816 3445 Desiderio
2840 3387 2989 3458 (103)
3017 3388 3345 3448 Casinensis
3373 3396 3586 3447 rectore
3604 3405 3806 3449 emno-

2101 3475 2175 3533 bii
2214 3476 2511 3546 referente,
2542 3476 2713 3534 didici
2744 3477 2896 3551 quod
2942 3479 3030 3535 his
3055 3479 3317 3551 apicibus
3346 3478 3617 3536 adnotare
3644 3491 3807 3537 cura:

2100 3563 2176 3619 vi.
2226 3561 2713 3636 Sanctimonialis,
2750 3566 2958 3641 inquit,
2995 3582 3124 3640 qua:
3162 3566 3324 3624 Bella
3376 3566 3703 3637 vocabatur,
3744 3566 3799 3623 in

2100 3652 2447 3712 monasterio
2516 3652 2578 3719 B.
2650 3653 2801 3712 Petri
2851 3655 3109 3727 apostoli,
3167 3655 3316 3729 quod
3378 3655 3526 3712 intra
3589 3655 3803 3714 moenia

2098 3745 2523 3804 Beneventanis
2566 3746 2725 3804 urbis
2775 3746 2954 3804 situm
3007 3754 3110 3818 est,
3170 3747 3400 3821 deguit;
3457 3762 3610 3821 quas,
3664 3746 3804 3805 dum

2098 3835 2345 3905 advixit,
2377 3836 2659 3907 religiosae
2694 3836 2829 3894 vita:
2870 3836 3153 3895 tramitem
3198 3852 3309 3895 non
3342 3836 3594 3911 reliquit.
3634 3836 3807 3896 Porro

2101 3926 2240 3985 dum
2282 3933 2430 3984 esset
2468 3926 2825 3999 desponsata,
2856 3926 3025 4001 juxta
3062 3926 3279 3985 natales
3326 3942 3480 3996 sues,
3510 3924 3804 3999 conspicui

2098 4015 2383 4091 germinis
2443 4017 2601 4087 viro,
2656 4022 2718 4074 ut
2776 4015 3065 4076 caelestem
3129 4017 3439 4091 susciperet
3486 4030 3803 4090 sponsum,

2098 4105 2442 4178 contempsit
2492 4105 2721 4181 carnale
2777 4104 3134 4178 conjugium.
3195 4101 3552 4178 Nuptialium
3613 4102 3804 4177 itaque

2099 4194 2425 4253 tabularum
2460 4194 2646 4253 fmdus
2666 4194 2918 4267 abrupit,
2950 4201 3001 4251 et
3033 4193 3439 4252 monachicam
3466 4199 3803 4265 susceptura

2099 4284 2385 4353 velamen,
2425 4284 2494 4341 ad
2531 4289 2823 4357 perpetuze
2864 4282 3211 4355 virginitatis
3248 4289 3562 4340 auctorem.
3611 4288 3671 4338 et
3712 4281 3803 4339 in-

2097 4373 2502 4431 contaminataa
2532 4371 2825 4447 pudicitiae
2856 4371 3136 4429 thalamos
3174 4370 3520 4429 convolavit.
3558 4369 3649 4428 Ab
3682 4370 3804 4427 istis

2101 4462 2277 4536 igitur
2338 4461 2682 4521 rudimentis
2738 4467 2948 4519 sanctae
2996 4460 3389 4519 conversionis
3441 4459 3802 4518 districtioris

2104 4553 2237 4610 vita;
2274 4569 2333 4611 se
2375 4552 2501 4625 lege
2537 4551 2885 4610 constrinxit
2921 4565 3273 4624 omnemque
3320 4550 3568 4608 carnalis
3609 4550 3801 4608 illece-

2098 4642 2218 4701 bras
2246 4642 2551 4701 mollitiem
2584 4641 2853 4700 sublimis
2883 4640 3225 4698 intentionis
3260 4641 3402 4713 pede
3430 4639 3794 4705 conculcans,

2098 4731 2303 4803 rigidae
2354 4730 2674 4789 severitatis
2728 4745 2991 4799 censura,
3048 4729 3220 4803 longe
3275 4730 3443 4787 aliter
3494 4730 3799 4787 educatum

2098 4835 2303 4893 corpus
2332 4818 2606 4889 edomuit,
2640 4818 2780 4877 adeo
2814 4826 2877 4876 ut
2910 4818 2964 4874 in
2994 4819 3152 4878 nudo
3185 4818 3514 4893 pavimento
3544 4817 3799 4875 membra

306 4925 539 4983 gressus
568 4914 650 4966 est
688 4908 794 4967 hoc
819 4907 972 4980 apud
1006 4908 1188 4966 Deum
1216 4906 1357 4965 fusis
1388 4908 1651 4979 precibus
1681 4907 2009 4981 impetrare.
2093 4908 2334 4982 jejuuiis
2364 4910 2583 4982 saepius
2617 4914 2909 4967 attenuata
2938 4907 3255 4979 collideret,
3290 4909 3643 4983 nullumque
3673 4908 3795 4976 sibi,

308 4995 549 5055 Audivit
588 4996 783 5069 itaque
825 5010 929 5068 per
969 4992 1287 5064 somnium,
1323 4998 1462 5068 quia
1505 4993 1551 5052 si
1603 4993 1665 5052 B.
1715 4994 2015 5055 Laurentii

310 5085 579 5158 martyris
622 5083 920 5142 ecclesiam
950 5090 1181 5157 peteret,
1214 5083 1459 5156 reparati
1509 5083 1748 5143 luminis
1786 5085 2013 5145 clarita-

310 5183 423 5232 tem
461 5174 745 5231 divinitus
775 5172 1076 5231 obtineret.
1110 5172 1304 5231 Iturus
1342 5173 1535 5248 itaque
1574 5173 1816 5232 Romam
1852 5175 2017 5234 oﬂ'ert

311 5271 531 5333 votum,
567 5262 735 5336 jubet
765 5262 949 5335 parari
995 5268 1201 5336 praesto
1246 5261 1567 5335 navigium,
1598 5264 1782 5322 ﬁxum
1818 5264 2016 5322 statuit

306 5350 621 5425 arripiendi
655 5349 918 5422 protinus
957 5350 1183 5408 itineris
1230 5350 1579 5409 institutum.
1627 5350 1788 5410 Uxor
1820 5357 2014 5411 autem

306 5438 450 5498 dum
482 5436 744 5511 parvulis
768 5436 959 5497 adhuc
985 5436 1123 5496 ﬁliis
1169 5437 1543 5497 amissionem
1583 5439 1854 5499 formidat
1900 5441 2014 5499 im-

368 5623 503 5693 (103)
524 5622 619 5686 Qui
652 5623 735 5680 est
766 5622 821 5676 B.
856 5622 1031 5679 Victor
1072 5624 1305 5692 pap.lII.

2099 5004 2307 5071 praeter
2376 4997 2556 5056 solam
2633 4996 2902 5065 humum,
2966 4997 3377 5056 lectisternium
3458 4996 3795 5071 provideret.

2103 5083 2234 5149 Sed.
2294 5091 2357 5142 ut
2417 5086 2486 5142 de
2547 5083 2661 5142 vita
2716 5084 2893 5159 hujus
2946 5085 3179 5142 interim
3235 5091 3470 5153 taceam,
3527 5084 3683 5159 quod
3736 5082 3799 5140 de.

2103 5173 2375 5247 magistra
2420 5189 2543 5243 sua,
2591 5172 2713 5232 Oﬂ'a
2768 5174 3022 5237 nomine.
3074 5189 3207 5248 quae
3262 5172 3527 5231 videlicet
3577 5189 3702 5230 eam
3747 5172 3797 5228 in

2100 5261 2553 5320 sanctimonialis
2582 5260 2804 5319 ordinis
2836 5260 3111 5333 religione
3141 5269 3417 5336 genuerat
3455 5266 3510 5317 et
3537 5258 3801 5319 nobiliter

2099 5346 2462 5419 educaverat,
2517 5349 2735 5419 retulit,
2791 5349 3041 5407 breviter
3114 5349 3389 5422 expedire
3437 5348 3794 5407 contendam.

2100 5436 2195 5493 Ait
2220 5436 2376 5495 enim
2406 5438 2566 5512 quia,
2599 5438 2739 5497 dum
2780 5444 3061 5497 nocturno
3104 5437 3333 5496 silentio
3369 5454 3441 5496 ex
3488 5452 3648 5496 more
3686 5451 3797 5493 ma-
