4024 6198
193 330 286 390 473

1392 332 1615 394 LIBER
1658 333 2018 407 OCTAVUS,
2061 336 2296 399 EPIST.
2341 340 2443 400 VI.

3563 339 3667 397 474

194 456 366 517 turius
399 462 670 529 surgeret,
702 460 758 513 et
798 456 1155 516 orationibus
1200 459 1416 519 crebris
1466 460 1739 520 insistens
1775 468 1866 520 sa:
1889 471 2354 531 Amomentanea
2400 467 2619 540 ﬂagella
2668 484 2803 543 quae
2852 468 3165 543 perferunt,
3202 466 3273 524 ad
3332 463 3670 523 nanciscen-

187 556 455 610 crosancta
506 550 707 607 altaria
752 565 887 610 cum
945 549 1118 608 odore
1166 553 1429 611 succensi
1482 554 1874 629 thymiamatis

182 641 448 711 circuiret,
494 639 741 715 quadam
791 647 955 700 nocte
1003 641 1387 716 thuribulum,
1440 646 1589 706 sicut
1634 646 1870 719 solebat,

179 730 426 801 arripuit,
459 729 528 787 ad
585 730 793 801 locum,
829 729 932 789 ubi
976 731 1108 788 thus
1153 733 1558 806 reponebatur,
1595 735 1870 807 accessit;

180 819 265 878 sed
316 834 447 876 casu
506 818 777 892 quodam,
839 820 960 877 sive
1017 820 1351 895 collapsam,
1408 824 1530 884 sive
1584 825 1870 885 sublatam

179 907 327 978 hanc,
381 906 530 965 sicut
584 916 930 981 speraverat,
990 910 1237 982 speciem
1291 927 1406 969 non
1446 914 1690 972 invenit.
1741 913 1871 973 Huc

178 997 423 1066 accessit,
455 998 594 1071 quia
636 998 721 1056 vis
767 1006 1066 1059 ventorum
1110 1016 1245 1074 quas
1282 1010 1419 1061 tunc
1462 1004 1869 1063 inclementius

177 1084 540 1156 inhorruerat,
600 1086 879 1145 radiantis
953 1088 1212 1148 lucernas
1286 1090 1484 1150 lumen
1558 1094 1864 1155 exstinxit.

176 1175 417 1249 Cumque
452 1175 694 1235 sollicito
726 1178 931 1250 spiritu
972 1180 1240 1252 religiosa
1286 1183 1500 1242 mulier
1540 1185 1655 1243 huc
1695 1185 1867 1244 illuc-

176 1278 273 1339 que
321 1262 699 1334 discurreret,
758 1271 814 1323 et
869 1267 1309 1328 odoramcntum
1365 1271 1517 1345 quod
1566 1272 1867 1333 thuribulo

176 1361 568 1424 superponeret
616 1353 948 1413 nullatenus
996 1355 1302 1428 inveniret,
1350 1367 1581 1433 repente
1625 1362 1866 1436 quidam

173 1439 301 1498 inter
342 1441 498 1513 ipsas
555 1443 814 1500 tenebras
855 1444 1029 1516 venit,
1073 1452 1128 1502 et
1176 1446 1234 1503 in
1284 1461 1521 1506 manum
1575 1451 1701 1524 ejus
1748 1454 1867 1526 thy-

173 1528 383 1599 miama,
414 1530 568 1604 quod
609 1531 926 1604 quaerebat,
960 1533 1217 1592 immisit.
1250 1533 1411 1604 Quod
1452 1532 1733 1598 nimirum
1764 1558 1866 1615 per

168 1618 886 1719 angelum-potuisse‘ﬁeri
940 1639 1052 1681 non
1099 1626 1416 1698 incongrue
1459 1643 1693 1701 possum
1737 1632 1862 1706 opi-

170 1708 294 1765 nari.
323 1705 533 1765 Aiebat
565 1705 760 1766 etiam‘
776 1710 912 1782 quia
950 1712 1221 1784 praedicta
1256 1722 1438 1773 mater
1470 1732 1593 1788 sua,
1625 1705 1859 1778 dumiin

1958 554 2089 611 dam
2134 571 2401 628 supernae
2432 557 2803 617 beatitudinis
2846 557 3088 631 gloriam
3129 555 3315 614 ﬁrmae
3355 554 3475 625 spei
3507 569 3667 627 gres-

1958 644 2119 703 sibus
2167 646 2596 707 convalescunt.
2631 646 2794 707 Sicut
2841 647 2997 705 enim
3043 645 3337 719 Scriptura
3376 648 3663 702 testatur:

1964 753 1984 778 ι
2028 731 2155 790 Non
2184 732 2403 806 judicat
2444 734 2724 793 Dominus
2757 734 2848 792 bis
2883 735 2945 792 in
2983 732 3236 805 idipsum
3266 733 3499 804 (Nahum
3548 731 3602 804 Ι).
3642 750 3663 779 ι

1957 820 2127 879 Pravi
2197 828 2391 880 autem
2468 825 2705 900 quique,
2756 826 2857 900 qui
2912 840 2972 884 se
3026 821 3177 880 inter
3220 820 3459 879 verbera
3542 819 3665 893 ipsa

1956 924 2072 966 non
2126 910 2441 982 corrigunt,
2486 912 2590 970 etsi
2637 921 2757 986 post
2805 914 2941 972 vita;
2987 914 3164 987 hujus
3218 912 3455 969 adversa
3506 909 3662 967 ﬂam-

1954 997 2065 1055 mis
2112 998 2422 1058 traduntur
2473 1000 2796 1074 ultricibus,
2849 1015 3215 1078 nequaquam
3265 999 3355 1057 bis
3401 997 3667 1073 judican-

1957 1096 2067 1159 tur,
2129 1091 2266 1166 quia
2324 1092 2539 1166 duplex
2604 1109 2807 1152 eorum
2880 1092 3145 1152 contritio
3210 1091 3315 1149 sic‘
3349 1093 3506 1163 justo
3554 1087 3657 1145 Dei

1943 1178 2167 1253 judicio
2221 1181 2630 1254 continuatur,
2690 1188 2756 1241 ut
2815 1184 2911 1241 hic
2954 1189 3138 1256 erepta
3193 1179 3317 1237 illic
3360 1176 3659 1236 infelicius

1950 1269 2271 1343 expleatur.
2328 1269 2442 1329 Sed
2495 1272 2642 1330 sicut
2700 1271 2863 1330 duris
2930 1279 2985 1329 et
3054 1268 3356 1329 obstinatis
3433 1265 3660 1339 ﬂagella

1947 1359 2362 1432 gehennalium
2409 1370 2541 1420 sunt
2594 1360 2993 1420 tantummodo
3034 1358 3307 1434 primitiae
3348 1360 3658 1415 tormento-

1947 1463 2100 1518 rum,
2160 1448 2240 1507 sic
2283 1450 2534 1524 profecto
2577 1450 2743 1510 bonis
2790 1459 2843 1509 et
2892 1450 3062 1508 rectis
3103 1448 3271 1507 corde
3310 1446 3507 1505 eadem
3550 1445 3655 1503 ﬂa-

1945 1536 2092 1610 gella
2139 1536 2458 1596 caelestium
2507 1544 2643 1597 sunt
2690 1538 2927 1597 materia
2968 1535 3358 1611 praemiorum.
3399 1532 3488 1590 Ad
3545 1532 3655 1591 hoc

1945 1629 2101 1687 enim
2125 1644 2335 1687 aurum
2366 1629 2609 1688 malleus
2635 1630 2845 1699 tundit,
2878 1635 2939 1687 ut
2966 1626 3209 1685 scoriam
3236 1624 3394 1681 faber
3428 1621 3648 1696 ejiciat;

1942 1717 2014 1776 ad
2081 1718 2189 1776 hoc
2243 1718 2385 1776 lima
2435 1719 2762 1792 frequenter
2814 1718 3014 1788 eradit,
3060 1724 3125 1774 ut
3177 1715 3458 1774 vibrantis
3504 1728 3653 1771 vena

168 1814 223 1891 eo
252 1812 360 1870 quo
410 1797 583 1869 paulo
612 1807 753 1891 post
788 1800 933 1860 obiit
980 1802 1247 1876 depressa
1293 1805 1573 1879 languore
1618 1810 1921 1891 decum-B
1947 1806 2160 1865 metalli
2211 1807 2548 1865 rutilantius
2592 1807 2882 1865 enitescat.
2918 1831 2937 1854 ιι
2972 1805 3123 1864 Vasa
3166 1803 3450 1880 siquidem
3488 1801 3651 1875 figuli

169 1887 319 1957 heret,
358 1889 736 1948 cernentibus
786 1892 874 1951 his
929 1893 1203 1953 omnibus
1260 1896 1360 1968 qui
1408 1914 1596 1957 coram
1652 1900 1859 1960 lectulo

170 1976 375 2050 propius
442 1977 819 2053 assistebant,
878 1982 1142 2041 mirabile
1214 1984 1342 2044 visu
1387 1987 1398 2043 !
1461 2000 1688 2061 repente
1746 1999 1860 2050 toto

166 2080 373 2139 corpore
409 2065 487 2124 sit
539 2066 599 2124 in
643 2083 834 2127 aerem
888 2070 1184 2130 sublevata
1240 2074 1437 2150 ibique
1493 2078 1594 2137 diu
1652 2078 1860 2139 librata

168 2154 399 2227 perstitit,
443 2156 631 2215 donec
668 2166 868 2231 coeptas
902 2161 1175 2221 orationis
1216 2171 1345 2223 vota
1384 2168 1692 2239 persolvit:
1714 2169 1858 2240 Quae

167 2250 440 2318 postquam
488 2246 735 2305 feliciter
784 2249 943 2319 obiit,
986 2257 1244 2311 sanctum
1296 2271 1504 2330 corpus
1534 2259 1661 2331 ejus
1708 2259 1857 2319 intra

164 2332 435 2393 ecclesiam
476 2341 568 2395 est
607 2337 920 2412 sepultum.
956 2340 1141 2415 Super
1182 2344 1351 2418 cujus
1393 2350 1689 2408 tumulum
1731 2367 1856 2409 sac-

164 2436 276 2479 cum
324 2422 621 2482 frumento
668 2426 906 2499 plenum
956 2430 1205 2489 rusticus
1231 2436 1439 2505 posuit,
1468 2451 1642 2509 quem
1688 2440 1858 2512 proti-

164 2527 259 2569 nus
286 2512 796 2574 vehementissimo
825 2518 1162 2591 propulsum
1190 2522 1417 2580 turbine
1446 2524 1647 2583 divina
1668 2529 1855 2586 virtus

162 2601 356 2674 abjecit.
389 2603 490 2663 Sic
524 2604 715 2678 itaque
742 2607 903 2666 rudis
930 2614 986 2666 et
1013 2609 1318 2683 imperitus
1348 2614 1617 2686 rusticus,
1652 2633 1754 2676 sua
1783 2619 1853 2678 de

161 2690 367 2762 pulvere
416 2699 654 2752 coactus
702 2704 786 2754 est
843 2698 1135 2756 frumenta
1184 2700 1471 2775 colligere,
1525 2704 1663 2764 dum
1718 2723 1852 2766 san-

161 2779 220 2836 cti
242 2784 488 2856 corporis
525 2785 758 2844 vasculo
779 2787 1014 2861 dignam
1054 2789 1239 2849 noluit
1266 2795 1646 2854 reverentiam
1680 2779 1852 2858 exhi-

158 2867 288 2930 bere.
315 2872 534 2932 Cum...
565 2875 711 2946 (104)

657 3007 801 3068 280
831 3011 1198 3076 EPISTULA
1232 3017 1328 3077 VI.

563 3134 641 3181 AD
668 3135 727 3183 G.
761 3136 951 3185 VIRUM
984 3139 1418 3190 NOBILISSIMUM.

1943 1895 2139 1970 probat
2172 1895 2398 1965 fornax,
2444 1902 2496 1953 et
2532 1895 2797 1955 homines
2829 1897 3016 1970 justos
3056 1894 3290 1952 tentatio
3324 1891 3651 1951 tribulatio-

1942 1985 2035 2043 nis
2070 1988 2255 2058 (Eccli.
2297 1996 2513 2060 XXVII).
2547 2013 2572 2034 υ
2608 1986 2772 2044 Unde
2818 1993 2874 2043 et
2928 2001 3029 2058 per
3089 1984 3323 2041 beatum
3371 1970 3651 2042 Jacobum

1939 2074 2194 2133 dicitur:
2234 2101 2258 2125 α
2306 2077 2488 2135 Omne
2527 2076 2809 2151 gaudium
2854 2076 3202 2145 existimate,
3254 2073 3476 2143 fratres,
3514 2088 3650 2132 cum

1939 2163 2001 2221 in
2082 2167 2423 2224 tentationes
2501 2166 2688 2224 varias
2757 2164 3073 2223 incideritis
3146 2167 3281 2229 (Jac.
3336 2167 3397 2232 1).
3456 2187 3474 2211 ι
3528 2161 3651 2220 Illis

1938 2254 2150 2327 quippe
2198 2255 2331 2327 jure
2385 2255 2757 2327 gaudendum
2810 2261 2936 2324 est,
2989 2253 3207 2327 quibus
3264 2256 3321 2309 et
3367 2265 3471 2324 pro
3523 2265 3647 2308 ma-

1939 2343 2008 2400 lis
2060 2342 2180 2401 suis
2236 2344 2327 2402 hic
2394 2342 2624 2401 afﬂictio
2698 2340 3024 2416 temporalis
3092 2339 3358 2409 infertur,
3415 2346 3470 2397 et
3549 2352 3651 2411 pro

1937 2432 2106 2489 bonis
2178 2448 2311 2508 quae
2389 2439 2701 2506 gesserant,
2770 2432 3009 2504 praemia
3078 2430 3137 2487 in
3219 2428 3362 2487 coelo
3444 2429 3650 2503 sempi-

1939 2531 2095 2581 terna
2157 2530 2477 2583 servantur.
2539 2524 2704 2582 Felix
2760 2539 2895 2581 sane
2946 2521 3359 2580 commercium
3418 2536 3647 2594 pressu-

1938 2613 2016 2670 ris
2070 2613 2161 2670 hic
2213 2612 2626 2686 temporalibus
2674 2612 2860 2683 atteri,
2904 2618 2959 2669 et
3012 2610 3070 2667 in
3128 2609 3226 2667 illa
3279 2608 3641 2682 postmodum

1936 2702 2075 2759 281
2108 2711 2399 2778 perpetuae
2430 2703 2575 2762 lucis
2616 2704 2947 2760 amoenitate
2996 2699 3210 2769 laetari;
3262 2698 3452 2757 carnis
3489 2713 3650 2756 nunc

1935 2794 2231 2867 subjacere
2256 2792 2554 2864 molestiis,
2587 2799 2642 2850 et
2667 2792 2738 2849 ad
2767 2790 3043 2864 angelica;
3072 2788 3438 2862 postmodum
3467 2793 3649 2844 trans-

1938 2886 2071 2944 ferri
2116 2884 2359 2958 gloriam
2399 2881 2717 2957 dignitatis.
2751 2880 2860 2940 Ubi
2907 2879 3189 2938 nimirum
3241 2893 3357 2936 non
3402 2877 3646 2950 languor
3709 2933 3711 2935 ,

1933 2973 2254 3048 quemlibet
2293 2980 2585 3045 aggravat,
2630 2987 2744 3029 non
2779 2968 3026 3029 tremula
3059 2974 3323 3026 senectus
3355 2966 3641 3036 incurvat,

1933 3079 2047 3121 non
2095 3061 2437 3120 amissarum
2485 3074 2681 3117 rerum
2729 3059 2939 3117 damna
2981 3055 3355 3122 discruciant,
3394 3067 3511 3110 non
3557 3067 3647 3109 ac-

1868 3151 2351 3247 Cquirendarum
2400 3158 2574 3207 aestus
2626 3148 2981 3216 inﬂammat,
3040 3145 3139 3204 sed
3171 3144 3301 3244 .ﬂos
3340 3148 3643 3247 perpetua:

158 3240 581 3324 AnGpMENTUM.
620 3279 680 3293 --
727 3248 1128 3324 Hac‘epistola
1176 3253 1239 3313 B.
1275 3254 1476 3316 Petrus
1516 3257 1678 3317 Dam.
1711 3277 1849 3319 con-

2005 3248 2191 3299 ventas
2215 3240 2369 3313 viget
2400 3239 2729 3307 incolumis,
2767 3244 2821 3296 et
2862 3237 2943 3294 sic
2990 3233 3301 3308 conspicua
3338 3232 3500 3290 beate
3552 3230 3644 3288 vi-

216 3314 780 3403 solaturuaagrotum.
839 3314 1256 3403 Qonsolationis
1306 3314 1677 3403 verovcaput
1718 3314 1850 3403 'éé},

219 3390 341 3475 quia
379 3390 785 3475 tribulationes
825 3393 1017 3474 electis
1063 3395 1161 3453 Dei
1194 3399 1393 3475 servis
1429 3390 1649 3475 divitia)
1685 3390 1850 3475 prmi

210 3455 606 3545 destinationis
656 3470 791 3545 sunt
830 3465 1214 3545 Asigfnauquod.
1276 3455 1851 3545 probatﬂmuvlti‘s—ac

212 3535 491 3604 praecipue
540 3535 877 3594 auctoritate
897 3535 982 3596 'S.
1022 3535 1239 3597 Jacobi.
1277 3535 1482 3599 'Monet
1535 3544 1743 3603 deinde
1788 3553 1849 3604 ut

212 3599 643 3676 sedulocaveat
682 3622 714 3662 a
757 3607 1173 3676 desperatione.
1225 3611 1485 3670 Tandem
1541 3599 1848 3676 ostenderis

214 3624 399 3660 θωυιο
438 3624 643 3662 caveat
682 3624 714 3662 a
757 3624 857 3664 nes
899 3624 1173 3667 eratlone.
1225 3624 1485 3670 Tandem
1541 3624 1846 3676 ostendens

214 3668 270 3761 βλ
295 3672 455 3761 i’auli
487 3677 815 3761 testimonio
847 3624 1195 3761 «feberenos
1233 3683 1294 3741 in
1325 3687 1610 3743 aerumnis
1640 3686 1846 3761 laetari,

212 3741 273 3798 ad
298 3746 634 3816 passionum
672 3749 1029 3810 tolerantiam
1064 3752 1343 3813 hortatur.

214 3849 419 3913 Domno
456 3854 530 3914 G.
558 3857 917 3919 nobilissimo
948 3861 1075 3922 viro
1100 3862 1329 3923 PETRUS
1359 3873 1618 3940 peccator
1646 3884 1848 3927 mona-

155 3936 276 3997 chus
303 3942 571 4004 fraternae
600 3948 893 4007 charitatis
918 3950 1283 4026 obsequium.

213 4028 429 4125 itogasti
478 4050 596 4125 me,
641 4036 1036 4111 dilectissime,
1074 4048 1138 4099 ut
1182 4042 1557 4102 consolatoria
1604 4044 1708 4103 tibi
1750 4061 1850 4119 per

154 4120 393 4186 epistolas
442 4124 620 4182 verba
677 4127 1143 4200 transmitterem,
1181 4137 1237 4189 et
1276 4146 1538 4191 amarum
1584 4133 1848 4191 animum

157 4210 486 4305 tuum-inter
532 4218 609 4305 tot
652 4214 897 4290 ﬂagella,
929 4234 1062 4292 qua)
1108 4221 1336 4293 pateris,
1373 4221 1600 4281 blandis
1649 4224 1847 4282 admo-

160 4298 448 4361 nitionibus
488 4303 880 4365 obdulcarem.
935 4308 1046 4367 Sed
1086 4308 1134 4367 si
1181 4312 1503 4383 prudentiae
1548 4320 1663 4371 tua;
1706 4314 1848 4371 ratio

158 4397 255 4475 non
301 4390 646 4472 obdormiat,
700 4403 909 4469 praesto
949 4407 1033 4456 est
1076 4398 1407 4469 consolatio,
1446 4416 1579 4458 cum
1624 4408 1677 4458 et
1726 4402 1849 4475 ipsa

159 4473 441 4571 verba-ad
515 4480 912 4571 hwreditatein
965 4486 1395 4559 capessendam,
1451 4493 1503 4545 te
1558 4473 1843 4547 divinitus

154 4561 497 4661 erud-niam
567 4574 703 4640 puta
770 4568 988 4642 ﬁlium,
1049 4571 1444 4633 indubitanter
1516 4578 1837 4636 ostendant.

152 4648 280 4739 Quid
320 4656 477 4715 enim
522 4661 776 4733 apertius
820 4677 886 4720 eo
937 4665 1093 4737 quod
1136 4666 1348 4725 dicitur
1394 4686 1406 4725 :
1451 4690 1471 4718 ι
1511 4668 1638 4739 Fili,
1682 4685 1842 4729 acce-

150 4736 274 4798 dens
306 4744 373 4801 ad
416 4749 755 4808 servitutem
792 4750 913 4822 Dei,
948 4736 1032 4811 sta
1072 4753 1132 4811 in
1168 4754 1390 4827 justitia
1430 4763 1484 4814 et
1535 4736 1758 4828 timore,
1789 4766 1845 4817 et

151 4843 383 4931 grypem
421 4838 679 4931 animam
718 4845 882 4931 tuam
915 4841 986 4900 ad
1030 4843 1451 4904 tentatiouem?
1484 4867 1511 4901 ››
1546 4848 1729 4920 (Ecch'.
1760 4851 1842 4920 ιι.)

153 4910 240 4973 Ubi
269 4924 423 4980 enim
468 4925 639 4985 timor
668 4935 751 4986 est
779 4936 834 4987 et
861 4930 1105 5004 justitia,
1140 4931 1503 4991 adversitatis
1535 4910 1844 5006 cujuslibet

157 5010 368 5101 tentatio
416 5028 527 5070 non
577 5016 807 5075 servilis
854 5024 939 5077 est
981 5025 1213 5092 tortura,
1245 5020 1343 5079 sed
1388 5029 1619 5095 paterna
1651 5022 1844 5097 potius

154 5092 457 5173 disciplina.
490 5101 656 5163 Unde
695 5114 749 5165 et
792 5106 854 5166 B.
885 5108 994 5167 Job
1040 5111 1193 5168 inter
1234 5110 1355 5185 ipsa
1389 5092 1703 5171 verberum
1738 5113 1842 5172 ﬂa-

151 5185 281 5274 gella
325 5208 461 5250 cum
515 5193 772 5253 diceret:
810 5196 976 5266 «Qui
1019 5200 1209 5272 cmpit,
1264 5199 1383 5274 ipse
1430 5217 1520 5259 me
1569 5210 1839 5273 conterat,

152 5273 313 5362 solvat
369 5296 612 5339 manum
659 5298 865 5355 suam,
918 5291 972 5342 et
1022 5273 1296 5344 succidat
1327 5303 1454 5358 me;
1502 5316 1520 5339 υ
1581 5292 1843 5362 protinus

148 5360 347 5450 addidit
382 5386 394 5424 ;
424 5364 545 5426 «Et
592 5371 716 5429 haec
758 5372 905 5429 mihi
951 5373 1280 5444 consolatio,
1337 5384 1401 5434 ut
1443 5360 1703 5450 afﬂigens
1750 5394 1842 5436 me

149 5446 328 5547 dolore
360 5471 491 5547 non
535 5466 725 5547 parcat
772 5462 890 5531 (Job
918 5463 1015 5535 Vl).
1052 5485 1078 5511 »ο
1130 5461 1334 5536 Magna
1384 5446 1598 5539 quippe
1645 5466 1842 5526 electis

146 5531 236 5595 Dei
286 5545 374 5600 est
425 5531 738 5607 oensolatio
787 5547 911 5623 ipsa
958 5531 1161 5611 divina
1213 5531 1696 5629 porcus-sidonia
1741 5570 1843 5631 per

200 5638 329 5705 (104)
360 5642 556 5700 Caetera
576 5648 775 5704 desunt
792 5650 850 5703 in
883 5664 1017 5706 mss.

1935 3330 2196 3388 ventium
2261 3327 2479 3403 species
2538 3323 3055 3399 incorruptibiliter
3105 3327 3328 3390 vernat,
3380 3327 3445 3377 ut
3509 3319 3643 3376 viva

1934 3422 2253 3479 venustatis
2279 3419 2462 3492 gratia
2482 3418 2697 3490 iugiter
2727 3418 2787 3474 in
2817 3432 2924 3475 sua
2949 3413 3237 3472 viriditate
3266 3418 3597 3486 permaneat
3623 3432 3637 3478 ;

1934 3516 1989 3568 et
2017 3526 2147 3567 cum
2181 3510 2252 3565 ad
2297 3514 2507 3565 nutum
2540 3513 2747 3563 cuncta
2775 3519 2877 3578 pro
2907 3501 3207 3560 desideriis
3236 3499 3490 3566 aiﬂuant,
3524 3514 3641 3556 non

1933 3598 2231 3658 amittendi
2267 3595 2590 3654 sollicitudo
2621 3592 2932 3668 perturbat,
2961 3590 3063 3649 ubi
3110 3588 3237 3647 sine
3268 3589 3384 3646 ﬁne
3412 3587 3641 3646 fruendi

1933 3688 2208 3746 securitas
2235 3691 2579 3760 perseverat.

2002 3777 2374 3850 Quapropter,
2419 3771 2757 3832 charissime
2804 3777 2859 3827 et
2897 3768 3230 3828 dulcissime
3277 3767 3469 3835 frater,
3502 3767 3641 3825 dum

1936 3865 2269 3925 verberibus
2300 3862 2571 3935 cingeris,
2601 3861 2740 3919 dum
2775 3859 3021 3918 caelestis
3066 3856 3391 3930 disciplinae
3420 3855 3642 3914 tunsio-

1933 3956 2107 4015 nibus
2161 3951 2487 4027 castigaris,
2543 3966 2658 4009 non
2709 3954 2900 4008 mente
2958 3947 3277 4020 desperatio
3335 3944 3639 4019 deprimat,

1931 4060 2046 4103 non
2091 4042 2326 4118 querela
2380 4035 2857 4097 murmurationis
2898 4042 3182 4108 erumpat,
3224 4049 3340 4092 non
3395 4032 3640 4091 tristitiae

1931 4147 2143 4191 maeror
2190 4128 2512 4198 absorbent,
2568 4141 2679 4184 non
2739 4125 3129 4199 impatientem
3191 4120 3641 4198 pusillanimitas

1934 4222 2154 4291 reddat;
2180 4219 2277 4276 sed
2289 4234 2515 4293 semper
2536 4216 2811 4275 serenitas
2826 4217 2885 4274 in
2909 4216 3095 4285 vultu,
3112 4213 3371 4272 hilaritas
3394 4213 3457 4270 in
3480 4227 3637 4270 men-

1932 4317 2002 4379 te,
2038 4311 2353 4385 gratiarum
2383 4307 2530 4366 actio
2559 4306 2792 4365 resultet
2822 4304 2881 4362 in
2919 4320 3035 4363 ore.
3071 4301 3387 4361 Laudanda
3426 4301 3639 4375 quippe

1929 4401 2127 4459 divina
2152 4404 2236 4457 est
2276 4397 2646 4471 dispensatio,
2677 4410 2811 4470 quas
2837 4393 2907 4451 ad
2936 4394 3045 4452 hoc
3082 4407 3218 4451 suos
3250 4389 3641 4465 temporaliter

1929 4490 2208 4558 verberat,
2241 4496 2303 4546 ut
2332 4486 2622 4560 perpetuis
2649 4499 2746 4542 eos
2772 4483 3014 4557 ﬂagellis
3038 4481 3382 4550 abscondat;
3430 4479 3500 4536 ad
3533 4481 3639 4537 hoc

1933 4578 2159 4655 premit,
2198 4585 2262 4636 ut
2310 4576 2528 4644 elevet;
2578 4573 2650 4630 ad
2700 4574 2809 4630 hoc
2844 4577 3014 4639 secat,
3070 4577 3134 4628 ut
3173 4575 3363 4640 sanet;
3415 4568 3484 4624 ad
3533 4568 3639 4626 hoc

1929 4667 2144 4741 dejicit,
2174 4672 2239 4725 ut
2261 4664 2491 4723 exaltet.
2524 4662 2636 4732 Qui
2677 4661 2832 4719 enim
2875 4661 3027 4719 bona
3054 4659 3191 4733 agit,
3224 4667 3280 4717 et
3321 4657 3467 4715 mala
3506 4672 3636 4715 sus-

1930 4757 2089 4831 cipit,
2116 4753 2403 4829 quidquid
2431 4751 2541 4810 sibi
2582 4752 2758 4825 justae
2798 4748 3194 4809 retributionis
3228 4748 3286 4804 in
3321 4752 3468 4804 terra
3496 4745 3637 4803 sub-

1930 4846 2194 4916 trahitur,
2240 4846 2345 4903 boc
2400 4842 2489 4901 illi
2544 4842 2601 4901 in
2649 4840 2793 4901 ccelo
2842 4840 3226 4914 multiplicius
3277 4838 3631 4897 cumulatur.

1931 4937 2108 4996 Porro
2155 4943 2347 4996 autem
2405 4934 2607 4993 medici
2652 4948 2978 5007 corporum,
3015 4945 3161 5006 quos
3198 4929 3522 5003 desperant,
3562 4926 3633 4985 ad

1927 5023 2295 5100 percipienda
2330 5022 2543 5097 passim
2577 5037 2826 5096 quaeque
2871 5019 3138 5094 petierint
3177 5018 3454 5076 alimenta
3499 5015 3639 5074 rela-

1931 5119 2104 5186 xant;
2153 5119 2210 5169 at
2255 5126 2400 5187 quos
2437 5110 2737 5184 erigendos
2770 5125 2893 5168 esse
2932 5105 3271 5181 conjiciunt,
3304 5110 3513 5163 cuncta
3552 5104 3636 5162 eis

1928 5203 2123 5261 noxiae
2194 5200 2588 5260 delectationis
2649 5199 2841 5258 edulia
2892 5197 3188 5255 minaciter
3236 5194 3634 5263 interdicunt;

1926 5290 2180 5348 antidota
2228 5290 2467 5363 insuper
2503 5295 2559 5345 et
2598 5303 2792 5346 amara
2831 5286 3171 5360 propinant;
3222 5289 3287 5343 ut
3328 5298 3431 5359 per
3472 5298 3632 5342 ama-

1924 5377 2197 5438 ritudinis
2220 5377 2513 5447 haustum,
2547 5376 2615 5434 ad
2647 5374 3061 5434 incolumitatis
3096 5372 3464 5433 dulcedinem
3493 5387 3632 5430 con-

1931 5468 2235 5525 valescant.
2266 5465 2410 5536 Quid
2463 5480 2598 5540 ergo
2639 5465 2852 5524 mirum
2897 5463 2945 5522 si
3004 5463 3263 5522 medicus
3305 5460 3632 5521 animarum

1928 5558 2294 5635 omnipotens
2342 5558 2514 5631 Deus,
2572 5563 2629 5617 et
2672 5572 2818 5634 quos
2879 5560 3172 5631 perpetuaa
3238 5554 3405 5613 morti
3452 5552 3637 5612 cernit
