4018 6202
280 279 386 338 475

803 283 860 341 S.
907 283 1126 342 PETRI
1165 283 1484 341 DAMIANI
1524 281 1680 342 OPP.
1730 282 1920 341 PARS
1966 281 2105 343 SEU
2145 278 2396 339 TOMUS
2434 277 2481 335 Ι.
2527 309 2590 318 -
2631 275 2865 335 EPIST.
2913 272 3058 332 LIB.
3105 231 3260 330 VIII.

3692 272 3792 328 476

281 403 592 473 obnoxios,
641 405 836 462 vivere
883 405 1293 465 delectabiliter
1349 408 1534 475 sinat;
1603 415 1657 464 et
1705 423 1856 481 quos
1915 405 2222 478 aquuod
2251 405 2609 461 extrinsecus
2640 399 2868 473 patitur,
2899 407 2952 456 et
2999 397 3071 454 ad
3113 398 3215 454 hoc
3254 396 3456 468 gliscat
3502 403 3558 452 et
3603 396 3794 455 tendat

285 495 457 548 vitam
493 493 670 562 eligit,
705 495 813 551 sub
851 495 1106 553 districta
1147 495 1465 552 severitatis
1511 512 1634 552 suae
1687 496 1810 567 lege
1853 513 1989 553 con-
2078 493 2232 567 quod
2267 491 2515 551 interius
2544 489 2988 561 contemplatur.

282 582 567 654 stringat?
597 585 737 642 Nam
769 593 820 642 et
854 586 1148 647 animalia.
1185 604 1316 659 quae
1353 588 1407 643 in
1441 587 1707 660 proximo
1739 595 1993 644 mactan-

286 673 357 728 da
408 675 794 747 disponimus,
851 677 1248 748 indulgentius
1306 679 1561 737 victitare
1610 681 1997 751 permittimus

283 772 338 822 et
369 764 613 835 largiora
647 766 763 823 illis
792 768 1080 825 alimenta.
1102 771 1458 842 praebemus;
1495 787 1696 829 eorum
1737 787 1867 827 vero
1897 788 1987 842 pe-

287 854 518 910 nuriam
573 862 627 910 et
689 859 924 913 maciem
984 859 1453 931 parvipendimus
1508 876 1641 933 quae
1701 859 1771 916 ad
1826 876 1998 917 usum

286 943 528 1001 seminis
587 952 641 1001 et
695 947 764 1002 ad
821 951 1244 1020 prOpagandaun
1307 952 1559 1008 sobolem
1613 966 1994 1008 reservamus.

289 1032 445 1090 Vites
497 1049 728 1109 quoque
772 1044 825 1093 et
871 1054 1118 1112 (piaeque
1167 1041 1425 1097 fecundae
1479 1043 1710 1099 arbores
1763 1040 2000 1114 putatio.

288 1123 464 1178 nibus
503 1123 732 1194 jacent;
783 1125 1002 1182 steriles
1043 1138 1256 1198 autem,
1305 1138 1358 1185 et
1403 1147 1534 1203 quae
1585 1132 1814 1199 ignibus
1866 1137 2000 1186 sunt

289 1211 600 1282 tradendae,
636 1216 810 1270 ramis
859 1218 1235 1288 evagantibus
1283 1234 1396 1291 quo
1441 1220 1693 1287 liberius,
1723 1235 1789 1276 eo
1823 1220 2000 1276 diffu-

288 1299 409 1356 sius
447 1310 657 1372 patent.
695 1303 820 1360 Noli
856 1305 1043 1378 itaque
1072 1309 1242 1379 hujus
1283 1309 1414 1365 vitae
1449 1310 1778 1366 felicitatem
1811 1309 2001 1380 pravis

287 1387 620 1447 hominibus
653 1391 929 1459 invidere,
965 1395 1062 1451 sed
1106 1397 1379 1465 condole;
1424 1397 1539 1455 imo
1574 1398 1708 1470 quia
1736 1398 1842 1468 ipsi
1887 1413 1998 1456 non

289 1479 503 1546 dolent,
537 1481 727 1553 potius
767 1483 1097 1555 ingemisce.
1142 1485 1245 1555 Qui
1289 1488 1591 1556 nimirum,
1635 1489 1795 1546 Velut
1837 1489 2000 1545 bruta

290 1570 565 1639 animalia
594 1571 666 1628 ad
708 1574 1011 1630 macellum
1035 1574 1254 1632 edendo
1285 1587 1605 1648 properant,
1636 1578 1705 1633 ad
1741 1578 2004 1648 gladium

296 1657 648 1715 lasciviendo
686 1661 970 1719 festinant.
1013 1664 1090 1722 De
1131 1667 1244 1722 tuis
1282 1675 1472 1723 autem
1514 1666 1796 1740 pressaris
1835 1675 2005 1738 atque.

298 1747 576 1804 molestiis
605 1750 809 1819 gaude,
849 1763 910 1807 et‘
954 1753 1082 1810 totis
1124 1755 1181 1810 in
1220 1755 1465 1811 Domino
1513 1756 1832 1813 visceribus
1875 1774 2004 1829 gra-
2030 1771 2075 1830 Β

301 1837 503 1932 tulare,
559 1840 694 1932 quia
729 1929 736 1932 _
773 1841 872 1912 qui
962 1860 1135 1910 nunc,
1198 1853 1257 1902 ut
1329 1846 1404 1902 ita
1460 1846 1653 1917 fatear,
1710 1863 2008 1918 pmnarum

298 1926 566 1983 inanium
627 1927 856 1986 levitate
912 1931 1269 2004 deprimcris,
1322 1937 1781 1992 remunerandus
1854 1945 2006 2008 post~

298 2012 538 2108 modum
605 2017 833 2108 pretiosi
905 2023 1032 2077 auri
1118 2024 1367 2094 pondera
1445 2025 1771 2096 reportahis,
1835 2025 2008 2081 Paulo

298 2101 564 2158 videlicet
593 2105 912 2175 pollicente,
942 2109 1040 2180 qui
1079 2110 1156 2165 ait
1193 2127 1202 2164 :
1242 2135 1259 2162 it
1296 2112 1352 2168 Id
1389 2112 1542 2168 enim
1578 2113 1728 2185 quod
1765 2112 1818 2167 in
1861 2130 2006 2184 prae-

302 2189 451 2247 senti
481 2198 564 2248 est
609 2203 1077 2254 momentameum
1111 2215 1174 2254 ac
1215 2199 1337 2256 leve
1371 2201 1754 2259 tribulationis
1783 2210 2009 2268 DOSll‘iB,

297 2296 472 2353 supra
511 2283 747 2340 modum
781 2285 838 2342 in
870 2287 1222 2346 sublimitate
1251 2298 1533 2348 aeternum
1560 2294 1758 2363 gloriae
1789 2295 2014 2364 pondus

222 2384 226 2388 '
300 2376 568 2441 operatur
607 2372 668 2429 in
706 2374 868 2432 nobis
906 2381 974 2446 .{II
1005 2381 1122 2434 Cor.
1163 2381 1261 2448 tv).
1299 2406 1323 2428 ››
1378 2381 1641 2438 Scrutare
1680 2383 2014 2454 simpliciter

301 2459 611 2553 apostolica
643 2461 829 2553 verba
875 2474 928 2520 et
984 2467 1235 2525 studiose
1290 2470 1606 2541 considera,
1651 2474 1787 2544 quia
1840 2472 2012 2544 (ιι,ιὶιί-

301 2546 443 2617 quid
479 2548 706 2619 pateris,
739 2563 1211 2613 momentanenm
1255 2565 1337 2614 est
1369 2568 1422 2616 et
1457 2560 1610 2628 leve;
1647 2567 1932 2633 quatenus
1963 2568 2014 2616 et

303 2635 456 2705 quod
505 2636 626 2693 leve
676 2637 886 2696 dicitur
930 2645 1336 2714 aequanimiter
1372 2651 1555 2717 feras;
1602 2661 1655 2706 et
1695 2649 1846 2721 quod
1890 2665 2012 2710 ruo-

307 2734 680 2820 nien‘taneum
733 2737 835 2799 est,
890 2736 1232 2804 quantocius
1289 2740 1516 2796 evolare
1572 2741 1844 2798 confidas.
1900 2740 2015 2796 Nec

305 2813 444 2871 illud
482 2815 651 2872 etiam
683 2826 735 2874 te
765 2827 1061 2890 praetereat
1097 2841 1268 2898 quam
1314 2843 1582 2898 congrue,
1627 2846 1796 2903 quam
1844 2847 2010 2887 accu-

308 2912 428 2960 rate
457 2905 656 2964 divina
686 2909 908 2967 sibimet
945 2912 1112 2968 verba
1162 2916 1538 2987 respondent;
1574 2926 1634 2976 ut
1666 2921 1735 2976 ad
1777 2919 1831 2976 id
1862 2919 2014 2992 quod

308 2994 697 3054 tribulationis
724 3010 1191 3060 momentaneum
1229 3011 1280 3060 et
1321 3003 1464 3060 282
1503 3008 1623 3064 leve.
1657 3010 2011 3081 promiserat,

2673 594 3036 653 EPISTULA
3067 593 3192 650 VII.

2439 702 2514 746 AD
2544 699 2820 745 ATTONEM
2863 698 3063 761 LEGUM
3093 695 3425 741 [)OCTOREM.

2411 779 2666 833 Habetur
2696 782 2825 830 tom.
2855 777 2950 836 III,
2987 777 3046 826 in
3070 773 3325 842 Opusculo
3353 769 3469 837 42.)

2652 869 3018 940 EPISTULA
3053 879 3207 936 VIII.

2117 988 2194 1032 AD
2234 986 2714 1034 BONUMHOMINEM
2745 984 2908 1029 LEGlS
2935 981 3210 1036 PEIiITUM,
3245 977 3757 1025 (IIESENATENSEM.

2084 1073 2526 1129 ARGUMENTUM.
2549 1106 2578 1112 --
2609 1070 2903 1127 Hortatur.
2933 1074 2995 1122 ut
3022 1066 3160 1120 dum
3196 1063 3464 1119 secundis
3493 1061 3667 1116 rebus
3692 1061 3804 1116 uti-

2159 1152 2266 1212 tur,
2301 1160 2410 1200 non
2455 1143 2751 1215 praisentis
2790 1140 2924 1194 vitae
2955 1139 3100 1215 bona
3141 1137 3298 1191 fluxa
3335 1143 3387 1189 et
3427 1135 3664 1215 caduca,
3703 1130 3804 1187 sed

2154 1205 2286 1287 quae
2330 1205 2722 1287 post-mortem
2763 1219 2976 1287 aeterna
3017 1211 3209 1287 futura
3251 1215 3406 1266 sunt.
3438 1205 3674 1283 assidua
3703 1218 3802 1287 Co;

2154 1273 2428 1356 gitatione
2470 1286 2796 1358 perpendat.
2833 1280 3157 1338 Praesertim
3185 1293 3329 1358 vero
3369 1275 3616 1354 extremi
3655 1273 3808 1344 judi-

2157 1346 2228 1414 cii
2260 1359 2416 1438 diem
2447 1346 2587 1438 antri
2616 1355 2811 1434 oculos
2852 1350 3238 1438 pt'0|)0fltlll.,lin
3279 1365 3393 1438 quo
3424 1358 3468 1428 et
3509 1346 3802 1425 universa!

2158 1431 2326 1485 molis
2376 1429 2549 1499 hujus
2599 1428 2815 1488 ruinas,
2849 1421 3227 1499 inexorabilis
3269 1421 3480 1490 jUtiICIS
3527 1421 3799 1497 rigorem,

2160 1518 2354 1571 ptenas
2379 1489 2679 1557 hominum
2709 1496 2906 1571 sceleri
2937 1489 3300 1571 praeparatas,
3324 1505 3478 1571 seras
3504 1505 3568 1545 ac
3597 1489 3806 1571 inanes

2160 1560 2465 1629 hominum
2496 1569 2860 1644 ptenitentias
2887 1560 3044 1644 saepe
3059 1560 3280 1636 saepius
3310 1560 3638 1618 meditetur.
3668 1562 3805 1616 Am-

2176 1644 2374 1699 ,iIIiIC-ill
2428 1638 2729 1699 id‘multis
2785 1645 2839 1694 et
2894 1638 3317 1710 priq'ilnjtarum,
3360 1642 3406 1710 et
3471 1639 3804 1710 sanctorum

2176 1662 2374 1699 .illllctlt
2428 1662 2478 1699 lt]
2533 1662 2729 1698 lllllllls
2785 1662 2839 1694 (ἰ
2894 1662 3317 1710 pl‘tqiumut‘uiu,
3360 1662 3406 1688 L'l
3471 1662 3804 1688 mttlLlUIULu

2160 1662 2397 1772 I’atrum
2438 1712 2890 1770 aitn'ttoritatihus.
2945 1708 3197 1764 'I‘amlem
3253 1702 3541 1761 concludit
3593 1703 3804 1757 iterum

2167 1789 2418 1852 hortans,
2457 1792 2518 1840 ut
2545 1801 2686 1856 quas
2717 1799 2787 1838 ex
2830 1781 3238 1856 prophetarum
3270 1773 3809 1856 et‘Patrunivoln-

2168 1845 2425 1913 minibus
2450 1873 2546 1913 seu
2559 1845 2758 1911 {entias
2778 1845 2882 1910 add
2895 1845 3103 1917 uiterit,
3125 1866 3220 1904 eas
3246 1864 3304 1904 in
3325 1848 3447 1904 dies
3474 1845 3807 1917 meditetur,

2162 1928 2626 1986 eilicacisshnum
2671 1924 2909 1997 proinde
2958 1914 3280 1997 remedium
3334 1918 3684 1974 existimans
3737 1914 3806 1970 ad

2163 2000 2341 2057 animi
2378 2001 2614 2054 vulnera
2645 1991 2953 2070 plagasque
2986 1991 3290 2049 sanandas.

2173 2096 2316 2165 2&3
2378 2098 2601 2156 Domuo
2661 2096 3034 2152 BUNOHUAIiNl
3103 2089 3554 2164 prudentissimo
3624 2082 3810 2159 judici

2099 2189 2328 2247 PETst
2360 2195 2612 2260 peccator
2641 2185 2956 2243 monachus
2992 2184 3256 2239 fraternae
3289 2176 3596 2235 vinculum
3619 2174 3808 2232 chari-

2100 2279 2244 2333 tatis.

2170 2365 2292 2422 Non
2325 2365 2523 2435 ignoro
2553 2364 2687 2436 quia
2715 2378 2847 2418 cum
2879 2378 2996 2418 mea
3028 2359 3266 2432 epistola
3295 2353 3812 2427 grammaticorum

2100 2457 2465 2514 saecularium
2544 2455 2813 2512 manibus
2875 2452 3151 2520 traditur,
3207 2465 3341 2506 mox
3410 2454 3607 2504 utrum
3663 2442 3816 2500 adsit

2101 2548 2389 2606 artificiosi
2428 2546 2560 2620 styli
2600 2549 2754 2618 lepor
2792 2544 3126 2610 attenditur,
3162 2541 3459 2598 rhetoricae
3497 2533 3819 2593 venustatis

2099 2644 2253 2700 color
2314 2641 2653 2716 inquiritur,
2708 2648 2761 2695 ct
2805 2639 3081 2711 captiosos
3126 2634 3598 2709 syllogismorum
3641 2636 3821 2700 atque

2099 2736 2594 2808 enthymematum
2674 2729 2920 2788 circulos
2999 2743 3161 2785 mens
3245 2724 3472 2781 curiosa
3545 2719 3818 2776 rimatur.

2099 2827 2434 2895 Aucupatur
2477 2822 2752 2878 nimirum
2790 2818 3108 2882 scientiam,
3151 2831 3283 2889 quae
3322 2813 3523 2880 inﬂat;
3565 2808 3819 2866 Charita-

2101 2921 2211 2972 tem
2256 2922 2469 2979 autem,
2506 2928 2637 2983 quae
2677 2909 2941 2977 aedificat,
2983 2923 3098 2964 non
3143 2906 3384 2961 miratur
3420 2905 3466 2966 (ζΙ
3494 2904 3615 2956 Cor.
3649 2903 3820 2964 vtn);

2100 3006 2197 3061 sed
2224 3004 2391 3074 juxta
2424 3002 2788 3058 Salomonem
2825 3022 2836 3054 :
2875 3024 2901 3045 «
2930 2995 3112 3052 Verba
3144 3007 3442 3050 servorum
3474 2988 3575 3046 Dei
3607 2986 3822 3042 debent

311 3099 450 3189 mox
499 3094 780 3189 aeternum
824 3091 1024 3161 gloriae
1079 3095 1300 3165 pondus
1349 3098 1634 3155 reddendo
1681 3073 2223 3189 sulijungat.cesse
2272 3092 2435 3166 quasi
2470 3089 2710 3158 stimuli,
2761 3095 2815 3145 et
2865 3087 3030 3160 quasi
3087 3084 3232 3141 clavi
3288 3083 3345 3138 in
3401 3080 3584 3136 altum
3635 3073 3821 3133 defixi

742 3186 747 3189 .
975 3183 982 3189 .
1077 3186 1084 3189 .
2112 3187 2114 3189 .
2233 3186 2245 3189 -
2419 3183 2426 3189 .
2550 3181 2581 3189 Λ
2851 3181 2868 3189 ι.
2938 3185 2945 3189 .
3146 3173 3156 3189 1
3269 3170 3471 3189 '1,!_._.-
3533 3164 3713 3189 ..ιη-Α..
3774 3171 3819 3189 η·

312 3172 604 3243 Perpende
655 3179 829 3250 igitur
866 3188 918 3238 et
971 3183 1216 3242 invicem
1259 3189 1452 3245 confer
1494 3164 1930 3248 tribulatioiieni
1964 3164 2303 3252 etUtEccle:
2331 3183 2452 3252 ΧΠ).
2492 3205 2510 3230 η
2545 3181 2685 3248 Quae
2739 3181 2988 3250 profecto
3043 3173 3212 3231 verba.
3267 3170 3476 3227 idcirco
3529 3164 3717 3223 clavis
3772 3171 3824 3219 et

311 3263 576 3353 gloriam,
612 3279 1079 3331 momentanenm
1110 3284 1162 3332 et.
1192 3285 1495 3342 aeternum,
1530 3280 1652 3335 leve
1685 3289 1737 3337 et
1771 3282 2013 3353 pondus.

313 3349 510 3450 fiande
540 3371 676 3427 ergo
707 3365 760 3414 et
799 3362 1046 3428 exsulta,
1083 3366 1218 3438 quia
1268 3368 1420 3438 quod.
1465 3349 1856 3426 tribulationis
1893 3386 2017 3426 sus-

314 3447 460 3540 tines
541 3459 1008 3512 momentanenm
1062 3465 1162 3522 est,
1219 3461 1370 3530 quod
1449 3460 1646 3529 gloriae
1731 3461 2019 3532 praestola-

311 3547 390 3588 I‘lS
439 3542 723 3623 aeternum
783 3551 882 3600 est.
947 3544 1094 3602 Leve
1163 3555 1248 3603 est
1318 3564 1489 3604 ornne
1555 3550 1704 3623 quod
1779 3551 2015 3620 toleras;

312 3621 685 3719 ponduscst,
739 3630 888 3701 quod
946 3641 1259 3705 exspectas.
1324 3635 1539 3704 Gaude,
1576 3621 1866 3710 Iinquam,
1925 3654 2022 3710 pro

315 3709 681 3770 tribulatione
757 3719 1028 3790 gloriam,
1111 3740 1208 3796 pro
1279 3725 1509 3784 levitate
1579 3709 1841 3799 pondus,
1922 3709 2022 3800 pro

317 3809 714 3862 momentaneo
789 3817 1118 3881 recepturus
1206 3820 1510 3872 aeternum.
1605 3815 1757 3872 Inter
1866 3832 2018 3887 pres-

315 3903 477 3986 suras
529 3892 703 3991 igitur
765 3905 819 3952 et
868 3914 1181 3969 aerumnas,
1217 3903 1282 3957 ad
1338 3903 1507 3959 illum
1553 3921 1776 3976 semper
1825 3906 2023 3962 oculos

315 3992 613 4076 eritNam
659 3993 887 4076 paratus
939 3994 1020 4042 est
1071 3997 1190 4059 post
1245 3991 1469 4062 flagella
1525 3993 1849 4050 dulcedinis
1903 4010 2023 4051 suae

315 4072 534 4163 gremio
576 4072 921 4143 confovere;
974 4079 1073 4150 qui
1124 4085 1174 4136 te
1215 4091 1335 4152 post
1379 4082 1638 4140 turbines
1667 4093 1722 4142 ct
1753 4085 2025 4156 procellas

319 4171 373 4212 tn
408 4173 674 4228 supernae
708 4163 919 4233 quietis
947 4169 1276 4226 animnitate
1305 4172 1627 4242 constituet,
1657 4180 1710 4229 et
1738 4175 1808 4230 ab
1838 4174 2023 4230 oculis

2102 3272 2351 3330 stimulis
2407 3276 2831 3339 comparantur,
2866 3265 3001 3338 quia
3044 3264 3220 3320 vitam
3265 3259 3587 3317 carnalium
3634 3253 3823 3312 acutis

2103 3361 2287 3418 solent.
2321 3357 2743 3416 invectionibus
2777 3369 3049 3426 pungere,
3092 3366 3202 3407 non
3248 3349 3395 3405 male
3429 3343 3640 3402 blanda
3677 3339 3822 3399 deli-

2107 3449 2293 3506 nilicae
2364 3444 2764 3504 assentationis
2827 3443 3096 3500 unctione
3154 3439 3402 3511 palpare.
3459 3433 3582 3490 Mea
3644 3430 3825 3501 igitur

2104 3538 2474 3612 grammatica
2515 3537 2775 3593 Christus
2829 3541 2928 3598 est,
2975 3531 3074 3604 qui
3123 3531 3293 3586 homo
3334 3543 3433 3600 pro
3479 3521 3824 3581 hominibus

2106 3630 2287 3686 factus
2319 3633 2421 3692 est,
2451 3632 2503 3682 et
2555 3625 2606 3680 in
2659 3625 2779 3696 ipso
2817 3620 3098 3696 quidquid
3145 3623 3326 3691 potest
3367 3616 3612 3671 fratrum
3664 3625 3820 3666 meo-

2107 3736 2238 3777 rum
2268 3714 2635 3772 aediiicationi
2663 3711 2987 3781 consulere,
3016 3710 3120 3765 hoc
3150 3707 3334 3764 solum
3367 3719 3493 3760 mea
3519 3701 3687 3760 novit
3708 3697 3825 3770 epi-

2107 3807 2248 3863 stola
2293 3804 2542 3862 redolere
2596 3802 2766 3867 (105).
2811 3798 3180 3869 Quapropter,
3241 3792 3576 3850 charissime
3624 3791 3820 3861 frater,

2107 3914 2264 3956 nunc
2299 3896 2400 3952 tibi
2448 3894 2585 3950 dum
2631 3888 2884 3946 mundus
2929 3886 3159 3954 arridet,
3199 3883 3339 3940 dum
3381 3882 3573 3939 carnis
3608 3882 3823 3940 sanitas

2108 3991 2307 4056 fervet,
2351 3988 2491 4043 dum
2534 3981 2876 4056 prosperitas
2921 3986 3140 4035 terrena
3180 3973 3486 4038 demulcet,
3531 3988 3670 4044 quae
3699 3983 3821 4046 post

2108 4083 2215 4139 ista
2265 4087 2582 4154 sequantur
2635 4074 2914 4143 excogita,
2983 4079 3042 4126 et
3081 4070 3201 4141 jam
3258 4066 3418 4138 quasi
3479 4066 3816 4131 transactis,

2105 4190 2236 4247 quae
2293 4178 2497 4245 praesto
2555 4174 2722 4235 sunt,
2785 4164 2932 4220 illud
2991 4159 3292 4235 prudentia
3352 4165 3534 4212 vestra
3587 4154 3819 4211 solerter

4016 3439 4018 3596 ἱ

324 4247 433 4300 ims
480 4247 759 4320 lacrynias
807 4251 981 4311 linteo
1023 4266 1307 4329 perpetuae
1353 4261 1761 4319 consolationis
1805 4263 2016 4319 abster-
2105 4242 2416 4320 examinet.
2451 4274 2585 4331 quae
2627 4253 3005 4328 praesentibus
3047 4250 3241 4307 Iulum
3283 4246 3613 4303 SUCCBdﬂHl-
3655 4242 3820 4311 Φαω-

319 4341 517 4438 get-ﬂ“
557 4339 857 4438 Ab5‘9l‘gitt
912 4346 1068 4402 enim
1115 4346 1264 4405 Deus
1310 4366 1541 4407 omnem
1589 4351 1895 4424 lacrvmam
1953 4353 2023 4410 ab
2107 4368 2338 4424 cunque.
2391 4364 2523 4418 ergo
2584 4342 2904 4402 transitoria
2949 4347 3104 4406 sunt,
3149 4335 3339 4393 altiori
3388 4332 3631 4392 consilio
3707 4332 3822 4404 jam

320 4424 888 4525 oculisusanctorum
937 4437 1122 4507 (Apoc.
1168 4451 1249 4497 vn
1292 4447 1344 4496 et
1392 4445 1538 4508 XXI).
1586 4469 1602 4488 ιι
1657 4418 1807 4498 Illud
1851 4418 2380 4525 etiamntransisse
2438 4438 2702 4502 decerne,
2758 4440 2812 4488 et
2876 4430 3028 4486 velut
3099 4423 3497 4484 ludificatui-lae
3564 4418 3827 4478 illusioni

319 4516 693 4585 apostolicum
741 4522 972 4582 assidua
1035 4527 1400 4586 meditatione
1456 4529 1705 4598 revolve,
1765 4538 1818 4586 ei
1875 4499 2399 4590 intet‘Dsonmium
2424 4529 2661 4598 deputa;
2706 4523 2844 4579 illuc
2885 4537 3046 4578 mens
3084 4527 3177 4575 tua
3221 4521 3493 4582 recurrat,
3524 4510 3668 4567 illuc
3705 4506 3822 4565 sol-
3897 4561 3916 4570 ,

323 4603 797 4708 flagellaipositus.
830 4615 958 4671 totis
987 4615 1042 4672 in
1076 4616 1319 4675 Domini
1347 4619 1666 4676 visceribus
1696 4621 2023 4687 gratulare:
2115 4620 2296 4676 licitos
2349 4614 2638 4674 acuminis
2695 4611 2780 4667 sui
2829 4608 3028 4666 oculos
3069 4605 3294 4675 dirigat,
3338 4601 3490 4675 quod
3525 4605 3825 4671 postquam

323 4713 348 4742 ‹‹
389 4692 508 4751 Non
542 4698 750 4770 solum,
797 4702 1005 4775 inquit,
1038 4707 1129 4763 sed
1171 4716 1223 4764 et
1255 4708 1573 4778 gloriamur
1605 4706 1668 4765 in
1707 4709 2027 4765 tribulatio-
2111 4708 2432 4778 contigerit,
2489 4701 2729 4761 transire
2789 4715 2900 4755 non
2981 4695 3155 4763 novit,
3216 4689 3528 4748 terribilem
3597 4698 3828 4759 (lumine

326 4783 516 4883 nibus,
545 4788 805 4884 scientes
833 4795 1004 4864 .qnod
1051 4795 1342 4853 tribulatio
1377 4797 1705 4868 patientiam
1739 4804 2026 4868 eperatur,

325 4882 592 4943 patientia
631 4887 820 4936 autem
865 4882 1278 4954 probationem,
1337 4885 1592 4956 probatio
1643 4902 1774 4942 vero
1831 4901 2026 4957 spem,

321 4979 448 5033 spes
478 4974 668 5023 autem
717 4986 830 5026 non
875 4971 1198 5040 confundit,
1232 4973 1366 5046 quia
1395 4975 1640 5030 charitas
1685 4974 1781 5030 Dei
1821 4975 2030 5031 dill'usa

322 5063 402 5110 est
450 5057 504 5112 in
564 5059 832 5118 cordibus
885 5064 1091 5119 nostris
1139 5079 1236 5135 per
1280 5063 1558 5136 Spiritum
1613 5071 1900 5129 sanctum,
1931 5063 2024 5134 qui

323 5144 489 5202 datus
521 5155 602 5205 est
644 5150 808 5217 nobis
848 5156 1016 5223 (Rom.
1057 5156 1133 5221 v).
1169 5177 1193 5204 ››
1229 5153 1331 5210 l-Iis
1377 5153 1549 5224 igitur
1587 5152 1830 5222 aliisque
1873 5152 1994 5208 Scri

329 5243 508 5308 plura:
559 5240 775 5297 divinae
825 5242 1189 5311 testimoniis,
1245 5242 1634 5310 dilectissin‘ie,
1671 5248 1916 5298 mentem
1962 5241 2028 5296 ad

2115 4797 2305 4856 ultimi
2335 4793 2538 4866 judicii
2576 4793 2729 4848 diem
2765 4790 2882 4861 jam
2919 4789 2978 4843 in
3020 4789 3359 4855 conspectus.
3393 4782 3477 4836 tui
3524 4773 3831 4849 praesentia

2113 4901 2281 4958 pone,
2313 4893 2366 4939 et
2407 4882 2773 4954 repentinum
2807 4883 2981 4934 tantae
3015 4873 3323 4944 majestatis
3361 4869 3675 4924 adventura
3715 4870 3834 4918 tre-

2117 4955 2372 5031 mefactis
2417 4969 2736 5029 visceribus
2786 4971 3043 5022 retracta.
3087 4962 3200 5018 Nec
3249 4958 3416 5016 illum
3462 4955 3616 5013 diem
3666 4959 3838 5025 putes

2115 5079 2237 5120 esse
2291 5061 2701 5132 longnnmum,
2751 5070 2920 5128 quem
2997 5051 3268 5125 propheta
3321 5053 3478 5104 tanto
3538 5051 3669 5100 ante
3723 5054 3843 5096 nos

2116 5150 2328 5209 saeculo
2368 5150 2644 5208 vicinum,
2675 5154 2729 5201 et
2778 5143 2953 5199 veluti
2983 5142 3100 5213 jam
3141 5144 3285 5194 esset
3325 5135 3382 5191 in
3431 5134 3650 5201 limine,
3681 5143 3842 5202 prae-

2115 5239 2364 5309 dicabat,
2418 5236 2614 5293 dicens
2653 5254 2663 5291 :
2703 5257 2725 5282 (ι
2760 5233 2939 5288 Juxta
2982 5230 3065 5287 est
3109 5227 3230 5283 dies
3285 5223 3516 5279 Domini
3565 5231 3842 5290 magnus,

325 5329 656 5400 patientiam
691 5332 912 5401 robora,
955 5343 1009 5390 et
1049 5334 1326 5407 gaudium
1375 5341 1494 5405 post
1539 5331 1822 5388 tristitiam
1869 5330 2032 5388 laetus
2111 5329 2280 5404 juxta
2323 5336 2407 5385 est
2456 5335 2508 5382 et
2560 5325 2728 5381 velox
2772 5321 2972 5386 nimis,
3032 5336 3126 5375 vos
3174 5317 3288 5373 diei
3341 5313 3577 5372 Domini
3617 5323 3846 5374 amara,

324 5427 610 5490 eXsperta.
645 5421 727 5476 Ad
769 5424 912 5481 illud
972 5433 1019 5481 te
1059 5424 1333 5497 gaudium
1384 5439 1512 5495 Spes
1560 5421 1757 5493 erigat,
1787 5420 2034 5477 charilas
2111 5395 2492 5474 tribulabitur
2523 5414 2600 5469 illi
2629 5410 2825 5478 fortis;
2857 5409 2977 5465 dies
3006 5407 3128 5474 irae,
3161 5405 3280 5462 dies
3311 5403 3407 5459 illa
3439 5424 3451 5470 ;
3494 5400 3619 5457 dies
3651 5395 3850 5452 tribu-

327 5511 612 5568 fervorcm
645 5515 935 5578 accendat,
972 5520 1034 5571 ut
1078 5512 1451 5569 obliviscatur
1487 5491 1666 5567 mens
1691 5509 1834 5566 bene
1877 5507 2033 5566 ebria
2119 5507 2365 5577 lationis-
2389 5513 2442 5563 et
2484 5503 2805 5576 angustiae;
2845 5498 2966 5557 dies
3007 5497 3396 5565 tenebrarum,
3440 5498 3495 5550 et
3535 5485 3853 5561 caliginis;

393 5612 519 5665 litt-‘3!
545 5613 615 5662 lie
640 5613 719 5660 die
749 5614 929 5675 ju-‘icii
957 5613 1144 5663 eadem
1169 5611 1432 5660 habentur
1457 5622 1540 5670 ep.
1569 5611 1596 5656 5
1625 5609 1710 5656 III).
1757 5621 1810 5659 iv
1845 5621 2026 5671 supra,
2064 5608 2283 5659 totidem
2327 5606 2441 5655 t‘.-~re
2477 5602 2754 5654 sententiis
2795 5619 2798 5622 ι
2827 5598 3044 5650 tverbi;
3084 5605 3357 5658 .‘X[).CFS-.i.
