4024 6198
198 304 285 362 477

1343 302 1567 364 LIBER
1607 303 1973 379 OCTtVUS,
2019 308 2256 369 EPIST.
2298 306 2455 367 VIII.

3546 305 3651 368 478

198 429 294 486 dies
355 421 571 482 nebulae
618 429 675 480 et
735 423 1030 495 turbinis;
1088 424 1211 484 dies
1263 426 1416 484 tubae
1460 435 1515 485 et
1567 428 2294 501 clangorisAardentibus,
2338 429 2561 488 cunctis
2606 428 2778 485 etiam
2824 427 3124 486 elementis
3163 429 3222 486 in
3265 427 3357 485 sui
3388 429 3652 503 obsequii

193 518 352 589 (Soph.
406 519 463 581 1).
538 511 763 582 Pensa,
825 513 1241 587 dilectissime,
1303 524 1632 574 extremum
1696 518 1854 575 diem

187 603 358 679 judicii
428 617 601 675 super
665 602 835 660 corda
909 605 1284 677 reproborum
1363 621 1477 678 qua
1551 606 1853 678 asperitate

190 696 307 755 vidit
338 694 599 771 propheta
647 707 1019 763 amarescere,
1048 710 1223 768 quem
1255 703 1333 755 tot
1369 696 1853 770 appellationibus

186 800 279 842 non
318 782 488 839 valuit
536 782 845 854 explicare.
885 782 1216 857 Enimvero,
1258 794 1322 843 ut
1369 791 1658 843 taceamus
1698 802 1855 844 nunc

184 873 243 931 de
287 870 392 928 illis
451 885 752 943 nunquam
826 871 1098 930 finiendis
1165 873 1551 932 damnationis
1620 881 1855 933 aeternae

183 958 462 1033 suppliciis,
515 968 569 1016 et
621 959 1021 1019 tantummodo
1070 960 1119 1019 si
1168 962 1326 1020 solus
1372 962 1469 1021 ille
1516 961 1707 1020 ultimi
1740 964 1855 1022 diei

183 1058 351 1117 terror,
378 1056 431 1105 et
459 1049 680 1116 horror,
713 1060 777 1109 ut
819 1053 1065 1127 dignum
1096 1060 1199 1125 est,
1232 1055 1485 1113 studiose
1525 1056 1852 1127 discutitur,

182 1147 271 1197 tota
310 1138 510 1195 mundi
561 1140 736 1212 hujus
784 1142 1100 1217 deceptrix,
1131 1154 1185 1202 et
1238 1144 1381 1203 falsa
1422 1145 1680 1215 felicitas,
1715 1164 1780 1204 ac
1806 1148 1854 1205 si

181 1227 340 1285 lutum
379 1226 468 1284 vel
519 1228 879 1288 infructuosa
912 1232 1116 1290 littoris
1154 1232 1283 1303 alga
1328 1234 1640 1307 judicatur.
1673 1234 1855 1305 Quem

178 1314 309 1372 enim
348 1330 456 1372 vox
494 1314 595 1372 illa
631 1333 744 1375 non
782 1328 1004 1389 terreat,
1033 1321 1166 1396 quis
1202 1338 1312 1381 non
1346 1323 1679 1382 medullitus
1715 1342 1857 1384 con-

179 1404 450 1474 tremiscat,
481 1421 618 1465 cum
660 1409 859 1467 audiat
892 1412 1084 1485 ipsum
1126 1413 1441 1471 Dominum
1480 1415 1763 1474 dicentem
1794 1417 1855 1475 in

179 1494 460 1570 Evangelio
493 1520 506 1554 :
545 1496 751 1566 «Quia
808 1501 957 1559 sicut
1001 1502 1197 1575 fulgur
1245 1504 1367 1561 exit
1419 1506 1491 1563 ab
1540 1507 1758 1564 oriente
1802 1514 1857 1565 et

176 1594 370 1659 apparet
422 1586 484 1642 in
547 1586 840 1646 occidente
871 1614 881 1645 :
911 1590 987 1648 ita
1043 1592 1151 1650 erit
1190 1593 1476 1651 adventus
1514 1594 1620 1652 lilii
1669 1595 1856 1653 homi-

176 1676 249 1732 nis
275 1673 299 1732 ?
323 1698 341 1725 ι
378 1676 596 1745 (Matth.
634 1678 824 1749 XXIV.)
854 1677 1017 1751 Quis,
1048 1681 1310 1756 inquam,
1342 1699 1457 1741 non
1492 1695 1854 1758 expavescat,

1936 527 2147 581 terrore
2204 520 2525 581 commotis.
2575 518 2759 588 Quem
2830 518 2984 576 diem
3041 518 3188 575 bene
3246 517 3345 576 ille
3396 518 3652 578 eximius

1933 614 2341 684 prOphetarum
2396 611 2573 669 Isaias
2628 608 2955 673 denuntiat.
2991 607 3231 679 dicens:
3274 628 3303 659 «
3330 606 3476 665 Ecce
3529 607 3651 667 dies

1934 702 2168 760 Domini
2225 702 2417 759 veniet
2467 697 2833 765 insanabilis,
2864 697 2987 753 dies
3044 696 3257 754 luroris
3286 703 3341 753 et
3372 696 3475 754 iraa
3519 702 3647 768 (Isa.

1936 796 2064 860 XIII)
2098 814 2110 848 :
2144 812 2170 842 »
2206 798 2269 848 ut
2318 798 2494 863 ponat
2537 787 2731 846 orbem
2789 794 2954 843 terrm
3004 785 3314 853 desertum,
3351 791 3405 842 et
3454 802 3652 857 pecca—

1937 888 2085 938 tores
2138 878 2333 952 perdat
2363 893 2433 934 ex
2468 892 2567 939 eo;
2605 875 2786 932 stellre
2836 874 2992 930 enim
3036 872 3165 930 cmli
3219 872 3419 931 lumen
3479 891 3652 933 suum

1938 985 2054 1027 non
2108 968 2347 1033 dabunt,
2382 973 2437 1023 et
2490 962 2894 1024 obscurabitur
2941 960 3022 1018 sol
3065 961 3124 1017 in
3156 968 3286 1019 ortu
3331 978 3469 1033 suo;
3512 962 3654 1022 luna

1940 1072 2075 1115 vero
2110 1071 2221 1113 non
2266 1054 2423 1113 dabit
2476 1053 2671 1110 lumen
2723 1066 2913 1115 suum,
2949 1056 3003 1106 et
3057 1049 3340 1107 mandabo
3375 1051 3651 1110 universo

1938 1146 2064 1204 orbi
2111 1144 2261 1201 mala
2290 1152 2345 1201 et
2388 1144 2583 1216 impiis
2636 1150 3031 1215 peccatorum;
3070 1148 3123 1197 et
3156 1139 3382 1213 perdam
3443 1150 3650 1200 contu-

1939 1234 2173 1292 meliam
2244 1234 2628 1309 iniquorum,
2686 1237 2739 1287 ct
2804 1231 3191 1303 arrogantiam
3271 1232 3649 1303 superborum

1940 1325 2297 1395 humiliabo;
2328 1331 2383 1382 et
2411 1331 2585 1382 erunt
2617 1322 2717 1396 qui
2746 1322 2927 1379 relicti
2958 1322 3192 1380 luerunt
3220 1321 3447 1393 pretiosi
3474 1324 3658 1394 magis

1940 1432 2115 1488 quam
2164 1430 2374 1473 aurum
2428 1414 2500 1471 ab
2555 1413 2688 1485 igne
2744 1412 3042 1484 probatum
3074 1434 3086 1481 ;
3122 1420 3177 1470 et
3216 1412 3388 1470 homo
3444 1414 3655 1484 pretio-

1941 1505 2059 1561 sior
2089 1505 2197 1562 erit
2225 1520 2399 1577 quam
2434 1502 2578 1576 lapis
2608 1502 2937 1574 sappliirus.
2971 1502 3195 1560 Gnatum
3234 1501 3391 1559 enim
3432 1503 3654 1576 quatie-

1943 1601 2057 1662 tur,
2090 1602 2144 1651 et
2180 1600 2326 1651 terra
2368 1592 2696 1650 movebitur
2746 1606 2779 1647 a
2831 1590 3228 1649 fundamentis
3268 1592 3389 1649 suis
3429 1598 3657 1665 propter

1941 1683 2199 1741 furorem
2257 1684 2360 1741 irae
2402 1681 2631 1739 Domini
2677 1680 2943 1744 Sabaoth,
2983 1680 3037 1736 in
3074 1680 3167 1738 die
3213 1696 3327 1754 qua
3376 1696 3655 1751 superve-

176 1780 284 1854 cum
331 1764 530 1822 eadem
584 1763 808 1823 Veritas
841 1767 990 1825 dicat
1024 1794 1036 1826 :
1071 1792 1098 1823 «
1128 1769 1275 1840 Quia
1310 1772 1393 1830 sol
1426 1773 1848 1845 obscurabitur,
1872 1794 1919 1854 Β
1942 1772 2087 1830 nerit
2134 1774 2297 1830 furor
2329 1774 2474 1845 ejus.
2514 1769 2622 1829 Sed
2660 1776 2713 1826 et
2759 1768 3067 1827 Malachias
3098 1770 3369 1843 propheta
3401 1784 3652 1827 consona

174 1860 218 1911 et
255 1853 384 1912 luna
426 1871 549 1913 non
589 1856 749 1915 dabit
790 1857 988 1918 lumen
1032 1877 1228 1933 suum,
1262 1873 1316 1921 et
1347 1865 1527 1923 stellae
1553 1865 1759 1924 cadent
1789 1868 1859 1929 de

174 1943 291 2001 uelo
333 1946 691 2019 virtutesque
729 1948 1011 2009 caelorum
1043 1954 1475 2013 movebuntur?
1508 1977 1529 2006 η
1563 1958 1746 2029 (Ibid.)
1780 1959 1858 2017 De

173 2048 267 2107 quo
290 2034 463 2091 etiam
489 2035 694 2093 Petrus
724 2037 803 2094 ait
830 2057 842 2095 :
882 2063 900 2089 ε
933 2040 1221 2098 Adveniet
1257 2050 1448 2100 autem
1479 2044 1601 2103 dies
1627 2046 1855 2105 Domini

169 2123 291 2181 sicut
317 2124 423 2194 fur,
465 2125 527 2182 in
579 2142 695 2199 quo
747 2128 877 2186 cmli
915 2146 1125 2202 magno
1156 2132 1376 2207 impetu
1408 2136 1704 2208 transient,
1738 2138 1853 2195 ele-

167 2220 330 2270 menta
372 2229 517 2271 vero
559 2215 746 2273 calore
801 2217 1104 2278 solventur
1136 2224 1214 2289 (II
1248 2226 1393 2280 Petr.
1430 2232 1539 2293 Ill).
1580 2251 1605 2273 »ι
1638 2226 1704 2284 Et
1750 2227 1857 2285 ite-

167 2312 273 2357 rum
297 2299 427 2360 dicit
467 2328 481 2360 ε
522 2327 549 2354 α
578 2301 723 2363 lei
752 2314 968 2378 autem,
999 2309 1098 2380 qui
1127 2325 1283 2368 nunc
1310 2319 1463 2384 sunt,
1495 2322 1548 2371 et
1584 2322 1730 2372 terra
1760 2331 1856 2373 eo-

166 2387 273 2446 dem
297 2391 474 2450 verbo
508 2394 741 2466 repositi
791 2403 928 2453 sunt
956 2414 968 2452 :
1011 2393 1158 2452 284
1178 2399 1300 2473 igni
1326 2403 1595 2460 reservati
1620 2404 1679 2460 in
1703 2405 1857 2462 diem

162 2478 334 2551 judicii
382 2491 437 2538 et
492 2483 834 2555 perditionis
882 2485 1195 2559 impiorum
1236 2490 1546 2549 hominum
1580 2495 1787 2565 (Ibid.).
1828 2520 1854 2542 »

165 2565 290 2625 Hinc
332 2577 386 2627 et
426 2569 618 2630 Judas
650 2574 941 2646 apostolus
973 2575 1093 2633 ait:
1136 2598 1163 2630 α
1197 2577 1360 2647 Ecce,
1408 2580 1619 2653 inquit,
1666 2582 1860 2640 veniet

166 2654 415 2717 Dominus
469 2659 530 2717 in
585 2662 796 2720 sanctis
843 2663 1107 2723 millibus
1156 2667 1279 2724 suis
1332 2668 1515 2727 facere
1565 2670 1853 2745 judicium

164 2754 329 2804 contra
356 2764 585 2819 omnes,
624 2750 963 2825 redarguere
998 2770 1201 2813 omnes
1238 2756 1446 2830 impios
1484 2760 1555 2817 de
1584 2761 1859 2819 omnibus

165 2836 404 2906 operibus
464 2837 781 2912 impietatis
824 2859 1048 2913 eorum,
1092 2844 1309 2918 quibus
1358 2848 1538 2921 impie
1593 2856 1855 2922 egerunt,

165 2929 209 2978 et
249 2923 310 2984 de
358 2928 643 2988 omnibus
692 2930 875 3003 duris,
909 2948 1043 3007 quae
1096 2932 1272 2993 locuti
1318 2944 1455 2995 sunt
1490 2947 1687 2997 contra
1724 2955 1859 2998 eum

162 3022 446 3087 peccatores
498 3018 664 3092 impii
706 3022 852 3091 (Iud.
888 3022 987 3095 l4).
1030 3046 1051 3075 ι
1103 3024 1187 3083 0!
1230 3027 1279 3083 si
1329 3027 1388 3085 in
1442 3030 1630 3103 palato
1670 3029 1859 3089 cordis

1940 1862 2031 1919 his
2064 1862 2339 1934 loquitur,
2370 1860 2567 1916 dicens
2596 1878 2606 1916 :
2643 1880 2669 1912 «
2704 1857 2847 1915 Ecce
2896 1859 3085 1916 veniet
3143 1857 3426 1915 Dominus
3454 1858 3646 1916 omni-

1937 1961 2158 2027 potens,
2213 1960 2265 2008 et
2312 1950 2444 2024 quis
2489 1948 2791 2007 sustinebit
2839 1948 2994 2005 diem
3044 1948 3327 2005 adventus
3372 1948 3516 2018 ejus,
3550 1953 3653 2005 aut

1938 2042 2073 2116 quis
2102 2040 2346 2114 portabit
2377 2047 2749 2112 conspectum
2781 2037 2952 2111 ejus?
2979 2061 3000 2084 »
3041 2039 3192 2105 (Mal.
3224 2040 3328 2103 IlI.)
3366 2034 3649 2105 Quoniam

1937 2131 2060 2204 ipse
2116 2131 2473 2202 ingredietur
2519 2130 2712 2199 ignem
2773 2125 3196 2195 conflatorium,
3235 2132 3289 2182 et
3339 2128 3484 2211 sicut
3545 2140 3649 2196 pa—

1938 2220 2085 2279 leam
2140 2222 2565 2289 ventilantiuni,
2624 2226 2678 2276 et
2724 2216 2940 2275 sedebit
2993 2217 3249 2274 conﬂans
3287 2224 3343 2272 et
3374 2229 3648 2288 purgans,

1937 2311 2085 2368 sicut
2135 2325 2365 2381 aurum,
2394 2317 2448 2367 et
2504 2310 2651 2365 sicut
2704 2314 3032 2379 argentum.
3078 2304 3146 2361 Et
3197 2304 3409 2361 iterum
3461 2302 3646 2361 dicit:

1943 2423 1967 2449 α
2006 2400 2146 2458 Ecce
2192 2399 2314 2458 dies
2358 2397 2591 2456 Domini
2640 2396 2830 2453 veniet
2873 2395 3083 2451 ardens
3139 2399 3203 2450 ut
3254 2392 3536 2459 clibanus,
3590 2400 3655 2449 ut

1937 2498 2098 2547 curet
2129 2489 2214 2560 υἱ,
2248 2496 2302 2545 et
2326 2489 2469 2559 uret]
2502 2502 2617 2549 eos,
2643 2491 2699 2541 et
2727 2490 2900 2541 erunt
2928 2497 3131 2539 omnes
3150 2480 3345 2549 alieni,
3371 2486 3428 2537 et
3452 2495 3652 2538 omnes

1937 2580 2039 2652 qui
2091 2578 2312 2637 faciunt
2365 2576 2751 2648 iniquitatem.
2811 2579 2875 2630 ut
2908 2572 3181 2644 stipulam
3246 2571 3514 2627 incendet
3560 2586 3656 2628 eos

1938 2668 2062 2725 dies
2109 2667 2208 2725 illa
2256 2682 2391 2739 quas
2456 2664 2665 2731 veniet,
2712 2661 2850 2719 dicit
2903 2660 3184 2717 Dominus
3241 2659 3645 2731 omnipotens:

1939 2755 2083 2813 285
2114 2763 2168 2813 et
2214 2771 2329 2813 non
2379 2753 2741 2825 relinquetur
2770 2750 2957 2819 radix,
3007 2764 3197 2821 neque
3235 2749 3456 2822 palmes
3495 2751 3650 2819 (Mal.

1938 2850 2036 2919 Iv).
2073 2868 2100 2899 »
2125 2846 2293 2903 Alius
2312 2859 2447 2901 vero
2477 2842 2565 2900 vir
2593 2840 3013 2898 desideriorum
3042 2839 3149 2897 ista
3173 2838 3313 2897 dicit
3340 2859 3351 2897 :
3382 2861 3409 2891 «
3434 2839 3501 2895 Et
3526 2854 3653 2896 ecce

1940 2935 2228 3003 videbam,
2257 2943 2311 2992 et
2356 2930 2549 2990 throni
2597 2930 2764 3003 positi
2810 2939 2968 2997 sunt,
3000 2937 3054 2987 et
3097 2929 3377 3002 antiquus
3421 2928 3647 2985 dierum

1939 3026 2185 3091 sedebat,
2219 3034 2273 3082 et
2304 3024 2712 3082 indumentum
2746 3020 2873 3093 ejus
2913 3022 3059 3078 sicut
3096 3020 3201 3076 nix
3237 3018 3571 3085 candidum,
3598 3026 3653 3074 et

164 3106 316 3211 nostri
363 3122 573 3181 sapere
614 3109 793 3181 possit
844 3120 1079 3184 quantm
1130 3116 1537 3176 amaritudinis
1575 3127 1659 3177 est
1704 3115 2131 3211 quodCcapilli
2183 3113 2385 3187 capitis
2432 3112 2558 3184 ejus
2598 3109 2745 3207 sicut
2791 3108 2921 3166 lana
2969 3106 3202 3211 munda,
3236 3107 3479 3203 thronus
3524 3106 3650 3179 ejus

167 3209 246 3265 per
282 3197 571 3257 Joannem
616 3199 828 3258 dicitur
871 3219 885 3257 :
926 3225 945 3251 ι
976 3200 1124 3261 Ecce
1176 3207 1337 3264 venit
1389 3224 1521 3266 cum
1576 3208 1853 3277 nubibus,

166 3291 209 3341 et
232 3287 430 3347 videbit
466 3304 608 3347 eum
634 3289 829 3347 omnis
847 3289 1069 3361 oculus,
1097 3298 1151 3349 et
1172 3294 1275 3367 qui
1300 3311 1432 3353 eum
1465 3307 1856 3371 pupugerunt,

165 3380 207 3429 et
231 3372 496 3449 plangent
520 3392 584 3434 se
617 3392 793 3450 super
832 3392 1034 3436 omnes
1075 3379 1258 3438 tribus
1296 3388 1465 3441 terrm
1496 3387 1688 3457 (Apoc.
1726 3387 1783 3455 Ι).
1831 3409 1852 3437 ι

164 3460 305 3522 Tunc
323 3460 726 3524 dissolventur
772 3481 939 3523 renes
966 3482 1167 3525 eorum
1202 3471 1531 3543 formidine,
1558 3474 1659 3546 qui
1691 3474 1860 3532 modo

166 3566 258 3609 non
288 3555 498 3613 timent
526 3574 540 3623 ;
575 3564 712 3613 tunc
750 3556 1130 3629 replebhntur
1161 3559 1378 3618 viscera
1408 3576 1611 3620 eorum
1644 3565 1858 3622 amari-

165 3640 354 3713 tudine,
401 3643 514 3717 qui
567 3643 857 3701 modo~in
911 3645 1163 3703 carnalis
1214 3645 1501 3706 illecebris
1554 3649 1861 3723 voluptatis

170 3727 390 3788 molliter
448 3731 669 3803 jaceat.
724 3731 889 3790 Tunc
955 3732 1115 3790 enim
1172 3736 1520 3806 sanguineas
1574 3738 1861 3813 lacrymas

162 3814 525 3892 effundentes,
583 3820 862 3895 incipient
922 3822 1113 3880 dicere
1172 3825 1519 3883 montibus:
1580 3852 1600 3879 κ
1664 3829 1861 3887 Cadite

164 3921 313 3978 super
346 3925 495 3978 nos;
530 3917 586 3966 et
632 3908 899 3980 collibus,
932 3910 1147 3982 operite
1196 3926 1301 3969 nos
1346 3916 1537 3985 (Apoc.
1575 3926 1677 3985 Vi;
1730 3918 1857 3973 Luc.

163 4004 331 4064 mn).
358 4020 384 4050 ιι
412 3997 586 4056 Tunc
616 3998 772 4055 enim
807 4013 919 4056 non
950 4008 1035 4057 est
1061 4015 1355 4073 quoquam
1383 4003 1714 4073 confugere,
1742 4018 1862 4061 non

163 4094 230 4140 est
272 4086 576 4146 latibulum
624 4086 728 4145 ubi
764 4102 825 4144 se
868 4088 1181 4161 quisquam
1214 4088 1398 4146 valeat
1431 4089 1738 4159 occultare,
1772 4090 1861 4146 ni-

165 4176 353 4235 mirum
405 4194 543 4237 cum
591 4184 646 4236 et
691 4177 909 4235 inferni
954 4185 1133 4251 portas
1180 4179 1536 4250 panduntur,
1572 4195 1725 4237 mors
1754 4180 1864 4237 ini-

164 4263 291 4322 mica
338 4265 704 4337 destruitur;
754 4266 965 4339 pulvis,
1008 4266 1109 4340 qui
1162 4272 1479 4339 putruerat,
1516 4268 1573 4324 id
1609 4274 1693 4325 est
1751 4269 1862 4326 hu-

165 4366 313 4410 mana
361 4370 518 4425 caro,
548 4354 795 4413 audiens
836 4369 1035 4412 vocem
1093 4354 1266 4423 tubae,
1300 4355 1706 4414 viviﬁcabitur.
1736 4357 1865 4415 Jam

162 4456 289 4512 quos
343 4446 402 4501 in
464 4443 693 4518 gremio
750 4458 856 4501 suo
922 4449 1067 4500 terra
1121 4450 1468 4515 susceperat,
1515 4459 1661 4517 quos
1714 4460 1863 4518 aqua

1946 3204 2099 3277 ignis
2140 3216 2419 3271 exurens,
2452 3198 2667 3256 ﬂuvius
2698 3196 2905 3269 igneus
2950 3195 3213 3253 currebat
3249 3202 3382 3251 ante
3419 3193 3649 3266 ipsum:

1943 3293 2231 3367 judicium
2283 3288 2597 3354 constituit,
2635 3295 2691 3344 et
2744 3285 2878 3343 libri
2914 3284 3093 3356 aperti
3141 3288 3294 3340 sunt.
3336 3305 3356 3332 ι
3390 3282 3457 3339 Et
3482 3282 3656 3355 paulo

1948 3390 2116 3455 post:
2158 3402 2177 3431 ι
2220 3379 2289 3436 Et
2326 3377 2468 3443 vidi,
2513 3376 2726 3449 inquit,
2758 3375 2817 3430 in
2875 3372 2999 3430 visu
3058 3372 3256 3439 noctis,
3314 3377 3370 3427 et
3416 3385 3543 3426 ecce
3594 3370 3651 3425 in

1947 3470 2206 3528 nubibus
2260 3467 2391 3526 cmli
2444 3465 2628 3522 Filius
2676 3461 2933 3520 hominis
2967 3459 3250 3525 veniebat,
3283 3464 3338 3515 et
3367 3472 3550 3530 usque
3582 3457 3653 3513 ad

1948 3567 2239 3618 vetustum
2274 3558 2499 3614 dierum
2531 3552 2811 3627 pervenit,
2843 3557 2896 3608 et
2926 3550 2984 3607 in
3014 3555 3317 3622 conspectu
3349 3548 3474 3621 ejus
3501 3545 3652 3605 obla-

1949 3654 2041 3706 tus
2079 3657 2192 3717 ,cst,
2221 3653 2276 3704 et
2322 3644 2432 3719 ipsi
2488 3643 2654 3700 datus
2711 3647 2795 3697 est
2848 3639 3226 3711 principatus,
3267 3643 3322 3694 et
3368 3637 3572 3704 honor,
3603 3640 3658 3692 et

1948 3749 2213 3807 regnum,
2249 3739 2305 3791 et
2331 3746 2536 3789 omnes
2572 3727 2785 3801 pepuli,
2823 3726 3024 3796 tribus,
3052 3732 3109 3783 et
3141 3724 3357 3798 linguas
3396 3722 3501 3796 ipsi
3538 3738 3657 3779 ser-

1948 3825 2147 3894 vient;
2180 3831 2235 3879 et
2284 3827 2529 3894 potestas
2588 3817 2714 3891 ejus
2769 3821 3013 3890 potestas
3063 3819 3298 3880 aeterna,
3349 3827 3481 3886 quae
3538 3826 3653 3868 non

1950 3916 2234 3985 transibit,
2268 3918 2324 3971 et
2372 3926 2618 3983 regnum
2661 3910 2790 3982 ejus
2840 3923 2953 3965 non
3001 3909 3318 3979 rumpetur.
3359 3902 3657 3961 Inborruit

1949 4005 2188 4078 spiritus
2236 4017 2421 4072 meus,
2455 4017 2559 4075 ego
2598 4000 2820 4068 Daniel,
2848 3997 3133 4056 hebetudo
3188 4011 3331 4064 mea,
3374 4002 3428 4053 et
3480 3995 3654 4052 visio-

1948 4110 2053 4152 nes
2106 4092 2306 4165 capitis
2358 4090 2471 4147 mei
2512 4089 2932 4147 conturbabant
2972 4104 3061 4145 me
3098 4093 3258 4155 (Dan.
3287 4091 3413 4156 vn).
3450 4111 3474 4134 ιι
3509 4085 3655 4142 Cum

1948 4198 2083 4255 ergo
2111 4181 2197 4251 agi
2233 4179 2527 4252 cmperint,
2560 4176 2892 4251 pandentur
2919 4176 3045 4234 sine
3081 4176 3261 4235 dubio
3302 4174 3432 4233 αιδιὶ
3460 4179 3656 4248 portae,

1949 4270 2067 4328 imo
2128 4270 2317 4342 potius
2374 4269 2567 4342 ipsum
2623 4266 2839 4325 ccelum
2888 4267 3186 4324 auferetur
3217 4264 3487 4332 emedio,
3531 4271 3657 4320 tan-

1949 4377 2125 4435 quam
2178 4362 2227 4418 si
2280 4358 2633 4417 tabernaculi
2673 4357 2920 4429 alicujus
2972 4355 3260 4414 velamina
3288 4355 3661 4429 colligantur,

1951 4450 2169 4507 scilicet
2238 4457 2303 4507 ut
2363 4454 2660 4520 reparetur
2710 4454 2767 4502 et
2822 4446 3262 4503 transformetur
3310 4445 3368 4502 in
3428 4443 3654 4500 melius.

163 4532 462 4606 sorbuerat,
498 4550 650 4607 quos
698 4533 845 4591 edax
894 4534 1129 4591 ﬂamma
1163 4542 1621 4608 consumpserat,
1662 4508 2116 4594 omnesDTunc
2170 4552 2303 4609 ergo
2354 4508 2549 4594 omnia
2597 4543 2783 4591 metus
2835 4532 3088 4602 habebit,
3123 4533 3409 4605 timorque
3452 4547 3517 4587 ac
3548 4538 3660 4586 tre-

159 4623 307 4691 quasi
359 4623 743 4681 commissum
800 4620 907 4679 sibi
967 4621 1291 4696 depositum
1352 4623 1613 4691 reddunt,
1650 4630 1705 4680 et
1733 4623 1866 4681 vitm

159 4706 356 4783 absque
393 4710 521 4769 ulla
561 4709 653 4769 sui
707 4708 1095 4767 diminutione
1151 4709 1479 4768 restituunt.
1509 4709 1676 4767 Tunc
1708 4709 1866 4767 enim

159 4802 289 4855 terra
329 4799 687 4867 concutitur,
719 4813 817 4856 aer
865 4796 1164 4871 repentina
1207 4806 1536 4872 tempestate
1578 4800 1864 4869 turbatur,

158 4887 393 4946 tonitrua
457 4894 849 4963 perstrepunt,
900 4888 1322 4946 coruscationes
1362 4895 1417 4945 et
1471 4888 1703 4960 fulgura
1752 4888 1862 4946 hu-

156 4988 306 5034 mana
354 4985 592 5051 pectora
633 4986 849 5035 terrore
882 4976 1269 5034 confundunt.
1307 5003 1327 5027 ι
1366 4976 1524 5036 Deus
1554 4977 1710 5036 enim
1738 4993 1860 5034 ma-

157 5062 343 5123 nifeste
384 5067 602 5136 veniet,
634 5066 785 5124 Deus
833 5072 1048 5137 noster,
1095 5071 1151 5123 et
1185 5082 1302 5124 non
1355 5066 1561 5126 silebit.
1596 5067 1756 5140 Ignis
1804 5068 1865 5126 in

151 5167 447 5231 conspectu
492 5160 617 5232 ejus
670 5158 909 5229 ardebit,
943 5168 999 5218 et
1053 5162 1112 5218 in
1169 5161 1414 5219 circuitu
1466 5164 1590 5234 ejus
1647 5166 1865 5234 tempe-

152 5249 252 5299 stas
288 5247 487 5304 valida
516 5265 530 5318 ;
563 5247 867 5306 advocabit
902 5248 1114 5307 cmlum
1147 5264 1402 5320 sursum,
1441 5254 1496 5306 et
1529 5256 1759 5319 terram,
1803 5256 1866 5306 ut

148 5327 426 5393 discernat
451 5337 739 5409 populum
765 5354 938 5397 suum
967 5341 1134 5407 (Psal.
1165 5343 1358 5407 XLIX).
1389 5362 1409 5389 ι
1437 5339 1503 5396 In
1530 5339 1623 5397 die
1653 5339 1868 5398 scilicet

150 5416 238 5475 illa
288 5424 633 5496 tremenda,
699 5441 835 5485 cum
888 5425 1109 5500 angelis
1169 5432 1225 5484 et
1264 5427 1673 5498 archangelis,
1732 5441 1868 5484 cum

1950 4643 2075 4686 mor
2126 4627 2387 4700 implebit
2439 4626 2727 4684 universa.
2766 4624 3045 4681 nimirum
3092 4638 3222 4680 cum
3282 4621 3380 4678 ille
3421 4618 3657 4693 judicet,

1948 4715 2047 4788 qui
2082 4723 2219 4773 teste
2248 4730 2361 4772 non
2392 4722 2574 4786 egeat,
2609 4716 2712 4785 qui
2752 4716 3091 4782 argumenta
3134 4725 3245 4767 non
3280 4714 3522 4783 quaerat,
3556 4705 3659 4779 qui

1947 4814 2230 4865 oratorem
2279 4820 2470 4863 causaa
2502 4819 2617 4860 non
2657 4799 2923 4875 postulet,
2956 4799 3055 4857 sed
3101 4797 3189 4856 his
3218 4795 3490 4856 omnibus
3536 4810 3662 4867 pro-

1949 4897 2048 4956 cul
2111 4896 2338 4963 amotis,
2371 4896 2493 4968 ipse
2545 4906 2600 4952 et
2648 4900 2804 4966 gesta
2852 4901 2907 4950 et
2968 4890 3138 4950 verba
3185 4896 3241 4947 et
3287 4887 3656 4961 cogitationes

1950 4987 2248 5061 dijudicat,
2279 4993 2452 5060 atque
2484 4986 2541 5042 in
2587 4983 2842 5042 medium
2877 4981 3133 5049 collocat,
3173 4987 3227 5037 et
3263 4986 3487 5049 cuncta,
3532 4977 3650 5034 vcl-

1950 5078 2034 5134 uti
2075 5076 2132 5133 in
2183 5075 2391 5133 tabulis
2427 5072 2776 5148 quibusdam
2821 5070 3062 5143 depicta,
3096 5066 3277 5126 oculis
3314 5082 3515 5124 eorum
3554 5067 3657 5141 qui

1951 5166 2367 5224 commiserunt
2393 5181 2458 5221 ea
2491 5173 2663 5236 atque
2696 5160 2971 5219 omnibus
2995 5158 3097 5232 qui
3140 5158 3403 5216 assistere
3458 5157 3659 5216 viden-

1954 5265 2045 5315 tur
2072 5257 2348 5314 ostendet.
2381 5253 2680 5323 Quomodo
2723 5251 2901 5324 igitur
2955 5259 3088 5308 tunc
3123 5249 3581 5309 commovebitur
3606 5256 3661 5308 et

1950 5345 2011 5401 in
2073 5351 2227 5400 metu
2275 5342 2383 5398 erit
2434 5340 2705 5398 universa
2760 5336 3063 5396 creatura?
3107 5338 3258 5395 Hinc
3305 5336 3480 5395 Isaias
3527 5338 3652 5398 ait:

1958 5453 1978 5481 ι
2014 5431 2145 5488 Dies
2199 5428 2440 5488 ultionis
2489 5427 2740 5498 Domini,
2772 5442 2964 5484 annus
3012 5426 3408 5485 retributionis
3452 5427 3658 5499 judicii

149 5511 358 5577 Tlionis
411 5526 473 5577 et
537 5518 1033 5580 Dominationibus
1063 5567 1079 5591 ,
1122 5536 1262 5579 cum
1339 5519 1766 5593 Principatibus
1815 5527 1870 5579 et
1957 5519 2132 5592 Sion;
2186 5528 2241 5577 et
2279 5525 2689 5577 convertentur
2738 5524 3016 5575 torrentes
3055 5517 3182 5590 ejus
3228 5517 3289 5575 in
3335 5519 3517 5591 picem
3564 5534 3655 5575 ar-

148 5603 534 5670 Potestatibus
581 5611 893 5686 apparebit,
956 5611 1119 5671 caelis
1181 5610 1641 5681 coruscantibus,
1703 5608 1868 5668 terris

1953 5609 2221 5679 dentem;
2259 5607 2352 5667 die
2394 5622 2460 5665 ac
2503 5616 2666 5667 nocte
2702 5624 2816 5666 non
2848 5606 3299 5683 exstinguentur
3334 5608 3394 5665 in
3445 5606 3656 5678 sempi-
3706 5646 3729 5677 κ
