4024 6198
333 256 442 317 479

850 262 911 321 S.
956 263 1178 324 PETRI
1218 263 1538 323 DAMIANI
1578 263 1733 324 OPP.
1779 262 1970 323 PARS
2012 261 2156 323 SEU
2194 262 2447 346 WMUS
2486 263 2537 322 Ι.
2590 295 2645 308 -
2685 262 2921 323 EPIST.
2965 261 3109 323 LIB.
3151 261 3307 324 VIII.
3719 269 3809 330 480

330 392 563 445 ternum
595 390 719 460 (Isa.
753 388 991 457 XXXIV).
1026 408 1053 440 »
1084 387 1245 458 Quod
1278 388 1483 448 beatus
1516 404 1746 463 quoque
1782 388 1892 449 Job
1929 388 2031 446 de-
2053 388 2489 452 APensandum
2521 404 2655 463 ergo
2680 394 2784 459 est,
2819 393 2877 446 et
2917 402 3149 447 summo
3181 387 3370 449 studio
3411 389 3806 454 revolvendum

330 475 549 547 scribit,
602 476 798 534 dicens
841 500 854 535 :
901 498 928 530 «
973 477 1210 537 Terram
1267 479 1622 538 tenebrosam
1679 485 1735 537 et
1785 486 2041 553 opertam

337 566 538 624 mortis
574 567 840 639 caligine,
871 574 1077 624 terram
1130 567 1381 626 miseriae
1424 576 1478 627 et
1522 568 1911 641 tenebrarum,
1941 570 2044 629 ubi

336 654 540 713 umbra
590 655 806 724 mortis,
838 661 893 713 et
934 654 1131 714 nullus
1172 654 1331 728 ordo,
1360 657 1459 714 sed
1502 657 1885 731 sempiternus
1916 658 2044 716 hor-

331 758 424 801 ror
472 742 751 800 inhabitat
805 745 937 811 (Job.
969 747 1048 812 x).
1079 765 1106 795 »
1148 744 1300 803 Hinc
1347 751 1403 803 et
1447 747 1722 819 propheta
1762 771 1774 804 :
1824 770 1843 796 ιι
1881 746 2046 821 Egre-

326 832 577 901 dientur,
623 831 833 907 inquit,
887 840 944 890 et
988 833 1270 892 videbunt
1313 836 1590 894 cadavera
1634 836 1893 895 virorum
1942 836 2043 910 qui

330 919 687 993 praevaricati
720 926 854 979 sunt
882 922 942 978 in
979 937 1098 992 me;
1142 938 1367 982 vermes
1412 939 1611 983 eorum
1642 940 1757 982 non
1785 925 2038 983 morien-

331 1018 445 1078 tur,
475 1015 532 1066 et
582 1009 734 1083 ignis
782 1027 982 1068 eorum
1033 1028 1148 1070 non
1190 1013 1593 1087 exstinguetur
1630 1016 1757 1085 (Isa.
1789 1018 1971 1086 LXVI).
2013 1035 2039 1067 ι)

329 1096 477 1167 Quid
508 1098 668 1154 enim
700 1098 1037 1159 horribilius
1067 1102 1361 1177 dici,quid
1394 1103 1630 1177 cogitari
1664 1110 2041 1178 potestquam

330 1186 721 1263 damnationis
773 1188 1018 1246 vulnera
1064 1192 1355 1265 suscipere
1388 1200 1442 1249 et
1474 1194 1699 1251 dolores
1727 1193 2041 1252 vulnerum

332 1291 632 1350 nunquam
664 1277 883 1336 finire?
910 1279 1061 1337 Hinc
1088 1298 1191 1354 per
1222 1282 1552 1356 prophetam
1581 1284 1796 1342 dicitur
1824 1303 1835 1341 :
1877 1305 1903 1336 «
1936 1283 2036 1341 De-

327 1365 674 1426 scenderunt
731 1367 801 1424 ad
859 1369 1157 1427 infernum
1214 1387 1350 1429 cum
1407 1371 1586 1430 armis
1640 1373 1763 1431 suis
1827 1376 2037 1445 (Ezech.

326 1456 542 1527 XXXII).
592 1481 618 1503 »
673 1457 853 1515 Arma
902 1458 1115 1532 quippe
1172 1461 1533 1533 peccantium
1591 1468 1727 1520 sunt
1781 1461 2039 1520 membra

325 1561 635 1620 corporum
663 1547 879 1620 quibus
910 1565 1177 1622 perversa
1195 1550 1499 1621 desideria,
1524 1567 1657 1626 quae
1678 1552 2036 1625 concipiunt,

333 1644 757 1711 exsequuntur.
792 1638 933 1698 Cum
976 1640 1154 1699 armis
1185 1658 1321 1715 ergo
1357 1644 1427 1700 ad
1476 1642 1770 1701 infernum
1808 1641 2039 1701 descen—

2125 479 2227 553 qui
2260 480 2318 538 in
2356 479 2458 538 illo
2485 480 2578 539 die
2608 487 2787 539 terror
2821 480 2949 549 erit,
2978 494 3113 538 cum
3168 479 3230 537 in
3286 494 3459 554 poena
3495 482 3615 555 jam
3645 497 3807 543 reme~

2125 567 2288 627 dium
2320 585 2436 628 non
2471 569 2597 628 erit.
2638 568 2781 639 Quae
2810 568 2897 627 illi
2922 568 3212 639 confusio,
3239 570 3336 627 cui
3373 576 3535 629 reatu
3566 586 3670 630 suo
3696 573 3809 631 exi-

2122 668 2313 733 gente,
2354 661 2646 735 continget
2680 661 2743 718 in
2771 665 3061 719 conventu
3090 659 3354 717 omnium
3391 659 3692 720 hominum
3719 679 3811 722 an-

2121 748 2500 823 gelorumque
2553 747 2932 808 erubescere?
2972 746 3113 817 Quis
3153 762 3329 822 pavor
3364 762 3522 818 eum,
3552 764 3723 821 quem
3765 759 3812 810 et

2124 838 2507 911 tranquillum
2538 853 2703 896 meus
2752 838 3006 896 humana
3057 852 3172 895 non
3219 836 3368 894 valet
3400 851 3619 911 capere,
3654 838 3812 898 etiam

2121 925 2335 986 iratum
2381 926 2625 987 videre?
2664 928 2743 986 De
2794 942 2911 1002 quo
2963 927 3111 985 bene
3166 941 3266 999 per
3322 925 3528 985 Isaiam
3572 926 3811 986 dicitur:

2131 1039 2158 1066 α
2188 1016 2554 1075 Exaltabitur
2595 1024 2787 1075 autem
2825 1015 3108 1073 Dominus
3136 1014 3296 1072 solus
3332 1015 3389 1072 in
3415 1014 3509 1073 die
3536 1016 3656 1085 illa,
3687 1017 3814 1091 quia

2122 1103 2244 1163 dies
2281 1104 2515 1165 Domini
2545 1106 2908 1165 exercituum
2954 1120 3126 1178 super
3155 1119 3386 1162 omnem
3430 1106 3744 1178 superbum
3768 1114 3816 1163 et

2122 1195 2439 1268 excelsum,
2470 1203 2526 1253 et
2551 1211 2724 1270 super
2769 1209 3001 1252 omnem
3044 1198 3432 1265 arrogantem,
3464 1198 3520 1251 et
3551 1193 3816 1252 humilia-

2120 1287 2296 1358 bitur,
2348 1296 2402 1345 et
2454 1303 2626 1361 super
2675 1302 2877 1345 omnes
2926 1285 3125 1344 cedros
3180 1283 3386 1343 Libani
3444 1285 3723 1343 sublimes
3771 1292 3820 1344 et

2120 1384 2353 1448 erectas,
2378 1385 2433 1435 et
2454 1393 2628 1450 super
2647 1390 2850 1434 omnes
2866 1390 3115 1450 quercus
3138 1373 3317 1432 Basan
3331 1416 3344 1443 ,
3360 1380 3415 1431 et
3436 1390 3608 1447 super
3627 1389 3818 1433 omnes

2119 1473 2345 1525 montes
2390 1465 2667 1534 excelsos,
2706 1472 2762 1522 et
2811 1478 2986 1537 super
3031 1477 3235 1520 omnes
3275 1461 3450 1520 colles
3482 1460 3750 1532 elevatos,
3772 1469 3822 1521 et

2118 1571 2290 1631 super
2336 1571 2570 1614 omnem
2620 1552 2824 1614 turrim
2880 1549 3204 1619 excelsam,
3259 1557 3314 1607 et
3364 1565 3537 1623 super
3596 1566 3817 1609 omnem

2124 1662 2357 1706 murum
2412 1646 2727 1713 munitum,
2784 1648 2840 1700 et
2882 1656 3054 1714 super
3096 1655 3299 1700 omnes
3346 1655 3522 1697 naves
3570 1639 3816 1709 Tharsis,

327 1727 480 1799 dere,
514 1736 599 1787 est
629 1744 762 1787 cum
802 1730 945 1804 ipsis
982 1747 1213 1806 quoque
1246 1733 1539 1804 membris,
1574 1732 1789 1806 quibus
1813 1732 2037 1791 deside—
2061 1751 2107 1811 Β
2128 1745 2184 1795 et
2215 1752 2386 1811 super
2412 1751 2584 1795 omne
2611 1733 2767 1810 quod
2817 1734 2949 1791 visu
2993 1730 3300 1804 pulchrum
3326 1737 3412 1787 est
3438 1749 3451 1798 ;
3483 1734 3539 1787 et
3569 1729 3821 1786 incurva-

336 1817 421 1876 ria
453 1817 763 1893 voluptatis
802 1819 1203 1894 expleverunt,
1232 1822 1437 1881 aeterni
1475 1822 1731 1880 incendii
1766 1828 2044 1881 tormenta

336 1907 595 1966 tolerare.
631 1908 850 1968 Paulus
889 1910 1058 1969 etiam
1090 1912 1230 1970 dicit
1261 1936 1274 1971 :
1315 1938 1341 1962 ‹‹
1371 1914 1435 1971 In
1468 1911 1818 1970 revelatione
1843 1913 2038 1971 Domi-

329 1996 390 2054 ni
440 1997 619 2056 nostri
660 1998 798 2057 Jesu
837 1997 1044 2059 Christi
1084 2000 1156 2059 de
1187 2001 1332 2060 caelo
1367 2017 1504 2059 cum
1549 2001 1770 2076 angelis
1808 2002 2043 2062 virtutis

329 2086 456 2158 ejus
493 2084 554 2142 in
596 2085 829 2145 ﬂamma
878 2089 1031 2160 ignis
1080 2090 1272 2149 dantis
1314 2090 1627 2149 vindictam
1667 2092 1739 2150 iis
1777 2092 1882 2167 qui
1923 2108 2039 2151 non

330 2179 618 2233 noverunt
660 2174 862 2242 Deum,
902 2184 955 2235 et
993 2180 1095 2253 qui
1130 2194 1243 2237 non
1273 2179 1554 2238 obediunt
1586 2180 1897 2255 Evangelio
1928 2180 2040 2247 Do-

330 2264 478 2322 mini
531 2266 707 2324 nostri
743 2266 880 2326 Jesu
913 2268 1142 2339 Christi,
1173 2271 1275 2343 qui
1305 2287 1503 2345 poenas
1549 2272 1771 2330 dabunt
1809 2272 1869 2328 in
1898 2271 2042 2329 inte-

330 2353 449 2413 ritu
488 2361 741 2421 aeternas
784 2374 813 2415 a
864 2358 1007 2416 facie
1048 2359 1279 2419 Domini
1312 2369 1367 2419 et
1398 2378 1431 2419 a
1451 2362 1633 2436 gloria
1662 2362 1887 2421 virtutis
1915 2362 2042 2437 ejus

329 2444 404 2516 (II
430 2447 611 2501 Thess.
645 2448 704 2518 1).
740 2469 761 2496 ι
808 2448 879 2505 Et
906 2447 1112 2507 iterum
1155 2469 1167 2508 :
1214 2474 1235 2502 ι
1266 2450 1567 2510 Terribilis
1617 2452 1884 2525 quaedam
1934 2468 2034 2510 ex-

330 2533 601 2606 spectatio
651 2534 855 2604 judicii
914 2542 969 2593 et
1023 2537 1177 2609 ignis
1227 2538 1542 2610 aemulatio,
1587 2556 1720 2615 qum
1774 2556 2040 2600 consum-

332 2628 498 2696 ptura
522 2630 607 2680 est
630 2623 988 2684 adversarios
1016 2628 1195 2699 (Hebr.
1230 2629 1314 2697 X).
1342 2653 1367 2676 ι»

405 2712 526 2783 Age
549 2727 707 2785 ergo,
738 2727 873 2771 cum
916 2714 988 2771 ad
1036 2714 1181 2773 illud
1230 2716 1507 2775 ultimum
1541 2717 1832 2793 judicium
1860 2734 2037 2776 vene-

334 2798 539 2870 rimus,
568 2798 639 2856 ab
679 2816 746 2859 eo
802 2801 1019 2860 scilicet
1049 2802 1255 2862 Judice
1280 2804 1604 2877 judicandi,
1639 2806 1741 2881 qui
1774 2821 1880 2863 nec
1917 2805 2037 2864 falli

331 2886 686 2947 occulatione
742 2890 1055 2949 criminum
1106 2899 1306 2966 potest,
1352 2910 1459 2952 nec
1511 2896 1578 2952 ad
1635 2895 2034 2969 impunitatem

332 2981 769 3052 promerendam
814 2982 1073 3040 muneris
1112 2983 1363 3059 alicujus
1403 2985 1694 3045 oblatione
1735 2982 1879 3041 286
1908 3002 2036 3044 cor-

334 3070 556 3143 rumpi;
588 3087 722 3129 cum
751 3073 1028 3146 coeperint
1063 3076 1259 3133 omnia
1299 3084 1513 3135 secreta
1540 3077 1801 3148 revelari,
1833 3084 1889 3137 et
1920 3095 2032 3137 non
2062 3114 2106 3176 Ο
2126 3076 2406 3149 Propheta
2430 3073 2569 3171 dicit
2600 3093 2612 3131 :
2650 3099 2675 3176 «it
2709 3071 2777 3176 I‘n
2813 3073 2945 3170 igne
2986 3070 3093 3129 zeli
3118 3070 3244 3169 .Dei
3287 3067 3660 3176 devorabit‘ur
3708 3081 3832 3176 em:
3910 3094 3915 3097 '

335 3159 520 3218 solum
572 3166 732 3219 actus
776 3178 840 3219 ac
883 3163 1072 3235 verba,
1102 3165 1201 3222 sed
1255 3165 1426 3223 etiam
1483 3168 1625 3241 ipsa)
1668 3170 2040 3245 cogitationes

332 3247 574 3317 ostendi,
604 3248 744 3321 quid
781 3250 1056 3316 faciemus
1091 3253 1199 3311 sub
1246 3255 1386 3312 tanti
1428 3255 1645 3329 judicis
1694 3261 2040 3335 majestate?

331 3334 471 3409 quid
500 3338 890 3398 excusationis
916 3341 1228 3402 obtendere
1260 3344 1629 3417 poterimus?
1658 3360 1772 3420 qua
1790 3334 1908 3406 nos
1936 3349 2039 3409 de-

334 3424 612 3484 fensionis
661 3434 783 3485 arte
830 3429 1261 3503 purgabimus?
1294 3448 1428 3506 quae
1477 3434 1645 3493 nobis
1687 3436 2041 3496 subventura

335 3520 420 3572 est
469 3515 829 3588 poenitentia,
857 3532 1035 3592 quam
1065 3519 1127 3577 in
1171 3522 1277 3579 hac
1327 3537 1497 3580 carne
1543 3527 2041 3599 contempsimus?

336 3620 471 3677 quae
501 3622 604 3666 nos
632 3607 942 3668 defensura
981 3618 1117 3670 sunt
1141 3627 1313 3686 opera
1348 3613 1515 3686 bona,
1540 3631 1673 3689 quas
1700 3617 1759 3673 in
1794 3618 1900 3677 hac
1924 3619 2043 3677 vita

338 3707 455 3751 non
492 3693 755 3766 egimus?
792 3697 863 3755 ad
901 3713 1046 3771 quos
1096 3700 1401 3773 apostolos,
1431 3708 1529 3760 aut
1586 3703 1657 3760 ad
1705 3720 1853 3777 quos
1897 3706 2043 3767 alios

332 3790 557 3843 sanctos
607 3786 961 3859 confugitnri
1010 3803 1237 3860 sumus,
1273 3804 1521 3863 quorum
1566 3793 1832 3868 exempla
1866 3795 2039 3855 simul

335 3887 401 3929 ac
452 3872 621 3931 verba
672 3874 1088 3947 despeximus?
1115 3877 1202 3933 An
1242 3878 1382 3935 forte
1433 3878 1628 3953 aliqua
1666 3897 1726 3938 se
1764 3881 2043 3956 fragilitas

334 3962 590 4032 corporis
624 3963 966 4021 excusabit?
1005 3963 1115 4023 Sed
1145 3966 1503 4025 excusationi
1533 3984 1732 4027 eorum
1765 3972 2041 4032 reclama-

334 4051 483 4109 bunt
521 4053 784 4112 omnium
839 4055 1106 4128 exempla
1164 4062 1516 4129 sanctorum,
1545 4059 1648 4132 qui
1682 4060 2046 4134 fragilitatem

335 4140 526 4198 carnis
572 4142 631 4197 in
678 4155 848 4198 carne
900 4141 1209 4208 vincentes,
1246 4159 1382 4219 quae
1431 4145 1691 4205 fecerunt
1730 4148 1930 4221 utique
1960 4150 2045 4207 fa-

335 4245 462 4288 cere
520 4246 624 4288 nos
670 4247 833 4304 posse
887 4232 1249 4304 docuerunt;
1287 4237 1539 4296 maxime
1590 4239 1729 4312 quia
1772 4256 1904 4297 cum
1941 4257 2047 4299 nec

336 4317 448 4390 ipsi
507 4324 732 4388 peccato
794 4335 898 4377 sua
965 4321 1173 4381 virtute
1207 4367 1220 4394 ,
1268 4325 1363 4381 sed
1416 4323 1644 4383 Domini
1721 4328 2048 4386 miserantis

334 4406 561 4465 auxilio
604 4408 954 4479 restiterunt,
1000 4410 1102 4485 qui
1153 4426 1213 4469 se
1265 4418 1320 4470 et
1372 4430 1488 4472 non
1531 4417 1942 4488 qumrentibus,
1986 4424 2049 4477 ut

338 4506 652 4571 quaeratur,
692 4504 883 4576 atque,
922 4507 988 4559 ut
1036 4502 1097 4560 in
1153 4519 1288 4562 eum
1344 4505 1628 4578 credatur,
1672 4508 1958 4578 ostendit;
1992 4518 2045 4567 et

336 4586 632 4647 credentes
668 4587 729 4646 in
770 4604 830 4647 se
866 4605 939 4647 ne
976 4605 1011 4647 a
1042 4599 1266 4662 peccato
1307 4593 1635 4662 vincantur,
1672 4595 1882 4655 invicta
1912 4613 2045 4670 pro-

339 4675 579 4734 tectione
625 4676 901 4735 defendit.
941 4676 1089 4748 Quid
1132 4696 1266 4754 ergo
1320 4684 1648 4757 responsuri
1691 4693 1843 4753 sunt,
1888 4685 1935 4742 si
1963 4686 2045 4744 eis

338 4763 619 4824 Dominus
644 4765 824 4825 dicat:
852 4764 907 4825 Si
931 4768 1220 4839 potuistis,
1247 4786 1424 4844 quare
1448 4787 1559 4830 non
1592 4772 1878 4832 restitistis
1900 4774 2046 4832 desi-

304 4857 512 4914 deriis
566 4857 1050 4930 peccatorum?si
1104 4876 1218 4919 non
1275 4862 1558 4934 potuistis,
1613 4878 1788 4936 quare.
1848 4879 2042 4922 meum

336 4952 535 5004 contra
586 4952 878 5018 peccatum
932 4961 1047 5005 non
1081 4948 1371 5023 quaesistis
1419 4949 1755 5010 auxilium?
1782 4960 1885 5011 aut
1916 4954 2042 5011 vul-

336 5035 519 5092 nerati
554 5081 569 5105 ,
619 5050 796 5109 quare
849 5036 1183 5108 paenitendo
1239 5052 1355 5095 non
1410 5037 1759 5098 adhibuistis
1814 5041 2043 5100 vulneri

336 5132 525 5183 vestro
553 5124 910 5183 remedium?
936 5124 1215 5200 Nunquid
1228 5125 1297 5183 ad
1325 5126 1447 5184 haec
1472 5143 1582 5185 non
1604 5128 2044 5189 obmutescent?

336 5210 485 5280 Quid
533 5219 726 5270 autem
776 5213 1163 5272 excusationis
1216 5215 1599 5288 respondeant
1630 5232 1743 5275 non
1775 5218 2041 5277 habenti-

335 5297 444 5355 bus
493 5298 673 5356 dicit:
713 5323 739 5348 ιι
787 5299 1004 5373 Ligatis
1066 5300 1334 5360 manibus
1394 5310 1449 5361 et
1497 5303 1781 5377 pedibus,
1839 5305 2042 5363 mittite

336 5401 431 5443 eos
484 5386 542 5443 in
592 5388 855 5446 tenebras
897 5388 1212 5448 exteriores
1246 5415 1257 5448 :
1288 5390 1371 5448 ibi
1418 5392 1525 5450 erit
1554 5393 1723 5451 ﬂetus
1750 5400 1804 5452 et
1833 5394 2042 5453 stridor

335 5474 596 5534 dentium
653 5480 874 5547 (Matth.
912 5483 1088 5548 XXII).
1135 5500 1156 5528 ι
1216 5479 1588 5554 Consequens
1645 5488 1748 5552 est,
1804 5490 1869 5540 ut
1923 5483 2042 5541 illic

334 5564 533 5625 dentes
584 5565 878 5640 strideant,
933 5568 1038 5643 qui
1101 5568 1196 5628 hic
1241 5569 1311 5628 de
1362 5569 1637 5632 edacitate
1689 5573 2033 5647 gaudebant.

2124 1827 2283 1886 bitur
2327 1824 2652 1884 sublimitas
2696 1822 3023 1891 hominum,
3056 1826 3109 1878 et
3143 1818 3551 1878 humiliabitur
3589 1817 3819 1875 altitudo

2125 1917 2384 1975 virorum
2429 1919 2484 1972 et
2524 1911 2845 1971 elevabitur
2894 1909 3176 1968 Dominus
3224 1908 3385 1966 solus
3414 1908 3475 1964 in
3505 1906 3597 1964 die
3627 1906 3748 1975 illa,
3774 1910 3821 1964 et

2123 2003 2274 2063 idola
2305 2002 2535 2076 penitus
2562 2006 2931 2059 conterentur
2955 2015 2971 2067 ;
3011 2001 3064 2055 et
3090 1995 3409 2054 introibunt
3436 1994 3496 2052 in
3531 1994 3821 2067 speluncas

2122 2102 2415 2169 petrarum
2464 2100 2516 2151 et
2566 2092 2628 2149 in
2680 2089 2984 2163 voragines
3021 2094 3186 2145 terrm
3233 2102 3267 2144 a
3307 2086 3449 2144 facie
3503 2084 3821 2145 formidinis

2123 2181 2357 2241 Domini
2405 2186 2460 2239 et
2497 2195 2530 2237 a
2575 2177 2756 2252 gloria
2804 2176 3113 2251 majestatis
3154 2175 3300 2248 ejus,
3341 2190 3473 2233 cum
3510 2172 3824 2233 surrexerit

2124 2276 2419 2343 percutere
2476 2276 2684 2325 terram
2740 2268 2867 2337 (Isa.
2922 2272 3004 2339 II).
3066 2288 3086 2315 ι
3140 2263 3313 2322 Nunc
3373 2266 3596 2335 peccata
3645 2260 3821 2319 delin-

2124 2359 2428 2436 quentium
2476 2356 2651 2428 videt,
2683 2362 2737 2414 et
2788 2361 2948 2425 tacet,
2985 2378 3005 2404 «
3044 2360 3181 2412 tunc
3232 2358 3425 2411 autem
3462 2350 3737 2426 loquetur
3760 2348 3822 2407 ad

2122 2466 2219 2509 eos
2243 2450 2305 2506 in
2336 2449 2425 2507 ira
2453 2462 2578 2518 sua,
2603 2454 2657 2504 et
2683 2446 2746 2503 in
2779 2445 2971 2504 furore
2999 2458 3108 2503 suo
3136 2441 3505 2501 conturbabit
3532 2458 3626 2500 eos
3656 2442 3821 2510 (Psal.

2121 2545 2208 2611 II),
2245 2563 2267 2588 υ
2300 2536 2447 2593 sicut
2476 2535 2597 2608 ipse
2627 2550 2728 2607 per
2756 2535 3088 2608 prophetam
3120 2531 3298 2590 dicit:
3336 2556 3355 2583 α
3394 2531 3591 2602 Tacui,
3614 2527 3824 2604 inquit,

2122 2642 2346 2701 semper
2396 2624 2552 2694 silui,
2609 2623 2831 2696 patiens
2880 2622 2987 2693 fui,
3039 2620 3191 2679 sicut
3247 2619 3571 2694 parturiens
3625 2617 3828 2692 loquar

2122 2717 2248 2788 (Isa.
2280 2714 2445 2786 XLII).
2483 2739 2509 2762 ιο
2561 2711 2836 2784 Quisquis
2871 2709 3029 2768 enim
3072 2723 3235 2766 nunc
3288 2705 3529 2766 terrenis
3575 2720 3828 2763 commo-

2120 2804 2209 2861 dis
2267 2803 2455 2862 inbiat
2483 2848 2496 2873 ,
2553 2800 2821 2876 quisquis
2894 2797 3124 2857 lascisz
3193 2796 3383 2856 carnis
3442 2794 3829 2869 voluptatibus

2121 2893 2390 2968 pascitur,
2441 2900 2576 2950 tunc
2623 2897 2859 2947 aeternae
2902 2880 3318 2946 combustionis
3354 2885 3486 2959 igne
3523 2896 3831 2941 consume-

2121 2992 2233 3055 tur,
2282 2992 2338 3042 et
2382 2981 2571 3040 divini
2626 2980 2840 3040 furoris
2877 2979 3065 3054 gladio
3116 2978 3502 3039 devorabitur.
3553 2974 3627 3035 Ut
3678 2972 3825 3032 enim

2130 3165 2220 3222 nis
2250 3170 2414 3234 terra,
2447 3169 2501 3219 et
2528 3161 2587 3219 in
2615 3159 2806 3235 gladio
2827 3159 2952 3234 ejus
2972 3159 3165 3218 omnis
3192 3173 3322 3216 caro
3344 3159 3530 3230 (Soph.
3551 3163 3615 3222 1).
3650 3177 3680 3207 υ
3713 3152 3832 3211 Illic

2120 3255 2239 3327 jam
2269 3269 2301 3308 a
2332 3250 2575 3308 Domino
2609 3264 2719 3307 non
2759 3253 2943 3320 potest
2977 3244 3185 3305 mereri
3224 3260 3355 3319 qum
3395 3244 3547 3317 petit,
3587 3242 3692 3316 qui
3741 3240 3831 3299 hic

2128 3341 2318 3401 noluit
2354 3336 2498 3394 287
2521 3338 2724 3398 audire
2749 3337 2902 3410 quod
2929 3337 3121 3410 jussit.
3146 3337 3197 3394 A
3223 3334 3437 3409 quibus
3460 3332 3616 3390 enim
3636 3331 3833 3388 divina

2129 3448 2243 3493 vox
2274 3432 2334 3491 in
2366 3432 2470 3490 hac
2499 3430 2611 3488 vita
2661 3429 2992 3503 despicitur,
3021 3436 3160 3488 tunc
3210 3426 3351 3487 falsa
3392 3439 3595 3483 eorum
3644 3419 3836 3481 humi-

2128 3522 2259 3580 litas
2295 3537 2428 3579 cum
2472 3519 2737 3594 precibus
2782 3526 2915 3575 ante
2955 3518 3196 3591 januam
3250 3514 3488 3573 veniens
3516 3527 3634 3571 non
3670 3507 3831 3568 audi-

2132 3620 2240 3681 tur,
2273 3609 2368 3668 sed
2399 3608 2614 3666 dicitur
2637 3606 2755 3664 illis
2787 3630 2800 3664 :
2834 3632 2859 3655 ‹‹
2886 3605 3090 3664 Nescio
3120 3620 3254 3673 vos;
3297 3604 3391 3672 ite,
3432 3599 3748 3669 maledicti,
3777 3598 3834 3656 in

2128 3701 2327 3773 ignem
2364 3706 2670 3767 aeternum,
2707 3698 2809 3773 qui
2863 3702 3095 3771 paratus
3137 3686 3222 3752 est
3268 3692 3498 3752 diabolo
3528 3698 3583 3749 et
3614 3686 3839 3762 angelis

2130 3794 2257 3866 ejus
2303 3793 2525 3862 (Matth.
2557 3793 2726 3851 XXV).
2766 3810 2787 3839 ι
2824 3786 2894 3844 Et
2931 3786 3145 3844 iterum
3190 3783 3473 3842 Dominus
3518 3796 3622 3854 per
3678 3776 3835 3838 Salo-

2134 3894 2364 3938 monem
2393 3879 2531 3938 dicit
2556 3898 2568 3936 :
2606 3899 2631 3930 α
2660 3875 2894 3948 Vocavi,
2919 3882 2976 3933 et
3004 3873 3296 3943 renuistis,
3329 3869 3565 3930 extendi
3598 3878 3838 3926 manum

2134 3985 2341 4039 meam,
2370 3974 2425 4026 et
2476 3983 2592 4025 non
2646 3965 2757 4023 fuit
2792 3967 2892 4039 qui
2921 3964 3197 4038 aspiceret
3230 3981 3243 4033 ;
3276 3957 3621 4035 despexistis
3670 3968 3841 4015 omne

2132 4057 2463 4126 consilium,
2513 4062 2570 4113 et
2627 4054 3046 4128 increpationes
3101 4067 3255 4110 meas
3314 4046 3693 4125 negtexistis;
3742 4057 3844 4115 ego

2134 4163 2363 4222 quoque
2419 4146 2482 4205 in
2542 4144 2780 4203 interitu
2836 4151 3024 4201 vestro
3078 4138 3296 4207 ridebo,
3336 4147 3390 4197 ct
3449 4132 3840 4199 subsannabo,

2135 4253 2268 4295 cum
2310 4234 2470 4293 vobis
2514 4233 2569 4291 id
2608 4232 2762 4308 quod
2802 4230 3086 4290 timebatis
3115 4229 3435 4295 advenerit,
3473 4242 3612 4285 cum
3656 4225 3847 4283 irrue-

2138 4328 2211 4387 rit
2248 4327 2549 4400 repentina
2598 4323 2913 4394 calamitas,
2947 4329 3002 4382 et
3030 4321 3301 4380 interitus
3340 4317 3507 4394 quasi
3539 4318 3850 4389 tempestas

2137 4415 2464 4491 ingruerit;
2512 4413 2747 4489 quando
2802 4411 3026 4470 venerit
3072 4425 3247 4484 super
3296 4422 3398 4465 vos
3446 4402 3754 4499 tribulatio
3801 4404 3853 4456 et

2133 4489 2419 4578 angustia.
2468 4501 2636 4560 Tunc
2675 4499 3030 4559 invocabunt
3086 4513 3197 4568 me,
3235 4502 3291 4554 et
3332 4510 3450 4553 non
3493 4489 3848 4555 exaudiam;

2137 4607 2306 4650 mane
2361 4594 2730 4660 consurgent,
2774 4593 2829 4647 et
2868 4602 2985 4646 non
3038 4584 3339 4644 invenient
3382 4597 3471 4640 me
3509 4583 3691 4652 (Prov.
3724 4578 3786 4645 1).
3825 4595 3846 4625 ι

2135 4679 2201 4737 In
2229 4692 2345 4753 quo
2371 4691 2505 4749 ergo
2529 4674 2878 4734 conﬁdimus
2897 4676 2925 4730 Ἰ
2956 4673 3055 4732 ubi
3088 4687 3247 4745 spem
3281 4663 3671 4761 adipiscendae
3702 4662 3857 4761 salu-

2135 4767 2206 4824 tis
2268 4765 2593 4824 liabemus‘?
2648 4762 2917 4837 nunquid
2972 4761 3033 4819 in
3093 4757 3478 4833 pecuniarum
3533 4754 3854 4822 thesauris,

2132 4869 2277 4929 quos
2332 4853 2394 4910 in
2435 4867 2566 4910 arca
2613 4848 3032 4910 recondimus?
3084 4844 3353 4922 nunquid
3390 4840 3856 4940 in_divitiarum

2131 4940 2463 5009 afﬂuentia,
2526 4955 2671 5014 quas
2722 4940 3073 4998 intrinsecus
3130 4935 3313 5005 vacui,
3376 4931 3526 5028 male
3581 4931 3857 5028 exterius

2130 5029 2541 5107 possidemus?
2577 5029 2688 5090 Sed
2738 5028 2874 5089 audi
2932 5026 3210 5087 Jacobum
3256 5023 3601 5099 apostolum,
3635 5023 3855 5096 quanti

2129 5122 2359 5181 divitias
2412 5120 2718 5180 hominum
2760 5119 2945 5190 faciat,
2989 5117 3141 5192 quod
3182 5115 3450 5173 meritum
3501 5112 3563 5172 in
3597 5118 3856 5169 terrente

2128 5210 2466 5269 substantiae
2521 5210 2879 5284 possessione
2928 5206 3278 5265 constituat:
3336 5225 3357 5253 ι
3391 5201 3581 5273 Agite,
3622 5199 3854 5274 inquit,

2128 5318 2287 5360 nunc
2327 5300 2555 5370 divites,
2590 5308 2645 5358 et
2689 5299 2924 5374 plorate,
2964 5296 3253 5355 ululantes
3297 5292 3355 5351 in
3404 5288 3658 5349 miseriis
3712 5304 3855 5361 qua:

2126 5394 2433 5453 advenient
2484 5392 2687 5460 vobis;
2734 5390 2956 5451 divitiae
2989 5398 3193 5447 vestrae
3225 5384 3563 5462 putrefactas
3592 5390 3765 5453 sunt,
3804 5387 3859 5437 et

2126 5485 2469 5544 vestimenta
2517 5491 2702 5544 vestra
2742 5498 2776 5540 a
2823 5480 2995 5539 tineis
3032 5485 3281 5540 comesta
3317 5479 3493 5547 sunt;
3536 5488 3767 5533 aurum
3801 5481 3857 5530 et

2124 5580 2428 5649 argentum
2479 5580 2739 5633 vestrum
2780 5569 3145 5646 teruginavit,
3198 5572 3254 5628 et
3289 5580 3488 5639 aerugo
3527 5577 3751 5623 eorum
3791 5562 3855 5621 in
