4018 6202
172 342 271 402 481

1422 333 1647 399 LIBER
1687 330 2051 407 omnes,
2093 334 2331 399 EPIST.
2372 303 2478 399 xf

3580 352 3658 413 48

169 462 565 525 testimonium
591 460 756 521 vobis
782 462 909 534 erit,
937 471 991 522 et
1021 462 1393 522 manducabit
1429 478 1628 521 carnes
1666 457 2102 520 vestrasAruet
2160 461 2222 520 in
2275 462 2497 522 malum
2556 466 2730 537 (Pr0v.
2780 468 3011 539 XXVIII).
3074 492 3099 518 η
3159 468 3437 544 Legimus
3494 484 3685 535 autem

166 555 314 614 sicut
346 551 501 627 ignis
528 572 542 610 :
580 550 1008 610 thesaurizastis
1048 550 1206 610 enim
1235 550 1398 608 vobis
1424 550 1568 609 iram
1602 549 1663 607 in
1688 549 1885 608 novis-

165 642 329 701 simis
366 640 590 699 diebus.
633 665 659 687 »
715 640 784 698 Et
813 639 988 713 paulo
1015 646 1136 713 post
1167 663 1179 697 :
1219 663 1237 690 ι
1272 639 1502 712 Epulati
1540 640 1678 697 estis
1715 655 1889 712 super

165 744 398 803 terram,
426 740 482 788 et
537 731 595 788 in
657 730 913 788 luxuriis
966 730 1265 789 enutristis
1311 730 1478 787 corda
1520 736 1705 787 vestra
1750 731 1881 799 (Iac.

166 826 309 900 vias
348 822 455 880 Eat
497 837 649 878 nunc
686 820 891 878 infelix
933 820 1127 890 homo,
1152 827 1205 878 et
1244 822 1431 879 ﬂuxui
1473 820 1721 878 carnalis
1756 818 1888 876 ille-

164 912 355 971 cebrae
380 909 670 968 enerviter
707 910 888 979 cedat,
920 926 1092 985 quem
1142 910 1507 983 postmodum
1550 910 1887 967 barathrum

166 1000 514 1075 gehennalis
563 999 819 1058 incendii
880 1000 1214 1072 pestilenter
1257 1000 1576 1071 absorbeat,
1603 999 1660 1056 in
1694 997 1885 1056 corni-

167 1091 277 1148 bus
308 1105 370 1147 se
392 1088 686 1162 superbiae
714 1102 869 1145 nunc
900 1092 1232 1160 arroganter
1263 1086 1527 1155 extollat,
1564 1094 1628 1144 ut
1661 1095 1797 1145 tunc
1825 1086 1887 1143 in

166 1190 386 1239 eterna
450 1185 634 1236 morte
679 1180 1023 1238 constrictus
1065 1179 1472 1239 immortaliter
1521 1178 1697 1236 vivat.
1737 1178 1886 1248 Quid

167 1270 324 1327 enim
369 1268 614 1343 prodest,
651 1268 697 1325 si
738 1268 910 1325 hodie
949 1274 1110 1325 satur
1146 1276 1364 1326 eructet
1402 1267 1460 1324 in
1497 1267 1801 1335 convivio;
1835 1276 1889 1324 et

165 1374 293 1416 cras
332 1363 584 1415 marceat
630 1355 843 1414 fetidus
888 1356 952 1413 in
998 1356 1309 1430 sepulcro?
1350 1355 1498 1425 Quid
1532 1356 1717 1429 juvat,
1749 1355 1795 1411 si
1829 1370 1889 1411 se

168 1446 339 1503 hodie
395 1444 699 1518 purpureis
751 1445 1009 1503 vestibus
1057 1444 1282 1514 induat,
1312 1450 1367 1500 et
1411 1458 1536 1502 cras
1578 1457 1795 1516 pauper
1835 1448 1891 1500 et

168 1533 366 1593 nudus
416 1534 489 1590 ad
536 1532 764 1590 inferna
802 1531 1158 1591 descendat?
1191 1532 1343 1600 Heu,
1396 1532 1532 1601 heu,
1572 1530 1713 1605 quid
1756 1534 1892 1587 tunc

166 1623 361 1682 dicent
415 1623 631 1692 miseri,
666 1638 795 1681 cum
843 1638 903 1680 se
950 1623 1202 1681 viderint
1247 1630 1302 1680 et
1351 1622 1503 1681 bona
1554 1620 1891 1693 temporalia

166 1709 695 1786 irrecuperabiliter
749 1710 1034 1779 amisisse,
1085 1716 1141 1768 et
1214 1709 1365 1767 mala
1435 1709 1545 1767 sibi
1613 1717 1890 1783 perpetua

1977 550 2115 622 quia
2159 567 2328 611 nemo
2372 560 2554 626 potest
2605 555 2891 628 corrigere
2931 573 3104 629 quem
3159 559 3313 619 Deus
3362 563 3693 636 despexerit

1979 642 2205 707 (Eccles.
2238 644 2365 715 vn).
2398 643 2588 702 Homo
2615 645 2900 716 siquidem
2934 646 3156 706 homini
3202 650 3451 710 inaniter
3498 654 3688 727 loqui-

1978 740 2092 803 tur,
2129 734 2176 791 si
2207 749 2305 806 per
2337 735 2709 807 semetipsum
2753 735 2905 794 Deus
2944 737 3191 797 interius
3235 756 3351 799 non
3399 742 3685 818 loquatur.

1977 821 2064 879 Tu
2123 825 2338 891 autem,
2366 823 2703 881 charissime
2743 825 2935 895 frater,
2989 828 3313 887 secundum
3363 834 3689 905 prudentiae

1979 915 2093 967 tuae
2120 910 2427 983 ingenium
2459 912 2562 969 tibi
2583 913 2865 973 divinitus
2893 913 3113 983 datum,
3145 917 3321 976 vitam
3359 927 3515 979 tuam
3542 925 3686 983 sub-

1979 998 2154 1055 tiliter
2204 998 2446 1070 discute,
2483 1002 2626 1059 facta
2684 1008 2777 1060 tua
2826 1018 3050 1076 semper
3100 1016 3234 1065 ante
3273 1009 3469 1068 oculos
3518 1027 3683 1083 pone.

1976 1084 2076 1144 Dei
2100 1087 2387 1157 judicium
2432 1089 2801 1159 pertimesce;
2835 1090 3030 1163 sicque
3062 1099 3116 1150 te
3148 1096 3406 1170 undique
3445 1098 3688 1158 sollicita

1974 1179 2305 1252 provisione
2365 1181 2760 1255 circumspice,
2818 1192 2881 1241 ut
2929 1200 3062 1243 cum
3120 1186 3303 1258 judex
3369 1190 3686 1262 advenerit,

1976 1282 2093 1326 non
2126 1268 2529 1335 dormientem,
2561 1272 2657 1328 sed
2702 1271 3063 1351 vigilantem,
3093 1282 3149 1332 et
3179 1292 3293 1333 non
3325 1292 3456 1335 cum
3492 1281 3683 1352 fatuis,

1976 1358 2073 1414 sed
2114 1373 2249 1414 cum
2290 1358 2675 1431 prudentibus
2715 1367 2766 1416 te
2807 1361 2990 1419 valeat
3030 1361 3352 1435 virginibus
3402 1366 3686 1440 invenire,

1975 1455 2265 1520 quatenus
2315 1447 2456 1504 dum
2516 1463 2676 1505 nunc
2724 1447 2846 1522 ipse
2888 1456 3021 1507 tuus
3053 1451 3233 1522 judex
3272 1453 3533 1526 efﬁceris,
3585 1472 3689 1513 ne-

1976 1551 2266 1610 quaquam
2293 1536 2657 1609 postmodum
2676 1536 2955 1609 judiceris
2983 1561 2995 1594 :
3026 1546 3083 1596 et
3111 1547 3248 1598 tunc
3270 1541 3413 1599 nihil
3445 1545 3687 1603 omnino

1978 1625 2198 1691 timeas,
2233 1625 2337 1699 qui
2391 1626 2559 1683 modo
2610 1625 2810 1683 timere
2854 1642 2968 1684 non
3006 1643 3212 1685 cessas.
3249 1627 3355 1687 Sed
3411 1631 3688 1702 quoniam

1975 1714 2126 1787 apud
2164 1721 2216 1771 te
2246 1715 2379 1787 plus
2410 1714 2647 1772 forsitan
2678 1715 2915 1788 proﬁcio
2941 1715 3126 1774 Deum
3168 1718 3470 1790 precando,
3512 1737 3688 1793 quam

166 1799 588 1859 inevitabiliter
640 1798 997 1857 imminere?
1027 1798 1170 1869 Qum
1212 1804 1349 1856 tunc
1395 1797 1514 1856 illis
1557 1813 1722 1856 mens
1758 1798 1884 1868 erit,
1907 1818 1954 1879 Β
1984 1812 2033 1864 te.
2060 1804 2447 1880 przedicando,
2490 1806 2860 1879 omnipotens
2899 1806 3056 1865 Deus
3096 1813 3167 1877 te,
3209 1808 3380 1867 frater
3414 1811 3688 1870 charissi-

166 1905 299 1948 cum
359 1887 618 1945 viderint
667 1895 897 1960 tempus
948 1887 1316 1960 acceptabile,
1369 1893 1425 1944 et
1473 1886 1628 1945 diem
1685 1886 1888 1944 salutis

166 1984 239 2050 (Π
269 1982 396 2038 Cor.
426 1983 512 2047 Vi)
540 1978 772 2050 penitus
811 1976 1111 2036 efﬂuxisse
1137 1985 1188 2036 et
1216 1976 1364 2035 illud
1402 1981 1632 2050 tempus
1667 1976 1887 2045 adesse,

167 2072 225 2128 in
285 2086 409 2145 quo
464 2069 613 2127 nihil
663 2068 798 2128 boni
860 2069 1060 2140 facere,
1094 2068 1324 2127 nullum
1372 2066 1712 2142 perditionis
1767 2081 1889 2124 suae

168 2159 494 2217 remedium
550 2158 787 2216 valeant
839 2157 1152 2216 invenire?
1205 2155 1390 2227 Quam
1449 2170 1643 2214 amara
1686 2169 1889 2214 eorum

166 2245 548 2314 conscientia,
593 2261 769 2321 quam
818 2245 1032 2305 ﬂebilis
1080 2260 1279 2304 eorum
1327 2243 1535 2317 poterit
1579 2258 1701 2301 esse
1748 2258 1885 2316 que-

169 2334 331 2393 rela!
365 2359 394 2384 «ι
425 2334 593 2394 Tunc
643 2336 823 2406 enim,
876 2335 1024 2394 sicut
1074 2333 1345 2393 Salomon
1394 2335 1617 2402 fatetur,
1664 2334 1886 2402 ﬂentes,

167 2432 217 2484 et
262 2440 389 2499 prae
425 2424 697 2497 angustia
735 2424 973 2497 spiritus
1007 2429 1327 2498 gementes,
1368 2422 1560 2480 dicent
1599 2441 1612 2480 :
1653 2421 1890 2480 Erravi-

167 2529 303 2571 mus
332 2530 367 2570 a
395 2513 489 2571 via
503 2513 781 2582 veritatis,
812 2511 1126 2585 etjustitiaa
1153 2512 1347 2570 lumen
1377 2526 1492 2569 non
1521 2509 1676 2569 luxit
1700 2510 1888 2581 nobis,

166 2608 217 2659 et
256 2603 349 2660 sol
393 2602 804 2675 intelligentiae
841 2617 957 2660 non
992 2609 1076 2659 est
1125 2609 1284 2661 ortus
1334 2601 1520 2672 nobis,
1552 2601 1744 2659 lassati
1790 2618 1887 2661 su-

167 2706 305 2748 mus
333 2690 399 2748 in
432 2690 530 2749 via
554 2691 879 2766 iniquitatis
909 2698 964 2749 et
983 2691 1344 2766 perditionis,
1376 2698 1433 2749 et
1462 2690 1893 2749 ambulavimus

169 2782 299 2839 vias
359 2781 649 2851 difﬁciles,
708 2781 862 2840 viam
927 2789 1122 2841 autem
1180 2781 1412 2840 Domini
1467 2781 1889 2856 ignoravimus.

167 2867 319 2939 Quid
378 2868 547 2928 nobis
602 2871 818 2945 profuit
867 2871 1158 2945 superbia,
1216 2877 1317 2929 aut
1363 2871 1503 2944 quid
1553 2870 1889 2929 divitiarum

163 2958 446 3032 iactantia
469 2959 715 3018 contulit
741 2960 907 3018 nobis
936 2962 961 3015 ?
991 2960 1371 3018 Transierunt
1403 2960 1600 3018 omnia
1626 2960 1725 3018 illa
1763 2968 1889 3019 tan-

166 3062 351 3121 quam
415 3048 643 3119 umbra,
674 3057 730 3108 et
781 3056 1055 3127 tanquam
1112 3051 1359 3109 nu‘htius
1415 3066 1794 3124 praecurrens,
1838 3056 1893 3108 et

1980 1909 2093 1964 me,
2124 1901 2178 1952 et
2210 1909 2367 1951 nunc
2406 1893 2465 1951 in
2506 1894 2659 1951 viam
2694 1895 2935 1966 justitiae
2973 1896 3417 1957 misericorditer
3456 1899 3687 1975 dirigat,

1980 1988 2035 2039 et
2063 1983 2122 2040 in
2153 1981 2451 2040 tremendo
2497 1997 2603 2041 suo
2632 1983 2853 2056 judicio
2884 1999 3018 2042 cum
3050 1984 3245 2043 electis
3280 1987 3349 2044 ad
3389 1986 3687 2049 dexteram

1978 2072 2180 2147 positis
2207 2079 2423 2146 partem
2456 2071 2667 2130 habere
2696 2074 2984 2133 concedat.

2579 2170 2948 2232 EPISTOLA
2978 2173 3075 2232 IX.

2405 2274 2483 2319 AD
2508 2274 2868 2322 BONlFACIUM
2901 2277 3275 2329 CAUSIDICUM.

2272 2350 2533 2417 (Habetur
2556 2357 2682 2411 tom.
2713 2356 2812 2417 III,
2848 2360 3033 2425 estque
3068 2372 3253 2428 opusc.
3296 2358 3404 2427 58.)

2606 2448 2974 2509 EPISTOLA
2997 2452 3065 2510 X.

2345 2550 2421 2595 AD
2451 2550 2721 2597 MORICUM
2749 2551 2949 2599 LEGUM
2976 2553 3306 2602 DOCTORBM.

1981 2630 2430 2687 ARGUMENTUM.
2461 2660 2525 2669 —
2545 2627 2838 2706 Hortatur
2859 2636 2977 2686 uta
3002 2632 3256 2706 perjurio
3275 2639 3489 2702 caveat,
3512 2633 3689 2706 quod,

2053 2707 2118 2776 u_t
2144 2707 2413 2776 praestare
2438 2700 2639 2772 possit,
2665 2699 2884 2776 suadet,
2911 2710 2974 2776 ut
2993 2699 3026 2758 εἰ
3049 2699 3428 2776 jurejurando
3453 2699 3695 2764 omnino

2053 2771 2366 2850 abstineat,
2400 2771 2638 2850 remque
2686 2771 3271 2850 ipsamnsimplicit'er,
3298 2775 3488 2850 juxta
3514 2792 3695 2850 evan-

2053 2843 2295 2918 gelicam
2336 2841 2806 2918 doctrinam,__aut
2828 2841 3092 2918 affirmet.
3117 2853 3219 2918 aut
3248 2841 3434 2918 neget.
3470 2847 3693 2906 Deinde

2051 2913 2124 2989 ad
2155 2913 2541 2989 eleemosynae
2561 2913 3015 2989 studium_illum
3041 2913 3404 2989 inflammare
3427 2928 3691 2989 conatur,

2053 2985 2197 3043 dum
2236 2984 2532 3056 utilitates,
2563 3000 2707 3057 quas
2736 2985 2935 3043 eadem
2966 2987 3089 3044 suis
3117 2988 3471 3047 amatoribus
3507 2984 3693 3058 affert,

2052 3063 2370 3114 enumerat.

172 3143 451 3235 tanquam
496 3140 680 3211 navis,
720 3157 853 3237 quae
886 3141 1209 3237 pertransit
1246 3141 1621 3237 ﬂuctuantem
1656 3156 1886 3237 aquam,
1915 3177 1959 3237 ο
2064 3141 2210 3200 289
2238 3146 2463 3205 Domuo
2492 3144 2724 3205 MOBICO
2759 3146 3211 3219 prudentissimo
3244 3147 3426 3222 iudici
3462 3148 3691 3208 PETnUS

167 3226 361 3299 cujus,
406 3241 544 3285 cum
585 3230 945 3302 praeterierit,
992 3246 1105 3289 non
1139 3234 1225 3287 est
1254 3228 1562 3301 vestigium
1602 3229 1888 3300 invenire,

167 3331 360 3389 neque
401 3317 666 3377 semitam
707 3319 920 3378 carina;
958 3320 1119 3378 illius
1156 3318 1219 3375 in
1260 3318 1572 3391 ﬂuctibus;
1614 3327 1713 3378 aut
1762 3325 1892 3377 tan-

166 3421 347 3479 quam
411 3406 563 3478 avis,
602 3423 741 3482 qua:
800 3407 1219 3482 pertransvolat
1267 3407 1329 3464 in
1391 3424 1605 3480 aerem,
1660 3408 1892 3467 nullum

168 3495 480 3555 invenitur
531 3504 945 3570 argumentum
991 3498 1216 3555 itineris
1268 3494 1455 3567 illius,
1516 3499 1612 3555 sed
1670 3504 1892 3556 tantum

169 3587 402 3644 sonitus
429 3592 515 3643 est
539 3587 770 3646 alarum
802 3588 1114 3647 verberans
1142 3588 1330 3646 levem
1358 3594 1623 3659 ventum,
1657 3596 1711 3647 et
1739 3590 1894 3647 scin-

170 3674 317 3733 dens
371 3671 521 3730 288
560 3690 663 3747 per
711 3676 871 3733 viam
904 3676 1129 3736 itineris
1174 3695 1388 3749 aerem,
1438 3679 1738 3738 commotis
1784 3678 1894 3736 alis

172 3762 586 3833 transvolavit,
618 3770 674 3821 et
711 3771 837 3838 post
874 3765 984 3824 hoc
1031 3766 1262 3825 nullum
1313 3768 1545 3840 signum
1595 3766 1897 3825 invenitur

170 3852 405 3911 itineris
440 3852 570 3924 ejus
602 3877 616 3911 :
663 3860 764 3912 aut
802 3863 1076 3929 tanquam
1116 3858 1315 3930 sagitta
1356 3857 1565 3916 emissa
1605 3856 1662 3914 in
1703 3855 1893 3914 locum

171 3938 558 4009 destinatum,
599 3942 826 4001 divisus
862 3959 959 4001 aer
997 3945 1273 4003 continuo
1304 3947 1362 4002 in
1398 3961 1459 4003 se
1491 3944 1752 4003 reclusus
1788 3950 1891 4015 est,

172 4035 229 4087 et
263 4030 574 4104 ignoratur
614 4032 892 4092 transitus
927 4032 1123 4103 illius;
1155 4037 1237 4092 sic
1260 4040 1315 4092 et
1344 4016 1594 4093 nos‘uati
1620 4035 1896 4093 continuo

174 4118 505 4179 desivimus
542 4135 694 4192 esse,
724 4129 778 4178 et
816 4121 1048 4181 virtutis
1095 4122 1330 4197 quidem
1380 4122 1613 4197 signum
1662 4122 1894 4182 nullum

172 4208 486 4268 valuimus
544 4209 846 4269 ostendere
870 4229 911 4281 ;-
940 4212 999 4269 in
1054 4211 1411 4286 malignitate
1466 4219 1660 4270 autem
1703 4218 1897 4271 nostra

171 4298 516 4372 consumpti
572 4313 777 4357 sumus
837 4303 992 4373 (Sap.
1056 4309 1139 4369 V).
1194 4324 1214 4351 ι
1273 4301 1433 4359 Talia
1489 4300 1773 4360 dixerunt
1834 4300 1895 4357 in

169 4388 414 4447 inferno
444 4388 488 4445 ii
517 4389 619 4466 qui
652 4399 1053 4463 peccaverunt,
1082 4392 1357 4464 quoniam
1395 4406 1529 4466 spes
1564 4390 1728 4464 impii
1769 4396 1895 4447 tan-

1982 3241 2242 3305 pecrator
2264 3234 2585 3292 monachus
2614 3234 2859 3292 salutem
2888 3235 2950 3293 in
2985 3235 3250 3294 Domino.

2054 3320 2199 3391 Quia
2237 3322 2484 3380 debilem
2538 3329 2608 3392 te,
2659 3322 3055 3395 dilectissime,
3100 3340 3164 3382 ac
3214 3332 3438 3385 teneros
3486 3343 3691 3387 nervos

1981 3409 2274 3468 interioris
2324 3411 2580 3469 hominis
2622 3411 2735 3469 tuis
2778 3411 3094 3469 visceribus
3141 3412 3331 3470 inesse
3376 3415 3687 3488 conspicio,

1983 3496 2234 3569 plurima
2292 3493 2722 3569 Scripturarum
2780 3503 3059 3569 praecepta
3114 3505 3410 3570 praetereo,
3451 3514 3516 3556 ac
3558 3516 3684 3572 per-

1984 3584 2127 3642 exili
2182 3584 2322 3642 falce
2361 3592 2683 3653 contentus,
2717 3599 2889 3653 grave
2939 3584 3161 3656 pondus
3207 3585 3326 3644 tuis
3370 3588 3692 3647 cervicibus

1985 3688 2103 3731 non
2144 3672 2396 3745 impono.
2452 3673 2543 3744 Et,
2575 3681 2640 3731 ut
2672 3671 2846 3730 rebus
2902 3674 3043 3746 ipsis
3096 3673 3403 3733 verborum
3459 3690 3695 3750 quoque

1984 3762 2397 3836 compendium
2442 3769 2741 3835 congruat,
2768 3762 2895 3820 haec
2938 3763 3137 3821 eadem
3187 3780 3388 3837 pauca,
3417 3781 3551 3839 quae
3595 3768 3694 3842 ju-

1984 3850 2113 3922 beo,
2161 3850 2448 3909 succincta
2496 3850 2883 3909 nihilominus
2930 3850 3205 3911 brevitate
3242 3853 3586 3928 perstringo,
3632 3860 3698 3914 ut

1985 3955 2160 4013 quem
2186 3954 2425 4013 gravare
2453 3945 2646 3997 metuo
2681 3938 3030 4012 ponderibus
3074 3958 3288 4011 rerum,
3321 3942 3383 4000 in
3417 3944 3523 4001 hoc
3548 3958 3694 4018 quo-

1986 4045 2101 4103 que
2131 4027 2411 4086 debilitati
2454 4032 2570 4086 tua;
2614 4026 2973 4100 prospiciam,
3006 4029 3147 4088 dum
3190 4038 3317 4088 utor
3355 4031 3527 4089 etiam
3562 4032 3693 4090 bre-

1986 4117 2162 4174 vitate
2223 4129 2580 4173 sermonum.
2645 4114 2859 4173 Hortor
2927 4115 3124 4189 igitur,
3195 4117 3588 4191 dilectissime,
3642 4126 3698 4178 et

1987 4204 2323 4264 charitatem
2392 4209 2553 4263 tuam
2632 4211 2957 4263 reverenter
3035 4205 3339 4277 admoneo,
3408 4214 3700 4282 quatenus

1989 4301 2044 4353 et
2084 4293 2457 4367 juramentis,
2490 4307 2622 4366 quae
2668 4308 2702 4350 a
2757 4293 2873 4351 tuis
2924 4294 3363 4368 corregionariis
3419 4297 3699 4371 sacrilego

1990 4383 2104 4442 ritu
2166 4383 2620 4457 frequentantur,
2666 4382 2955 4441 abstineas
2997 4389 3053 4441 et
3099 4384 3498 4461 indigentibus
3536 4386 3703 4445 refri-

170 4494 359 4554 quam
396 4481 614 4555 lanugo
661 4488 765 4551 est,
802 4497 939 4556 quae
973 4497 1006 4539 a
1045 4490 1214 4540 vento
1256 4482 1493 4553 tollitur,
1525 4488 1580 4540 et
1623 4488 1893 4555 tanquam
1920 4473 2145 4556 “geria
2186 4470 2535 4538 ministrare,
2569 4470 2627 4527 in
2674 4476 2958 4543 quantum
3000 4472 3244 4530 facultas
3280 4474 3549 4547 suppetit,
3581 4490 3698 4533 non

164 4535 934 4643 £{JEa'EE’iiisﬁbaH
1256 4535 2219 4645 £1}é§é§§ithl,€f{alii“Salinas
2272 4563 2362 4622 Ab
2414 4535 2535 4621 uno
2585 4535 2762 4635 igitur
2818 4563 3025 4621 horum
3075 4569 3129 4621 te
3179 4535 3445 4624 velut‘ab
3485 4535 3701 4624 hiantis

165 4674 361 4732 quam
401 4659 628 4729 fumus,
657 4659 759 4732 qui
798 4675 833 4717 a
866 4667 1039 4717 vento
1076 4659 1327 4717 diffusus
1372 4665 1475 4726 est,
1516 4665 1573 4715 et
1620 4666 1895 4731 tanquam
1986 4654 2242 4711 barathri
2313 4652 2713 4711 submersione
2768 4652 3084 4725 prohibeo;
3142 4653 3213 4709 ad
3268 4653 3448 4711 alium
3507 4661 3699 4712 autem

164 4750 468 4807 memoria
496 4748 740 4822 hospitis
767 4749 948 4807 unius
978 4749 1091 4807 diei
1120 4749 1539 4822 pmtereuntis.
1990 4750 2264 4817 tauquam
2289 4743 2358 4799 ad
2390 4756 2579 4799 arcem
2606 4747 2779 4814 atque
2817 4741 3108 4813 fastigium
3149 4740 3463 4800 salutiferae
3501 4744 3699 4801 muni-

239 4836 477 4896 Idcirco
525 4844 741 4907 autern,
793 4836 1150 4907 charissime,
1200 4851 1312 4895 non
1370 4844 1487 4895 tam
1540 4853 1667 4896 mea
1723 4836 1899 4894 verba
1992 4832 2165 4889 tionis
2202 4832 2460 4906 impello.
2495 4853 2522 4884 «
2550 4831 2951 4904 Eleemosyna,
2992 4856 3011 4880 ν
3048 4831 3355 4905 siquidem,
3390 4839 3453 4890 ut
3492 4832 3703 4891 Tobias
3778 4848 3791 4855 ‘

158 4940 357 5003 quam
413 4927 561 4984 sacri
606 4925 822 5002 eloquii
870 4925 975 4983 tibi
1022 4925 1290 4999 exempla
1332 4941 1607 4999 propono,
1653 4931 1718 4984 ut
1767 4933 1821 4983 et
1851 4925 1901 4982 si
1991 4920 2070 4978 ait
2104 4946 2129 4968 ‹‹
2164 4920 2236 4977 ab
2263 4921 2420 4978 omni
2458 4927 2685 4994 peccato
2713 4927 2769 4978 et
2800 4936 2831 4976 a
2867 4926 3046 4978 morte
3089 4920 3308 4991 liberat,
3342 4926 3396 4978 et
3444 4936 3559 4977 non
3600 4936 3702 4994 pa-

161 5032 264 5075 me
292 5017 513 5075 rustice
553 5016 883 5089 loquentem
922 5015 1095 5090 digne
1134 5015 1307 5089 possit
1354 5016 1689 5088 prudentia'
1713 5023 1901 5074 vestra
1993 5009 2170 5068 tietur
2198 5010 2452 5067 animam
2487 5009 2569 5067 ire
2602 5009 2661 5066 in
2699 5008 2960 5067 tenebras
3003 5011 3149 5083 (Tob.
3181 5013 3282 5082 IV).
3312 5035 3335 5057 υ
3375 5008 3507 5078 Sed,
3541 5017 3605 5068 ut
3631 5008 3705 5067 de

157 5108 496 5183 despicere,
528 5108 621 5165 vel
650 5113 980 5167 sanctorum
1024 5107 1350 5164 testimonia
1388 5107 1673 5167 divinitus
1718 5107 1897 5179 inspi—
1988 5097 2357 5171 iuramentis»
2392 5100 2542 5156 δίοοί
2573 5098 2867 5171 Ιπωῐηίεεθ
2907 5102 3064 5161 ευηῖτ
3098 5097 3258 5169 prius
3299 5098 3553 5157 δι’θνίίθτ
3580 5099 3701 5157 θῙο·

164 5204 297 5255 rata
352 5213 469 5257 non
525 5196 869 5266 dediguetur
915 5195 1137 5254 audire.
1174 5194 1294 5252 Has
1327 5196 1522 5270 igitur,
1564 5197 1737 5253 frater
1767 5197 1898 5253 cha-
1996 5203 2160 5260 quar,
2192 5187 2459 5261 quisquis
2481 5185 2893 5260 jusjurandum
2917 5187 3180 5259 pejerans
3206 5185 3400 5257 violat,
3428 5204 3460 5245 a
3490 5187 3705 5248 Christi

160 5286 434 5356 rissime,
479 5285 792 5358 pluresque
829 5284 974 5342 alias
1009 5299 1186 5341 sacrae
1226 5282 1542 5357 Scriptura-3
1595 5284 1905 5341 sententias
1997 5292 2057 5335 se
2081 5292 2336 5349 corpore,
2370 5276 2534 5347 quasi
2564 5291 2665 5348 per
2695 5274 2981 5350 quoddam
3009 5274 3377 5334 abscissionis
3394 5275 3705 5337 dissidium

160 5374 341 5432 intra
367 5374 583 5431 mentis
614 5380 732 5431 tute
762 5372 1078 5430 armarium
1120 5371 1345 5446 collige,
1378 5387 1512 5446 qua;
1550 5373 1703 5429 inter
1733 5372 1907 5429 falsas
1998 5372 2241 5439 separat,
2271 5373 2327 5423 et
2354 5381 2387 5422 a
2418 5363 2828 5438 redemptionis
2856 5365 3127 5423 humanae
3152 5367 3441 5441 mysteriis
3465 5369 3700 5429 alienat.

162 5462 396 5522 mundi
444 5461 680 5520 divitias
738 5461 1029 5520 salubrem
1097 5460 1197 5519 tibi
1252 5461 1480 5519 valeant
1534 5460 1904 5519 formidinem
2001 5455 2143 5513 Nam
2188 5470 2321 5513 cum
2369 5453 2478 5511 hoc
2520 5469 2595 5510 ex
2631 5468 2787 5511 more
2823 5451 3049 5512 dicatur
3088 5454 3162 5513 ab
3208 5455 3309 5514 illo
3351 5458 3455 5530 qui
3492 5459 3653 5532 jurat
3690 5485 3702 5517 :

158 5564 484 5623 generare.
525 5547 600 5607 Ut
638 5538 795 5608 enim
827 5548 1097 5608 Salomon
1123 5549 1238 5606 ait:
1272 5573 1298 5597 «
1331 5547 1541 5606 Beatus
1580 5547 1773 5616 homo,
1804 5546 1905 5618 qui
2001 5546 2110 5602 hoc
2145 5543 2373 5610 faciam,
2417 5544 2508 5599 vel
2551 5547 2702 5599 certe
2746 5557 2864 5599 non
2919 5543 3142 5615 faciam,
3175 5545 3257 5603 sic
3291 5562 3381 5604 me
3409 5545 3562 5607 Deus
3612 5548 3708 5605 ad-

155 5653 420 5713 semper
471 5644 560 5697 est
585 5637 864 5712 pavidus;
900 5637 1000 5711 qui
1037 5653 1169 5695 vero
1197 5637 1403 5695 mentis
1431 5642 1515 5694 est
1537 5634 1725 5706 duras,
1776 5649 1900 5692 cor~
1998 5634 2185 5707 juvet,
2236 5638 2291 5689 et
2340 5631 2511 5703 illud,
2558 5630 2882 5691 secundum
2933 5631 3348 5708 Evangelium;
3406 5635 3514 5693 hoc
3566 5651 3699 5695 cum
