  <div class='ocr_page' id='page_1' title='image "/cluster/home/n/w/nwhite01/storage/ocr_20150623/144/hvd.32044054760046/247.png"; bbox 0 0 4024 6198; ppageno 0'>
   <div class='ocr_carea' id='block_1_1' title="bbox 381 297 487 360">
    <p class='ocr_par' dir='ltr' id='par_1_1' title="bbox 381 297 487 360">
     <span class='ocr_line' id='line_1_1' title="bbox 381 297 487 360; baseline -0.028 0"><span class='ocrx_word' id='word_1_1' title='bbox 381 297 487 360; x_wconf 71' lang='grc'>483</span> 
     </span>
    </p>
   </div>
   <div class='ocr_carea' id='block_1_2' title="bbox 910 258 3377 355">
    <p class='ocr_par' dir='ltr' id='par_1_2' title="bbox 910 258 3377 355">
     <span class='ocr_line' id='line_1_2' title="bbox 910 258 3377 355; baseline -0.005 0"><span class='ocrx_word' id='word_1_2' title='bbox 910 297 967 355; x_wconf 90' lang='lat' dir='ltr'>s.</span> <span class='ocrx_word' id='word_1_3' title='bbox 1013 292 1234 354; x_wconf 76' lang='lat' dir='ltr'>PETRI</span> <span class='ocrx_word' id='word_1_4' title='bbox 1277 290 1593 350; x_wconf 85' lang='lat' dir='ltr'>DAMIANI</span> <span class='ocrx_word' id='word_1_5' title='bbox 1635 288 1792 349; x_wconf 77' lang='lat' dir='ltr'>nep.</span> <span class='ocrx_word' id='word_1_6' title='bbox 1834 283 2024 345; x_wconf 58' lang='lat' dir='ltr'>rans</span> <span class='ocrx_word' id='word_1_7' title='bbox 2066 282 2207 344; x_wconf 73' lang='lat' dir='ltr'>seu</span> <span class='ocrx_word' id='word_1_8' title='bbox 2249 283 2505 345; x_wconf 84' lang='lat' dir='ltr'>TOMUS</span> <span class='ocrx_word' id='word_1_9' title='bbox 2544 258 2592 345; x_wconf 69' lang='lat'>1;</span> <span class='ocrx_word' id='word_1_10' title='bbox 2634 317 2701 327; x_wconf 88' lang='lat'><strong>—</strong></span> <span class='ocrx_word' id='word_1_11' title='bbox 2741 283 2976 346; x_wconf 90' lang='lat' dir='ltr'>EPIST.</span> <span class='ocrx_word' id='word_1_12' title='bbox 3021 284 3164 344; x_wconf 91' lang='lat' dir='ltr'>LIB.</span> <span class='ocrx_word' id='word_1_13' title='bbox 3205 272 3377 344; x_wconf 85' lang='lat' dir='ltr'>vm.’</span> 
     </span>
    </p>
   </div>
   <div class='ocr_carea' id='block_1_3' title="bbox 3719 297 3800 357">
    <p class='ocr_par' dir='ltr' id='par_1_3' title="bbox 3719 297 3800 357">
     <span class='ocr_line' id='line_1_3' title="bbox 3719 297 3800 357; baseline 0.062 -5"><span class='ocrx_word' id='word_1_14' title='bbox 3719 297 3800 357; x_wconf 63' lang='grc'>484</span> 
     </span>
    </p>
   </div>
   <div class='ocr_carea' id='block_1_4' title="bbox 385 408 3799 496">
    <p class='ocr_par' dir='ltr' id='par_1_4' title="bbox 385 408 3799 496">
     <span class='ocr_line' id='line_1_4' title="bbox 385 408 3799 496; baseline -0.004 -16"><span class='ocrx_word' id='word_1_15' title='bbox 385 422 500 481; x_wconf 83' lang='grc' dir='ltr'>Ι)ρο</span> <span class='ocrx_word' id='word_1_16' title='bbox 531 422 864 496; x_wconf 88' lang='lat' dir='ltr'>interposita</span> <span class='ocrx_word' id='word_1_17' title='bbox 903 417 1230 479; x_wconf 89' lang='lat' dir='ltr'>conditione</span> <span class='ocrx_word' id='word_1_18' title='bbox 1262 416 1589 491; x_wconf 87' lang='lat' dir='ltr'>paciscitur,</span> <span class='ocrx_word' id='word_1_19' title='bbox 1621 421 1683 472; x_wconf 93' lang='lat' dir='ltr'>ut</span> <span class='ocrx_word' id='word_1_20' title='bbox 1721 412 1768 471; x_wconf 92' lang='lat' dir='ltr'>si</span> <span class='ocrx_word' id='word_1_21' title='bbox 1809 408 2459 486; x_wconf 77' lang='lat' dir='ltr'>promissaAlegatores</span> <span class='ocrx_word' id='word_1_22' title='bbox 2504 411 2806 481; x_wconf 85' lang='lat' dir='ltr'>accedunt,</span> <span class='ocrx_word' id='word_1_23' title='bbox 2857 408 3132 470; x_wconf 85' lang='lat' dir='ltr'>causidici</span> <span class='ocrx_word' id='word_1_24' title='bbox 3177 416 3538 486; x_wconf 86' lang='lat' dir='ltr'>perstrepunt,</span> <span class='ocrx_word' id='word_1_25' title='bbox 3582 424 3799 477; x_wconf 76' lang='lat' dir='ltr'>movetur</span> 
     </span>
    </p>
   </div>
   <div class='ocr_carea' id='block_1_5' title="bbox 384 501 2085 584">
    <p class='ocr_par' dir='ltr' id='par_1_5' title="bbox 384 501 2085 584">
     <span class='ocr_line' id='line_1_5' title="bbox 384 501 2085 584; baseline -0.007 -17"><span class='ocrx_word' id='word_1_26' title='bbox 384 525 497 568; x_wconf 89' lang='lat' dir='ltr'>non</span> <span class='ocrx_word' id='word_1_27' title='bbox 527 510 778 584; x_wconf 83' lang='lat' dir='ltr'>impleat,</span> <span class='ocrx_word' id='word_1_28' title='bbox 802 525 835 566; x_wconf 90' lang='lat' dir='ltr'>a</span> <span class='ocrx_word' id='word_1_29' title='bbox 858 509 994 575; x_wconf 91' lang='lat' dir='ltr'>Deo,</span> <span class='ocrx_word' id='word_1_30' title='bbox 1024 506 1113 565; x_wconf 92' lang='lat' dir='ltr'>vel</span> <span class='ocrx_word' id='word_1_31' title='bbox 1139 514 1336 563; x_wconf 89' lang='lat' dir='ltr'>sancto</span> <span class='ocrx_word' id='word_1_32' title='bbox 1360 504 1674 575; x_wconf 77' lang='lat' dir='ltr'>Evangelio</span> <span class='ocrx_word' id='word_1_33' title='bbox 1700 501 1942 559; x_wconf 82' lang='lat' dir='ltr'>ulterius</span> <span class='ocrx_word' id='word_1_34' title='bbox 1974 516 2085 557; x_wconf 91' lang='lat' dir='ltr'>non</span> 
     </span>
    </p>
   </div>
   <div class='ocr_carea' id='block_1_6' title="bbox 374 592 2091 674">
    <p class='ocr_par' dir='ltr' id='par_1_6' title="bbox 374 592 2091 674">
     <span class='ocr_line' id='line_1_6' title="bbox 374 592 2091 674; baseline -0.006 -17"><span class='ocrx_word' id='word_1_35' title='bbox 374 600 633 674; x_wconf 83' lang='lat' dir='ltr'>juvetur.</span> <span class='ocrx_word' id='word_1_36' title='bbox 670 599 734 656; x_wconf 83' lang='lat' dir='ltr'>Et</span> <span class='ocrx_word' id='word_1_37' title='bbox 768 600 914 656; x_wconf 81' lang='lat' dir='ltr'><strong>sicut</strong></span> <span class='ocrx_word' id='word_1_38' title='bbox 948 606 1104 666; x_wconf 91' lang='lat' dir='ltr'>tunc,</span> <span class='ocrx_word' id='word_1_39' title='bbox 1137 612 1272 653; x_wconf 89' lang='lat' dir='ltr'>cum</span> <span class='ocrx_word' id='word_1_40' title='bbox 1301 595 1566 652; x_wconf 82' lang='lat' dir='ltr'>initiatus</span> <span class='ocrx_word' id='word_1_41' title='bbox 1591 602 1670 649; x_wconf 89' lang='lat' dir='ltr'>est</span> <span class='ocrx_word' id='word_1_42' title='bbox 1701 592 1948 660; x_wconf 76' lang='lat' dir='ltr'>Christo,</span> <span class='ocrx_word' id='word_1_43' title='bbox 1992 605 2091 663; x_wconf 89' lang='lat' dir='ltr'>per</span> 
     </span>
    </p>
   </div>
   <div class='ocr_carea' id='block_1_7' title="bbox 340 679 2089 746">
    <p class='ocr_par' dir='ltr' id='par_1_7' title="bbox 340 679 2089 746">
     <span class='ocr_line' id='line_1_7' title="bbox 340 679 2089 746; baseline -0.005 -1"><span class='ocrx_word' id='word_1_44' title='bbox 340 702 355 713; x_wconf 75' lang='lat'><strong>&#39;</strong></span> <span class='ocrx_word' id='word_1_45' title='bbox 380 689 793 746; x_wconf 86' lang='lat' dir='ltr'>catechismum</span> <span class='ocrx_word' id='word_1_46' title='bbox 826 684 1193 743; x_wconf 79' lang='lat' dir='ltr'>sacerdotalis</span> <span class='ocrx_word' id='word_1_47' title='bbox 1223 683 1395 740; x_wconf 84' lang='lat' dir='ltr'>officii</span> <span class='ocrx_word' id='word_1_48' title='bbox 1424 681 1931 740; x_wconf 77' lang='lat' dir='ltr'>abrenuntiavemt</span> <span class='ocrx_word' id='word_1_49' title='bbox 1964 679 2089 737; x_wconf 90' lang='lat' dir='ltr'>dia-</span> 
     </span>
    </p>
   </div>
   <div class='ocr_carea' id='block_1_8' title="bbox 380 770 2087 849">
    <p class='ocr_par' dir='ltr' id='par_1_8' title="bbox 380 770 2087 849">
     <span class='ocr_line' id='line_1_8' title="bbox 380 770 2087 849; baseline -0.005 -15"><span class='ocrx_word' id='word_1_50' title='bbox 380 776 513 834; x_wconf 88' lang='lat' dir='ltr'>bolo</span> <span class='ocrx_word' id='word_1_51' title='bbox 536 782 587 833; x_wconf 89' lang='lat' dir='ltr'>et</span> <span class='ocrx_word' id='word_1_52' title='bbox 613 775 836 848; x_wconf 88' lang='lat' dir='ltr'>pompis</span> <span class='ocrx_word' id='word_1_53' title='bbox 853 776 995 849; x_wconf 87' lang='lat' dir='ltr'>ejus,</span> <span class='ocrx_word' id='word_1_54' title='bbox 1022 776 1097 831; x_wconf 91' lang='lat' dir='ltr'>ita</span> <span class='ocrx_word' id='word_1_55' title='bbox 1120 774 1281 832; x_wconf 89' lang='lat' dir='ltr'>velut</span> <span class='ocrx_word' id='word_1_56' title='bbox 1300 772 1663 839; x_wconf 68' lang='lat' dir='ltr'>retrogradus</span> <span class='ocrx_word' id='word_1_57' title='bbox 1683 786 1749 828; x_wconf 92' lang='lat' dir='ltr'>ac</span> <span class='ocrx_word' id='word_1_58' title='bbox 1768 770 2087 842; x_wconf 85' lang='lat' dir='ltr'>transfuga,</span> 
     </span>
    </p>
   </div>
   <div class='ocr_carea' id='block_1_9' title="bbox 379 862 2086 939">
    <p class='ocr_par' dir='ltr' id='par_1_9' title="bbox 379 862 2086 939">
     <span class='ocr_line' id='line_1_9' title="bbox 379 862 2086 939; baseline -0.005 -13"><span class='ocrx_word' id='word_1_59' title='bbox 379 869 459 926; x_wconf 91' lang='lat' dir='ltr'>sic</span> <span class='ocrx_word' id='word_1_60' title='bbox 510 868 626 925; x_wconf 93' lang='lat' dir='ltr'>Deo</span> <span class='ocrx_word' id='word_1_61' title='bbox 671 875 725 925; x_wconf 89' lang='lat' dir='ltr'>et</span> <span class='ocrx_word' id='word_1_62' title='bbox 768 865 1086 939; x_wconf 82' lang='lat' dir='ltr'>Evangelio</span> <span class='ocrx_word' id='word_1_63' title='bbox 1125 866 1249 937; x_wconf 84' lang='lat' dir='ltr'>ejus</span> <span class='ocrx_word' id='word_1_64' title='bbox 1286 863 1672 933; x_wconf 89' lang='lat' dir='ltr'>abrenuntiat,</span> <span class='ocrx_word' id='word_1_65' title='bbox 1716 868 1777 920; x_wconf 89' lang='lat' dir='ltr'>ut</span> <span class='ocrx_word' id='word_1_66' title='bbox 1821 862 1881 919; x_wconf 91' lang='lat' dir='ltr'>in</span> <span class='ocrx_word' id='word_1_67' title='bbox 1929 877 2086 931; x_wconf 89' lang='lat' dir='ltr'>eum,</span> 
     </span>
    </p>
   </div>
   <div class='ocr_carea' id='block_1_10' title="bbox 375 950 2092 1032">
    <p class='ocr_par' dir='ltr' id='par_1_10' title="bbox 375 950 2092 1032">
     <span class='ocr_line' id='line_1_10' title="bbox 375 950 2092 1032; baseline -0.006 -17"><span class='ocrx_word' id='word_1_68' title='bbox 375 956 539 1032; x_wconf 91' lang='lat' dir='ltr'>quasi</span> <span class='ocrx_word' id='word_1_69' title='bbox 575 973 697 1015; x_wconf 71' lang='lat' dir='ltr'>suae</span> <span class='ocrx_word' id='word_1_70' title='bbox 741 956 988 1028; x_wconf 90' lang='lat' dir='ltr'>quodam</span> <span class='ocrx_word' id='word_1_71' title='bbox 1044 954 1446 1013; x_wconf 81' lang='lat' dir='ltr'>conventionis</span> <span class='ocrx_word' id='word_1_72' title='bbox 1494 953 1730 1022; x_wconf 75' lang='lat' dir='ltr'>fredere,</span> <span class='ocrx_word' id='word_1_73' title='bbox 1762 951 1833 1008; x_wconf 88' lang='lat' dir='ltr'>de</span> <span class='ocrx_word' id='word_1_74' title='bbox 1877 950 2092 1008; x_wconf 69' lang='lat' dir='ltr'>findere</span> 
     </span>
    </p>
   </div>
   <div class='ocr_carea' id='block_1_11' title="bbox 382 1039 2091 1106">
    <p class='ocr_par' dir='ltr' id='par_1_11' title="bbox 382 1039 2091 1106">
     <span class='ocr_line' id='line_1_11' title="bbox 382 1039 2091 1106; baseline -0.006 -1"><span class='ocrx_word' id='word_1_75' title='bbox 382 1063 495 1106; x_wconf 90' lang='lat' dir='ltr'>non</span> <span class='ocrx_word' id='word_1_76' title='bbox 532 1045 799 1105; x_wconf 87' lang='lat' dir='ltr'>confidat.</span> <span class='ocrx_word' id='word_1_77' title='bbox 830 1046 897 1103; x_wconf 86' lang='lat' dir='ltr'>Et</span> <span class='ocrx_word' id='word_1_78' title='bbox 941 1045 1089 1103; x_wconf 87' lang='lat' dir='ltr'>sicut</span> <span class='ocrx_word' id='word_1_79' title='bbox 1120 1045 1313 1103; x_wconf 87' lang='lat' dir='ltr'>Laban</span> <span class='ocrx_word' id='word_1_80' title='bbox 1352 1045 1504 1102; x_wconf 91' lang='lat' dir='ltr'>inter</span> <span class='ocrx_word' id='word_1_81' title='bbox 1534 1059 1593 1100; x_wconf 90' lang='lat' dir='ltr'>se</span> <span class='ocrx_word' id='word_1_82' title='bbox 1624 1048 1681 1099; x_wconf 89' lang='lat' dir='ltr'>et</span> <span class='ocrx_word' id='word_1_83' title='bbox 1715 1039 1889 1099; x_wconf 85' lang='lat' dir='ltr'>Jaeob</span> <span class='ocrx_word' id='word_1_84' title='bbox 1933 1055 2091 1096; x_wconf 88' lang='lat' dir='ltr'>acer-</span> 
     </span>
    </p>
   </div>
   <div class='ocr_carea' id='block_1_12' title="bbox 379 1133 2092 1208">
    <p class='ocr_par' dir='ltr' id='par_1_12' title="bbox 379 1133 2092 1208">
     <span class='ocr_line' id='line_1_12' title="bbox 379 1133 2092 1208; baseline -0.006 -12"><span class='ocrx_word' id='word_1_85' title='bbox 379 1153 520 1196; x_wconf 91' lang='lat' dir='ltr'>vum</span> <span class='ocrx_word' id='word_1_86' title='bbox 571 1136 757 1208; x_wconf 79' lang='lat' dir='ltr'>posuit</span> <span class='ocrx_word' id='word_1_87' title='bbox 806 1134 1084 1208; x_wconf 82' lang='lat' dir='ltr'>lapidum,</span> <span class='ocrx_word' id='word_1_88' title='bbox 1120 1142 1175 1191; x_wconf 94' lang='lat' dir='ltr'>et</span> <span class='ocrx_word' id='word_1_89' title='bbox 1209 1133 1532 1191; x_wconf 88' lang='lat' dir='ltr'>interclusit</span> <span class='ocrx_word' id='word_1_90' title='bbox 1561 1133 1898 1189; x_wconf 87' lang='lat' dir='ltr'>alterutrum</span> <span class='ocrx_word' id='word_1_91' title='bbox 1945 1144 2092 1202; x_wconf 78' lang='lat' dir='ltr'>pras-</span> 
     </span>
    </p>
   </div>
   <div class='ocr_carea' id='block_1_13' title="bbox 374 1217 2094 1294">
    <p class='ocr_par' dir='ltr' id='par_1_13' title="bbox 374 1217 2094 1294">
     <span class='ocr_line' id='line_1_13' title="bbox 374 1217 2094 1294; baseline -0.005 -9"><span class='ocrx_word' id='word_1_92' title='bbox 374 1226 632 1285; x_wconf 88' lang='lat' dir='ltr'>cavendo</span> <span class='ocrx_word' id='word_1_93' title='bbox 672 1232 921 1282; x_wconf 84' lang='lat' dir='ltr'>meatum</span> <span class='ocrx_word' id='word_1_94' title='bbox 967 1226 1123 1292; x_wconf 86' lang='lat' dir='ltr'>(Gen.</span> <span class='ocrx_word' id='word_1_95' title='bbox 1172 1230 1369 1293; x_wconf 72' lang='lat' dir='ltr'>xxxx),</span> <span class='ocrx_word' id='word_1_96' title='bbox 1405 1224 1486 1279; x_wconf 90' lang='lat' dir='ltr'>sic</span> <span class='ocrx_word' id='word_1_97' title='bbox 1526 1223 1631 1279; x_wconf 91' lang='lat' dir='ltr'>iste</span> <span class='ocrx_word' id='word_1_98' title='bbox 1668 1217 2094 1294; x_wconf 88' lang='lat' dir='ltr'>quodammodo</span> 
     </span>
    </p>
   </div>
   <div class='ocr_carea' id='block_1_14' title="bbox 377 1307 2095 1387">
    <p class='ocr_par' dir='ltr' id='par_1_14' title="bbox 377 1307 2095 1387">
     <span class='ocr_line' id='line_1_14' title="bbox 377 1307 2095 1387; baseline -0.005 -16"><span class='ocrx_word' id='word_1_99' title='bbox 377 1315 528 1373; x_wconf 89' lang='lat' dir='ltr'>inter</span> <span class='ocrx_word' id='word_1_100' title='bbox 555 1331 613 1372; x_wconf 91' lang='lat' dir='ltr'>se</span> <span class='ocrx_word' id='word_1_101' title='bbox 639 1323 693 1371; x_wconf 92' lang='lat' dir='ltr'>et</span> <span class='ocrx_word' id='word_1_102' title='bbox 722 1313 903 1371; x_wconf 84' lang='lat' dir='ltr'>Deum</span> <span class='ocrx_word' id='word_1_103' title='bbox 936 1314 1095 1387; x_wconf 88' lang='lat' dir='ltr'>ponit</span> <span class='ocrx_word' id='word_1_104' title='bbox 1123 1311 1459 1369; x_wconf 82' lang='lat' dir='ltr'>mentiendo</span> <span class='ocrx_word' id='word_1_105' title='bbox 1499 1310 1841 1383; x_wconf 85' lang='lat' dir='ltr'>perjurium.</span> <span class='ocrx_word' id='word_1_106' title='bbox 1894 1307 2095 1379; x_wconf 85' lang='lat' dir='ltr'>Signat</span> 
     </span>
    </p>
   </div>
   <div class='ocr_carea' id='block_1_15' title="bbox 378 1396 2093 1471">
    <p class='ocr_par' dir='ltr' id='par_1_15' title="bbox 378 1396 2093 1471">
     <span class='ocr_line' id='line_1_15' title="bbox 378 1396 2093 1471; baseline -0.005 -12"><span class='ocrx_word' id='word_1_107' title='bbox 378 1402 686 1459; x_wconf 87' lang='lat' dir='ltr'>adversum</span> <span class='ocrx_word' id='word_1_108' title='bbox 723 1419 785 1459; x_wconf 90' lang='lat' dir='ltr'>se</span> <span class='ocrx_word' id='word_1_109' title='bbox 829 1401 1041 1459; x_wconf 88' lang='lat' dir='ltr'>librum</span> <span class='ocrx_word' id='word_1_110' title='bbox 1082 1398 1403 1471; x_wconf 74' lang='lat' dir='ltr'>Evangelii,</span> <span class='ocrx_word' id='word_1_111' title='bbox 1441 1407 1503 1456; x_wconf 88' lang='lat' dir='ltr'>ut</span> <span class='ocrx_word' id='word_1_112' title='bbox 1541 1413 1673 1454; x_wconf 87' lang='lat' dir='ltr'>eum</span> <span class='ocrx_word' id='word_1_113' title='bbox 1719 1396 1942 1468; x_wconf 83' lang='lat' dir='ltr'>aperire.</span> <span class='ocrx_word' id='word_1_114' title='bbox 1979 1410 2093 1453; x_wconf 93' lang='lat' dir='ltr'>non</span> 
     </span>
    </p>
   </div>
   <div class='ocr_carea' id='block_1_16' title="bbox 381 1482 2094 1562">
    <p class='ocr_par' dir='ltr' id='par_1_16' title="bbox 381 1482 2094 1562">
     <span class='ocr_line' id='line_1_16' title="bbox 381 1482 2094 1562; baseline -0.004 -15"><span class='ocrx_word' id='word_1_115' title='bbox 381 1490 579 1562; x_wconf 87' lang='lat' dir='ltr'>possit,</span> <span class='ocrx_word' id='word_1_116' title='bbox 634 1491 771 1547; x_wconf 91' lang='lat' dir='ltr'>dum</span> <span class='ocrx_word' id='word_1_117' title='bbox 808 1492 959 1547; x_wconf 87' lang='lat' dir='ltr'>inter</span> <span class='ocrx_word' id='word_1_118' title='bbox 993 1505 1053 1546; x_wconf 91' lang='lat' dir='ltr'>se</span> <span class='ocrx_word' id='word_1_119' title='bbox 1091 1497 1145 1545; x_wconf 90' lang='lat' dir='ltr'>et</span> <span class='ocrx_word' id='word_1_120' title='bbox 1188 1488 1329 1545; x_wconf 87' lang='lat' dir='ltr'>illud</span> <span class='ocrx_word' id='word_1_121' title='bbox 1364 1502 1594 1544; x_wconf 88' lang='lat' dir='ltr'>omnem</span> <span class='ocrx_word' id='word_1_122' title='bbox 1628 1484 1830 1541; x_wconf 89' lang='lat' dir='ltr'>salutis</span> <span class='ocrx_word' id='word_1_123' title='bbox 1871 1482 2094 1541; x_wconf 87' lang='lat' dir='ltr'>aditum</span> 
     </span>
    </p>
   </div>
   <div class='ocr_carea' id='block_1_17' title="bbox 380 1573 2090 1650">
    <p class='ocr_par' dir='ltr' id='par_1_17' title="bbox 380 1573 2090 1650">
     <span class='ocr_line' id='line_1_17' title="bbox 380 1573 2090 1650; baseline -0.003 -16"><span class='ocrx_word' id='word_1_124' title='bbox 380 1577 736 1637; x_wconf 79' lang='lat' dir='ltr'>intercludit.</span> <span class='ocrx_word' id='word_1_125' title='bbox 768 1579 849 1635; x_wconf 91' lang='lat' dir='ltr'>De</span> <span class='ocrx_word' id='word_1_126' title='bbox 877 1593 995 1650; x_wconf 91' lang='lat' dir='ltr'>quo</span> <span class='ocrx_word' id='word_1_127' title='bbox 1024 1576 1288 1634; x_wconf 84' lang='lat' dir='ltr'>videlicet</span> <span class='ocrx_word' id='word_1_128' title='bbox 1320 1576 1464 1633; x_wconf 90' lang='lat' dir='ltr'>libro</span> <span class='ocrx_word' id='word_1_129' title='bbox 1488 1592 1589 1647; x_wconf 90' lang='lat' dir='ltr'>per</span> <span class='ocrx_word' id='word_1_130' title='bbox 1616 1573 1823 1632; x_wconf 88' lang='lat' dir='ltr'>Isaiam</span> <span class='ocrx_word' id='word_1_131' title='bbox 1848 1574 2090 1631; x_wconf 88' lang='lat' dir='ltr'>dicitur:</span> 
     </span>
    </p>
   </div>
   <div class='ocr_carea' id='block_1_18' title="bbox 383 1661 2098 1728">
    <p class='ocr_par' dir='ltr' id='par_1_18' title="bbox 383 1661 2098 1728">
     <span class='ocr_line' id='line_1_18' title="bbox 383 1661 2098 1728; baseline -0.003 -3"><span class='ocrx_word' id='word_1_132' title='bbox 383 1690 409 1718; x_wconf 82' lang='lat'><strong>«</strong></span> <span class='ocrx_word' id='word_1_133' title='bbox 446 1667 515 1725; x_wconf 88' lang='lat' dir='ltr'>Et</span> <span class='ocrx_word' id='word_1_134' title='bbox 557 1666 664 1724; x_wconf 91' lang='lat' dir='ltr'>erit</span> <span class='ocrx_word' id='word_1_135' title='bbox 698 1666 863 1723; x_wconf 86' lang='lat' dir='ltr'>vobis</span> <span class='ocrx_word' id='word_1_136' title='bbox 904 1667 1051 1723; x_wconf 85' lang='lat' dir='ltr'>visio</span> <span class='ocrx_word' id='word_1_137' title='bbox 1090 1666 1378 1728; x_wconf 90' lang='lat' dir='ltr'>omnium,</span> <span class='ocrx_word' id='word_1_138' title='bbox 1423 1664 1573 1721; x_wconf 80' lang='lat' dir='ltr'>sicut</span> <span class='ocrx_word' id='word_1_139' title='bbox 1623 1664 1796 1720; x_wconf 87' lang='lat' dir='ltr'>verba</span> <span class='ocrx_word' id='word_1_140' title='bbox 1843 1663 1973 1720; x_wconf 87' lang='lat' dir='ltr'>libri</span> <span class='ocrx_word' id='word_1_141' title='bbox 2025 1661 2098 1719; x_wconf 89' lang='lat' dir='ltr'>si-</span> 
     </span>
    </p>
   </div>
   <div class='ocr_carea' id='block_1_19' title="bbox 2176 502 3802 578">
    <p class='ocr_par' dir='ltr' id='par_1_19' title="bbox 2176 502 3802 578">
     <span class='ocr_line' id='line_1_19' title="bbox 2176 502 3802 578; baseline 0.004 -17"><span class='ocrx_word' id='word_1_142' title='bbox 2176 505 2437 578; x_wconf 73' lang='lat' dir='ltr'>quzestio,</span> <span class='ocrx_word' id='word_1_143' title='bbox 2486 503 2776 561; x_wconf 87' lang='lat' dir='ltr'>calumnia</span> <span class='ocrx_word' id='word_1_144' title='bbox 2824 502 2944 560; x_wconf 89' lang='lat' dir='ltr'>litis</span> <span class='ocrx_word' id='word_1_145' title='bbox 2988 502 3323 575; x_wconf 87' lang='lat' dir='ltr'>intenditur,</span> <span class='ocrx_word' id='word_1_146' title='bbox 3352 504 3419 562; x_wconf 90' lang='lat' dir='ltr'>ab</span> <span class='ocrx_word' id='word_1_147' title='bbox 3448 506 3802 567; x_wconf 84' lang='lat' dir='ltr'>obsistentibus</span> 
     </span>
    </p>
   </div>
   <div class='ocr_carea' id='block_1_20' title="bbox 2178 591 3802 667">
    <p class='ocr_par' dir='ltr' id='par_1_20' title="bbox 2178 591 3802 667">
     <span class='ocr_line' id='line_1_20' title="bbox 2178 591 3802 667; baseline 0.002 -15"><span class='ocrx_word' id='word_1_148' title='bbox 2178 593 2420 652; x_wconf 86' lang='lat' dir='ltr'>intentio</span> <span class='ocrx_word' id='word_1_149' title='bbox 2466 602 2809 652; x_wconf 85' lang='lat' dir='ltr'>removetur.</span> <span class='ocrx_word' id='word_1_150' title='bbox 2863 591 3117 650; x_wconf 87' lang='lat' dir='ltr'>Tandem</span> <span class='ocrx_word' id='word_1_151' title='bbox 3168 593 3315 651; x_wconf 91' lang='lat' dir='ltr'>inter</span> <span class='ocrx_word' id='word_1_152' title='bbox 3359 601 3530 667; x_wconf 90' lang='lat' dir='ltr'>partes</span> <span class='ocrx_word' id='word_1_153' title='bbox 3576 595 3802 656; x_wconf 87' lang='lat' dir='ltr'>alterutra</span> 
     </span>
    </p>
   </div>
   <div class='ocr_carea' id='block_1_21' title="bbox 2175 680 3807 758">
    <p class='ocr_par' dir='ltr' id='par_1_21' title="bbox 2175 680 3807 758">
     <span class='ocr_line' id='line_1_21' title="bbox 2175 680 3807 758; baseline 0.003 -18"><span class='ocrx_word' id='word_1_154' title='bbox 2175 682 2583 741; x_wconf 82' lang='lat' dir='ltr'>deliberatione</span> <span class='ocrx_word' id='word_1_155' title='bbox 2610 680 2881 740; x_wconf 81' lang='lat' dir='ltr'>convenit</span> <span class='ocrx_word' id='word_1_156' title='bbox 2912 688 2976 740; x_wconf 94' lang='lat' dir='ltr'>ut</span> <span class='ocrx_word' id='word_1_157' title='bbox 3009 680 3303 754; x_wconf 73' lang='lat' dir='ltr'>presbyter</span> <span class='ocrx_word' id='word_1_158' title='bbox 3343 682 3582 755; x_wconf 89' lang='lat' dir='ltr'>quidam,</span> <span class='ocrx_word' id='word_1_159' title='bbox 3608 686 3696 758; x_wconf 91' lang='lat' dir='ltr'>qui</span> <span class='ocrx_word' id='word_1_160' title='bbox 3717 688 3807 746; x_wconf 91' lang='lat' dir='ltr'>viri</span> 
     </span>
    </p>
   </div>
   <div class='ocr_carea' id='block_1_22' title="bbox 2175 770 3810 846">
    <p class='ocr_par' dir='ltr' id='par_1_22' title="bbox 2175 770 3810 846">
     <span class='ocr_line' id='line_1_22' title="bbox 2175 770 3810 846; baseline 0.004 -18"><span class='ocrx_word' id='word_1_161' title='bbox 2175 778 2371 829; x_wconf 88' lang='lat' dir='ltr'>contra</span> <span class='ocrx_word' id='word_1_162' title='bbox 2421 788 2725 846; x_wconf 84' lang='lat' dir='ltr'>germanas</span> <span class='ocrx_word' id='word_1_163' title='bbox 2766 774 2954 831; x_wconf 86' lang='lat' dir='ltr'>fautor</span> <span class='ocrx_word' id='word_1_164' title='bbox 2999 779 3135 837; x_wconf 86' lang='lat' dir='ltr'>erat,</span> <span class='ocrx_word' id='word_1_165' title='bbox 3171 784 3229 827; x_wconf 89' lang='lat' dir='ltr'>se</span> <span class='ocrx_word' id='word_1_166' title='bbox 3272 770 3510 829; x_wconf 88' lang='lat' dir='ltr'>defuncti</span> <span class='ocrx_word' id='word_1_167' title='bbox 3557 774 3707 844; x_wconf 86' lang='lat' dir='ltr'>patris</span> <span class='ocrx_word' id='word_1_168' title='bbox 3743 775 3810 833; x_wconf 90' lang='lat' dir='ltr'>in-</span> 
     </span>
    </p>
   </div>
   <div class='ocr_carea' id='block_1_23' title="bbox 2179 851 3808 936">
    <p class='ocr_par' dir='ltr' id='par_1_23' title="bbox 2179 851 3808 936">
     <span class='ocr_line' id='line_1_23' title="bbox 2179 851 3808 936; baseline 0.002 -17"><span class='ocrx_word' id='word_1_169' title='bbox 2179 862 2441 920; x_wconf 84' lang='lat' dir='ltr'>terfuisse</span> <span class='ocrx_word' id='word_1_170' title='bbox 2469 862 2690 936; x_wconf 89' lang='lat' dir='ltr'>judicio</span> <span class='ocrx_word' id='word_1_171' title='bbox 2740 862 3090 935; x_wconf 87' lang='lat' dir='ltr'>perhiberet,</span> <span class='ocrx_word' id='word_1_172' title='bbox 3119 860 3518 935; x_wconf 81' lang='lat' dir='ltr'>jusjurandum</span> <span class='ocrx_word' id='word_1_173' title='bbox 3545 864 3700 928; x_wconf 88' lang='lat' dir='ltr'>daret,</span> <span class='ocrx_word' id='word_1_174' title='bbox 3723 851 3808 923; x_wconf 78' lang='lat' dir='ltr'>sic-</span> 
     </span>
    </p>
   </div>
   <div class='ocr_carea' id='block_1_24' title="bbox 2177 949 3812 1026">
    <p class='ocr_par' dir='ltr' id='par_1_24' title="bbox 2177 949 3812 1026">
     <span class='ocr_line' id='line_1_24' title="bbox 2177 949 3812 1026; baseline 0.001 -17"><span class='ocrx_word' id='word_1_175' title='bbox 2177 967 2290 1023; x_wconf 88' lang='lat' dir='ltr'>que</span> <span class='ocrx_word' id='word_1_176' title='bbox 2313 951 2625 1010; x_wconf 91' lang='lat' dir='ltr'>decisionis</span> <span class='ocrx_word' id='word_1_177' title='bbox 2654 951 2943 1011; x_wconf 89' lang='lat' dir='ltr'>calculum</span> <span class='ocrx_word' id='word_1_178' title='bbox 2975 966 3145 1008; x_wconf 87' lang='lat' dir='ltr'>causa</span> <span class='ocrx_word' id='word_1_179' title='bbox 3193 949 3496 1023; x_wconf 86' lang='lat' dir='ltr'>susciperet</span> <span class='ocrx_word' id='word_1_180' title='bbox 3519 966 3812 1026; x_wconf 88' lang='lat' dir='ltr'>omnemque</span> 
     </span>
    </p>
   </div>
   <div class='ocr_carea' id='block_1_25' title="bbox 2176 1038 3812 1115">
    <p class='ocr_par' dir='ltr' id='par_1_25' title="bbox 2176 1038 3812 1115">
     <span class='ocr_line' id='line_1_25' title="bbox 2176 1038 3812 1115; baseline 0 -16"><span class='ocrx_word' id='word_1_181' title='bbox 2176 1042 2623 1100; x_wconf 89' lang='lat' dir='ltr'>controversiam</span> <span class='ocrx_word' id='word_1_182' title='bbox 2678 1042 2857 1100; x_wconf 92' lang='lat' dir='ltr'>unius</span> <span class='ocrx_word' id='word_1_183' title='bbox 2902 1039 3155 1099; x_wconf 88' lang='lat' dir='ltr'>hominis</span> <span class='ocrx_word' id='word_1_184' title='bbox 3191 1038 3564 1098; x_wconf 90' lang='lat' dir='ltr'>testimonium</span> <span class='ocrx_word' id='word_1_185' title='bbox 3597 1041 3812 1115; x_wconf 86' lang='lat' dir='ltr'>consopi-</span> 
     </span>
    </p>
   </div>
   <div class='ocr_carea' id='block_1_26' title="bbox 2178 1129 3812 1205">
    <p class='ocr_par' dir='ltr' id='par_1_26' title="bbox 2178 1129 3812 1205">
     <span class='ocr_line' id='line_1_26' title="bbox 2178 1129 3812 1205; baseline 0.001 -19"><span class='ocrx_word' id='word_1_186' title='bbox 2178 1136 2282 1187; x_wconf 90' lang='lat' dir='ltr'>ret.</span> <span class='ocrx_word' id='word_1_187' title='bbox 2315 1131 2582 1205; x_wconf 82' lang='lat' dir='ltr'>Cumque</span> <span class='ocrx_word' id='word_1_188' title='bbox 2616 1131 2913 1205; x_wconf 82' lang='lat' dir='ltr'>presbyter</span> <span class='ocrx_word' id='word_1_189' title='bbox 2951 1144 3052 1202; x_wconf 88' lang='lat' dir='ltr'>pro</span> <span class='ocrx_word' id='word_1_190' title='bbox 3097 1130 3223 1187; x_wconf 91' lang='lat' dir='ltr'>viro</span> <span class='ocrx_word' id='word_1_191' title='bbox 3264 1137 3454 1187; x_wconf 89' lang='lat' dir='ltr'>contra</span> <span class='ocrx_word' id='word_1_192' title='bbox 3496 1129 3710 1188; x_wconf 84' lang='lat' dir='ltr'>feminas</span> <span class='ocrx_word' id='word_1_193' title='bbox 3737 1131 3812 1203; x_wconf 90' lang='lat' dir='ltr'>ju-</span> 
     </span>
    </p>
   </div>
   <div class='ocr_carea' id='block_1_27' title="bbox 2179 1218 3819 1294">
    <p class='ocr_par' dir='ltr' id='par_1_27' title="bbox 2179 1218 3819 1294">
     <span class='ocr_line' id='line_1_27' title="bbox 2179 1218 3819 1294; baseline 0.001 -18"><span class='ocrx_word' id='word_1_194' title='bbox 2179 1227 2408 1278; x_wconf 90' lang='lat' dir='ltr'>raturus</span> <span class='ocrx_word' id='word_1_195' title='bbox 2446 1220 2755 1289; x_wconf 84' lang='lat' dir='ltr'>accederet,</span> <span class='ocrx_word' id='word_1_196' title='bbox 2785 1221 3025 1294; x_wconf 85' lang='lat' dir='ltr'>jamque</span> <span class='ocrx_word' id='word_1_197' title='bbox 3068 1233 3309 1277; x_wconf 89' lang='lat' dir='ltr'>manum</span> <span class='ocrx_word' id='word_1_198' title='bbox 3354 1218 3493 1276; x_wconf 87' lang='lat' dir='ltr'>libro</span> <span class='ocrx_word' id='word_1_199' title='bbox 3533 1219 3622 1292; x_wconf 89' lang='lat' dir='ltr'>qui</span> <span class='ocrx_word' id='word_1_200' title='bbox 3660 1235 3819 1293; x_wconf 87' lang='lat' dir='ltr'>propo-</span> 
     </span>
    </p>
   </div>
   <div class='ocr_carea' id='block_1_28' title="bbox 2178 1306 3818 1382">
    <p class='ocr_par' dir='ltr' id='par_1_28' title="bbox 2178 1306 3818 1382">
     <span class='ocr_line' id='line_1_28' title="bbox 2178 1306 3818 1382; baseline -0.002 -16"><span class='ocrx_word' id='word_1_201' title='bbox 2178 1309 2323 1367; x_wconf 91' lang='lat' dir='ltr'>situs</span> <span class='ocrx_word' id='word_1_202' title='bbox 2357 1310 2539 1367; x_wconf 88' lang='lat' dir='ltr'>fuerat</span> <span class='ocrx_word' id='word_1_203' title='bbox 2565 1309 2890 1382; x_wconf 87' lang='lat' dir='ltr'>applicaret,</span> <span class='ocrx_word' id='word_1_204' title='bbox 2929 1307 3121 1365; x_wconf 89' lang='lat' dir='ltr'>subito</span> <span class='ocrx_word' id='word_1_205' title='bbox 3158 1306 3426 1365; x_wconf 83' lang='lat' dir='ltr'>terribilis</span> <span class='ocrx_word' id='word_1_206' title='bbox 3457 1322 3666 1380; x_wconf 87' lang='lat' dir='ltr'>serpens</span> <span class='ocrx_word' id='word_1_207' title='bbox 3686 1323 3748 1365; x_wconf 81' lang='lat' dir='ltr'>ex</span> <span class='ocrx_word' id='word_1_208' title='bbox 3769 1323 3818 1364; x_wconf 85' lang='lat' dir='ltr'>ea</span> 
     </span>
    </p>
   </div>
   <div class='ocr_carea' id='block_1_29' title="bbox 2178 1394 3818 1470">
    <p class='ocr_par' dir='ltr' id='par_1_29' title="bbox 2178 1394 3818 1470">
     <span class='ocr_line' id='line_1_29' title="bbox 2178 1394 3818 1470; baseline -0.002 -16"><span class='ocrx_word' id='word_1_209' title='bbox 2178 1411 2312 1469; x_wconf 67' lang='lat' dir='ltr'>quas</span> <span class='ocrx_word' id='word_1_210' title='bbox 2353 1397 2819 1470; x_wconf 88' lang='lat' dir='ltr'>supereminebat</span> <span class='ocrx_word' id='word_1_211' title='bbox 2863 1396 3066 1454; x_wconf 88' lang='lat' dir='ltr'>arbore</span> <span class='ocrx_word' id='word_1_212' title='bbox 3103 1396 3337 1464; x_wconf 91' lang='lat' dir='ltr'>corruit,</span> <span class='ocrx_word' id='word_1_213' title='bbox 3373 1394 3675 1468; x_wconf 87' lang='lat' dir='ltr'>librumque</span> <span class='ocrx_word' id='word_1_214' title='bbox 3704 1409 3818 1451; x_wconf 82' lang='lat' dir='ltr'>coni-</span> 
     </span>
    </p>
   </div>
   <div class='ocr_carea' id='block_1_30' title="bbox 2182 1481 3823 1559">
    <p class='ocr_par' dir='ltr' id='par_1_30' title="bbox 2182 1481 3823 1559">
     <span class='ocr_line' id='line_1_30' title="bbox 2182 1481 3823 1559; baseline -0.001 -18"><span class='ocrx_word' id='word_1_215' title='bbox 2182 1484 2407 1557; x_wconf 84' lang='lat' dir='ltr'>plexus,</span> <span class='ocrx_word' id='word_1_216' title='bbox 2457 1486 2629 1558; x_wconf 86' lang='lat' dir='ltr'>spiris</span> <span class='ocrx_word' id='word_1_217' title='bbox 2671 1485 2967 1559; x_wconf 88' lang='lat' dir='ltr'>squamosi</span> <span class='ocrx_word' id='word_1_218' title='bbox 3017 1483 3271 1557; x_wconf 89' lang='lat' dir='ltr'>corporis</span> <span class='ocrx_word' id='word_1_219' title='bbox 3319 1481 3823 1543; x_wconf 77' lang='lat' dir='ltr'>cimumcinxit.Mi-</span> 
     </span>
    </p>
   </div>
   <div class='ocr_carea' id='block_1_31' title="bbox 2180 1573 3820 1649">
    <p class='ocr_par' dir='ltr' id='par_1_31' title="bbox 2180 1573 3820 1649">
     <span class='ocr_line' id='line_1_31' title="bbox 2180 1573 3820 1649; baseline 0 -17"><span class='ocrx_word' id='word_1_220' title='bbox 2180 1583 2383 1633; x_wconf 90' lang='lat' dir='ltr'>rantur</span> <span class='ocrx_word' id='word_1_221' title='bbox 2437 1591 2640 1635; x_wconf 89' lang='lat' dir='ltr'>omnes</span> <span class='ocrx_word' id='word_1_222' title='bbox 2686 1576 2932 1643; x_wconf 88' lang='lat' dir='ltr'>attoniti,</span> <span class='ocrx_word' id='word_1_223' title='bbox 2988 1582 3044 1633; x_wconf 90' lang='lat' dir='ltr'>et</span> <span class='ocrx_word' id='word_1_224' title='bbox 3096 1575 3350 1649; x_wconf 89' lang='lat' dir='ltr'>quodam</span> <span class='ocrx_word' id='word_1_225' title='bbox 3408 1574 3566 1649; x_wconf 90' lang='lat' dir='ltr'>quasi</span> <span class='ocrx_word' id='word_1_226' title='bbox 3614 1573 3820 1646; x_wconf 80' lang='lat' dir='ltr'>prodigio</span> 
     </span>
    </p>
   </div>
   <div class='ocr_carea' id='block_1_32' title="bbox 2180 1663 3820 1740">
    <p class='ocr_par' dir='ltr' id='par_1_32' title="bbox 2180 1663 3820 1740">
     <span class='ocr_line' id='line_1_32' title="bbox 2180 1663 3820 1740; baseline -0.001 -18"><span class='ocrx_word' id='word_1_227' title='bbox 2180 1666 2501 1738; x_wconf 86' lang='lat' dir='ltr'>stupefacti,</span> <span class='ocrx_word' id='word_1_228' title='bbox 2530 1667 2851 1739; x_wconf 56' lang='lat' dir='ltr'>praesertim</span> <span class='ocrx_word' id='word_1_229' title='bbox 2896 1666 3190 1740; x_wconf 90' lang='lat' dir='ltr'>presbyter</span> <span class='ocrx_word' id='word_1_230' title='bbox 3220 1666 3342 1738; x_wconf 89' lang='lat' dir='ltr'>ipse</span> <span class='ocrx_word' id='word_1_231' title='bbox 3386 1664 3627 1739; x_wconf 88' lang='lat' dir='ltr'>diriguit,</span> <span class='ocrx_word' id='word_1_232' title='bbox 3654 1673 3700 1722; x_wconf 88' lang='lat' dir='ltr'>et</span> <span class='ocrx_word' id='word_1_233' title='bbox 3726 1663 3820 1736; x_wconf 86' lang='lat' dir='ltr'>jus-</span> 
     </span>
    </p>
   </div>
   <div class='ocr_carea' id='block_1_33' title="bbox 383 1751 3820 1829">
    <p class='ocr_par' dir='ltr' id='par_1_33' title="bbox 383 1751 3820 1829">
     <span class='ocr_line' id='line_1_33' title="bbox 383 1751 3820 1829; baseline -0.001 -17"><span class='ocrx_word' id='word_1_234' title='bbox 383 1755 565 1828; x_wconf 80' lang='lat' dir='ltr'>gnati,</span> <span class='ocrx_word' id='word_1_235' title='bbox 595 1769 767 1828; x_wconf 84' lang='lat' dir='ltr'>quem</span> <span class='ocrx_word' id='word_1_236' title='bbox 809 1770 945 1811; x_wconf 91' lang='lat' dir='ltr'>cum</span> <span class='ocrx_word' id='word_1_237' title='bbox 994 1754 1259 1812; x_wconf 81' lang='lat' dir='ltr'>dederint</span> <span class='ocrx_word' id='word_1_238' title='bbox 1301 1752 1506 1810; x_wconf 86' lang='lat' dir='ltr'>scienti</span> <span class='ocrx_word' id='word_1_239' title='bbox 1554 1751 1789 1819; x_wconf 85' lang='lat' dir='ltr'>litteras,</span> <span class='ocrx_word' id='word_1_240' title='bbox 1854 1752 2045 1809; x_wconf 88' lang='lat' dir='ltr'>dicent</span> <span class='ocrx_word' id='word_1_241' title='bbox 2078 1756 2493 1829; x_wconf 83' lang='lat' dir='ltr'>:Bjurandum</span> <span class='ocrx_word' id='word_1_242' title='bbox 2546 1756 2699 1829; x_wconf 82' lang='lat' dir='ltr'>quod</span> <span class='ocrx_word' id='word_1_243' title='bbox 2773 1772 2887 1814; x_wconf 91' lang='lat' dir='ltr'>non</span> <span class='ocrx_word' id='word_1_244' title='bbox 2947 1755 3195 1826; x_wconf 85' lang='lat' dir='ltr'>veritati,</span> <span class='ocrx_word' id='word_1_245' title='bbox 3225 1754 3323 1814; x_wconf 90' lang='lat' dir='ltr'>sed</span> <span class='ocrx_word' id='word_1_246' title='bbox 3378 1755 3634 1812; x_wconf 67' lang='lat' dir='ltr'>humanae</span> <span class='ocrx_word' id='word_1_247' title='bbox 3667 1752 3820 1826; x_wconf 65' lang='lat' dir='ltr'>gratiae</span> 
     </span>
    </p>
   </div>
   <div class='ocr_carea' id='block_1_34' title="bbox 390 1839 2097 1918">
    <p class='ocr_par' dir='ltr' id='par_1_34' title="bbox 390 1839 2097 1918">
     <span class='ocr_line' id='line_1_34' title="bbox 390 1839 2097 1918; baseline -0.003 -17"><span class='ocrx_word' id='word_1_248' title='bbox 390 1845 534 1918; x_wconf 79' lang='lat' dir='ltr'>Lege.</span> <span class='ocrx_word' id='word_1_249' title='bbox 574 1844 774 1911; x_wconf 90' lang='lat' dir='ltr'>istum,</span> <span class='ocrx_word' id='word_1_250' title='bbox 801 1852 857 1901; x_wconf 90' lang='lat' dir='ltr'>et</span> <span class='ocrx_word' id='word_1_251' title='bbox 893 1842 1255 1915; x_wconf 87' lang='lat' dir='ltr'>respondebit</span> <span class='ocrx_word' id='word_1_252' title='bbox 1291 1860 1304 1896; x_wconf 91' lang='lat'>:</span> <span class='ocrx_word' id='word_1_253' title='bbox 1354 1839 1478 1897; x_wconf 86' lang='lat' dir='ltr'>Non</span> <span class='ocrx_word' id='word_1_254' title='bbox 1519 1855 1790 1912; x_wconf 88' lang='lat' dir='ltr'>possum;</span> <span class='ocrx_word' id='word_1_255' title='bbox 1838 1839 2097 1911; x_wconf 81' lang='lat' dir='ltr'>signatus</span> 
     </span>
    </p>
   </div>
   <div class='ocr_carea' id='block_1_35' title="bbox 382 1929 2094 2005">
    <p class='ocr_par' dir='ltr' id='par_1_35' title="bbox 382 1929 2094 2005">
     <span class='ocr_line' id='line_1_35' title="bbox 382 1929 2094 2005; baseline -0.004 -13"><span class='ocrx_word' id='word_1_256' title='bbox 382 1942 467 1992; x_wconf 90' lang='lat' dir='ltr'>est</span> <span class='ocrx_word' id='word_1_257' title='bbox 509 1935 665 1992; x_wconf 90' lang='lat' dir='ltr'>enim</span> <span class='ocrx_word' id='word_1_258' title='bbox 722 1936 873 2005; x_wconf 83' lang='lat' dir='ltr'>(Isai.</span> <span class='ocrx_word' id='word_1_259' title='bbox 916 1934 1105 2005; x_wconf 77' lang='lat' dir='ltr'>XXIX).</span> <span class='ocrx_word' id='word_1_260' title='bbox 1142 1959 1163 1982; x_wconf 72' lang='grc' dir='ltr'><strong>υ</strong></span> <span class='ocrx_word' id='word_1_261' title='bbox 1205 1931 1345 2001; x_wconf 85' lang='lat' dir='ltr'>Quis</span> <span class='ocrx_word' id='word_1_262' title='bbox 1369 1939 1454 1989; x_wconf 88' lang='lat' dir='ltr'>est</span> <span class='ocrx_word' id='word_1_263' title='bbox 1489 1930 1646 1987; x_wconf 90' lang='lat' dir='ltr'>enim</span> <span class='ocrx_word' id='word_1_264' title='bbox 1686 1930 1830 1987; x_wconf 86' lang='lat' dir='ltr'>liber</span> <span class='ocrx_word' id='word_1_265' title='bbox 1875 1929 1974 1986; x_wconf 89' lang='lat' dir='ltr'>ille</span> <span class='ocrx_word' id='word_1_266' title='bbox 2018 1929 2094 1986; x_wconf 92' lang='lat' dir='ltr'>si-</span> 
     </span>
    </p>
   </div>
   <div class='ocr_carea' id='block_1_36' title="bbox 377 2020 2094 2097">
    <p class='ocr_par' dir='ltr' id='par_1_36' title="bbox 377 2020 2094 2097">
     <span class='ocr_line' id='line_1_36' title="bbox 377 2020 2094 2097; baseline -0.003 -15"><span class='ocrx_word' id='word_1_267' title='bbox 377 2034 609 2097; x_wconf 80' lang='lat' dir='ltr'>gnatus,</span> <span class='ocrx_word' id='word_1_268' title='bbox 658 2025 769 2082; x_wconf 88' lang='lat' dir='ltr'>nisi</span> <span class='ocrx_word' id='word_1_269' title='bbox 817 2033 1081 2081; x_wconf 89' lang='lat' dir='ltr'>sanctum</span> <span class='ocrx_word' id='word_1_270' title='bbox 1137 2023 1522 2093; x_wconf 83' lang='lat' dir='ltr'>Evangelium</span> <span class='ocrx_word' id='word_1_271' title='bbox 1569 2020 1829 2094; x_wconf 88' lang='lat' dir='ltr'>mysticis</span> <span class='ocrx_word' id='word_1_272' title='bbox 1878 2021 2094 2092; x_wconf 80' lang='lat' dir='ltr'>figura-</span> 
     </span>
    </p>
   </div>
   <div class='ocr_carea' id='block_1_37' title="bbox 382 2108 2095 2175">
    <p class='ocr_par' dir='ltr' id='par_1_37' title="bbox 382 2108 2095 2175">
     <span class='ocr_line' id='line_1_37' title="bbox 382 2108 2095 2175; baseline -0.002 -6"><span class='ocrx_word' id='word_1_273' title='bbox 382 2128 510 2171; x_wconf 89' lang='lat' dir='ltr'>rum</span> <span class='ocrx_word' id='word_1_274' title='bbox 559 2113 861 2170; x_wconf 85' lang='lat' dir='ltr'>sententiis</span> <span class='ocrx_word' id='word_1_275' title='bbox 922 2111 1285 2175; x_wconf 85' lang='lat' dir='ltr'>obvolutum,</span> <span class='ocrx_word' id='word_1_276' title='bbox 1343 2117 1399 2166; x_wconf 92' lang='lat' dir='ltr'>et</span> <span class='ocrx_word' id='word_1_277' title='bbox 1444 2109 1516 2166; x_wconf 91' lang='lat' dir='ltr'>ab</span> <span class='ocrx_word' id='word_1_278' title='bbox 1562 2110 1836 2166; x_wconf 68' lang='lat' dir='ltr'>humanae</span> <span class='ocrx_word' id='word_1_279' title='bbox 1885 2108 2095 2165; x_wconf 88' lang='lat' dir='ltr'>mentis</span> 
     </span>
    </p>
   </div>
   <div class='ocr_carea' id='block_1_38' title="bbox 382 2198 2095 2274">
    <p class='ocr_par' dir='ltr' id='par_1_38' title="bbox 382 2198 2095 2274">
     <span class='ocr_line' id='line_1_38' title="bbox 382 2198 2095 2274; baseline -0.001 -16"><span class='ocrx_word' id='word_1_280' title='bbox 382 2201 766 2274; x_wconf 79' lang='lat' dir='ltr'>intelligentia</span> <span class='ocrx_word' id='word_1_281' title='bbox 842 2201 1038 2273; x_wconf 89' lang='lat' dir='ltr'>procul</span> <span class='ocrx_word' id='word_1_282' title='bbox 1105 2216 1313 2257; x_wconf 87' lang='lat' dir='ltr'>arcana</span> <span class='ocrx_word' id='word_1_283' title='bbox 1373 2200 1620 2271; x_wconf 88' lang='lat' dir='ltr'>quadam</span> <span class='ocrx_word' id='word_1_284' title='bbox 1710 2198 2095 2271; x_wconf 90' lang='lat' dir='ltr'>profunditate</span> 
     </span>
    </p>
   </div>
   <div class='ocr_carea' id='block_1_39' title="bbox 382 2286 2092 2362">
    <p class='ocr_par' dir='ltr' id='par_1_39' title="bbox 382 2286 2092 2362">
     <span class='ocr_line' id='line_1_39' title="bbox 382 2286 2092 2362; baseline -0.002 -17"><span class='ocrx_word' id='word_1_285' title='bbox 382 2287 713 2345; x_wconf 86' lang='lat' dir='ltr'>remotum?</span> <span class='ocrx_word' id='word_1_286' title='bbox 768 2288 870 2345; x_wconf 86' lang='lat' dir='ltr'>Hic</span> <span class='ocrx_word' id='word_1_287' title='bbox 906 2288 1156 2362; x_wconf 88' lang='lat' dir='ltr'>profecto</span> <span class='ocrx_word' id='word_1_288' title='bbox 1204 2286 1350 2345; x_wconf 89' lang='lat' dir='ltr'>liber</span> <span class='ocrx_word' id='word_1_289' title='bbox 1393 2286 1492 2343; x_wconf 90' lang='lat' dir='ltr'>ille</span> <span class='ocrx_word' id='word_1_290' title='bbox 1530 2292 1633 2354; x_wconf 90' lang='lat' dir='ltr'>est,</span> <span class='ocrx_word' id='word_1_291' title='bbox 1661 2286 1731 2343; x_wconf 91' lang='lat' dir='ltr'>de</span> <span class='ocrx_word' id='word_1_292' title='bbox 1766 2301 1882 2358; x_wconf 92' lang='lat' dir='ltr'>quo</span> <span class='ocrx_word' id='word_1_293' title='bbox 1915 2286 2092 2344; x_wconf 87' lang='lat' dir='ltr'>Joan-</span> 
     </span>
    </p>
   </div>
   <div class='ocr_carea' id='block_1_40' title="bbox 384 2374 2091 2457">
    <p class='ocr_par' dir='ltr' id='par_1_40' title="bbox 384 2374 2091 2457">
     <span class='ocr_line' id='line_1_40' title="bbox 384 2374 2091 2457; baseline -0.003 -23"><span class='ocrx_word' id='word_1_294' title='bbox 384 2392 486 2434; x_wconf 89' lang='lat' dir='ltr'>nes</span> <span class='ocrx_word' id='word_1_295' title='bbox 514 2376 637 2457; x_wconf 46' lang='lat' dir='ltr'>ait.:</span> <span class='ocrx_word' id='word_1_296' title='bbox 680 2398 707 2430; x_wconf 84' lang='lat'>«</span> <span class='ocrx_word' id='word_1_297' title='bbox 747 2375 877 2434; x_wconf 91' lang='lat' dir='ltr'>Vidi</span> <span class='ocrx_word' id='word_1_298' title='bbox 910 2378 972 2433; x_wconf 89' lang='lat' dir='ltr'>in</span> <span class='ocrx_word' id='word_1_299' title='bbox 1012 2377 1248 2434; x_wconf 85' lang='lat' dir='ltr'>dextera</span> <span class='ocrx_word' id='word_1_300' title='bbox 1296 2374 1546 2431; x_wconf 89' lang='lat' dir='ltr'>sedentis</span> <span class='ocrx_word' id='word_1_301' title='bbox 1587 2391 1759 2447; x_wconf 83' lang='lat' dir='ltr'>supra</span> <span class='ocrx_word' id='word_1_302' title='bbox 1815 2374 2091 2430; x_wconf 85' lang='lat' dir='ltr'>thronum</span> 
     </span>
    </p>
   </div>
   <div class='ocr_carea' id='block_1_41' title="bbox 383 2461 2092 2538">
    <p class='ocr_par' dir='ltr' id='par_1_41' title="bbox 383 2461 2092 2538">
     <span class='ocr_line' id='line_1_41' title="bbox 383 2461 2092 2538; baseline -0.002 -17"><span class='ocrx_word' id='word_1_303' title='bbox 383 2464 601 2523; x_wconf 89' lang='lat' dir='ltr'>librum</span> <span class='ocrx_word' id='word_1_304' title='bbox 664 2465 937 2538; x_wconf 87' lang='lat' dir='ltr'>scriptum</span> <span class='ocrx_word' id='word_1_305' title='bbox 999 2464 1157 2520; x_wconf 88' lang='lat' dir='ltr'>intus</span> <span class='ocrx_word' id='word_1_306' title='bbox 1208 2470 1263 2519; x_wconf 80' lang='lat' dir='ltr'>et</span> <span class='ocrx_word' id='word_1_307' title='bbox 1316 2462 1473 2531; x_wconf 90' lang='lat' dir='ltr'>foris,</span> <span class='ocrx_word' id='word_1_308' title='bbox 1536 2462 1827 2535; x_wconf 88' lang='lat' dir='ltr'>signatum</span> <span class='ocrx_word' id='word_1_309' title='bbox 1885 2461 2092 2533; x_wconf 85' lang='lat' dir='ltr'>sigillis</span> 
     </span>
    </p>
   </div>
   <div class='ocr_carea' id='block_1_42' title="bbox 381 2551 2091 2631">
    <p class='ocr_par' dir='ltr' id='par_1_42' title="bbox 381 2551 2091 2631">
     <span class='ocr_line' id='line_1_42' title="bbox 381 2551 2091 2631; baseline -0.005 -15"><span class='ocrx_word' id='word_1_310' title='bbox 381 2564 593 2631; x_wconf 87' lang='lat' dir='ltr'>septem</span> <span class='ocrx_word' id='word_1_311' title='bbox 628 2560 817 2630; x_wconf 84' lang='lat' dir='ltr'>(Apoc.</span> <span class='ocrx_word' id='word_1_312' title='bbox 868 2559 940 2629; x_wconf 83' lang='lat' dir='ltr'>v).</span> <span class='ocrx_word' id='word_1_313' title='bbox 982 2582 1007 2604; x_wconf 81' lang='grc'><strong>››</strong></span> <span class='ocrx_word' id='word_1_314' title='bbox 1045 2554 1187 2624; x_wconf 63' lang='lat' dir='ltr'>Quae</span> <span class='ocrx_word' id='word_1_315' title='bbox 1228 2564 1363 2611; x_wconf 88' lang='lat' dir='ltr'>sunt</span> <span class='ocrx_word' id='word_1_316' title='bbox 1397 2563 1587 2611; x_wconf 86' lang='lat' dir='ltr'>autem</span> <span class='ocrx_word' id='word_1_317' title='bbox 1623 2552 1832 2624; x_wconf 87' lang='lat' dir='ltr'>sigilla,</span> <span class='ocrx_word' id='word_1_318' title='bbox 1876 2551 2091 2624; x_wconf 91' lang='lat' dir='ltr'>quibus</span> 
     </span>
    </p>
   </div>
   <div class='ocr_carea' id='block_1_43' title="bbox 384 2641 2089 2721">
    <p class='ocr_par' dir='ltr' id='par_1_43' title="bbox 384 2641 2089 2721">
     <span class='ocr_line' id='line_1_43' title="bbox 384 2641 2089 2721; baseline -0.005 -16"><span class='ocrx_word' id='word_1_319' title='bbox 384 2650 528 2706; x_wconf 89' lang='lat' dir='ltr'>liber</span> <span class='ocrx_word' id='word_1_320' title='bbox 583 2646 955 2721; x_wconf 85' lang='lat' dir='ltr'>evangelicus</span> <span class='ocrx_word' id='word_1_321' title='bbox 1004 2645 1343 2717; x_wconf 86' lang='lat' dir='ltr'>obsignatus</span> <span class='ocrx_word' id='word_1_322' title='bbox 1415 2642 1644 2712; x_wconf 90' lang='lat' dir='ltr'>dicitur,</span> <span class='ocrx_word' id='word_1_323' title='bbox 1702 2641 1818 2698; x_wconf 91' lang='lat' dir='ltr'>nisi</span> <span class='ocrx_word' id='word_1_324' title='bbox 1873 2647 2089 2713; x_wconf 81' lang='lat' dir='ltr'>septem</span> 
     </span>
    </p>
   </div>
   <div class='ocr_carea' id='block_1_44' title="bbox 382 2728 2090 2809">
    <p class='ocr_par' dir='ltr' id='par_1_44' title="bbox 382 2728 2090 2809">
     <span class='ocr_line' id='line_1_44' title="bbox 382 2728 2090 2809; baseline -0.005 -14"><span class='ocrx_word' id='word_1_325' title='bbox 382 2738 483 2795; x_wconf 89' lang='lat' dir='ltr'>illa</span> <span class='ocrx_word' id='word_1_326' title='bbox 524 2742 899 2806; x_wconf 90' lang='lat' dir='ltr'>sacramenta,</span> <span class='ocrx_word' id='word_1_327' title='bbox 930 2735 1146 2809; x_wconf 89' lang='lat' dir='ltr'>quibus</span> <span class='ocrx_word' id='word_1_328' title='bbox 1180 2733 1381 2805; x_wconf 87' lang='lat' dir='ltr'>utique</span> <span class='ocrx_word' id='word_1_329' title='bbox 1425 2739 1575 2789; x_wconf 89' lang='lat' dir='ltr'>totus</span> <span class='ocrx_word' id='word_1_330' title='bbox 1605 2730 1743 2788; x_wconf 89' lang='lat' dir='ltr'>ordo</span> <span class='ocrx_word' id='word_1_331' title='bbox 1773 2728 2090 2786; x_wconf 76' lang='lat' dir='ltr'>Dominicae</span> 
     </span>
    </p>
   </div>
   <div class='ocr_carea' id='block_1_45' title="bbox 382 2816 2086 2898">
    <p class='ocr_par' dir='ltr' id='par_1_45' title="bbox 382 2816 2086 2898">
     <span class='ocr_line' id='line_1_45' title="bbox 382 2816 2086 2898; baseline -0.006 -17"><span class='ocrx_word' id='word_1_332' title='bbox 382 2825 826 2898; x_wconf 74' lang='lat' dir='ltr'>dispensationis</span> <span class='ocrx_word' id='word_1_333' title='bbox 850 2823 1143 2896; x_wconf 89' lang='lat' dir='ltr'>impletur,</span> <span class='ocrx_word' id='word_1_334' title='bbox 1180 2821 1445 2878; x_wconf 89' lang='lat' dir='ltr'>videlicet</span> <span class='ocrx_word' id='word_1_335' title='bbox 1484 2817 1801 2875; x_wconf 86' lang='lat' dir='ltr'>incarnatio</span> <span class='ocrx_word' id='word_1_336' title='bbox 1835 2816 2086 2885; x_wconf 89' lang='lat' dir='ltr'>Domini,</span> 
     </span>
    </p>
   </div>
   <div class='ocr_carea' id='block_1_46' title="bbox 384 2905 2086 2986">
    <p class='ocr_par' dir='ltr' id='par_1_46' title="bbox 384 2905 2086 2986">
     <span class='ocr_line' id='line_1_46' title="bbox 384 2905 2086 2986; baseline -0.004 -16"><span class='ocrx_word' id='word_1_337' title='bbox 384 2914 670 2980; x_wconf 89' lang='lat' dir='ltr'>nativitas,</span> <span class='ocrx_word' id='word_1_338' title='bbox 738 2912 944 2986; x_wconf 82' lang='lat' dir='ltr'>passio,</span> <span class='ocrx_word' id='word_1_339' title='bbox 1023 2910 1383 2979; x_wconf 82' lang='lat' dir='ltr'>resurrectio,</span> <span class='ocrx_word' id='word_1_340' title='bbox 1434 2908 1502 2964; x_wconf 91' lang='lat' dir='ltr'>ad</span> <span class='ocrx_word' id='word_1_341' title='bbox 1567 2906 1741 2963; x_wconf 76' lang='lat' dir='ltr'>cmlos</span> <span class='ocrx_word' id='word_1_342' title='bbox 1808 2905 2086 2975; x_wconf 87' lang='lat' dir='ltr'>ascensio,</span> 
     </span>
    </p>
   </div>
   <div class='ocr_carea' id='block_1_47' title="bbox 382 2993 2088 3075">
    <p class='ocr_par' dir='ltr' id='par_1_47' title="bbox 382 2993 2088 3075">
     <span class='ocr_line' id='line_1_47' title="bbox 382 2993 2088 3075; baseline -0.005 -18"><span class='ocrx_word' id='word_1_343' title='bbox 382 3001 589 3059; x_wconf 88' lang='lat' dir='ltr'>deinde</span> <span class='ocrx_word' id='word_1_344' title='bbox 622 3002 932 3075; x_wconf 89' lang='lat' dir='ltr'>judicium,</span> <span class='ocrx_word' id='word_1_345' title='bbox 980 3006 1264 3072; x_wconf 89' lang='lat' dir='ltr'>postremo</span> <span class='ocrx_word' id='word_1_346' title='bbox 1309 2994 1600 3069; x_wconf 79' lang='lat' dir='ltr'>regnum?</span> <span class='ocrx_word' id='word_1_347' title='bbox 1628 2995 1733 3052; x_wconf 87' lang='lat' dir='ltr'>His</span> <span class='ocrx_word' id='word_1_348' title='bbox 1774 2997 1966 3066; x_wconf 86' lang='lat' dir='ltr'>itaque</span> <span class='ocrx_word' id='word_1_349' title='bbox 2008 2993 2088 3050; x_wconf 84' lang='lat' dir='ltr'>si-</span> 
     </span>
    </p>
   </div>
   <div class='ocr_carea' id='block_1_48' title="bbox 2179 1840 3821 1917">
    <p class='ocr_par' dir='ltr' id='par_1_48' title="bbox 2179 1840 3821 1917">
     <span class='ocr_line' id='line_1_48' title="bbox 2179 1840 3821 1917; baseline -0.005 -12"><span class='ocrx_word' id='word_1_350' title='bbox 2179 1848 2511 1914; x_wconf 86' lang='lat' dir='ltr'>devoverat,</span> <span class='ocrx_word' id='word_1_351' title='bbox 2541 1845 2853 1917; x_wconf 89' lang='lat' dir='ltr'>abjuravit.</span> <span class='ocrx_word' id='word_1_352' title='bbox 2906 1844 3001 1904; x_wconf 89' lang='lat' dir='ltr'>Sic</span> <span class='ocrx_word' id='word_1_353' title='bbox 3035 1845 3214 1917; x_wconf 82' lang='lat' dir='ltr'>igitur</span> <span class='ocrx_word' id='word_1_354' title='bbox 3240 1844 3512 1917; x_wconf 88' lang='lat' dir='ltr'>antiquus</span> <span class='ocrx_word' id='word_1_355' title='bbox 3551 1842 3723 1911; x_wconf 83' lang='lat' dir='ltr'>hostis,</span> <span class='ocrx_word' id='word_1_356' title='bbox 3745 1840 3821 1911; x_wconf 87' lang='lat' dir='ltr'>qui</span> 
     </span>
    </p>
   </div>
   <div class='ocr_carea' id='block_1_49' title="bbox 2176 1930 3821 2008">
    <p class='ocr_par' dir='ltr' id='par_1_49' title="bbox 2176 1930 3821 2008">
     <span class='ocr_line' id='line_1_49' title="bbox 2176 1930 3821 2008; baseline -0.002 -17"><span class='ocrx_word' id='word_1_357' title='bbox 2176 1937 2341 1993; x_wconf 88' lang='lat' dir='ltr'>virus</span> <span class='ocrx_word' id='word_1_358' title='bbox 2375 1951 2498 1993; x_wconf 62' lang='lat' dir='ltr'>sua)</span> <span class='ocrx_word' id='word_1_359' title='bbox 2533 1935 2773 1993; x_wconf 65' lang='lat' dir='ltr'>malitiae</span> <span class='ocrx_word' id='word_1_360' title='bbox 2801 1933 2956 1991; x_wconf 91' lang='lat' dir='ltr'>cordi</span> <span class='ocrx_word' id='word_1_361' title='bbox 2986 1933 3327 2008; x_wconf 79' lang='lat' dir='ltr'>presbyteri,</span> <span class='ocrx_word' id='word_1_362' title='bbox 3364 1940 3423 1991; x_wconf 91' lang='lat' dir='ltr'>ut</span> <span class='ocrx_word' id='word_1_363' title='bbox 3451 1935 3631 1989; x_wconf 89' lang='lat' dir='ltr'>contra</span> <span class='ocrx_word' id='word_1_364' title='bbox 3656 1930 3821 1987; x_wconf 80' lang='lat' dir='ltr'>verita-</span> 
     </span>
    </p>
   </div>
   <div class='ocr_carea' id='block_1_50' title="bbox 2181 2020 3822 2096">
    <p class='ocr_par' dir='ltr' id='par_1_50' title="bbox 2181 2020 3822 2096">
     <span class='ocr_line' id='line_1_50' title="bbox 2181 2020 3822 2096; baseline -0.004 -17"><span class='ocrx_word' id='word_1_365' title='bbox 2181 2028 2292 2080; x_wconf 89' lang='lat' dir='ltr'>tem</span> <span class='ocrx_word' id='word_1_366' title='bbox 2339 2023 2582 2096; x_wconf 85' lang='lat' dir='ltr'>juraret,</span> <span class='ocrx_word' id='word_1_367' title='bbox 2630 2021 2844 2081; x_wconf 89' lang='lat' dir='ltr'>infudit</span> <span class='ocrx_word' id='word_1_368' title='bbox 2878 2043 2891 2093; x_wconf 91' lang='lat'><strong>;</strong></span> <span class='ocrx_word' id='word_1_369' title='bbox 2931 2021 3134 2080; x_wconf 88' lang='lat' dir='ltr'>adesse</span> <span class='ocrx_word' id='word_1_370' title='bbox 3173 2038 3233 2079; x_wconf 90' lang='lat' dir='ltr'>se</span> <span class='ocrx_word' id='word_1_371' title='bbox 3266 2020 3404 2078; x_wconf 88' lang='lat' dir='ltr'>huic</span> <span class='ocrx_word' id='word_1_372' title='bbox 3440 2020 3822 2092; x_wconf 81' lang='lat' dir='ltr'>juramentoper</span> 
     </span>
    </p>
   </div>
   <div class='ocr_carea' id='block_1_51' title="bbox 2177 2102 3821 2171">
    <p class='ocr_par' dir='ltr' id='par_1_51' title="bbox 2177 2102 3821 2171">
     <span class='ocr_line' id='line_1_51' title="bbox 2177 2102 3821 2171; baseline -0.006 -3"><span class='ocrx_word' id='word_1_373' title='bbox 2177 2110 2526 2170; x_wconf 87' lang='lat' dir='ltr'>familiarem</span> <span class='ocrx_word' id='word_1_374' title='bbox 2552 2110 2661 2169; x_wconf 90' lang='lat' dir='ltr'>sibi</span> <span class='ocrx_word' id='word_1_375' title='bbox 2692 2110 2933 2171; x_wconf 88' lang='lat' dir='ltr'>bestiam</span> <span class='ocrx_word' id='word_1_376' title='bbox 2987 2111 3300 2169; x_wconf 89' lang='lat' dir='ltr'>visibiliter</span> <span class='ocrx_word' id='word_1_377' title='bbox 3347 2104 3740 2169; x_wconf 86' lang='lat' dir='ltr'>demonstravit.</span> <span class='ocrx_word' id='word_1_378' title='bbox 3766 2102 3821 2160; x_wconf 93' lang='lat' dir='ltr'>Il-</span> 
     </span>
    </p>
   </div>
   <div class='ocr_carea' id='block_1_52' title="bbox 2178 2196 3823 2274">
    <p class='ocr_par' dir='ltr' id='par_1_52' title="bbox 2178 2196 3823 2274">
     <span class='ocr_line' id='line_1_52' title="bbox 2178 2196 3823 2274; baseline -0.006 -18"><span class='ocrx_word' id='word_1_379' title='bbox 2178 2200 2362 2258; x_wconf 91' lang='lat' dir='ltr'>larum</span> <span class='ocrx_word' id='word_1_380' title='bbox 2423 2216 2659 2273; x_wconf 91' lang='lat' dir='ltr'>quoque</span> <span class='ocrx_word' id='word_1_381' title='bbox 2716 2208 2974 2273; x_wconf 90' lang='lat' dir='ltr'>patruus,</span> <span class='ocrx_word' id='word_1_382' title='bbox 3009 2199 3112 2274; x_wconf 91' lang='lat' dir='ltr'>qui</span> <span class='ocrx_word' id='word_1_383' title='bbox 3169 2216 3291 2258; x_wconf 88' lang='lat' dir='ltr'>rem</span> <span class='ocrx_word' id='word_1_384' title='bbox 3348 2198 3576 2269; x_wconf 82' lang='lat' dir='ltr'>quidem</span> <span class='ocrx_word' id='word_1_385' title='bbox 3622 2196 3823 2257; x_wconf 79' lang='lat' dir='ltr'>noverat,</span> 
     </span>
    </p>
   </div>
   <div class='ocr_carea' id='block_1_53' title="bbox 2178 2283 3825 2363">
    <p class='ocr_par' dir='ltr' id='par_1_53' title="bbox 2178 2283 3825 2363">
     <span class='ocr_line' id='line_1_53' title="bbox 2178 2283 3825 2363; baseline -0.009 -13"><span class='ocrx_word' id='word_1_386' title='bbox 2178 2290 2273 2350; x_wconf 88' lang='lat' dir='ltr'>sed</span> <span class='ocrx_word' id='word_1_387' title='bbox 2306 2306 2407 2363; x_wconf 90' lang='lat' dir='ltr'>pro</span> <span class='ocrx_word' id='word_1_388' title='bbox 2438 2293 2633 2348; x_wconf 88' lang='lat' dir='ltr'>favore</span> <span class='ocrx_word' id='word_1_389' title='bbox 2658 2291 2769 2348; x_wconf 85' lang='lat' dir='ltr'>viri</span> <span class='ocrx_word' id='word_1_390' title='bbox 2800 2291 3057 2349; x_wconf 88' lang='lat' dir='ltr'>veritatis</span> <span class='ocrx_word' id='word_1_391' title='bbox 3103 2290 3502 2349; x_wconf 89' lang='lat' dir='ltr'>testimonium</span> <span class='ocrx_word' id='word_1_392' title='bbox 3556 2283 3825 2357; x_wconf 85' lang='lat' dir='ltr'>supprime-</span> 
     </span>
    </p>
   </div>
   <div class='ocr_carea' id='block_1_54' title="bbox 2177 2369 3823 2456">
    <p class='ocr_par' dir='ltr' id='par_1_54' title="bbox 2177 2369 3823 2456">
     <span class='ocr_line' id='line_1_54' title="bbox 2177 2369 3823 2456; baseline -0.004 -20"><span class='ocrx_word' id='word_1_393' title='bbox 2177 2380 2292 2450; x_wconf 85' lang='lat' dir='ltr'>bat,</span> <span class='ocrx_word' id='word_1_394' title='bbox 2348 2395 2485 2439; x_wconf 81' lang='lat' dir='ltr'>mox</span> <span class='ocrx_word' id='word_1_395' title='bbox 2534 2388 2597 2441; x_wconf 90' lang='lat' dir='ltr'>ut</span> <span class='ocrx_word' id='word_1_396' title='bbox 2649 2398 2679 2439; x_wconf 91' lang='lat' dir='ltr'>a</span> <span class='ocrx_word' id='word_1_397' title='bbox 2728 2381 2951 2456; x_wconf 91' lang='lat' dir='ltr'>judicio</span> <span class='ocrx_word' id='word_1_398' title='bbox 3004 2382 3254 2451; x_wconf 87' lang='lat' dir='ltr'>recessit,</span> <span class='ocrx_word' id='word_1_399' title='bbox 3282 2378 3463 2439; x_wconf 89' lang='lat' dir='ltr'>simul</span> <span class='ocrx_word' id='word_1_400' title='bbox 3506 2391 3627 2437; x_wconf 88' lang='lat' dir='ltr'>cum</span> <span class='ocrx_word' id='word_1_401' title='bbox 3664 2388 3722 2431; x_wconf 85' lang='lat' dir='ltr'>eo</span> <span class='ocrx_word' id='word_1_402' title='bbox 3752 2369 3823 2427; x_wconf 86' lang='lat' dir='ltr'>cui</span> 
     </span>
    </p>
   </div>
   <div class='ocr_carea' id='block_1_55' title="bbox 2176 2458 3824 2544">
    <p class='ocr_par' dir='ltr' id='par_1_55' title="bbox 2176 2458 3824 2544">
     <span class='ocr_line' id='line_1_55' title="bbox 2176 2458 3824 2544; baseline -0.006 -20"><span class='ocrx_word' id='word_1_403' title='bbox 2176 2467 2461 2526; x_wconf 86' lang='lat' dir='ltr'>insidebat</span> <span class='ocrx_word' id='word_1_404' title='bbox 2509 2486 2658 2544; x_wconf 89' lang='lat' dir='ltr'>equo</span> <span class='ocrx_word' id='word_1_405' title='bbox 2704 2470 2767 2527; x_wconf 91' lang='lat' dir='ltr'>in</span> <span class='ocrx_word' id='word_1_406' title='bbox 2823 2471 3207 2544; x_wconf 64' lang='lat' dir='ltr'>praecipitium</span> <span class='ocrx_word' id='word_1_407' title='bbox 3261 2470 3506 2538; x_wconf 87' lang='lat' dir='ltr'>decidit;</span> <span class='ocrx_word' id='word_1_408' title='bbox 3552 2479 3705 2539; x_wconf 88' lang='lat' dir='ltr'>quem</span> <span class='ocrx_word' id='word_1_409' title='bbox 3743 2458 3824 2517; x_wconf 87' lang='lat' dir='ltr'>sibi</span> 
     </span>
    </p>
   </div>
   <div class='ocr_carea' id='block_1_56' title="bbox 2179 2551 3826 2632">
    <p class='ocr_par' dir='ltr' id='par_1_56' title="bbox 2179 2551 3826 2632">
     <span class='ocr_line' id='line_1_56' title="bbox 2179 2551 3826 2632; baseline -0.007 -19"><span class='ocrx_word' id='word_1_410' title='bbox 2179 2556 2529 2617; x_wconf 87' lang='lat' dir='ltr'>substratum</span> <span class='ocrx_word' id='word_1_411' title='bbox 2573 2558 2751 2617; x_wconf 89' lang='lat' dir='ltr'>bestia</span> <span class='ocrx_word' id='word_1_412' title='bbox 2796 2566 2908 2618; x_wconf 91' lang='lat' dir='ltr'>toto</span> <span class='ocrx_word' id='word_1_413' title='bbox 2951 2574 3185 2632; x_wconf 89' lang='lat' dir='ltr'>corpore</span> <span class='ocrx_word' id='word_1_414' title='bbox 3226 2575 3379 2632; x_wconf 88' lang='lat' dir='ltr'>pene</span> <span class='ocrx_word' id='word_1_415' title='bbox 3427 2570 3600 2629; x_wconf 89' lang='lat' dir='ltr'>usque</span> <span class='ocrx_word' id='word_1_416' title='bbox 3631 2551 3693 2609; x_wconf 89' lang='lat' dir='ltr'>ad</span> <span class='ocrx_word' id='word_1_417' title='bbox 3715 2561 3826 2605; x_wconf 84' lang='lat' dir='ltr'>mor-</span> 
     </span>
    </p>
   </div>
   <div class='ocr_carea' id='block_1_57' title="bbox 2181 2650 3828 2728">
    <p class='ocr_par' dir='ltr' id='par_1_57' title="bbox 2181 2650 3828 2728">
     <span class='ocr_line' id='line_1_57' title="bbox 2181 2650 3828 2728; baseline -0.004 -18"><span class='ocrx_word' id='word_1_418' title='bbox 2181 2660 2293 2711; x_wconf 91' lang='lat' dir='ltr'>tem</span> <span class='ocrx_word' id='word_1_419' title='bbox 2340 2654 2714 2712; x_wconf 90' lang='lat' dir='ltr'>vehementer</span> <span class='ocrx_word' id='word_1_420' title='bbox 2749 2654 2946 2724; x_wconf 89' lang='lat' dir='ltr'>allisit,</span> <span class='ocrx_word' id='word_1_421' title='bbox 2977 2664 3040 2713; x_wconf 91' lang='lat' dir='ltr'>ut</span> <span class='ocrx_word' id='word_1_422' title='bbox 3066 2655 3265 2713; x_wconf 88' lang='lat' dir='ltr'>divina</span> <span class='ocrx_word' id='word_1_423' title='bbox 3296 2652 3590 2728; x_wconf 86' lang='lat' dir='ltr'>dispositio</span> <span class='ocrx_word' id='word_1_424' title='bbox 3622 2650 3828 2722; x_wconf 68' lang='lat' dir='ltr'>patenter</span> 
     </span>
    </p>
   </div>
   <div class='ocr_carea' id='block_1_58' title="bbox 2176 2731 3826 2818">
    <p class='ocr_par' dir='ltr' id='par_1_58' title="bbox 2176 2731 3826 2818">
     <span class='ocr_line' id='line_1_58' title="bbox 2176 2731 3826 2818; baseline -0.008 -18"><span class='ocrx_word' id='word_1_425' title='bbox 2176 2741 2497 2801; x_wconf 91' lang='lat' dir='ltr'>ostenderet</span> <span class='ocrx_word' id='word_1_426' title='bbox 2557 2744 2693 2816; x_wconf 91' lang='lat' dir='ltr'>quia</span> <span class='ocrx_word' id='word_1_427' title='bbox 2752 2744 2857 2818; x_wconf 92' lang='lat' dir='ltr'>qui</span> <span class='ocrx_word' id='word_1_428' title='bbox 2917 2745 3233 2804; x_wconf 88' lang='lat' dir='ltr'>constantia</span> <span class='ocrx_word' id='word_1_429' title='bbox 3278 2745 3518 2818; x_wconf 88' lang='lat' dir='ltr'>spiritus</span> <span class='ocrx_word' id='word_1_430' title='bbox 3564 2753 3656 2814; x_wconf 89' lang='lat' dir='ltr'>pro</span> <span class='ocrx_word' id='word_1_431' title='bbox 3712 2731 3826 2790; x_wconf 81' lang='lat' dir='ltr'>veri-</span> 
     </span>
    </p>
   </div>
   <div class='ocr_carea' id='block_1_59' title="bbox 2178 2821 3830 2910">
    <p class='ocr_par' dir='ltr' id='par_1_59' title="bbox 2178 2821 3830 2910">
     <span class='ocr_line' id='line_1_59' title="bbox 2178 2821 3830 2910; baseline -0.005 -20"><span class='ocrx_word' id='word_1_432' title='bbox 2178 2841 2289 2891; x_wconf 90' lang='lat' dir='ltr'>tate</span> <span class='ocrx_word' id='word_1_433' title='bbox 2342 2840 2491 2890; x_wconf 90' lang='lat' dir='ltr'>stare</span> <span class='ocrx_word' id='word_1_434' title='bbox 2552 2834 2831 2906; x_wconf 89' lang='lat' dir='ltr'>noluerat,</span> <span class='ocrx_word' id='word_1_435' title='bbox 2888 2835 3058 2893; x_wconf 91' lang='lat' dir='ltr'>etiam</span> <span class='ocrx_word' id='word_1_436' title='bbox 3120 2851 3362 2910; x_wconf 86' lang='lat' dir='ltr'>corpore</span> <span class='ocrx_word' id='word_1_437' title='bbox 3426 2848 3536 2892; x_wconf 92' lang='lat' dir='ltr'>non</span> <span class='ocrx_word' id='word_1_438' title='bbox 3594 2821 3830 2888; x_wconf 84' lang='lat' dir='ltr'>immerito</span> 
     </span>
    </p>
   </div>
   <div class='ocr_carea' id='block_1_60' title="bbox 2174 2922 2492 2981">
    <p class='ocr_par' dir='ltr' id='par_1_60' title="bbox 2174 2922 2492 2981">
     <span class='ocr_line' id='line_1_60' title="bbox 2174 2922 2492 2981; baseline -0.006 0"><span class='ocrx_word' id='word_1_439' title='bbox 2174 2922 2492 2981; x_wconf 88' lang='lat' dir='ltr'>cecidisset.</span> 
     </span>
    </p>
   </div>
   <div class='ocr_carea' id='block_1_61' title="bbox 2247 2998 3830 3086">
    <p class='ocr_par' dir='ltr' id='par_1_61' title="bbox 2247 2998 3830 3086">
     <span class='ocr_line' id='line_1_61' title="bbox 2247 2998 3830 3086; baseline -0.008 -18"><span class='ocrx_word' id='word_1_440' title='bbox 2247 3009 2335 3068; x_wconf 92' lang='lat' dir='ltr'>Tu</span> <span class='ocrx_word' id='word_1_441' title='bbox 2393 3011 2606 3083; x_wconf 91' lang='lat' dir='ltr'>itaque,</span> <span class='ocrx_word' id='word_1_442' title='bbox 2647 3011 3037 3078; x_wconf 89' lang='lat' dir='ltr'>dilectissime,</span> <span class='ocrx_word' id='word_1_443' title='bbox 3084 3011 3201 3070; x_wconf 90' lang='lat' dir='ltr'>noli</span> <span class='ocrx_word' id='word_1_444' title='bbox 3262 3010 3623 3086; x_wconf 90' lang='lat' dir='ltr'>supprimere</span> <span class='ocrx_word' id='word_1_445' title='bbox 3664 2998 3830 3059; x_wconf 81' lang='lat' dir='ltr'>verita-</span> 
     </span>
    </p>
   </div>
   <div class='ocr_carea' id='block_1_62' title="bbox 380 3080 3831 3182">
    <p class='ocr_par' dir='ltr' id='par_1_62' title="bbox 380 3080 3831 3182">
     <span class='ocr_line' id='line_1_62' title="bbox 380 3080 3831 3182; baseline -0.005 -18"><span class='ocrx_word' id='word_1_446' title='bbox 380 3091 538 3164; x_wconf 66' lang='lat' dir='ltr'>giuis</span> <span class='ocrx_word' id='word_1_447' title='bbox 573 3092 719 3149; x_wconf 65' lang='lat' dir='ltr'>liber</span> <span class='ocrx_word' id='word_1_448' title='bbox 768 3091 1135 3163; x_wconf 67' lang='lat' dir='ltr'>eVangeliCUS</span> <span class='ocrx_word' id='word_1_449' title='bbox 1162 3091 1241 3148; x_wconf 61' lang='lat' dir='ltr'>ila</span> <span class='ocrx_word' id='word_1_450' title='bbox 1270 3090 1531 3159; x_wconf 64' lang='lat' dir='ltr'>Signams</span> <span class='ocrx_word' id='word_1_451' title='bbox 1555 3093 1659 3182; x_wconf 50' lang='lat' dir='ltr'>93F,</span> <span class='ocrx_word' id='word_1_452' title='bbox 1696 3092 1757 3143; x_wconf 68' lang='grc' dir='ltr'>υῖ</span> <span class='ocrx_word' id='word_1_453' title='bbox 1794 3080 1938 3138; x_wconf 72' lang='lat'>290</span> <span class='ocrx_word' id='word_1_454' title='bbox 1976 3084 2149 3182; x_wconf 68' lang='grc' dir='ltr'>Πίείο</span> <span class='ocrx_word' id='word_1_455' title='bbox 2177 3106 2312 3163; x_wconf 90' lang='lat' dir='ltr'>tem,</span> <span class='ocrx_word' id='word_1_456' title='bbox 2347 3098 2446 3156; x_wconf 90' lang='lat' dir='ltr'>sed</span> <span class='ocrx_word' id='word_1_457' title='bbox 2477 3080 2604 3157; x_wconf 89' lang='lat' dir='ltr'>eam</span> <span class='ocrx_word' id='word_1_458' title='bbox 2632 3100 2693 3157; x_wconf 91' lang='lat' dir='ltr'>in</span> <span class='ocrx_word' id='word_1_459' title='bbox 2728 3100 2889 3158; x_wconf 87' lang='lat' dir='ltr'>omni</span> <span class='ocrx_word' id='word_1_460' title='bbox 2929 3100 3155 3171; x_wconf 85' lang='lat' dir='ltr'>negotio</span> <span class='ocrx_word' id='word_1_461' title='bbox 3189 3106 3245 3157; x_wconf 88' lang='lat' dir='ltr'>et</span> <span class='ocrx_word' id='word_1_462' title='bbox 3280 3080 3674 3159; x_wconf 70' lang='lat' dir='ltr'>controversia,</span> <span class='ocrx_word' id='word_1_463' title='bbox 3701 3090 3831 3162; x_wconf 73' lang='lat' dir='ltr'>juxta</span> 
     </span>
    </p>
   </div>
   <div class='ocr_carea' id='block_1_63' title="bbox 383 3175 3835 3262">
    <p class='ocr_par' dir='ltr' id='par_1_63' title="bbox 383 3175 3835 3262">
     <span class='ocr_line' id='line_1_63' title="bbox 383 3175 3835 3262; baseline -0.005 -23"><span class='ocrx_word' id='word_1_464' title='bbox 383 3197 517 3239; x_wconf 88' lang='lat' dir='ltr'>eum</span> <span class='ocrx_word' id='word_1_465' title='bbox 542 3181 802 3238; x_wconf 82' lang='lat' dir='ltr'>Christus</span> <span class='ocrx_word' id='word_1_466' title='bbox 826 3180 1162 3253; x_wconf 86' lang='lat' dir='ltr'>aperuisset,</span> <span class='ocrx_word' id='word_1_467' title='bbox 1203 3178 1441 3237; x_wconf 87' lang='lat' dir='ltr'>cuilibet</span> <span class='ocrx_word' id='word_1_468' title='bbox 1472 3175 1711 3233; x_wconf 90' lang='lat' dir='ltr'>omnino</span> <span class='ocrx_word' id='word_1_469' title='bbox 1748 3181 1937 3246; x_wconf 86' lang='lat' dir='ltr'>patere</span> <span class='ocrx_word' id='word_1_470' title='bbox 1974 3187 2087 3262; x_wconf 72' lang='lat' dir='ltr'>rion</span> <span class='ocrx_word' id='word_1_471' title='bbox 2113 3175 2149 3182; x_wconf 76' lang='grc'><strong><em>“</em></strong></span> <span class='ocrx_word' id='word_1_472' title='bbox 2177 3195 2341 3245; x_wconf 70' lang='lat' dir='ltr'>tuum</span> <span class='ocrx_word' id='word_1_473' title='bbox 2386 3202 2568 3259; x_wconf 55' lang='lat' dir='ltr'>posse,</span> <span class='ocrx_word' id='word_1_474' title='bbox 2620 3189 2887 3246; x_wconf 55' lang='lat' dir='ltr'>defende.</span> <span class='ocrx_word' id='word_1_475' title='bbox 2934 3189 3229 3246; x_wconf 59' lang='lat' dir='ltr'>Christum</span> <span class='ocrx_word' id='word_1_476' title='bbox 3277 3188 3517 3262; x_wconf 55' lang='lat' dir='ltr'>quippe,</span> <span class='ocrx_word' id='word_1_477' title='bbox 3541 3183 3634 3259; x_wconf 64' lang='lat' dir='ltr'>qui</span> <span class='ocrx_word' id='word_1_478' title='bbox 3670 3176 3835 3237; x_wconf 59' lang='lat' dir='ltr'>veritas</span> 
     </span>
    </p>
   </div>
   <div class='ocr_carea' id='block_1_64' title="bbox 387 3260 2090 3342">
    <p class='ocr_par' dir='ltr' id='par_1_64' title="bbox 387 3260 2090 3342">
     <span class='ocr_line' id='line_1_64' title="bbox 387 3260 2090 3342; baseline -0.006 -15"><span class='ocrx_word' id='word_1_479' title='bbox 387 3277 588 3342; x_wconf 87' lang='lat' dir='ltr'>posset.</span> <span class='ocrx_word' id='word_1_480' title='bbox 628 3268 791 3326; x_wconf 86' lang='lat' dir='ltr'>Unde</span> <span class='ocrx_word' id='word_1_481' title='bbox 829 3269 1244 3341; x_wconf 83' lang='lat' dir='ltr'>subjungitur:</span> <span class='ocrx_word' id='word_1_482' title='bbox 1281 3287 1309 3319; x_wconf 85' lang='lat'><strong>«</strong></span> <span class='ocrx_word' id='word_1_483' title='bbox 1343 3265 1486 3323; x_wconf 89' lang='lat' dir='ltr'>Ecce</span> <span class='ocrx_word' id='word_1_484' title='bbox 1518 3264 1656 3321; x_wconf 87' lang='lat' dir='ltr'>vicit</span> <span class='ocrx_word' id='word_1_485' title='bbox 1693 3262 1781 3319; x_wconf 91' lang='lat' dir='ltr'>leo</span> <span class='ocrx_word' id='word_1_486' title='bbox 1821 3263 1892 3319; x_wconf 90' lang='lat' dir='ltr'>de</span> <span class='ocrx_word' id='word_1_487' title='bbox 1935 3260 2090 3319; x_wconf 89' lang='lat' dir='ltr'>tribu</span> 
     </span>
    </p>
   </div>
   <div class='ocr_carea' id='block_1_65' title="bbox 381 3352 2090 3430">
    <p class='ocr_par' dir='ltr' id='par_1_65' title="bbox 381 3352 2090 3430">
     <span class='ocr_line' id='line_1_65' title="bbox 381 3352 2090 3430; baseline -0.005 -13"><span class='ocrx_word' id='word_1_488' title='bbox 381 3359 411 3417; x_wconf 75' lang='grc' dir='ltr'>,Ι</span> <span class='ocrx_word' id='word_1_489' title='bbox 422 3358 552 3428; x_wconf 91' lang='lat' dir='ltr'>uda,</span> <span class='ocrx_word' id='word_1_490' title='bbox 578 3358 746 3415; x_wconf 85' lang='lat' dir='ltr'>radix</span> <span class='ocrx_word' id='word_1_491' title='bbox 772 3358 975 3428; x_wconf 90' lang='lat' dir='ltr'>David,</span> <span class='ocrx_word' id='word_1_492' title='bbox 1008 3358 1229 3430; x_wconf 89' lang='lat' dir='ltr'>aperire</span> <span class='ocrx_word' id='word_1_493' title='bbox 1268 3356 1497 3424; x_wconf 91' lang='lat' dir='ltr'>librum,</span> <span class='ocrx_word' id='word_1_494' title='bbox 1531 3361 1586 3411; x_wconf 92' lang='lat' dir='ltr'>et</span> <span class='ocrx_word' id='word_1_495' title='bbox 1615 3352 1836 3411; x_wconf 88' lang='lat' dir='ltr'>solvere</span> <span class='ocrx_word' id='word_1_496' title='bbox 1872 3358 2090 3424; x_wconf 88' lang='lat' dir='ltr'>septem</span> 
     </span>
    </p>
   </div>
   <div class='ocr_carea' id='block_1_66' title="bbox 384 3442 2087 3521">
    <p class='ocr_par' dir='ltr' id='par_1_66' title="bbox 384 3442 2087 3521">
     <span class='ocr_line' id='line_1_66' title="bbox 384 3442 2087 3521; baseline -0.004 -16"><span class='ocrx_word' id='word_1_497' title='bbox 384 3448 683 3521; x_wconf 78' lang='lat' dir='ltr'>signacula</span> <span class='ocrx_word' id='word_1_498' title='bbox 737 3448 865 3521; x_wconf 86' lang='lat' dir='ltr'>ejus</span> <span class='ocrx_word' id='word_1_499' title='bbox 919 3448 1136 3515; x_wconf 82' lang='lat' dir='ltr'>(1bid.).</span> <span class='ocrx_word' id='word_1_500' title='bbox 1201 3472 1227 3495; x_wconf 82' lang='lat'><strong>»</strong></span> <span class='ocrx_word' id='word_1_501' title='bbox 1291 3445 1573 3520; x_wconf 85' lang='lat' dir='ltr'>Quisquis</span> <span class='ocrx_word' id='word_1_502' title='bbox 1622 3458 1756 3515; x_wconf 82' lang='lat' dir='ltr'>ergo</span> <span class='ocrx_word' id='word_1_503' title='bbox 1814 3442 2087 3516; x_wconf 88' lang='lat' dir='ltr'>perjurat,</span> 
     </span>
    </p>
   </div>
   <div class='ocr_carea' id='block_1_67' title="bbox 383 3530 2093 3609">
    <p class='ocr_par' dir='ltr' id='par_1_67' title="bbox 383 3530 2093 3609">
     <span class='ocr_line' id='line_1_67' title="bbox 383 3530 2093 3609; baseline -0.005 -14"><span class='ocrx_word' id='word_1_504' title='bbox 383 3538 635 3595; x_wconf 89' lang='lat' dir='ltr'>studiose</span> <span class='ocrx_word' id='word_1_505' title='bbox 667 3536 1156 3609; x_wconf 87' lang='lat' dir='ltr'>perpendatquia,</span> <span class='ocrx_word' id='word_1_506' title='bbox 1186 3535 1297 3592; x_wconf 91' lang='lat' dir='ltr'>nisi</span> <span class='ocrx_word' id='word_1_507' title='bbox 1321 3534 1607 3607; x_wconf 76' lang='lat' dir='ltr'>preuitens</span> <span class='ocrx_word' id='word_1_508' title='bbox 1634 3530 1906 3589; x_wconf 85' lang='lat' dir='ltr'>canonice</span> <span class='ocrx_word' id='word_1_509' title='bbox 1934 3531 2093 3588; x_wconf 90' lang='lat' dir='ltr'>satis-</span> 
     </span>
    </p>
   </div>
   <div class='ocr_carea' id='block_1_68' title="bbox 383 3618 2092 3697">
    <p class='ocr_par' dir='ltr' id='par_1_68' title="bbox 383 3618 2092 3697">
     <span class='ocr_line' id='line_1_68' title="bbox 383 3618 2092 3697; baseline -0.004 -15"><span class='ocrx_word' id='word_1_510' title='bbox 383 3626 597 3695; x_wconf 87' lang='lat' dir='ltr'>fecerit,</span> <span class='ocrx_word' id='word_1_511' title='bbox 630 3625 705 3681; x_wconf 91' lang='lat' dir='ltr'>ita</span> <span class='ocrx_word' id='word_1_512' title='bbox 732 3624 841 3681; x_wconf 91' lang='lat' dir='ltr'>sibi</span> <span class='ocrx_word' id='word_1_513' title='bbox 871 3633 1088 3697; x_wconf 87' lang='lat' dir='ltr'>septem</span> <span class='ocrx_word' id='word_1_514' title='bbox 1121 3624 1311 3696; x_wconf 82' lang='lat' dir='ltr'>sigilla</span> <span class='ocrx_word' id='word_1_515' title='bbox 1352 3622 1700 3695; x_wconf 63' lang='lat' dir='ltr'>evangelica:</span> <span class='ocrx_word' id='word_1_516' title='bbox 1744 3618 2092 3676; x_wconf 87' lang='lat' dir='ltr'>narrationis</span> 
     </span>
    </p>
   </div>
   <div class='ocr_carea' id='block_1_69' title="bbox 383 3711 2093 3786">
    <p class='ocr_par' dir='ltr' id='par_1_69' title="bbox 383 3711 2093 3786">
     <span class='ocr_line' id='line_1_69' title="bbox 383 3711 2093 3786; baseline -0.006 -11"><span class='ocrx_word' id='word_1_517' title='bbox 383 3715 653 3786; x_wconf 89' lang='lat' dir='ltr'>occludit,</span> <span class='ocrx_word' id='word_1_518' title='bbox 685 3722 747 3772; x_wconf 91' lang='lat' dir='ltr'>ut</span> <span class='ocrx_word' id='word_1_519' title='bbox 780 3729 884 3773; x_wconf 92' lang='lat' dir='ltr'>nec</span> <span class='ocrx_word' id='word_1_520' title='bbox 911 3715 1233 3774; x_wconf 91' lang='lat' dir='ltr'>incarnatio</span> <span class='ocrx_word' id='word_1_521' title='bbox 1276 3714 1527 3782; x_wconf 90' lang='lat' dir='ltr'>Domini,</span> <span class='ocrx_word' id='word_1_522' title='bbox 1559 3727 1749 3785; x_wconf 89' lang='lat' dir='ltr'>neque</span> <span class='ocrx_word' id='word_1_523' title='bbox 1796 3711 2093 3781; x_wconf 84' lang='lat' dir='ltr'>nativitas,</span> 
     </span>
    </p>
   </div>
   <div class='ocr_carea' id='block_1_70' title="bbox 382 3798 2093 3878">
    <p class='ocr_par' dir='ltr' id='par_1_70' title="bbox 382 3798 2093 3878">
     <span class='ocr_line' id='line_1_70' title="bbox 382 3798 2093 3878; baseline -0.004 -16"><span class='ocrx_word' id='word_1_524' title='bbox 382 3820 575 3878; x_wconf 90' lang='lat' dir='ltr'>neque</span> <span class='ocrx_word' id='word_1_525' title='bbox 609 3804 815 3876; x_wconf 85' lang='lat' dir='ltr'>passio,</span> <span class='ocrx_word' id='word_1_526' title='bbox 846 3803 938 3860; x_wconf 88' lang='lat' dir='ltr'>vel</span> <span class='ocrx_word' id='word_1_527' title='bbox 968 3804 1336 3873; x_wconf 75' lang='lat' dir='ltr'>resurrectio,</span> <span class='ocrx_word' id='word_1_528' title='bbox 1366 3811 1466 3860; x_wconf 86' lang='lat' dir='ltr'>aut</span> <span class='ocrx_word' id='word_1_529' title='bbox 1494 3801 1770 3870; x_wconf 86' lang='lat' dir='ltr'>ascensio,</span> <span class='ocrx_word' id='word_1_530' title='bbox 1806 3798 2093 3871; x_wconf 89' lang='lat' dir='ltr'>judicium</span> 
     </span>
    </p>
   </div>
   <div class='ocr_carea' id='block_1_71' title="bbox 382 3887 2088 3968">
    <p class='ocr_par' dir='ltr' id='par_1_71' title="bbox 382 3887 2088 3968">
     <span class='ocr_line' id='line_1_71' title="bbox 382 3887 2088 3968; baseline -0.006 -16"><span class='ocrx_word' id='word_1_531' title='bbox 382 3908 634 3968; x_wconf 87' lang='lat' dir='ltr'>quoque,</span> <span class='ocrx_word' id='word_1_532' title='bbox 664 3892 755 3950; x_wconf 90' lang='lat' dir='ltr'>vel</span> <span class='ocrx_word' id='word_1_533' title='bbox 792 3908 1031 3964; x_wconf 82' lang='lat' dir='ltr'>regnum</span> <span class='ocrx_word' id='word_1_534' title='bbox 1052 3891 1164 3949; x_wconf 89' lang='lat' dir='ltr'>sibi</span> <span class='ocrx_word' id='word_1_535' title='bbox 1191 3892 1465 3962; x_wconf 85' lang='lat' dir='ltr'>prolicere</span> <span class='ocrx_word' id='word_1_536' title='bbox 1485 3890 1857 3962; x_wconf 84' lang='lat' dir='ltr'>aliquatenus</span> <span class='ocrx_word' id='word_1_537' title='bbox 1894 3887 2088 3957; x_wconf 88' lang='lat' dir='ltr'>possit.</span> 
     </span>
    </p>
   </div>
   <div class='ocr_carea' id='block_1_72' title="bbox 385 3975 2094 4051">
    <p class='ocr_par' dir='ltr' id='par_1_72' title="bbox 385 3975 2094 4051">
     <span class='ocr_line' id='line_1_72' title="bbox 385 3975 2094 4051; baseline -0.004 -11"><span class='ocrx_word' id='word_1_538' title='bbox 385 3980 594 4040; x_wconf 90' lang='lat' dir='ltr'>Omnia</span> <span class='ocrx_word' id='word_1_539' title='bbox 628 3981 845 4040; x_wconf 86' lang='lat' dir='ltr'>scilicet</span> <span class='ocrx_word' id='word_1_540' title='bbox 879 3981 997 4037; x_wconf 74' lang='lat' dir='ltr'>hrec</span> <span class='ocrx_word' id='word_1_541' title='bbox 1026 3996 1059 4037; x_wconf 89' lang='lat' dir='ltr'>a</span> <span class='ocrx_word' id='word_1_542' title='bbox 1087 3995 1147 4037; x_wconf 90' lang='lat' dir='ltr'>se</span> <span class='ocrx_word' id='word_1_543' title='bbox 1179 3977 1377 4051; x_wconf 92' lang='lat' dir='ltr'>procul</span> <span class='ocrx_word' id='word_1_544' title='bbox 1401 3978 1595 4050; x_wconf 88' lang='lat' dir='ltr'>abjicit</span> <span class='ocrx_word' id='word_1_545' title='bbox 1623 3984 1677 4033; x_wconf 91' lang='lat' dir='ltr'>et</span> <span class='ocrx_word' id='word_1_546' title='bbox 1709 3975 2094 4048; x_wconf 78' lang='lat' dir='ltr'>quantum~ad</span> 
     </span>
    </p>
   </div>
   <div class='ocr_carea' id='block_1_73' title="bbox 383 4064 2095 4141">
    <p class='ocr_par' dir='ltr' id='par_1_73' title="bbox 383 4064 2095 4141">
     <span class='ocr_line' id='line_1_73' title="bbox 383 4064 2095 4141; baseline -0.004 -13"><span class='ocrx_word' id='word_1_547' title='bbox 383 4087 443 4128; x_wconf 90' lang='lat' dir='ltr'>se</span> <span class='ocrx_word' id='word_1_548' title='bbox 488 4071 547 4127; x_wconf 90' lang='lat' dir='ltr'>in</span> <span class='ocrx_word' id='word_1_549' title='bbox 580 4070 834 4128; x_wconf 88' lang='lat' dir='ltr'>nihilum</span> <span class='ocrx_word' id='word_1_550' title='bbox 875 4068 1082 4141; x_wconf 86' lang='lat' dir='ltr'>redigit</span> <span class='ocrx_word' id='word_1_551' title='bbox 1128 4066 1250 4140; x_wconf 90' lang='lat' dir='ltr'>qui,</span> <span class='ocrx_word' id='word_1_552' title='bbox 1281 4068 1424 4125; x_wconf 89' lang='lat' dir='ltr'>dum</span> <span class='ocrx_word' id='word_1_553' title='bbox 1461 4064 1872 4139; x_wconf 75' lang='lat' dir='ltr'>jusjurandum</span> <span class='ocrx_word' id='word_1_554' title='bbox 1920 4065 2095 4122; x_wconf 90' lang='lat' dir='ltr'>violat</span> 
     </span>
    </p>
   </div>
   <div class='ocr_carea' id='block_1_74' title="bbox 384 4152 2093 4230">
    <p class='ocr_par' dir='ltr' id='par_1_74' title="bbox 384 4152 2093 4230">
     <span class='ocr_line' id='line_1_74' title="bbox 384 4152 2093 4230; baseline -0.003 -14"><span class='ocrx_word' id='word_1_555' title='bbox 384 4175 517 4216; x_wconf 91' lang='lat' dir='ltr'>cum</span> <span class='ocrx_word' id='word_1_556' title='bbox 567 4157 855 4230; x_wconf 90' lang='lat' dir='ltr'>adjutorio</span> <span class='ocrx_word' id='word_1_557' title='bbox 908 4156 1232 4226; x_wconf 85' lang='lat' dir='ltr'>Evangelii,</span> <span class='ocrx_word' id='word_1_558' title='bbox 1286 4155 1654 4213; x_wconf 88' lang='lat' dir='ltr'>abrenuntiat</span> <span class='ocrx_word' id='word_1_559' title='bbox 1708 4152 2093 4213; x_wconf 87' lang='lat' dir='ltr'>nihilominus</span> 
     </span>
    </p>
   </div>
   <div class='ocr_carea' id='block_1_75' title="bbox 390 4244 964 4302">
    <p class='ocr_par' dir='ltr' id='par_1_75' title="bbox 390 4244 964 4302">
     <span class='ocr_line' id='line_1_75' title="bbox 390 4244 964 4302; baseline 0.003 -2"><span class='ocrx_word' id='word_1_560' title='bbox 390 4244 562 4301; x_wconf 87' lang='lat' dir='ltr'>etiam</span> <span class='ocrx_word' id='word_1_561' title='bbox 592 4244 816 4302; x_wconf 81' lang='lat' dir='ltr'>auxilio</span> <span class='ocrx_word' id='word_1_562' title='bbox 843 4244 964 4302; x_wconf 90' lang='lat' dir='ltr'>Dei.</span> 
     </span>
    </p>
   </div>
   <div class='ocr_carea' id='block_1_76' title="bbox 458 4332 2095 4406">
    <p class='ocr_par' dir='ltr' id='par_1_76' title="bbox 458 4332 2095 4406">
     <span class='ocr_line' id='line_1_76' title="bbox 458 4332 2095 4406; baseline 0.002 -16"><span class='ocrx_word' id='word_1_563' title='bbox 458 4332 631 4390; x_wconf 82' lang='lat' dir='ltr'>Plane</span> <span class='ocrx_word' id='word_1_564' title='bbox 681 4348 791 4391; x_wconf 92' lang='lat' dir='ltr'>non</span> <span class='ocrx_word' id='word_1_565' title='bbox 837 4332 1086 4391; x_wconf 89' lang='lat' dir='ltr'>otiosum</span> <span class='ocrx_word' id='word_1_566' title='bbox 1123 4332 1434 4402; x_wconf 88' lang='lat' dir='ltr'>credimus,</span> <span class='ocrx_word' id='word_1_567' title='bbox 1473 4334 1519 4391; x_wconf 91' lang='lat' dir='ltr'>si</span> <span class='ocrx_word' id='word_1_568' title='bbox 1566 4334 1721 4406; x_wconf 92' lang='lat' dir='ltr'>quod</span> <span class='ocrx_word' id='word_1_569' title='bbox 1772 4334 2095 4393; x_wconf 83' lang='lat' dir='ltr'>Richardus</span> 
     </span>
    </p>
   </div>
   <div class='ocr_carea' id='block_1_77' title="bbox 383 4423 2089 4496">
    <p class='ocr_par' dir='ltr' id='par_1_77' title="bbox 383 4423 2089 4496">
     <span class='ocr_line' id='line_1_77' title="bbox 383 4423 2089 4496; baseline 0 -14"><span class='ocrx_word' id='word_1_570' title='bbox 383 4424 565 4482; x_wconf 87' lang='lat' dir='ltr'>nostri</span> <span class='ocrx_word' id='word_1_571' title='bbox 604 4423 932 4481; x_wconf 88' lang='lat' dir='ltr'>monasterii</span> <span class='ocrx_word' id='word_1_572' title='bbox 976 4423 1150 4496; x_wconf 89' lang='lat' dir='ltr'>prior,</span> <span class='ocrx_word' id='word_1_573' title='bbox 1202 4423 1292 4480; x_wconf 89' lang='lat' dir='ltr'>vir</span> <span class='ocrx_word' id='word_1_574' title='bbox 1329 4423 1592 4481; x_wconf 88' lang='lat' dir='ltr'>videlicet</span> <span class='ocrx_word' id='word_1_575' title='bbox 1628 4424 1886 4481; x_wconf 68' lang='lat' dir='ltr'>honestas</span> <span class='ocrx_word' id='word_1_576' title='bbox 1936 4425 2089 4493; x_wconf 69' lang='lat' dir='ltr'>vitae,</span> 
     </span>
    </p>
   </div>
   <div class='ocr_carea' id='block_1_78' title="bbox 383 4512 2086 4586">
    <p class='ocr_par' dir='ltr' id='par_1_78' title="bbox 383 4512 2086 4586">
     <span class='ocr_line' id='line_1_78' title="bbox 383 4512 2086 4586; baseline -0.002 -11"><span class='ocrx_word' id='word_1_577' title='bbox 383 4516 553 4575; x_wconf 91' lang='lat' dir='ltr'>nobis</span> <span class='ocrx_word' id='word_1_578' title='bbox 580 4515 845 4573; x_wconf 90' lang='lat' dir='ltr'>hesterno</span> <span class='ocrx_word' id='word_1_579' title='bbox 873 4514 968 4571; x_wconf 89' lang='lat' dir='ltr'>die</span> <span class='ocrx_word' id='word_1_580' title='bbox 997 4514 1273 4584; x_wconf 88' lang='lat' dir='ltr'>retulerit,</span> <span class='ocrx_word' id='word_1_581' title='bbox 1321 4522 1652 4572; x_wconf 80' lang='lat' dir='ltr'>attexamus</span> <span class='ocrx_word' id='word_1_582' title='bbox 1684 4533 1694 4570; x_wconf 91' lang='lat'>:</span> <span class='ocrx_word' id='word_1_583' title='bbox 1729 4512 1848 4583; x_wconf 82' lang='lat' dir='ltr'>Vir,</span> <span class='ocrx_word' id='word_1_584' title='bbox 1876 4515 2086 4586; x_wconf 89' lang='lat' dir='ltr'>inquit,</span> 
     </span>
    </p>
   </div>
   <div class='ocr_carea' id='block_1_79' title="bbox 384 4604 2088 4680">
    <p class='ocr_par' dir='ltr' id='par_1_79' title="bbox 384 4604 2088 4680">
     <span class='ocr_line' id='line_1_79' title="bbox 384 4604 2088 4680; baseline -0.002 -15"><span class='ocrx_word' id='word_1_585' title='bbox 384 4609 440 4665; x_wconf 90' lang='lat' dir='ltr'>in</span> <span class='ocrx_word' id='word_1_586' title='bbox 487 4607 766 4665; x_wconf 90' lang='lat' dir='ltr'>Perusino</span> <span class='ocrx_word' id='word_1_587' title='bbox 808 4606 1092 4665; x_wconf 88' lang='lat' dir='ltr'>territorio</span> <span class='ocrx_word' id='word_1_588' title='bbox 1124 4621 1310 4680; x_wconf 87' lang='lat' dir='ltr'>nuper</span> <span class='ocrx_word' id='word_1_589' title='bbox 1336 4605 1403 4663; x_wconf 91' lang='lat' dir='ltr'>ad</span> <span class='ocrx_word' id='word_1_590' title='bbox 1451 4612 1706 4662; x_wconf 84' lang='lat' dir='ltr'>extrema</span> <span class='ocrx_word' id='word_1_591' title='bbox 1740 4604 2088 4673; x_wconf 39' lang='lat' dir='ltr'>.deveniens,</span> 
     </span>
    </p>
   </div>
   <div class='ocr_carea' id='block_1_80' title="bbox 382 4693 2089 4767">
    <p class='ocr_par' dir='ltr' id='par_1_80' title="bbox 382 4693 2089 4767">
     <span class='ocr_line' id='line_1_80' title="bbox 382 4693 2089 4767; baseline -0.001 -16"><span class='ocrx_word' id='word_1_592' title='bbox 382 4694 612 4754; x_wconf 90' lang='lat' dir='ltr'>duobus</span> <span class='ocrx_word' id='word_1_593' title='bbox 638 4695 833 4754; x_wconf 89' lang='lat' dir='ltr'>liberis</span> <span class='ocrx_word' id='word_1_594' title='bbox 870 4695 992 4753; x_wconf 90' lang='lat' dir='ltr'>suis</span> <span class='ocrx_word' id='word_1_595' title='bbox 1024 4694 1372 4766; x_wconf 89' lang='lat' dir='ltr'>totidemque</span> <span class='ocrx_word' id='word_1_596' title='bbox 1404 4693 1639 4751; x_wconf 82' lang='lat' dir='ltr'>filiabus</span> <span class='ocrx_word' id='word_1_597' title='bbox 1681 4694 2089 4767; x_wconf 89' lang='lat' dir='ltr'>patrimonium</span> 
     </span>
    </p>
   </div>
   <div class='ocr_carea' id='block_1_81' title="bbox 384 4782 2091 4858">
    <p class='ocr_par' dir='ltr' id='par_1_81' title="bbox 384 4782 2091 4858">
     <span class='ocr_line' id='line_1_81' title="bbox 384 4782 2091 4858; baseline -0.002 -17"><span class='ocrx_word' id='word_1_598' title='bbox 384 4799 557 4841; x_wconf 92' lang='lat' dir='ltr'>suum</span> <span class='ocrx_word' id='word_1_599' title='bbox 601 4786 964 4858; x_wconf 87' lang='lat' dir='ltr'>proportione</span> <span class='ocrx_word' id='word_1_600' title='bbox 1017 4783 1242 4853; x_wconf 84' lang='lat' dir='ltr'>legavit.</span> <span class='ocrx_word' id='word_1_601' title='bbox 1285 4790 1351 4840; x_wconf 89' lang='lat' dir='ltr'>ut</span> <span class='ocrx_word' id='word_1_602' title='bbox 1391 4782 1743 4839; x_wconf 59' lang='lat' dir='ltr'>erciscundm</span> <span class='ocrx_word' id='word_1_603' title='bbox 1789 4782 2091 4839; x_wconf 65' lang='lat' dir='ltr'>haeredita-</span> 
     </span>
    </p>
   </div>
   <div class='ocr_carea' id='block_1_82' title="bbox 383 4870 2092 4945">
    <p class='ocr_par' dir='ltr' id='par_1_82' title="bbox 383 4870 2092 4945">
     <span class='ocr_line' id='line_1_82' title="bbox 383 4870 2092 4945; baseline 0.001 -19"><span class='ocrx_word' id='word_1_604' title='bbox 383 4871 455 4927; x_wconf 91' lang='lat' dir='ltr'>tis</span> <span class='ocrx_word' id='word_1_605' title='bbox 508 4870 764 4929; x_wconf 91' lang='lat' dir='ltr'>maribus</span> <span class='ocrx_word' id='word_1_606' title='bbox 810 4871 1048 4945; x_wconf 88' lang='lat' dir='ltr'>quidem</span> <span class='ocrx_word' id='word_1_607' title='bbox 1100 4870 1451 4944; x_wconf 85' lang='lat' dir='ltr'>relinqueret</span> <span class='ocrx_word' id='word_1_608' title='bbox 1496 4871 1755 4941; x_wconf 83' lang='lat' dir='ltr'>bessem;</span> <span class='ocrx_word' id='word_1_609' title='bbox 1804 4871 2092 4928; x_wconf 89' lang='lat' dir='ltr'>femineus</span> 
     </span>
    </p>
   </div>
   <div class='ocr_carea' id='block_1_83' title="bbox 383 4959 2088 5033">
    <p class='ocr_par' dir='ltr' id='par_1_83' title="bbox 383 4959 2088 5033">
     <span class='ocr_line' id='line_1_83' title="bbox 383 4959 2088 5033; baseline -0.001 -14"><span class='ocrx_word' id='word_1_610' title='bbox 383 4976 520 5019; x_wconf 89' lang='lat' dir='ltr'>vero</span> <span class='ocrx_word' id='word_1_611' title='bbox 567 4976 748 5019; x_wconf 83' lang='lat' dir='ltr'>sexus</span> <span class='ocrx_word' id='word_1_612' title='bbox 793 4960 1121 5019; x_wconf 84' lang='lat' dir='ltr'>succederet</span> <span class='ocrx_word' id='word_1_613' title='bbox 1160 4959 1219 5017; x_wconf 89' lang='lat' dir='ltr'>in</span> <span class='ocrx_word' id='word_1_614' title='bbox 1277 4959 1563 5017; x_wconf 83' lang='lat' dir='ltr'>trientem.</span> <span class='ocrx_word' id='word_1_615' title='bbox 1600 4959 1727 5017; x_wconf 87' lang='lat' dir='ltr'>Post</span> <span class='ocrx_word' id='word_1_616' title='bbox 1775 4962 1943 5033; x_wconf 90' lang='lat' dir='ltr'>cujus</span> <span class='ocrx_word' id='word_1_617' title='bbox 1985 4960 2088 5018; x_wconf 91' lang='lat' dir='ltr'>ob-</span> 
     </span>
    </p>
   </div>
   <div class='ocr_carea' id='block_1_84' title="bbox 382 5047 2089 5124">
    <p class='ocr_par' dir='ltr' id='par_1_84' title="bbox 382 5047 2089 5124">
     <span class='ocr_line' id='line_1_84' title="bbox 382 5047 2089 5124; baseline -0.002 -15"><span class='ocrx_word' id='word_1_618' title='bbox 382 5052 531 5110; x_wconf 90' lang='lat' dir='ltr'>itum</span> <span class='ocrx_word' id='word_1_619' title='bbox 564 5065 722 5108; x_wconf 92' lang='lat' dir='ltr'>unus</span> <span class='ocrx_word' id='word_1_620' title='bbox 749 5065 977 5124; x_wconf 89' lang='lat' dir='ltr'>quoque</span> <span class='ocrx_word' id='word_1_621' title='bbox 1004 5047 1260 5107; x_wconf 86' lang='lat' dir='ltr'>filiorum</span> <span class='ocrx_word' id='word_1_622' title='bbox 1279 5047 1406 5121; x_wconf 86' lang='lat' dir='ltr'>ejus</span> <span class='ocrx_word' id='word_1_623' title='bbox 1423 5048 1735 5107; x_wconf 83' lang='lat' dir='ltr'>delunctus</span> <span class='ocrx_word' id='word_1_624' title='bbox 1753 5057 1867 5117; x_wconf 90' lang='lat' dir='ltr'>est;</span> <span class='ocrx_word' id='word_1_625' title='bbox 1894 5064 2089 5121; x_wconf 88' lang='lat' dir='ltr'>super-</span> 
     </span>
    </p>
   </div>
   <div class='ocr_carea' id='block_1_85' title="bbox 384 5138 2087 5213">
    <p class='ocr_par' dir='ltr' id='par_1_85' title="bbox 384 5138 2087 5213">
     <span class='ocr_line' id='line_1_85' title="bbox 384 5138 2087 5213; baseline -0.004 -11"><span class='ocrx_word' id='word_1_626' title='bbox 384 5152 498 5203; x_wconf 87' lang='lat' dir='ltr'>stes</span> <span class='ocrx_word' id='word_1_627' title='bbox 531 5156 670 5201; x_wconf 82' lang='lat' dir='ltr'>vero</span> <span class='ocrx_word' id='word_1_628' title='bbox 707 5142 877 5199; x_wconf 88' lang='lat' dir='ltr'>frater</span> <span class='ocrx_word' id='word_1_629' title='bbox 907 5156 1115 5212; x_wconf 91' lang='lat' dir='ltr'>parum</span> <span class='ocrx_word' id='word_1_630' title='bbox 1151 5147 1361 5213; x_wconf 89' lang='lat' dir='ltr'>putans</span> <span class='ocrx_word' id='word_1_631' title='bbox 1390 5139 1526 5212; x_wconf 87' lang='lat' dir='ltr'>quia</span> <span class='ocrx_word' id='word_1_632' title='bbox 1556 5156 1646 5196; x_wconf 87' lang='lat' dir='ltr'>res</span> <span class='ocrx_word' id='word_1_633' title='bbox 1675 5138 1931 5197; x_wconf 89' lang='lat' dir='ltr'>defuncti</span> <span class='ocrx_word' id='word_1_634' title='bbox 1975 5140 2087 5196; x_wconf 89' lang='lat' dir='ltr'>fra-</span> 
     </span>
    </p>
   </div>
   <div class='ocr_carea' id='block_1_86' title="bbox 383 5228 2086 5299">
    <p class='ocr_par' dir='ltr' id='par_1_86' title="bbox 383 5228 2086 5299">
     <span class='ocr_line' id='line_1_86' title="bbox 383 5228 2086 5299; baseline -0.001 -11"><span class='ocrx_word' id='word_1_635' title='bbox 383 5234 486 5290; x_wconf 88' lang='lat' dir='ltr'>tris</span> <span class='ocrx_word' id='word_1_636' title='bbox 541 5248 673 5291; x_wconf 91' lang='lat' dir='ltr'>cum</span> <span class='ocrx_word' id='word_1_637' title='bbox 730 5229 1022 5289; x_wconf 84' lang='lat' dir='ltr'>sororibus</span> <span class='ocrx_word' id='word_1_638' title='bbox 1073 5245 1192 5287; x_wconf 88' lang='lat' dir='ltr'>non</span> <span class='ocrx_word' id='word_1_639' title='bbox 1247 5228 1462 5294; x_wconf 86' lang='lat' dir='ltr'>divisit,</span> <span class='ocrx_word' id='word_1_640' title='bbox 1515 5229 1635 5299; x_wconf 90' lang='lat' dir='ltr'>sed,</span> <span class='ocrx_word' id='word_1_641' title='bbox 1668 5235 1731 5286; x_wconf 92' lang='lat' dir='ltr'>ut</span> <span class='ocrx_word' id='word_1_642' title='bbox 1774 5228 1831 5286; x_wconf 93' lang='lat' dir='ltr'>in</span> <span class='ocrx_word' id='word_1_643' title='bbox 1886 5244 2086 5286; x_wconf 89' lang='lat' dir='ltr'>earum</span> 
     </span>
    </p>
   </div>
   <div class='ocr_carea' id='block_1_87' title="bbox 384 5316 2087 5393">
    <p class='ocr_par' dir='ltr' id='par_1_87' title="bbox 384 5316 2087 5393">
     <span class='ocr_line' id='line_1_87' title="bbox 384 5316 2087 5393; baseline -0.001 -17"><span class='ocrx_word' id='word_1_644' title='bbox 384 5334 617 5393; x_wconf 90' lang='lat' dir='ltr'>quoque</span> <span class='ocrx_word' id='word_1_645' title='bbox 664 5317 1089 5393; x_wconf 85' lang='lat' dir='ltr'>portiunculam</span> <span class='ocrx_word' id='word_1_646' title='bbox 1125 5316 1529 5375; x_wconf 69' lang='lat' dir='ltr'>rontroversize</span> <span class='ocrx_word' id='word_1_647' title='bbox 1565 5316 1917 5375; x_wconf 85' lang='lat' dir='ltr'>calumniam</span> <span class='ocrx_word' id='word_1_648' title='bbox 1962 5333 2087 5375; x_wconf 86' lang='lat' dir='ltr'>mo-</span> 
     </span>
    </p>
   </div>
   <div class='ocr_carea' id='block_1_88' title="bbox 382 5405 2085 5481">
    <p class='ocr_par' dir='ltr' id='par_1_88' title="bbox 382 5405 2085 5481">
     <span class='ocr_line' id='line_1_88' title="bbox 382 5405 2085 5481; baseline 0.001 -20"><span class='ocrx_word' id='word_1_649' title='bbox 382 5416 562 5476; x_wconf 88' lang='lat' dir='ltr'>veret,</span> <span class='ocrx_word' id='word_1_650' title='bbox 613 5408 835 5481; x_wconf 88' lang='lat' dir='ltr'>adjecit.</span> <span class='ocrx_word' id='word_1_651' title='bbox 868 5407 1093 5476; x_wconf 90' lang='lat' dir='ltr'>Quanto</span> <span class='ocrx_word' id='word_1_652' title='bbox 1137 5406 1417 5463; x_wconf 89' lang='lat' dir='ltr'>nimirum</span> <span class='ocrx_word' id='word_1_653' title='bbox 1463 5411 1548 5462; x_wconf 91' lang='lat' dir='ltr'>est</span> <span class='ocrx_word' id='word_1_654' title='bbox 1583 5410 1752 5463; x_wconf 88' lang='lat' dir='ltr'>aucta</span> <span class='ocrx_word' id='word_1_655' title='bbox 1784 5405 2085 5478; x_wconf 90' lang='lat' dir='ltr'>possessio,</span> 
     </span>
    </p>
   </div>
   <div class='ocr_carea' id='block_1_89' title="bbox 384 5493 2086 5569">
    <p class='ocr_par' dir='ltr' id='par_1_89' title="bbox 384 5493 2086 5569">
     <span class='ocr_line' id='line_1_89' title="bbox 384 5493 2086 5569; baseline 0 -18"><span class='ocrx_word' id='word_1_656' title='bbox 384 5502 542 5553; x_wconf 91' lang='lat' dir='ltr'>tanto</span> <span class='ocrx_word' id='word_1_657' title='bbox 570 5498 755 5568; x_wconf 86' lang='lat' dir='ltr'>magis</span> <span class='ocrx_word' id='word_1_658' title='bbox 785 5501 869 5554; x_wconf 91' lang='lat' dir='ltr'>est</span> <span class='ocrx_word' id='word_1_659' title='bbox 893 5494 1235 5569; x_wconf 87' lang='lat' dir='ltr'>possidentis</span> <span class='ocrx_word' id='word_1_660' title='bbox 1278 5494 1629 5553; x_wconf 87' lang='lat' dir='ltr'>inﬂammata</span> <span class='ocrx_word' id='word_1_661' title='bbox 1678 5494 1907 5567; x_wconf 89' lang='lat' dir='ltr'>cupido.</span> <span class='ocrx_word' id='word_1_662' title='bbox 1937 5493 2086 5563; x_wconf 89' lang='lat' dir='ltr'>Quid</span> 
     </span>
    </p>
   </div>
   <div class='ocr_carea' id='block_1_90' title="bbox 384 5582 2084 5661">
    <p class='ocr_par' dir='ltr' id='par_1_90' title="bbox 384 5582 2084 5661">
     <span class='ocr_line' id='line_1_90' title="bbox 384 5582 2084 5661; baseline 0 -19"><span class='ocrx_word' id='word_1_663' title='bbox 384 5585 593 5661; x_wconf 76' lang='lat' dir='ltr'>plura?</span> <span class='ocrx_word' id='word_1_664' title='bbox 626 5584 717 5642; x_wconf 91' lang='lat' dir='ltr'>Fit</span> <span class='ocrx_word' id='word_1_665' title='bbox 750 5584 978 5643; x_wconf 82' lang='lat' dir='ltr'>forense</span> <span class='ocrx_word' id='word_1_666' title='bbox 998 5584 1309 5658; x_wconf 87' lang='lat' dir='ltr'>judicium,</span> <span class='ocrx_word' id='word_1_667' title='bbox 1337 5583 1697 5645; x_wconf 86' lang='lat' dir='ltr'>diversarum</span> <span class='ocrx_word' id='word_1_668' title='bbox 1720 5583 1966 5656; x_wconf 86' lang='lat' dir='ltr'>partium</span> <span class='ocrx_word' id='word_1_669' title='bbox 1998 5582 2084 5642; x_wconf 87' lang='lat' dir='ltr'>al-</span> 
     </span>
    </p>
   </div>
   <div class='ocr_carea' id='block_1_91' title="bbox 2106 4478 2157 4538">
    <p class='ocr_par' dir='ltr' id='par_1_91' title="bbox 2106 4478 2157 4538">
     <span class='ocr_line' id='line_1_91' title="bbox 2106 4478 2157 4538; baseline 0 0"><span class='ocrx_word' id='word_1_670' title='bbox 2106 4478 2157 4538; x_wconf 92' lang='lat' dir='ltr'>D</span> 
     </span>
    </p>
   </div>
   <div class='ocr_carea' id='block_1_92' title="bbox 2174 3268 3834 3351">
    <p class='ocr_par' dir='ltr' id='par_1_92' title="bbox 2174 3268 3834 3351">
     <span class='ocr_line' id='line_1_92' title="bbox 2174 3268 3834 3351; baseline -0.005 -17"><span class='ocrx_word' id='word_1_671' title='bbox 2174 3284 2257 3334; x_wconf 88' lang='lat' dir='ltr'>est</span> <span class='ocrx_word' id='word_1_672' title='bbox 2293 3281 2346 3344; x_wconf 74' lang='lat' dir='ltr'>tI</span> <span class='ocrx_word' id='word_1_673' title='bbox 2378 3281 2534 3334; x_wconf 86' lang='lat' dir='ltr'>Joan.</span> <span class='ocrx_word' id='word_1_674' title='bbox 2585 3286 2669 3346; x_wconf 90' lang='lat' dir='ltr'>V),</span> <span class='ocrx_word' id='word_1_675' title='bbox 2701 3294 2911 3351; x_wconf 82' lang='lat' dir='ltr'>negare</span> <span class='ocrx_word' id='word_1_676' title='bbox 2953 3278 3348 3343; x_wconf 85' lang='lat' dir='ltr'>convincitur,</span> <span class='ocrx_word' id='word_1_677' title='bbox 3382 3277 3485 3351; x_wconf 91' lang='lat' dir='ltr'>qui</span> <span class='ocrx_word' id='word_1_678' title='bbox 3526 3268 3725 3331; x_wconf 87' lang='lat' dir='ltr'>veritati</span> <span class='ocrx_word' id='word_1_679' title='bbox 3758 3278 3834 3338; x_wconf 81' lang='lat' dir='ltr'>pro</span> 
     </span>
    </p>
   </div>
   <div class='ocr_carea' id='block_1_93' title="bbox 2176 3359 3832 3441">
    <p class='ocr_par' dir='ltr' id='par_1_93' title="bbox 2176 3359 3832 3441">
     <span class='ocr_line' id='line_1_93' title="bbox 2176 3359 3832 3441; baseline -0.003 -18"><span class='ocrx_word' id='word_1_680' title='bbox 2176 3366 2436 3425; x_wconf 90' lang='lat' dir='ltr'>humana</span> <span class='ocrx_word' id='word_1_681' title='bbox 2488 3368 2669 3439; x_wconf 79' lang='lat' dir='ltr'>gratia</span> <span class='ocrx_word' id='word_1_682' title='bbox 2726 3368 3062 3426; x_wconf 87' lang='lat' dir='ltr'>reluctatur.</span> <span class='ocrx_word' id='word_1_683' title='bbox 3107 3369 3156 3425; x_wconf 84' lang='lat' dir='ltr'><strong>A</strong></span> <span class='ocrx_word' id='word_1_684' title='bbox 3213 3367 3492 3441; x_wconf 87' lang='lat' dir='ltr'>perjuriis</span> <span class='ocrx_word' id='word_1_685' title='bbox 3538 3359 3665 3420; x_wconf 81' lang='lat'>291</span> <span class='ocrx_word' id='word_1_686' title='bbox 3713 3367 3832 3418; x_wconf 70' lang='lat' dir='ltr'>cave,</span> 
     </span>
    </p>
   </div>
   <div class='ocr_carea' id='block_1_94' title="bbox 2174 3454 3933 3538">
    <p class='ocr_par' dir='ltr' id='par_1_94' title="bbox 2174 3454 3933 3538">
     <span class='ocr_line' id='line_1_94' title="bbox 2174 3454 3933 3538; baseline -0.005 -26"><span class='ocrx_word' id='word_1_687' title='bbox 2174 3454 2311 3522; x_wconf 93' lang='lat' dir='ltr'>imo,</span> <span class='ocrx_word' id='word_1_688' title='bbox 2347 3454 2395 3512; x_wconf 91' lang='lat' dir='ltr'>si</span> <span class='ocrx_word' id='word_1_689' title='bbox 2443 3456 2716 3528; x_wconf 89' lang='lat' dir='ltr'>possibile</span> <span class='ocrx_word' id='word_1_690' title='bbox 2764 3466 2871 3527; x_wconf 89' lang='lat' dir='ltr'>est,</span> <span class='ocrx_word' id='word_1_691' title='bbox 2900 3457 2973 3514; x_wconf 91' lang='lat' dir='ltr'>ab</span> <span class='ocrx_word' id='word_1_692' title='bbox 3027 3456 3187 3516; x_wconf 90' lang='lat' dir='ltr'>omni</span> <span class='ocrx_word' id='word_1_693' title='bbox 3238 3462 3293 3514; x_wconf 87' lang='lat' dir='ltr'>te</span> <span class='ocrx_word' id='word_1_694' title='bbox 3348 3456 3668 3531; x_wconf 87' lang='lat' dir='ltr'>juramento</span> <span class='ocrx_word' id='word_1_695' title='bbox 3716 3458 3833 3538; x_wconf 66' lang='grc' dir='ltr'>σοφ-</span> <span class='ocrx_word' id='word_1_696' title='bbox 3932 3458 3933 3538; x_wconf 66' lang='lat' dir='ltr'>l</span> 
     </span>
    </p>
   </div>
   <div class='ocr_carea' id='block_1_95' title="bbox 2175 3538 3933 3619">
    <p class='ocr_par' dir='ltr' id='par_1_95' title="bbox 2175 3538 3933 3619">
     <span class='ocr_line' id='line_1_95' title="bbox 2175 3538 3933 3619; baseline -0.006 -20"><span class='ocrx_word' id='word_1_697' title='bbox 2175 3558 2356 3615; x_wconf 89' lang='lat' dir='ltr'>pesce.</span> <span class='ocrx_word' id='word_1_698' title='bbox 2393 3542 2560 3614; x_wconf 91' lang='lat' dir='ltr'>Quia,</span> <span class='ocrx_word' id='word_1_699' title='bbox 2594 3544 2742 3603; x_wconf 88' lang='lat' dir='ltr'>sicut</span> <span class='ocrx_word' id='word_1_700' title='bbox 2770 3546 2871 3619; x_wconf 91' lang='lat' dir='ltr'>qui</span> <span class='ocrx_word' id='word_1_701' title='bbox 2902 3562 3016 3604; x_wconf 92' lang='lat' dir='ltr'>non</span> <span class='ocrx_word' id='word_1_702' title='bbox 3050 3545 3311 3618; x_wconf 88' lang='lat' dir='ltr'>loquitur</span> <span class='ocrx_word' id='word_1_703' title='bbox 3353 3554 3646 3616; x_wconf 88' lang='lat' dir='ltr'>nunquam</span> <span class='ocrx_word' id='word_1_704' title='bbox 3669 3538 3835 3593; x_wconf 84' lang='lat' dir='ltr'>meuu-</span> <span class='ocrx_word' id='word_1_705' title='bbox 3932 3538 3933 3609; x_wconf 56' lang='grc' dir='ltr'>ξ</span> 
     </span>
    </p>
   </div>
   <div class='ocr_carea' id='block_1_96' title="bbox 2176 3620 3836 3708">
    <p class='ocr_par' dir='ltr' id='par_1_96' title="bbox 2176 3620 3836 3708">
     <span class='ocr_line' id='line_1_96' title="bbox 2176 3620 3836 3708; baseline -0.007 -20"><span class='ocrx_word' id='word_1_706' title='bbox 2176 3639 2287 3699; x_wconf 92' lang='lat' dir='ltr'>tur,</span> <span class='ocrx_word' id='word_1_707' title='bbox 2317 3632 2396 3689; x_wconf 89' lang='lat' dir='ltr'>ita</span> <span class='ocrx_word' id='word_1_708' title='bbox 2426 3632 2525 3707; x_wconf 93' lang='lat' dir='ltr'>qui</span> <span class='ocrx_word' id='word_1_709' title='bbox 2548 3648 2660 3691; x_wconf 91' lang='lat' dir='ltr'>non</span> <span class='ocrx_word' id='word_1_710' title='bbox 2684 3634 2861 3708; x_wconf 91' lang='lat' dir='ltr'>jurat,</span> <span class='ocrx_word' id='word_1_711' title='bbox 2886 3634 3243 3708; x_wconf 89' lang='lat' dir='ltr'>impossibile</span> <span class='ocrx_word' id='word_1_712' title='bbox 3265 3640 3357 3692; x_wconf 89' lang='lat' dir='ltr'>est</span> <span class='ocrx_word' id='word_1_713' title='bbox 3381 3620 3836 3706; x_wconf 86' lang='lat' dir='ltr'>utperjuriumin-</span> 
     </span>
    </p>
   </div>
   <div class='ocr_carea' id='block_1_97' title="bbox 2176 3720 3933 3796">
    <p class='ocr_par' dir='ltr' id='par_1_97' title="bbox 2176 3720 3933 3796">
     <span class='ocr_line' id='line_1_97' title="bbox 2176 3720 3933 3796; baseline 0.001 -19"><span class='ocrx_word' id='word_1_714' title='bbox 2176 3728 2388 3779; x_wconf 90' lang='lat' dir='ltr'>currat.</span> <span class='ocrx_word' id='word_1_715' title='bbox 2431 3721 2583 3780; x_wconf 90' lang='lat' dir='ltr'>Dicit</span> <span class='ocrx_word' id='word_1_716' title='bbox 2619 3722 2774 3780; x_wconf 88' lang='lat' dir='ltr'>enim</span> <span class='ocrx_word' id='word_1_717' title='bbox 2816 3724 2937 3796; x_wconf 91' lang='lat' dir='ltr'>ipsa</span> <span class='ocrx_word' id='word_1_718' title='bbox 2976 3722 3199 3782; x_wconf 86' lang='lat' dir='ltr'>Veritas</span> <span class='ocrx_word' id='word_1_719' title='bbox 3233 3741 3245 3781; x_wconf 90' lang='lat'><strong>:</strong></span> <span class='ocrx_word' id='word_1_720' title='bbox 3284 3747 3313 3773; x_wconf 75' lang='grc' dir='ltr'>α</span> <span class='ocrx_word' id='word_1_721' title='bbox 3354 3722 3442 3781; x_wconf 87' lang='lat' dir='ltr'>Sit</span> <span class='ocrx_word' id='word_1_722' title='bbox 3478 3726 3659 3779; x_wconf 90' lang='lat' dir='ltr'>autem</span> <span class='ocrx_word' id='word_1_723' title='bbox 3691 3720 3837 3770; x_wconf 84' lang='lat' dir='ltr'>sermo</span> <span class='ocrx_word' id='word_1_724' title='bbox 3932 3720 3933 3779; x_wconf 61' lang='grc' dir='ltr'><strong>ἰ</strong></span> 
     </span>
    </p>
   </div>
   <div class='ocr_carea' id='block_1_98' title="bbox 2177 3797 3840 3886">
    <p class='ocr_par' dir='ltr' id='par_1_98' title="bbox 2177 3797 3840 3886">
     <span class='ocr_line' id='line_1_98' title="bbox 2177 3797 3840 3886; baseline 0.005 -19"><span class='ocrx_word' id='word_1_725' title='bbox 2177 3816 2382 3877; x_wconf 86' lang='lat' dir='ltr'>vester,</span> <span class='ocrx_word' id='word_1_726' title='bbox 2437 3817 2543 3880; x_wconf 89' lang='lat' dir='ltr'>est,</span> <span class='ocrx_word' id='word_1_727' title='bbox 2585 3820 2690 3881; x_wconf 89' lang='lat' dir='ltr'>est,</span> <span class='ocrx_word' id='word_1_728' title='bbox 2734 3827 2873 3884; x_wconf 88' lang='lat' dir='ltr'>non,</span> <span class='ocrx_word' id='word_1_729' title='bbox 2917 3827 3029 3870; x_wconf 93' lang='lat' dir='ltr'>non</span> <span class='ocrx_word' id='word_1_730' title='bbox 3064 3831 3077 3881; x_wconf 92' lang='lat'>;</span> <span class='ocrx_word' id='word_1_731' title='bbox 3123 3812 3171 3871; x_wconf 89' lang='lat' dir='ltr'>si</span> <span class='ocrx_word' id='word_1_732' title='bbox 3217 3812 3366 3886; x_wconf 91' lang='lat' dir='ltr'>quid</span> <span class='ocrx_word' id='word_1_733' title='bbox 3408 3817 3595 3870; x_wconf 88' lang='lat' dir='ltr'>autem</span> <span class='ocrx_word' id='word_1_734' title='bbox 3639 3797 3840 3886; x_wconf 47' lang='lat' dir='ltr'>ampli?”</span> 
     </span>
    </p>
   </div>
   <div class='ocr_carea' id='block_1_99' title="bbox 2175 3884 3838 3974">
    <p class='ocr_par' dir='ltr' id='par_1_99' title="bbox 2175 3884 3838 3974">
     <span class='ocr_line' id='line_1_99' title="bbox 2175 3884 3838 3974; baseline -0.006 -22"><span class='ocrx_word' id='word_1_735' title='bbox 2175 3904 2278 3966; x_wconf 86' lang='lat' dir='ltr'>est,</span> <span class='ocrx_word' id='word_1_736' title='bbox 2302 3912 2335 3953; x_wconf 91' lang='lat' dir='ltr'>a</span> <span class='ocrx_word' id='word_1_737' title='bbox 2366 3899 2519 3956; x_wconf 90' lang='lat' dir='ltr'>malo</span> <span class='ocrx_word' id='word_1_738' title='bbox 2540 3906 2625 3957; x_wconf 91' lang='lat' dir='ltr'>est</span> <span class='ocrx_word' id='word_1_739' title='bbox 2644 3904 2859 3969; x_wconf 84' lang='lat' dir='ltr'>(Matth.</span> <span class='ocrx_word' id='word_1_740' title='bbox 2880 3903 2956 3972; x_wconf 89' lang='lat' dir='ltr'>v).</span> <span class='ocrx_word' id='word_1_741' title='bbox 2979 3922 3006 3953; x_wconf 85' lang='lat'>»</span> <span class='ocrx_word' id='word_1_742' title='bbox 3025 3902 3174 3959; x_wconf 87' lang='lat' dir='ltr'>Cave</span> <span class='ocrx_word' id='word_1_743' title='bbox 3198 3884 3338 3971; x_wconf 79' lang='lat' dir='ltr'>ergo</span> <span class='ocrx_word' id='word_1_744' title='bbox 3366 3898 3769 3974; x_wconf 86' lang='lat' dir='ltr'>perjurium,ne</span> <span class='ocrx_word' id='word_1_745' title='bbox 3785 3884 3838 3941; x_wconf 90' lang='lat' dir='ltr'>li-</span> 
     </span>
    </p>
   </div>
   <div class='ocr_carea' id='block_1_100' title="bbox 2174 3975 3841 4063">
    <p class='ocr_par' dir='ltr' id='par_1_100' title="bbox 2174 3975 3841 4063">
     <span class='ocr_line' id='line_1_100' title="bbox 2174 3975 3841 4063; baseline -0.002 -19"><span class='ocrx_word' id='word_1_746' title='bbox 2174 3985 2347 4045; x_wconf 91' lang='lat' dir='ltr'>brum</span> <span class='ocrx_word' id='word_1_747' title='bbox 2376 3988 2681 4048; x_wconf 89' lang='lat' dir='ltr'>adversum</span> <span class='ocrx_word' id='word_1_748' title='bbox 2706 3999 2758 4048; x_wconf 92' lang='lat' dir='ltr'>te</span> <span class='ocrx_word' id='word_1_749' title='bbox 2789 3990 3199 4063; x_wconf 89' lang='lat' dir='ltr'>redemptionis</span> <span class='ocrx_word' id='word_1_750' title='bbox 3227 3991 3508 4049; x_wconf 60' lang='lat' dir='ltr'>humanae</span> <span class='ocrx_word' id='word_1_751' title='bbox 3534 3975 3841 4055; x_wconf 69' lang='lat' dir='ltr'>compellaris</span> 
     </span>
    </p>
   </div>
   <div class='ocr_carea' id='block_1_101' title="bbox 2176 4072 3933 4151">
    <p class='ocr_par' dir='ltr' id='par_1_101' title="bbox 2176 4072 3933 4151">
     <span class='ocr_line' id='line_1_101' title="bbox 2176 4072 3933 4151; baseline 0.003 -19"><span class='ocrx_word' id='word_1_752' title='bbox 2176 4074 2442 4134; x_wconf 89' lang='lat' dir='ltr'>invenire</span> <span class='ocrx_word' id='word_1_753' title='bbox 2491 4078 2802 4150; x_wconf 76' lang='lat' dir='ltr'>signatum.</span> <span class='ocrx_word' id='word_1_754' title='bbox 2840 4078 2994 4136; x_wconf 91' lang='lat' dir='ltr'>Neve</span> <span class='ocrx_word' id='word_1_755' title='bbox 3038 4078 3193 4151; x_wconf 90' lang='lat' dir='ltr'>quod</span> <span class='ocrx_word' id='word_1_756' title='bbox 3245 4078 3425 4137; x_wconf 89' lang='lat' dir='ltr'>simul</span> <span class='ocrx_word' id='word_1_757' title='bbox 3476 4078 3641 4134; x_wconf 88' lang='lat' dir='ltr'>etiam</span> <span class='ocrx_word' id='word_1_758' title='bbox 3675 4076 3841 4142; x_wconf 73' lang='lat' dir='ltr'>pI‘OPO&#39;</span> <span class='ocrx_word' id='word_1_759' title='bbox 3932 4072 3933 4151; x_wconf 50' lang='grc' dir='ltr'><strong>ᾖ</strong></span> 
     </span>
    </p>
   </div>
   <div class='ocr_carea' id='block_1_102' title="bbox 2175 4155 3933 4241">
    <p class='ocr_par' dir='ltr' id='par_1_102' title="bbox 2175 4155 3933 4241">
     <span class='ocr_line' id='line_1_102' title="bbox 2175 4155 3933 4241; baseline 0.002 -19"><span class='ocrx_word' id='word_1_760' title='bbox 2175 4165 2405 4225; x_wconf 87' lang='lat' dir='ltr'>suimus</span> <span class='ocrx_word' id='word_1_761' title='bbox 2444 4167 2691 4238; x_wconf 80' lang='lat' dir='ltr'>excidat,</span> <span class='ocrx_word' id='word_1_762' title='bbox 2730 4167 3114 4241; x_wconf 87' lang='lat' dir='ltr'>eleemosynis</span> <span class='ocrx_word' id='word_1_763' title='bbox 3150 4167 3413 4224; x_wconf 89' lang='lat' dir='ltr'>animam</span> <span class='ocrx_word' id='word_1_764' title='bbox 3455 4171 3612 4224; x_wconf 89' lang='lat' dir='ltr'>tuam</span> <span class='ocrx_word' id='word_1_765' title='bbox 3650 4155 3841 4241; x_wconf 55' lang='lat' dir='ltr'>redime:</span> <span class='ocrx_word' id='word_1_766' title='bbox 3932 4155 3933 4179; x_wconf 19' lang='grc' dir='ltr'><strong>ἰ</strong></span> 
     </span>
    </p>
   </div>
   <div class='ocr_carea' id='block_1_103' title="bbox 2175 4239 3841 4329">
    <p class='ocr_par' dir='ltr' id='par_1_103' title="bbox 2175 4239 3841 4329">
     <span class='ocr_line' id='line_1_103' title="bbox 2175 4239 3841 4329; baseline -0.005 -17"><span class='ocrx_word' id='word_1_767' title='bbox 2175 4254 2447 4326; x_wconf 88' lang='lat' dir='ltr'>operibus</span> <span class='ocrx_word' id='word_1_768' title='bbox 2478 4255 2703 4329; x_wconf 89' lang='lat' dir='ltr'>pietatis</span> <span class='ocrx_word' id='word_1_769' title='bbox 2730 4257 2950 4314; x_wconf 87' lang='lat' dir='ltr'>insiste.</span> <span class='ocrx_word' id='word_1_770' title='bbox 2984 4239 3011 4309; x_wconf 67' lang='grc' dir='ltr'>ἐι</span> <span class='ocrx_word' id='word_1_771' title='bbox 3043 4256 3199 4325; x_wconf 89' lang='lat' dir='ltr'>Date,</span> <span class='ocrx_word' id='word_1_772' title='bbox 3228 4251 3733 4329; x_wconf 89' lang='lat' dir='ltr'>inquitDominus,</span> <span class='ocrx_word' id='word_1_773' title='bbox 3755 4239 3841 4329; x_wconf 66' lang='lat'>819&#39;</span> 
     </span>
    </p>
   </div>
   <div class='ocr_carea' id='block_1_104' title="bbox 2175 4328 3933 4416">
    <p class='ocr_par' dir='ltr' id='par_1_104' title="bbox 2175 4328 3933 4416">
     <span class='ocr_line' id='line_1_104' title="bbox 2175 4328 3933 4416; baseline 0 -18"><span class='ocrx_word' id='word_1_774' title='bbox 2175 4328 2511 4416; x_wconf 85' lang='lat' dir='ltr'>emosynam</span> <span class='ocrx_word' id='word_1_775' title='bbox 2540 4351 2593 4401; x_wconf 89' lang='lat' dir='ltr'>et</span> <span class='ocrx_word' id='word_1_776' title='bbox 2621 4358 2748 4400; x_wconf 88' lang='lat' dir='ltr'>ecce</span> <span class='ocrx_word' id='word_1_777' title='bbox 2765 4344 2962 4402; x_wconf 92' lang='lat' dir='ltr'>omnia</span> <span class='ocrx_word' id='word_1_778' title='bbox 2985 4343 3203 4401; x_wconf 90' lang='lat' dir='ltr'>munda</span> <span class='ocrx_word' id='word_1_779' title='bbox 3222 4328 3361 4402; x_wconf 85' lang='lat' dir='ltr'>sunt</span> <span class='ocrx_word' id='word_1_780' title='bbox 3379 4342 3548 4400; x_wconf 89' lang='lat' dir='ltr'>vobis</span> <span class='ocrx_word' id='word_1_781' title='bbox 3570 4342 3702 4410; x_wconf 73' lang='lat' dir='ltr'>(Luc.</span> <span class='ocrx_word' id='word_1_782' title='bbox 3722 4328 3804 4397; x_wconf 52' lang='lat' dir='ltr'>xi»</span> <span class='ocrx_word' id='word_1_783' title='bbox 3822 4344 3841 4375; x_wconf 68' lang='grc' dir='ltr'><strong><em>ν</em></strong></span> <span class='ocrx_word' id='word_1_784' title='bbox 3932 4328 3933 4387; x_wconf 65' lang='grc' dir='ltr'>ξ</span> 
     </span>
    </p>
   </div>
   <div class='ocr_carea' id='block_1_105' title="bbox 2182 4423 3844 4506">
    <p class='ocr_par' dir='ltr' id='par_1_105' title="bbox 2182 4423 3844 4506">
     <span class='ocr_line' id='line_1_105' title="bbox 2182 4423 3844 4506; baseline -0.005 -18"><span class='ocrx_word' id='word_1_785' title='bbox 2182 4430 2251 4488; x_wconf 89' lang='lat' dir='ltr'>Et</span> <span class='ocrx_word' id='word_1_786' title='bbox 2280 4432 2485 4490; x_wconf 88' lang='lat' dir='ltr'>iterum</span> <span class='ocrx_word' id='word_1_787' title='bbox 2519 4438 2794 4505; x_wconf 89' lang='lat' dir='ltr'>scriptum</span> <span class='ocrx_word' id='word_1_788' title='bbox 2817 4438 2940 4491; x_wconf 89' lang='lat' dir='ltr'>est:</span> <span class='ocrx_word' id='word_1_789' title='bbox 2968 4456 2994 4487; x_wconf 79' lang='grc' dir='ltr'>α</span> <span class='ocrx_word' id='word_1_790' title='bbox 3024 4433 3131 4503; x_wconf 91' lang='lat' dir='ltr'>Qui</span> <span class='ocrx_word' id='word_1_791' title='bbox 3156 4434 3254 4492; x_wconf 91' lang='lat' dir='ltr'>dat</span> <span class='ocrx_word' id='word_1_792' title='bbox 3280 4432 3544 4506; x_wconf 89' lang='lat' dir='ltr'>pauperi,</span> <span class='ocrx_word' id='word_1_793' title='bbox 3574 4429 3679 4486; x_wconf 90' lang='lat' dir='ltr'>Deo</span> <span class='ocrx_word' id='word_1_794' title='bbox 3699 4423 3844 4481; x_wconf 61' lang='lat' dir='ltr'>fome‘</span> 
     </span>
    </p>
   </div>
   <div class='ocr_carea' id='block_1_106' title="bbox 2182 4508 3933 4593">
    <p class='ocr_par' dir='ltr' id='par_1_106' title="bbox 2182 4508 3933 4593">
     <span class='ocr_line' id='line_1_106' title="bbox 2182 4508 3933 4593; baseline 0.002 -18"><span class='ocrx_word' id='word_1_795' title='bbox 2182 4525 2269 4576; x_wconf 90' lang='lat' dir='ltr'>rat</span> <span class='ocrx_word' id='word_1_796' title='bbox 2315 4523 2492 4584; x_wconf 72' lang='grc' dir='ltr'>(Ρνου.</span> <span class='ocrx_word' id='word_1_797' title='bbox 2537 4528 2687 4587; x_wconf 78' lang='lat' dir='ltr'>XIX).</span> <span class='ocrx_word' id='word_1_798' title='bbox 2730 4541 2755 4573; x_wconf 83' lang='grc'>›)</span> <span class='ocrx_word' id='word_1_799' title='bbox 2793 4522 3063 4581; x_wconf 87' lang='lat' dir='ltr'>Sustenta</span> <span class='ocrx_word' id='word_1_800' title='bbox 3097 4538 3233 4593; x_wconf 78' lang='lat' dir='ltr'>ergo</span> <span class='ocrx_word' id='word_1_801' title='bbox 3278 4533 3615 4593; x_wconf 86' lang='lat' dir='ltr'>pauperem,</span> <span class='ocrx_word' id='word_1_802' title='bbox 3655 4518 3713 4570; x_wconf 64' lang='lat' dir='ltr'>ut</span> <span class='ocrx_word' id='word_1_803' title='bbox 3749 4515 3846 4564; x_wconf 66' lang='grc' dir='ltr'>ῑὶω·</span> 
     </span>
    </p>
   </div>
   <div class='ocr_carea' id='block_1_107' title="bbox 2179 4593 3933 4682">
    <p class='ocr_par' dir='ltr' id='par_1_107' title="bbox 2179 4593 3933 4682">
     <span class='ocr_line' id='line_1_107' title="bbox 2179 4593 3933 4682; baseline -0.01 -15"><span class='ocrx_word' id='word_1_804' title='bbox 2179 4623 2352 4682; x_wconf 90' lang='lat' dir='ltr'>quam</span> <span class='ocrx_word' id='word_1_805' title='bbox 2399 4609 2521 4680; x_wconf 90' lang='lat' dir='ltr'>ipse</span> <span class='ocrx_word' id='word_1_806' title='bbox 2549 4609 2793 4667; x_wconf 85' lang='lat' dir='ltr'>creditor</span> <span class='ocrx_word' id='word_1_807' title='bbox 2814 4598 3018 4667; x_wconf 45' lang='lat' dir='ltr'>&#39;Deum</span> <span class='ocrx_word' id='word_1_808' title='bbox 3051 4610 3147 4667; x_wconf 91' lang='lat' dir='ltr'>tibi</span> <span class='ocrx_word' id='word_1_809' title='bbox 3185 4609 3359 4667; x_wconf 86' lang='lat' dir='ltr'>facias</span> <span class='ocrx_word' id='word_1_810' title='bbox 3398 4607 3725 4666; x_wconf 88' lang='lat' dir='ltr'>debitorem.</span> <span class='ocrx_word' id='word_1_811' title='bbox 3760 4593 3847 4652; x_wconf 52' lang='lat' dir='ltr'>Nc‘</span> <span class='ocrx_word' id='word_1_812' title='bbox 3932 4606 3933 4682; x_wconf 13' lang='grc' dir='ltr'>ᾗ</span> 
     </span>
    </p>
   </div>
   <div class='ocr_carea' id='block_1_108' title="bbox 2179 4695 3847 4773">
    <p class='ocr_par' dir='ltr' id='par_1_108' title="bbox 2179 4695 3847 4773">
     <span class='ocr_line' id='line_1_108' title="bbox 2179 4695 3847 4773; baseline -0.004 -18"><span class='ocrx_word' id='word_1_813' title='bbox 2179 4714 2293 4771; x_wconf 89' lang='lat' dir='ltr'>que</span> <span class='ocrx_word' id='word_1_814' title='bbox 2358 4698 2517 4755; x_wconf 86' lang='lat' dir='ltr'>enim</span> <span class='ocrx_word' id='word_1_815' title='bbox 2579 4705 2630 4756; x_wconf 90' lang='lat' dir='ltr'>te</span> <span class='ocrx_word' id='word_1_816' title='bbox 2683 4701 3048 4773; x_wconf 86' lang='lat' dir='ltr'>omnipotens</span> <span class='ocrx_word' id='word_1_817' title='bbox 3112 4700 3263 4759; x_wconf 86' lang='lat' dir='ltr'>Deus</span> <span class='ocrx_word' id='word_1_818' title='bbox 3324 4699 3395 4757; x_wconf 90' lang='lat' dir='ltr'>ad</span> <span class='ocrx_word' id='word_1_819' title='bbox 3463 4695 3847 4762; x_wconf 70' lang='lat' dir='ltr'>eleemosyuam</span> 
     </span>
    </p>
   </div>
   <div class='ocr_carea' id='block_1_109' title="bbox 2180 4777 3852 4862">
    <p class='ocr_par' dir='ltr' id='par_1_109' title="bbox 2180 4777 3852 4862">
     <span class='ocr_line' id='line_1_109' title="bbox 2180 4777 3852 4862; baseline -0.007 -20"><span class='ocrx_word' id='word_1_820' title='bbox 2180 4794 2463 4857; x_wconf 83' lang='lat' dir='ltr'>provocat,</span> <span class='ocrx_word' id='word_1_821' title='bbox 2502 4793 2777 4861; x_wconf 87' lang='lat' dir='ltr'>tanquam</span> <span class='ocrx_word' id='word_1_822' title='bbox 2805 4788 2953 4847; x_wconf 90' lang='lat' dir='ltr'>desit</span> <span class='ocrx_word' id='word_1_823' title='bbox 2979 4789 3091 4847; x_wconf 91' lang='lat' dir='ltr'>sibi</span> <span class='ocrx_word' id='word_1_824' title='bbox 3111 4788 3268 4847; x_wconf 89' lang='lat' dir='ltr'>unde</span> <span class='ocrx_word' id='word_1_825' title='bbox 3298 4786 3654 4862; x_wconf 87' lang='lat' dir='ltr'>pauperibus</span> <span class='ocrx_word' id='word_1_826' title='bbox 3678 4777 3784 4837; x_wconf 88' lang='lat' dir='ltr'>suis</span> <span class='ocrx_word' id='word_1_827' title='bbox 3804 4790 3852 4831; x_wconf 88' lang='lat' dir='ltr'>a-</span> 
     </span>
    </p>
   </div>
   <div class='ocr_carea' id='block_1_110' title="bbox 2182 4869 3933 4951">
    <p class='ocr_par' dir='ltr' id='par_1_110' title="bbox 2182 4869 3933 4951">
     <span class='ocr_line' id='line_1_110' title="bbox 2182 4869 3933 4951; baseline -0.005 -19"><span class='ocrx_word' id='word_1_828' title='bbox 2182 4876 2416 4933; x_wconf 91' lang='lat' dir='ltr'>limenta</span> <span class='ocrx_word' id='word_1_829' title='bbox 2468 4878 2801 4950; x_wconf 90' lang='lat' dir='ltr'>provideat;</span> <span class='ocrx_word' id='word_1_830' title='bbox 2864 4880 2963 4936; x_wconf 91' lang='lat' dir='ltr'>sed</span> <span class='ocrx_word' id='word_1_831' title='bbox 3011 4879 3222 4937; x_wconf 89' lang='lat' dir='ltr'>idcirco</span> <span class='ocrx_word' id='word_1_832' title='bbox 3267 4877 3466 4951; x_wconf 84' lang='lat' dir='ltr'>potius</span> <span class='ocrx_word' id='word_1_833' title='bbox 3509 4874 3640 4932; x_wconf 89' lang='lat' dir='ltr'>illos</span> <span class='ocrx_word' id='word_1_834' title='bbox 3688 4869 3852 4951; x_wconf 70' lang='lat' dir='ltr'>inopes</span> <span class='ocrx_word' id='word_1_835' title='bbox 3932 4869 3933 4951; x_wconf 51' lang='grc' dir='ltr'><em>ξ</em></span> 
     </span>
    </p>
   </div>
   <div class='ocr_carea' id='block_1_111' title="bbox 2176 4950 3855 5031">
    <p class='ocr_par' dir='ltr' id='par_1_111' title="bbox 2176 4950 3855 5031">
     <span class='ocr_line' id='line_1_111' title="bbox 2176 4950 3855 5031; baseline -0.009 -8"><span class='ocrx_word' id='word_1_836' title='bbox 2176 4966 2431 5031; x_wconf 78' lang='lat' dir='ltr'>exhibet,</span> <span class='ocrx_word' id='word_1_837' title='bbox 2491 4973 2554 5024; x_wconf 92' lang='lat' dir='ltr'>ut</span> <span class='ocrx_word' id='word_1_838' title='bbox 2607 4966 2712 5025; x_wconf 91' lang='lat' dir='ltr'>tibi</span> <span class='ocrx_word' id='word_1_839' title='bbox 2766 4968 3087 5027; x_wconf 89' lang='lat' dir='ltr'>redimendi</span> <span class='ocrx_word' id='word_1_840' title='bbox 3142 4976 3195 5025; x_wconf 91' lang='lat' dir='ltr'>te</span> <span class='ocrx_word' id='word_1_841' title='bbox 3247 4950 3553 5025; x_wconf 85' lang='lat' dir='ltr'>materiam</span> <span class='ocrx_word' id='word_1_842' title='bbox 3601 4950 3855 5021; x_wconf 87' lang='lat' dir='ltr'>submini-</span> 
     </span>
    </p>
   </div>
   <div class='ocr_carea' id='block_1_112' title="bbox 2176 5042 3855 5128">
    <p class='ocr_par' dir='ltr' id='par_1_112' title="bbox 2176 5042 3855 5128">
     <span class='ocr_line' id='line_1_112' title="bbox 2176 5042 3855 5128; baseline -0.005 -19"><span class='ocrx_word' id='word_1_843' title='bbox 2176 5060 2328 5110; x_wconf 86' lang='lat' dir='ltr'>stret.</span> <span class='ocrx_word' id='word_1_844' title='bbox 2367 5052 2660 5128; x_wconf 91' lang='lat' dir='ltr'>Scriptum</span> <span class='ocrx_word' id='word_1_845' title='bbox 2684 5056 2894 5128; x_wconf 88' lang='lat' dir='ltr'>quippe</span> <span class='ocrx_word' id='word_1_846' title='bbox 2921 5063 3039 5114; x_wconf 90' lang='lat' dir='ltr'>est:</span> <span class='ocrx_word' id='word_1_847' title='bbox 3070 5079 3092 5106; x_wconf 86' lang='lat'><strong>«</strong></span> <span class='ocrx_word' id='word_1_848' title='bbox 3121 5055 3351 5115; x_wconf 61' lang='lat' dir='ltr'>Divitias</span> <span class='ocrx_word' id='word_1_849' title='bbox 3377 5042 3855 5119; x_wconf 81' lang='lat' dir='ltr'>hominis,redem-</span> 
     </span>
    </p>
   </div>
   <div class='ocr_carea' id='block_1_113' title="bbox 2177 5142 2895 5216">
    <p class='ocr_par' dir='ltr' id='par_1_113' title="bbox 2177 5142 2895 5216">
     <span class='ocr_line' id='line_1_113' title="bbox 2177 5142 2895 5216; baseline 0.004 -17"><span class='ocrx_word' id='word_1_850' title='bbox 2177 5142 2297 5215; x_wconf 88' lang='lat' dir='ltr'>ptio</span> <span class='ocrx_word' id='word_1_851' title='bbox 2327 5142 2451 5215; x_wconf 87' lang='lat' dir='ltr'>ejus</span> <span class='ocrx_word' id='word_1_852' title='bbox 2486 5147 2661 5212; x_wconf 69' lang='lat' dir='ltr'>(Prov.</span> <span class='ocrx_word' id='word_1_853' title='bbox 2696 5146 2838 5216; x_wconf 82' lang='lat' dir='ltr'>XIII).</span> <span class='ocrx_word' id='word_1_854' title='bbox 2876 5170 2895 5193; x_wconf 75' lang='grc' dir='ltr'>ι</span> 
     </span>
    </p>
   </div>
   <div class='ocr_carea' id='block_1_114' title="bbox 2249 5218 3893 5293">
    <p class='ocr_par' dir='ltr' id='par_1_114' title="bbox 2249 5218 3893 5293">
     <span class='ocr_line' id='line_1_114' title="bbox 2249 5218 3893 5293; baseline -0.009 -5"><span class='ocrx_word' id='word_1_855' title='bbox 2249 5230 2422 5293; x_wconf 90' lang='lat' dir='ltr'>Porro</span> <span class='ocrx_word' id='word_1_856' title='bbox 2448 5240 2644 5289; x_wconf 89' lang='lat' dir='ltr'>autem</span> <span class='ocrx_word' id='word_1_857' title='bbox 2676 5232 3021 5290; x_wconf 88' lang='lat' dir='ltr'>venerabilis</span> <span class='ocrx_word' id='word_1_858' title='bbox 3052 5232 3204 5290; x_wconf 90' lang='lat' dir='ltr'>idem</span> <span class='ocrx_word' id='word_1_859' title='bbox 3235 5233 3407 5289; x_wconf 85' lang='lat' dir='ltr'>frater</span> <span class='ocrx_word' id='word_1_860' title='bbox 3431 5235 3632 5287; x_wconf 87' lang='lat' dir='ltr'>noster</span> <span class='ocrx_word' id='word_1_861' title='bbox 3652 5220 3852 5281; x_wconf 85' lang='lat' dir='ltr'>Richar-</span> <span class='ocrx_word' id='word_1_862' title='bbox 3892 5218 3893 5223; x_wconf 67' lang='grc'><em>“</em></span> 
     </span>
    </p>
   </div>
   <div class='ocr_carea' id='block_1_115' title="bbox 2172 5307 3933 5399">
    <p class='ocr_par' dir='ltr' id='par_1_115' title="bbox 2172 5307 3933 5399">
     <span class='ocr_line' id='line_1_115' title="bbox 2172 5307 3933 5399; baseline -0.003 -22"><span class='ocrx_word' id='word_1_863' title='bbox 2172 5321 2301 5389; x_wconf 90' lang='lat' dir='ltr'>dus,</span> <span class='ocrx_word' id='word_1_864' title='bbox 2331 5321 2432 5395; x_wconf 91' lang='lat' dir='ltr'>qui</span> <span class='ocrx_word' id='word_1_865' title='bbox 2460 5321 2613 5394; x_wconf 89' lang='lat' dir='ltr'>quod</span> <span class='ocrx_word' id='word_1_866' title='bbox 2653 5322 2923 5394; x_wconf 90' lang='lat' dir='ltr'>superius</span> <span class='ocrx_word' id='word_1_867' title='bbox 2958 5321 3177 5379; x_wconf 90' lang='lat' dir='ltr'>dictum</span> <span class='ocrx_word' id='word_1_868' title='bbox 3209 5328 3293 5378; x_wconf 89' lang='lat' dir='ltr'>est</span> <span class='ocrx_word' id='word_1_869' title='bbox 3325 5319 3549 5391; x_wconf 74' lang='lat' dir='ltr'>retulit,</span> <span class='ocrx_word' id='word_1_870' title='bbox 3580 5316 3685 5373; x_wconf 91' lang='lat' dir='ltr'>hoc</span> <span class='ocrx_word' id='word_1_871' title='bbox 3710 5307 3853 5399; x_wconf 44' lang='lat' dir='ltr'>etim?!</span> 
     </span>
    </p>
   </div>
   <div class='ocr_carea' id='block_1_116' title="bbox 2172 5394 3933 5482">
    <p class='ocr_par' dir='ltr' id='par_1_116' title="bbox 2172 5394 3933 5482">
     <span class='ocr_line' id='line_1_116' title="bbox 2172 5394 3933 5482; baseline -0.001 -15"><span class='ocrx_word' id='word_1_872' title='bbox 2172 5394 2644 5482; x_wconf 89' lang='lat' dir='ltr'>quoddlcturus</span> <span class='ocrx_word' id='word_1_873' title='bbox 2696 5425 2847 5480; x_wconf 91' lang='lat' dir='ltr'>sum,</span> <span class='ocrx_word' id='word_1_874' title='bbox 2889 5411 3034 5467; x_wconf 88' lang='lat' dir='ltr'>sicut</span> <span class='ocrx_word' id='word_1_875' title='bbox 3086 5412 3240 5469; x_wconf 88' lang='lat' dir='ltr'>fama</span> <span class='ocrx_word' id='word_1_876' title='bbox 3294 5411 3674 5481; x_wconf 87' lang='lat' dir='ltr'>compererat,</span> <span class='ocrx_word' id='word_1_877' title='bbox 3724 5394 3854 5482; x_wconf 77' lang='lat' dir='ltr'>fideli</span> <span class='ocrx_word' id='word_1_878' title='bbox 3932 5396 3933 5465; x_wconf 62' lang='grc' dir='ltr'>Ι</span> 
     </span>
    </p>
   </div>
   <div class='ocr_carea' id='block_1_117' title="bbox 2172 5481 3854 5574">
    <p class='ocr_par' dir='ltr' id='par_1_117' title="bbox 2172 5481 3854 5574">
     <span class='ocr_line' id='line_1_117' title="bbox 2172 5481 3854 5574; baseline -0.005 -20"><span class='ocrx_word' id='word_1_879' title='bbox 2172 5481 2569 5569; x_wconf 87' lang='lat' dir='ltr'>prosecutione</span> <span class='ocrx_word' id='word_1_880' title='bbox 2609 5499 2880 5557; x_wconf 88' lang='lat' dir='ltr'>narravit.</span> <span class='ocrx_word' id='word_1_881' title='bbox 2923 5499 3079 5569; x_wconf 86' lang='lat' dir='ltr'>Octo,</span> <span class='ocrx_word' id='word_1_882' title='bbox 3128 5499 3337 5574; x_wconf 90' lang='lat' dir='ltr'>inquit,</span> <span class='ocrx_word' id='word_1_883' title='bbox 3382 5497 3595 5570; x_wconf 86' lang='lat' dir='ltr'>inopes</span> <span class='ocrx_word' id='word_1_884' title='bbox 3640 5481 3854 5574; x_wconf 68' lang='lat' dir='ltr'>viri,_iﬂ</span> 
     </span>
    </p>
   </div>
   <div class='ocr_carea' id='block_1_118' title="bbox 2170 5572 3933 5659">
    <p class='ocr_par' dir='ltr' id='par_1_118' title="bbox 2170 5572 3933 5659">
     <span class='ocr_line' id='line_1_118' title="bbox 2170 5572 3933 5659; baseline -0.003 -17"><span class='ocrx_word' id='word_1_885' title='bbox 2170 5583 2698 5658; x_wconf 85' lang='lat' dir='ltr'>Hierosolymitauo</span> <span class='ocrx_word' id='word_1_886' title='bbox 2723 5601 2910 5659; x_wconf 89' lang='lat' dir='ltr'>nuper</span> <span class='ocrx_word' id='word_1_887' title='bbox 2926 5586 3134 5645; x_wconf 90' lang='lat' dir='ltr'>itinere</span> <span class='ocrx_word' id='word_1_888' title='bbox 3147 5572 3470 5655; x_wconf 84' lang='lat' dir='ltr'>constituti,</span> <span class='ocrx_word' id='word_1_889' title='bbox 3487 5583 3634 5643; x_wconf 89' lang='lat' dir='ltr'>dum</span> <span class='ocrx_word' id='word_1_890' title='bbox 3655 5572 3857 5645; x_wconf 61' lang='lat' dir='ltr'>nonbir</span> <span class='ocrx_word' id='word_1_891' title='bbox 3932 5574 3933 5659; x_wconf 56' lang='grc' dir='ltr'>ξ</span> 
     </span>
    </p>
   </div>
   <div class='ocr_carea' id='block_1_119' title="bbox 3931 254 3933 363">
    <p class='ocr_par' dir='ltr' id='par_1_119' title="bbox 3931 254 3933 363">
     <span class='ocr_line' id='line_1_119' title="bbox 3931 254 3933 363; baseline 0 0"><span class='ocrx_word' id='word_1_892' title='bbox 3931 304 3933 363; x_wconf 85' lang='lat' dir='ltr'>l</span> 
     </span>
    </p>
   </div>
  </div>
