4024 6198
115 343 210 401 485

1316 337 1541 396 LIBER
1578 330 1941 404 OCTAVUS,
1987 333 2218 393 EPIST.
2260 335 2389 396 XII.

3499 343 3606 402 486

117 467 299 524 herent
344 462 588 521 omnino
651 462 806 537 quod
863 462 1116 533 ederent,
1167 461 1584 520 hebdomadam
1645 457 2080 528 totamAtZach.
2113 462 2209 531 Vi),
2244 482 2271 515 »
2308 461 2378 519 de
2424 463 2644 521 oriente
2685 465 2929 522 veniunt
2969 465 3071 538 qui
3125 481 3159 523 a
3203 467 3415 525 Christi
3465 483 3606 526 con-

114 557 230 610 sine
293 551 559 610 victualis
609 551 906 609 alimoniae
957 552 1320 624 perceptione
1387 557 1812 621 transegerant;

113 657 349 713 cumque
384 642 501 713 jam
549 639 826 699 diuturna
872 648 1300 698 macerarentur
1350 639 1562 706 inedia,
1604 656 1670 698 ac
1739 639 1815 695 vi-

115 735 259 791 ribus
315 733 468 790 effeti
509 731 780 805 longique
821 731 1046 788 itineris
1089 730 1347 788 molestia
1395 729 1652 787 tabetacti
1693 729 1814 801 jam

112 839 245 896 pene
311 822 638 889 deficerent,
689 837 898 895 eosque
966 827 1236 878 nutantes
1298 820 1394 877 vix
1463 821 1816 892 lapsaliunda

111 910 340 984 vestigia
371 911 740 976 sustinerent,
777 926 906 966 ecce
930 912 1088 967 canis
1113 910 1322 967 obvius
1352 910 1622 966 dentibus
1653 925 1814 966 man-

109 999 196 1057 tile
248 1000 524 1064 trahebat,
571 999 628 1056 in
668 1014 782 1072 quo
825 999 989 1072 panis
1030 997 1188 1056 velut
1231 999 1290 1055 in
1343 996 1569 1062 sacculo
1611 995 1819 1054 latebat

109 1090 417 1148 involutas.
467 1088 645 1156 Quem
702 1104 905 1160 panem
953 1089 1215 1162 protinus
1265 1089 1624 1162 arripientes,
1657 1104 1818 1146 scum

107 1178 413 1251 gratiarum
441 1179 764 1238 actionibus
788 1180 1052 1238 alacriter
1080 1194 1139 1238 se
1173 1182 1586 1250 relecerunt,ct
1614 1183 1673 1240 in
1704 1185 1820 1241 for-

111 1268 350 1326 titudine.
400 1269 508 1326 cibi
565 1269 725 1326 illius
784 1275 909 1326 octo
966 1269 1190 1327 dierum
1245 1271 1352 1328 iter
1403 1272 1822 1331 incessabiliter

109 1356 500 1429 expleverunt.
552 1357 932 1432 Rursumque
981 1358 1120 1416 dum
1171 1359 1520 1418 intolerabili
1571 1371 1822 1434 postmo-

109 1449 234 1506 dum
283 1447 690 1505 cruciarentur
741 1447 953 1516 inedia,
1016 1456 1126 1507 tres
1193 1451 1442 1520 Agareni
1498 1466 1698 1509 eorum
1760 1451 1818 1510 in

112 1536 304 1593 itinere
359 1535 488 1592 facti
541 1543 678 1594 sunt
729 1536 998 1606 comites,
1048 1537 1308 1612 singulos
1351 1555 1525 1610 panes
1573 1555 1674 1611 pro
1715 1556 1820 1598 sua

113 1622 318 1679 viritim
387 1623 796 1682 sustentatione
867 1631 1203 1697 portantes;
1269 1626 1372 1700 qui
1445 1643 1577 1684 cum
1659 1635 1820 1686 nacta

115 1712 434 1770 refectionis
490 1712 629 1768 hora
679 1711 1125 1777 discumberent,
1176 1713 1292 1772 duo
1337 1715 1575 1788 quidam
1615 1733 1688 1774 ex
1737 1718 1819 1774 eis

1896 547 2071 606 sortio
2119 548 2269 607 male.
2315 552 2581 623 vivendo,
2625 553 2710 611 vel
2759 569 3058 626 proxnnos
3096 555 3416 624 laceranda,
3445 571 3606 614 rece-

1896 638 2059 695 dunt.
2131 638 2389 697 Sennaar
2440 651 2633 700 autem
2690 643 3100 716 interpretatur
3161 649 3408 700 emcussio
3471 647 3608 701 den-

1899 731 2055 790 tium,
2096 727 2218 784 sive
2263 731 2406 796 fetor
2452 747 2671 788 eorum.
2725 732 2792 788 In
2845 748 3046 806 campo
3103 734 3280 805 igitur
3344 733 3610 792 Sennaar

1901 816 2234 874 habitabant
2268 833 2368 890 qui
2416 833 2530 874 non
2583 817 2873 875 constituti
2915 819 2974 874 in
3013 835 3141 876 arce
3175 820 3476 890 virtutum,
3508 821 3610 880 sed

1901 905 2088 977 potius
2124 905 2183 961 in
2219 905 2480 963 convalle
2527 906 2817 974 vitiorum,
2859 914 2915 964 et
2951 906 3150 964 dentes
3190 909 3516 980 excutiunt,
3548 916 3613 968 ut

1900 995 2196 1065 proximos
2221 1012 2355 1054 suos
2382 997 2835 1053 detractionibus
2861 997 3029 1069 quasi
3055 999 3349 1057 mordicus
3381 1001 3609 1075 rodant,

1901 1091 1954 1139 ct
2009 1085 2214 1141 fctores
2252 1085 2544 1154 emittunt,
2595 1085 2734 1144 dum
2778 1084 2835 1142 in
2879 1101 3126 1143 carnosae
3163 1089 3613 1147 cenversationis

1899 1173 2269 1243 squaloribus
2300 1183 2764 1247 computrescunt
2787 1195 2803 1246 ;
2844 1176 2940 1234 sed
2980 1192 3180 1235 eorum
3222 1178 3422 1238 dentes
3457 1181 3614 1238 Deus

1897 1265 2262 1337 omnipotens
2299 1268 2538 1334 excutit,
2579 1267 2718 1325 dum
2762 1283 3159 1340 perversorum
3215 1272 3612 1344 quorumlibet

1895 1360 1948 1410 et
1993 1357 2136 1412 facta
2187 1356 2360 1413 simul
2414 1366 2467 1414 et
2507 1358 2679 1414 verba
2713 1359 3035 1417 confundit.
3067 1359 3230 1418 Unde
3264 1371 3318 1418 et
3366 1361 3486 1419 illic
3531 1362 3614 1419 di-

1899 1442 2050 1500 citur
2083 1463 2094 1500 :
2130 1464 2156 1496 «
2191 1444 2407 1502 Idcirco
2441 1454 2702 1503 vocatum
2729 1455 2813 1504 est
2841 1462 3056 1505 nomen
3085 1448 3209 1520 ejus
3236 1448 3432 1519 Babel,
3476 1449 3615 1523 quia

1901 1531 1982 1589 ibi
2037 1535 2350 1592 confusum
2401 1542 2484 1591 est
2529 1535 2751 1592 labiuni
2804 1537 3096 1593 universas
3139 1547 3323 1607 terrae,
3369 1546 3424 1594 et
3475 1538 3612 1596 inde

1903 1623 2168 1695 dispersit
2207 1638 2301 1680 eos
2347 1623 2631 1683 Dominus
2669 1641 2842 1698 super
2893 1625 3094 1682 faciem
3141 1635 3480 1684 cunctarum
3521 1642 3611 1684 re-

1903 1712 2141 1780 gionum
2183 1712 2335 1779 (Gen.
2379 1722 2482 1781 x1).
2518 1734 2544 1765 »
2581 1712 2750 1770 Recte
2787 1728 2923 1783 ergo
2965 1712 3178 1771 dicitur
3207 1715 3344 1787 quia
3380 1713 3614 1789 superbi

117 1802 182 1860 ita
219 1801 488 1876 proprios
525 1817 931 1876 consumpsere
969 1820 1162 1876 panes,
1201 1810 1263 1860 ut
1300 1803 1641 1862 Christianis
1681 1817 1886 1880 esu-B
1908 1801 1991 1859 illi
2023 1802 2287 1860 homines
2315 1819 2381 1860 ac
2413 1821 2578 1862 vanae
2609 1805 2811 1878 gloriae
2841 1811 3173 1876 captatores,
3207 1806 3484 1865 nimirum
3523 1807 3615 1865 di-

120 1891 400 1948 rientibus
449 1891 532 1947 nil
606 1891 836 1964 penitus
902 1892 1296 1966 impertirent;
1359 1895 1559 1952 tertius
1631 1902 1824 1953 autem

117 1994 298 2044 unam,
340 1995 520 2053 quam
554 1981 811 2053 portabat
849 1981 968 2039 inse
1007 1981 1314 2052 bucellam,
1355 1982 1414 2040 in
1454 1997 1660 2042 novem
1702 1987 1825 2043 fru-

117 2071 190 2123 sta
234 2068 465 2135 divisit,
524 2077 578 2126 et
630 2085 746 2127 una
807 2070 1087 2128 duntaxat
1149 2072 1268 2144 ipse
1319 2079 1638 2142 contentus,
1702 2075 1826 2131 sin-

115 2157 248 2227 gulis
274 2158 388 2232 qui
429 2173 624 2217 secum
655 2167 816 2216 erant
854 2159 1194 2218 Christianis
1229 2161 1484 2234 aequales
1524 2163 1827 2233 particulas

120 2245 483 2306 ministravit.
522 2247 759 2306 Factum
815 2256 899 2306 est
935 2257 1146 2322 postea,
1194 2250 1332 2306 dum
1376 2249 1550 2308 simul
1597 2251 1824 2309 incede-

117 2343 246 2404 rent,
294 2351 436 2395 eoce
495 2338 689 2397 leones
735 2337 796 2395 in
848 2354 944 2396 eos
993 2339 1256 2396 ferociter
1309 2339 1565 2402 irruunt,
1612 2356 1826 2412 eosque

118 2427 498 2497 potissimum,
533 2427 634 2500 qui
667 2443 844 2501 panes
873 2428 980 2486 soli
1009 2440 1505 2503 consumpserant,
1531 2431 1828 2503 signanter

120 2513 434 2588 invadunt;
489 2532 633 2591 quos
671 2518 828 2590 illico
867 2517 1146 2598 violenter
1183 2527 1482 2593 arpaxant,
1520 2529 1574 2578 et
1605 2521 1828 2578 caeteris

120 2605 516 2676 evadentibus,
558 2606 690 2664 illos
730 2603 1124 2678 tantummodo
1157 2609 1490 2666 immaniter
1527 2609 1823 2667 devorant.

123 2689 203 2749 Sic
243 2693 554 2763 nimirum,
597 2695 677 2752 sic
715 2695 815 2770 qui
855 2695 960 2752 soli
1001 2697 1507 2766 manducaverant,
1549 2697 1652 2754 soli
1691 2703 1830 2755 sunt

124 2782 464 2851 manducati,
499 2787 556 2838 et
597 2783 698 2856 qui
735 2783 861 2840 sine
907 2784 1182 2841 charitate
1227 2801 1330 2842 sua
1381 2785 1690 2842 bestialiter
1728 2785 1831 2841 ali-

127 2881 299 2930 menta
345 2880 850 2945 consumpserant,
905 2873 1270 2932 frementium
1330 2875 1642 2933 bestiarum
1693 2883 1830 2934 sunt

125 2960 476 3019 immanitate
514 2962 864 3035 consumpti.
899 2961 1268 3020 Postmodum
1308 2979 1440 3020 vero
1475 2979 1576 3036 per
1607 2964 1830 3037 glareas

125 3050 312 3108 marini
390 3049 604 3107 littoris
678 3051 1020 3122 gradientes,
1095 3051 1350 3110 enormis
1409 3053 1830 3130 magnitudinis

1907 1901 2101 1950 centes
2130 1893 2196 1949 ad
2231 1892 2474 1950 alterum
2513 1913 2523 1950 :
2561 1915 2588 1946 ‹‹
2633 1893 2857 1963 Venite,
2893 1893 3173 1952 faciamus
3208 1895 3371 1953 nobis
3409 1896 3614 1954 civita—

1909 1986 2023 2037 tem
2067 1989 2122 2038 et
2173 1982 2400 2051 turrim,
2432 1983 2601 2054 cujus
2641 1981 2870 2038 culmen
2921 1985 3202 2054 pertingat
3245 1982 3314 2039 ad
3356 1984 3610 2056 omium;

1907 2075 1962 2126 et
1988 2070 2346 2139 celebremus
2386 2085 2595 2127 nomen
2632 2076 2916 2140 nostrum,
2944 2077 3252 2144 antequam
3283 2071 3616 2134 dividamur

1907 2159 1967 2215 in
2018 2159 2321 2217 universas
2372 2165 2550 2216 terras
2595 2159 2808 2236 (lbid.);
2843 2177 2872 2210 υ
2914 2157 3321 2217 habitaverunt
3359 2161 3419 2218 in
3466 2169 3617 2221 terra

1911 2244 2186 2316 Sennaar,
2243 2247 2398 2320 quod
2448 2248 2598 2320 apud
2651 2263 2777 2316 nos,
2817 2247 2968 2305 sicut
3024 2247 3242 2305 dictum
3293 2259 3398 2321 est,
3453 2257 3618 2310 sonat

1908 2335 2176 2393 excussio
2204 2336 2488 2407 dentium,
2511 2337 2600 2394 vel
2636 2339 2778 2395 fetor
2804 2351 3026 2407 eorum,
3053 2338 3329 2410 quoniam
3359 2341 3614 2412 perversi

1907 2429 2146 2502 quique,
2198 2429 2339 2486 dum
2389 2435 2583 2486 contra
2634 2428 2851 2486 divinas
2903 2427 3042 2500 legis
3095 2428 3361 2486 mandata
3415 2443 3617 2504 super-

1910 2518 2098 2586 biunt,
2150 2521 2292 2577 dum
2335 2520 2616 2578 adversus
2659 2519 2842 2577 Deum
2884 2520 3167 2577 cervicem
3223 2521 3410 2578 cordis
3454 2537 3616 2579 arro-

1909 2617 2111 2680 ganter
2140 2608 2410 2667 attollunt
2443 2616 2496 2666 et
2530 2609 2812 2683 proximis
2849 2623 3272 2684 nonnunquam
3311 2610 3618 2670 damnabi-

1913 2696 2042 2754 liter
2091 2697 2420 2767 detrahunt,
2453 2705 2510 2755 et
2548 2697 2652 2770 ipsi
2705 2696 3018 2769 proclivius
3062 2697 3123 2756 in
3170 2699 3436 2757 obscenas
3480 2700 3616 2760 vitae

1910 2789 2276 2861 sterquilinio
2322 2789 2677 2847 volutantur.
2725 2787 2794 2845 Et
2849 2788 2919 2846 de
2977 2791 3325 2849 cxcussione
3379 2793 3617 2866 quidem

1909 2881 2172 2938 dentium
2216 2895 2316 2952 per
2353 2879 2534 2937 David
2575 2879 2829 2937 dicitur:
2867 2905 2892 2931 «
2927 2877 3015 2936 Tu
3049 2882 3378 2953 percussisti
3416 2897 3620 2941 omnes

1910 2970 2281 3027 adversantes
2310 2968 2454 3025 mihi
2487 2968 2612 3025 sine
2639 2983 2830 3036 causa,
2860 2968 3059 3024 dentes
3086 2976 3445 3040 peccatorum
3479 2986 3618 3028 con-

1912 3058 2120 3116 trivisti
2153 3062 2318 3124 (Psal.
2357 3061 2476 3128 111?;
2514 3077 2540 3110 ››
2574 3064 2626 3113 et
2660 3055 2799 3114 alibi
2830 3075 2842 3113 :
2881 3077 2906 3108 «
2944 3055 3095 3114 Deus
3136 3064 3388 3114 conteret
3423 3058 3622 3117 dentes

127 3140 313 3209 piscem
381 3142 702 3214 reperiunt,
760 3157 936 3212 quem
988 3143 1253 3215 protinus
1327 3143 1528 3200 sabulo
1603 3147 2190 3240 propterceorumin
2215 3145 3623 3220 oreipsorum,molasleonumconfringetDomi-

126 3230 348 3302 equites,
443 3246 588 3303 quos
663 3231 892 3289 eminus
963 3231 1270 3289 adventare.
1342 3233 1825 3306 contemplantur,

126 3321 495 3381 abscondunt.
531 3323 597 3381 Et
637 3323 720 3381 illi
753 3326 989 3397 quidem
1033 3325 1266 3398 propius
1305 3325 1650 3391 accedentes,
1688 3324 1830 3382 dum

132 3423 395 3473 recentem
432 3423 857 3487 superaggestze
882 3417 1092 3484 glareas
1119 3415 1481 3486 conspiciunt
1513 3413 1827 3484 tumulum,

130 3504 262 3573 quod
308 3519 404 3561 res
455 3510 592 3572 erat,
639 3503 896 3560 arbitrati
938 3510 1076 3561 sunt
1113 3503 1356 3561 occultae
1405 3504 1708 3577 cujusdam
1747 3517 1832 3560 re-

133 3591 418 3659 positionis
462 3608 572 3649 non
619 3591 814 3649 deesse
856 3593 1219 3663 mysterium.
1262 3591 1608 3664 Incipientes
1652 3591 1832 3656 igitur

131 3680 334 3738 curiose
383 3679 609 3746 rimari,
657 3680 882 3736 tandem
932 3679 1134 3736 divino
1181 3687 1322 3737 nutu
1379 3681 1649 3752 suspicati
1697 3683 1831 3736 sunt

133 3770 473 3840 sepulturam
522 3785 646 3827 esse
693 3769 970 3828 defuncti.
1005 3765 1149 3824 292
1183 3767 1390 3842 Sicque
1431 3769 1570 3825 dum
1615 3768 1702 3825 illi
1741 3783 1830 3824 re.-

133 3853 450 3931 linqnentes
479 3864 682 3931 empta,
723 3857 1045 3927 discedunt,
1085 3855 1178 3912 isti
1207 3855 1561 3914 defodientes
1603 3850 1831 3913 benedi-

134 3943 362 4004 ctionem
391 3945 582 4004 divini
607 3947 866 4005 muneris
889 3947 944 4003 in
972 3961 1074 4004 sua
1097 3946 1360 4018 protinus
1389 3944 1663 4002 alimenta
1690 3959 1830 4002 oon-

139 4040 442 4093 vertunt....
483 4035 621 4108 (106)
729 4105 1092 4165 EPISTOLA
1121 4106 1218 4164 XL

591 4200 670 4245 AD
708 4200 874 4246 CIVES
915 4199 1328 4246 FLOHENTINOS.

441 4277 708 4346 (Habetur
746 4283 874 4334 tom.
909 4280 989 4332 III
1013 4282 1197 4346 estque
1219 4291 1402 4346 opusc.
1435 4275 1524 4343 30)

695 4365 1064 4424 EPISTULA
1112 4365 1241 4423 XII.

411 4459 494 4505 AD
531 4457 809 4505 HERMISIN
820 4459 936 4503 DEM
986 4457 1524 4504 SANCTIMONIALEM.

136 4535 571 4607 AHGUMENTUM.
602 4569 686 4607 -ν
709 4534 774 4592 In
815 4535 994 4607 hujus
1033 4533 1289 4607 epistola:
1326 4533 1664 4607 fragmentis
1688 4535 1824 4607 scri-
1849 4538 1899 4596 D

201 4605 332 4661 bene
375 4607 444 4664 ad
487 4604 916 4664 Hermisintletn
961 4604 1154 4662 contra
1193 4605 1467 4677 superbos
1513 4604 1834 4677 invehitur,

203 4692 494 4750 variisque
540 4693 834 4736 sacrarum
884 4677 1201 4750 litterarum
1257 4676 1599 4733 testimoniis
1645 4683 1836 4734 osten-

198 4745 277 4804 dit
301 4745 599 4820 supcrbize
625 4749 1021 4807 fundamentis
1051 4750 1286 4806 innixos
1311 4756 1422 4804 cito
1449 4761 1716 4804 corruere

201 4832 553 4898 Hennismni
649 4837 1188 4897 sanctimoniali.....
1272 4838 1500 4894 Ps'rnus
1580 4844 1840 4908 peccator

139 4929 565 4986 monachus.....

205 5035 224 5062 ι
257 5013 408 5074 Cum
427 5017 928 5090 proliciscerentur
950 5016 1018 5073 de
1040 5016 1290 5084 Oriente,
1315 5015 1662 5074 invenerunt
1682 5031 1839 5072 eam-

140 5119 264 5175 pum
293 5109 355 5166 in
395 5104 541 5169 terra
584 5111 860 5181 Sennaar,
893 5120 948 5168 et
983 5110 1386 5167 habitaverunt
1423 5109 1480 5166 in
1524 5125 1626 5178 eo;
1659 5109 1839 5167 dixit—

138 5207 242 5266 que
263 5198 415 5257 alter
449 5202 516 5258 ad
548 5201 882 5274 proximum
919 5215 1091 5258 suum
1137 5224 1148 5255 :
1195 5199 1416 5270 Venite,
1451 5199 1727 5256 faciamus
1769 5199 1842 5255 la-

141 5295 293 5360 teres,
343 5299 406 5347 et
453 5308 770 5366 coquamus
811 5309 906 5351 eos
945 5292 1107 5360 igni;
1151 5291 1590 5364 babueruntque.
1635 5290 1840 5348 lateres

141 5391 232 5448 pro
283 5381 472 5451 saxis,
531 5390 587 5440 et
639 5383 894 5441 bitumen
949 5399 1052 5455 pro
1101 5389 1385 5440 cremento
1450 5383 1600 5450 (Gen.
1644 5387 1748 5450 Χῖ).
1809 5404 1836 5431 ιι

142 5465 307 5528 Porro
344 5477 544 5528 autem
582 5487 714 5529 cum
743 5469 1008 5530 Christus
1043 5487 1173 5528 vere
1203 5471 1274 5527 sit
1313 5469 1533 5538 Oriens,
1565 5471 1841 5544 prepheta

143 5561 398 5630 testante,
441 5561 538 5634 qui
594 5560 732 5618 ait:
792 5583 812 5612 ι
869 5560 1012 5619 Ecce
1065 5561 1156 5618 vir
1201 5559 1405 5618 Oriens
1451 5574 1661 5617 nomen
1714 5558 1842 5632 ejus

195 5655 335 5720 (ttl6)
359 5658 531 5723 Hujus
553 5660 704 5724 epist.
729 5660 852 5711 ﬂns
875 5661 1212 5710 desidera‘ur
1242 5662 1294 5710 in
1326 5671 1429 5710 ms.

1916 3253 2026 3292 nus
2056 3237 2221 3304 (Psal.
2259 3236 2412 3296 Lvn‘,.
2447 3255 2473 3287 »
2514 3233 2596 3291 De
2632 3234 2808 3290 fetore
2847 3249 3079 3306 quoque
3115 3249 3313 3292 eorum
3351 3235 3625 3308 propheta

1911 3326 2060 3383 alius
2090 3323 2234 3380 293
2260 3325 2396 3382 dicit
2429 3343 2440 3382 :
2479 3347 2504 3375 ‹‹
2541 3325 3033 3395 Computruerunt
3071 3322 3334 3394 jumenta
3368 3323 3428 3380 in
3475 3330 3624 3382 ster-

1912 3428 2040 3470 core
2067 3429 2172 3470 suo
2201 3415 2349 3484 (Joel.
2377 3415 2431 3482 ι).
2459 3434 2485 3464 »
2516 3411 2582 3467 Et
2615 3409 2790 3467 Isaias
2819 3429 2830 3466 :
2857 3431 2882 3460 «
2911 3409 3052 3480 Erit,
3085 3409 3294 3484 inquit,
3327 3426 3428 3483 pro
3454 3411 3623 3469 suavi

1912 3502 2086 3558 odore
2101 3503 2244 3558 fetor
2257 3505 2384 3568 (Isa.
2402 3506 2504 3567 ill).
2517 3521 2543 3550 »
2559 3497 3148 3570 Enimveroquisquis
3166 3497 3288 3555 vult
3305 3496 3621 3556 aedilicium

1911 3589 2160 3647 condere
2185 3592 2337 3662 quod
2362 3588 2526 3645 facile.
2558 3586 2745 3644 ruina)
2775 3601 2888 3642 non
2922 3585 2994 3642 sit
3021 3584 3370 3654 obnoxium,
3393 3601 3625 3645 necesse

1913 3689 1994 3737 est
2026 3697 2158 3737 eum
2191 3695 2306 3737 non
2338 3678 2541 3736 lateres
2571 3681 2626 3734 et
2654 3677 2915 3734 bitumen
2958 3675 3190 3744 habere,
3219 3690 3352 3746 quae
3389 3684 3625 3750 repente

1914 3769 2224 3838 dissiliant,
2267 3768 2362 3825 sed
2419 3766 2637 3840 lapides
2683 3765 2870 3840 potius
2915 3780 2981 3822 ac
3019 3779 3178 3831 saxa,
3211 3779 3344 3838 quae
3381 3764 3625 3838 parietes

1911 3860 2152 3931 erigant,
2192 3865 2247 3916 et
2285 3857 2456 3914 calcis
2514 3872 2580 3913 ac
2635 3855 2825 3912 sabuli
2863 3860 3237 3924 caementum,
3277 3855 3432 3928 quod
3471 3855 3627 3929 ipsos

1912 3949 2156 4024 parietes
2219 3945 2497 4005 inviolata
2566 3943 2824 4018 lapidum
2899 3960 3174 4018 compage
3249 3945 3622 4019 constringat.

1913 4040 2075 4109 Quod
2122 4055 2257 4110 ergo
2297 4038 2415 4110 jam
2460 4036 2594 4094 dicti
2643 4033 2949 4108 Babylonii
2995 4033 3198 4091 lateres
3227 4049 3330 4106 pro
3359 4035 3536 4105 saxis,
3570 4043 3628 4095 et

1915 4129 2180 4186 bitumen
2229 4125 2514 4193 habebant
2557 4139 2658 4198 pro
2705 4128 3009 4194 caemento,
3064 4123 3311 4180 carnalis
3363 4123 3498 4181 vita;
3543 4125 3625 4182 si-

1913 4219 2190 4289 gniﬁcant
2218 4217 2554 4284 zediticium,
2586 4213 2655 4270 ad
2686 4212 2806 4269 vim
2841 4221 3174 4282 ventorum,
3208 4213 3296 4271 vel
3339 4213 3622 4287 impetum

1917 4306 2229 4365 fluminum
2263 4303 2606 4377 quantocius
2644 4301 3029 4359 obruendum.
3064 4301 3246 4359 Urbes
3283 4302 3402 4360 illas
3431 4303 3624 4362 taber-

1918 4397 2281 4464 naculorum,
2323 4409 2467 4468 quas
2523 4392 2743 4450 Pharao
2794 4389 2916 4450 luto
2967 4392 3246 4465 paleaque
3299 4394 3630 4453 construxit

1922 4488 2115 4556 ,Eaeod.
2147 4486 2214 4556 1):
2256 4485 2535 4541 nimirum
2581 4481 2722 4546 luto,
2766 4481 2914 4553 quod
2953 4482 3250 4554 inquinat;
3280 4481 3463 4554 palea,
3495 4497 3628 4555 quae

1921 4575 2240 4632 destinatur
2281 4573 2349 4629 ad
2398 4574 2680 4642 ﬂammas,
2727 4573 2993 4630 Phithom
3043 4579 3096 4630 et
3145 4573 3448 4632 Ramesses
3491 4579 3632 4631 sunt

1923 4680 2038 4721 non
2067 4663 2191 4719 sine
2219 4661 2493 4734 mysterio
2524 4669 2890 4734 nuncupata).
2923 4660 3190 4718 Phithom
3215 4658 3500 4732 siquidem
3533 4661 3630 4718 in-

1924 4757 2265 4824 terpretatur
2315 4765 2372 4804 os
2422 4750 2626 4817 abyssi,
2685 4749 2774 4805 vel
2847 4750 3045 4806 subito.
3096 4747 3371 4820 Quisquis
3443 4749 3626 4820 enim,

1918 4842 2087 4915 juxta
2128 4838 2288 4896 Pauli
2331 4837 2693 4906 sententiam,
2736 4851 2909 4910 supra
2961 4837 3426 4904 fundamentum,
3469 4835 3627 4909 quod

1924 4937 2004 4987 est
2063 4928 2325 4986 Christus
2379 4927 2567 4994 JI-sus,
2632 4925 2810 4999 ligna,
2863 4927 3084 4992 fenum,
3137 4925 3406 4998 stipulam
3468 4939 3630 4984 nunc

1924 5017 2168 5076 mdiﬁcat
2231 5035 2242 5074 :
2297 5015 2470 5089 quale
2515 5019 2798 5087 cujusque
2837 5029 2981 5086 opus
3019 5013 3116 5084 bit,
3169 5013 3319 5085 ignis
3363 5013 3630 5086 probabit

1925 5109 1972 5178 (Ι
2007 5110 2124 5164 Cor.
2163 5113 2242 5166 III)
2279 5128 2291 5162 :
2327 5112 2382 5161 et
2409 5119 2527 5177 quo
2557 5103 2743 5174 magis
2773 5103 2832 5158 in
2869 5101 3050 5159 altum
3091 5103 3214 5160 ιιωο
3250 5101 3499 5160 carnalis
3538 5101 3632 5162 vi-

1926 5202 1996 5252 tae
2040 5200 2325 5252 structura
2371 5190 2746 5262 suberigitur.
2779 5196 2936 5247 tanto
2981 5189 3296 5262 proclivius
3337 5191 3517 5249 veluti
3565 5191 3630 5253 in

1923 5282 2118 5355 abyssi
2176 5294 2506 5350 voraginem
2570 5293 2774 5346 mersa,
2842 5275 3033 5334 subito
3085 5276 3418 5350 dissipatur,
3473 5281 3630 5338 unde

1925 5371 2202 5442 scriptum
2260 5375 2386 5424 est:
2427 5388 2451 5418 «
2491 5366 2722 5424 Ducunt
2775 5365 2834 5422 in
2895 5364 3060 5423 bonis
3115 5364 3238 5422 dies
3283 5381 3442 5438 suos,
3469 5375 3527 5426 et
3571 5369 3632 5427 in

1927 5469 2138 5535 puncto
2193 5461 2259 5516 ad
2334 5458 2560 5516 inferna
2611 5456 2969 5515 descendunt
3017 5457 3130 5528 (Job
3179 5457 3324 5526 XXI).
3387 5477 3416 5510 ι)
3472 5456 3630 5516 Bene

1926 5569 2062 5623 ergo
2095 5551 2308 5608 dicitur
2348 5556 2402 5606 et
2447 5564 2510 5606 os
2561 5547 2776 5624 abyssi,
2803 5555 2862 5606 et
2904 5549 3114 5620 subito,
3159 5549 3297 5622 quia
3327 5548 3399 5608 de
3423 5564 3626 5611 carna-
