4024 6198
374 321 479 382 487

898 315 958 374 S.
1006 310 1226 373 PETRI
1268 306 1588 370 DAMIANI
1628 307 1785 367 OPP.
1829 305 2021 367 PARS
2062 305 2203 367 SEU
2254 306 2504 368 TOMUS
2542 308 2585 366 Ι.
2633 340 2669 350 υ-
2735 305 2969 367 EPIST.
3014 305 3158 368 LIB.
3200 306 3344 370 VIII.

3713 322 3800 379 iss

372 450 446 506 lis
492 446 651 514 vitae,
697 456 831 514 qua
875 455 975 513 per
1022 454 1155 497 eum
1192 437 1478 505 innuitur,
1522 435 1781 494 culmine
1820 449 1934 492 non
1985 434 2367 494 se-Asutnus
2414 434 2530 492 Deo
2587 433 2645 491 in
2695 432 2767 490 iis
2824 434 2925 509 qui
2966 433 3111 491 salvi
3158 434 3302 494 ﬁunt
3336 443 3388 493 et
3411 435 3468 494 in
3494 436 3562 496 iis
3586 441 3676 513 qui
3698 457 3780 513 per

373 537 585 611 gniter,
629 533 728 591 sed
781 532 891 589 cito
942 530 1256 599 corruitur;
1317 535 1372 584 et
1419 526 1567 584 illud
1617 533 1700 584 est
1746 541 1810 584 os
1862 526 2077 599 abyssi,

375 624 533 699 quod
601 636 872 680 ascensus
930 617 1229 675 videbatur
1309 632 1433 674 «sse
1501 614 1736 687 fastigii,
1800 613 2081 687 Propheta

372 716 637 781 testante,
665 710 767 783 qui
802 708 926 765 ait:
971 729 999 759 ι(
1043 705 1307 777 Dejecisti
1353 720 1450 762 eos
1503 704 1642 761 dum
1690 702 2082 760 allevarentur

367 805 530 877 (Psal.
597 798 799 869 LXXII).
865 820 885 846 ιι
946 795 1247 853 Ramesses
1316 808 1451 850 vero
1507 794 1775 864 pabulum
1849 789 2078 862 dicitur,

369 890 462 947 vel
515 892 694 955 tinea,-
727 883 1002 958 pabulum
1054 898 1306 956 namque
1352 880 1566 939 diaboli
1598 888 1734 938 sunt
1761 896 1963 939 omnes
1988 896 2079 938 re—

368 976 554 1053 probi,
597 974 812 1050 quibus
858 973 956 1030 ille
1007 978 1276 1045 tanquam
1331 971 1503 1044 lupus
1551 970 1760 1028 ovibus
1810 969 2078 1040 vescitur,

369 1081 687 1141 eorumque
737 1064 989 1138 pernicie
1039 1063 1195 1120 velut
1237 1061 1427 1134 epulis
1473 1061 1786 1132 saginatur.
1831 1059 1909 1117 De
1958 1059 2083 1135 qui-

364 1157 475 1216 bus
497 1157 669 1214 etiam
700 1171 800 1230 per
826 1155 1004 1212 David
1037 1152 1246 1210 dicitur
1279 1175 1291 1209 :
1328 1174 1347 1202 ι
1388 1150 1549 1209 Sicut
1586 1166 1721 1208 oves
1752 1150 1811 1206 in
1853 1149 2082 1207 inferno

236 1244 257 1263 ’
368 1245 536 1319 positi
562 1250 716 1313 sunt,
748 1247 803 1300 et
841 1258 997 1299 mors
1034 1241 1299 1314 depascet
1324 1256 1420 1298 eos
1450 1243 1620 1306 (Psal.
1650 1244 1878 1303 XLVII).
1912 1263 1935 1289 ιι

438 1333 600 1391 Dixit
625 1331 909 1390 Dominus
936 1331 1004 1388 ad
1033 1330 1272 1403 Moysen
1303 1330 1497 1401 (Emod.
1528 1331 1607 1400 Iv)
1633 1348 1644 1386 :
1681 1353 1700 1378 ι
1726 1328 1944 1401 Projice
1974 1329 2087 1387 Vii‘

367 1439 501 1497 gam
530 1438 702 1496 quam
734 1421 796 1477 in
840 1435 1019 1478 manu
1048 1426 1253 1492 gestas,
1288 1419 1345 1475 in
1384 1426 1625 1486 terram;
1655 1426 1709 1475 et
1741 1417 1990 1491 projecit,
2027 1424 2083 1475 et

369 1512 556 1569 factus
583 1516 666 1569 est
695 1524 946 1582 serpens.
983 1506 1235 1580 Expavit
1258 1506 1415 1565 illico
1444 1505 1690 1579 Moyses,
1722 1515 1777 1564 et
1801 1506 1950 1579 fugit
1978 1530 1988 1575 ;
2026 1513 2082 1563 et

369 1598 451 1658 ait
494 1598 581 1655 illi
621 1597 908 1656 Dominus
957 1620 969 1652 :
1014 1596 1392 1669 Apprehende
1437 1597 1679 1654 caudam
1710 1596 1870 1669 ejus;
1904 1603 1960 1653 et
1986 1612 2080 1668 ap-

368 1685 695 1761 prehendit,
730 1688 986 1759 factaque
1015 1693 1098 1743 est
1135 1686 1346 1745 iterum
1391 1686 1571 1759 virga.
1606 1710 1627 1737 ι
1660 1686 1864 1745 Cuncti
1904 1686 2079 1759 liqui-

2162 530 2339 594 eunt;
2392 523 2523 583 aliis
2573 523 2805 599 quidem
2858 524 3000 585 odor
3050 524 3247 583 mortis
3294 525 3350 583 in
3405 535 3651 599 mortem,
3698 530 3805 590 aliis

2162 613 2303 672 odor
2332 614 2467 672 vitm
2516 615 2576 673 in
2618 615 2792 673 vitam
2818 618 2896 687 (II
2924 618 3042 674 Cor.
3076 619 3157 683 II).
3196 638 3215 665 ι
3248 615 3445 674 Pactus
3490 617 3698 689 quidem
3740 626 3807 676 est

2164 702 2301 763 Saul
2352 704 2625 777 majorem
2654 705 2833 763 ﬁliam
2875 721 3037 763 suam
3082 704 3276 762 Merob
3318 704 3487 763 David
3525 708 3646 765 dare
3683 725 3806 768 uxo-

2162 810 2281 852 rem
2310 813 2324 865 ;
2358 796 2454 853 sed
2503 813 2635 855 cum
2680 804 2907 871 tempus
2943 797 3267 855 advenisset
3307 812 3419 871 quo
3454 797 3567 856 dari
3616 799 3710 858 sibi
3737 801 3811 859 de-

2161 885 2399 956 buisset,
2431 901 2544 945 non
2575 887 2628 944 ei
2672 886 2802 945 data
2838 894 2942 959 est,
2980 886 3079 944 sed
3113 886 3214 945 alii
3249 889 3544 960 conjuncta
3580 895 3656 946 est
3690 888 3809 947 viro.

2161 972 2380 1032 Dilexit
2426 983 2618 1034 autem
2676 975 2884 1033 Michol
2950 975 3126 1033 ﬁliam
3202 973 3339 1033 Saul
3390 976 3609 1035 alteram
3662 977 3812 1037 David

2161 1076 2406 1137 eamque
2443 1064 2553 1122 sibi
2593 1078 2839 1122 uxorem
2877 1064 3182 1138 conjunxit
3209 1069 3259 1133 (Ι
3279 1068 3406 1134 Reg.
3443 1069 3622 1133 XVIII).
3652 1065 3813 1124 Merob

2161 1150 2374 1225 quippe
2417 1151 2819 1224 interpretatur
2868 1156 2935 1209 de
2980 1155 3366 1222 multitudine;
3398 1153 3595 1213 Michol
3631 1161 3812 1225 autem,

2161 1256 2309 1310 aqua
2359 1240 2449 1297 vel
2493 1258 2562 1296 ea:
2616 1243 2883 1299 omnibus.
2919 1242 2987 1299 Et
3028 1242 3169 1316 quid
3219 1259 3318 1316 per
3363 1241 3567 1313 Merob,
3600 1243 3699 1301 nisi
3735 1242 3815 1300 illa

2160 1328 2441 1387 duntaxat
2466 1331 2795 1391 inﬁdelium
2824 1333 2991 1390 turba
3019 1332 3301 1406 signatur,
3334 1348 3465 1406 qum
3492 1339 3573 1390 est
3606 1333 3668 1391 de
3696 1331 3821 1389 mul-

2160 1418 2408 1477 titudine
2452 1435 2584 1493 quae
2625 1419 2970 1493 repellitur?
3020 1446 3046 1469 α
3086 1420 3254 1479 Multi
3292 1421 3445 1478 enim
3484 1426 3612 1480 sunt
3647 1419 3815 1490 vocati,

2136 1503 2333 1580 'pauci
2370 1522 2507 1566 vero
2547 1507 2710 1566 electi
2742 1511 2965 1576 (Matth.
2998 1514 3131 1578 xx).
3172 1533 3191 1561 ι
3226 1508 3377 1579 Quid
3404 1515 3591 1569 autem
3615 1525 3704 1583 per
3732 1508 3820 1565 Mi-

2160 1597 2309 1666 chol,
2348 1596 2460 1653 nisi
2508 1604 2704 1655 sancta
2742 1598 3026 1671 ﬁguratur
3063 1598 3341 1668 Ecclesia,
3365 1614 3397 1655 a
3446 1614 3557 1672 qua
3600 1596 3823 1654 videlicet

2160 1700 2363 1743 omnes
2406 1684 2676 1743 oriuntur
2721 1685 2904 1752 electi,
2934 1686 3025 1745 vel
3059 1703 3193 1761 quas
3230 1703 3309 1745 ex
3348 1686 3614 1745 omnibus
3644 1689 3826 1743 constat

368 1777 441 1835 do
492 1775 767 1834 novimus
819 1774 955 1847 quia
1002 1790 1235 1848 serpens
1278 1776 1435 1844 (Gen.
1489 1780 1573 1842 Ill)
1617 1778 1797 1834 suasit
1854 1776 2136 1845 hominiB
2161 1772 2398 1832 electis?
2447 1773 2590 1844 Quae
2637 1775 2769 1833 licet
2808 1775 3000 1834 ﬁlium
3047 1791 3162 1834 non
3202 1777 3491 1849 genuerit,
3528 1774 3621 1833 hic
3668 1781 3822 1830 tamen

368 1872 652 1934 mortem;
691 1878 825 1937 ergo
877 1879 1028 1921 mors
1073 1880 1106 1921 a
1153 1872 1433 1938 serpente.
1479 1863 1632 1932 Quid
1667 1872 1862 1923 autem
1915 1866 2078 1939 virga

366 1950 481 2009 nisi
533 1950 816 2021 Christus,
843 1951 913 2008 de
955 1967 1071 2025 quo
1120 1953 1394 2025 propheta
1442 1953 1578 2011 dicit
1613 1971 1626 2009 :
1660 1978 1685 2002 α
1727 1952 1873 2022 Quia
1914 1970 2075 2027 egre-

365 2040 560 2100 dietur
596 2042 758 2114 virga
793 2040 863 2099 de
911 2042 1097 2099 radice
1140 2041 1337 2100 Iesse?
1375 2065 1394 2093 ι
1428 2045 1573 2113 (Isai.
1617 2044 1719 2114 XI.)
1752 2042 1926 2116 Virga
1968 2043 2077 2123 ita-

364 2145 479 2204 que
508 2131 567 2188 in
600 2137 941 2204 serpentem,
984 2130 1248 2189 Christus
1296 2132 1359 2188 in
1404 2140 1665 2190 mortem.
1707 2132 1933 2207 Moyses
1967 2150 2075 2192 au-

372 2225 483 2278 tem
519 2220 776 2292 expavit,
821 2224 873 2277 et
913 2219 1081 2293 fugit,
1122 2220 1259 2293 quia
1304 2235 1582 2294 suspenso
1630 2222 1697 2278 in
1741 2237 1933 2291 cruce,
1983 2222 2076 2281 vel

371 2310 653 2370 moriente
690 2309 957 2380 Domino,
993 2309 1186 2367 omnis
1224 2310 1321 2367 ille
1369 2309 1760 2383 apostolorum
1797 2326 2076 2369 numerus

372 2399 740 2457 tremefactus
769 2400 1021 2471 expavit,
1060 2405 1117 2457 et
1149 2415 1182 2456 a
1219 2406 1388 2456 certae
1442 2398 1562 2472 spei
1605 2413 1672 2457 ac
1710 2399 1892 2457 ﬁrmae
1939 2398 2075 2457 ﬁdei

369 2488 654 2546 soliditate
701 2486 951 2545 recessit.
1008 2486 1154 2556 Quia
1208 2503 1341 2546 vero
1393 2488 1574 2546 cauda
1633 2494 1891 2546 extrema
1949 2502 2076 2560 pars

369 2585 453 2636 est
506 2577 779 2650 corporis,
839 2575 981 2653 quid
1032 2575 1145 2632 nisi
1198 2576 1371 2633 ﬁnem
1428 2575 1742 2634 Dominicze
1789 2576 2074 2649 signiﬁcat

366 2668 693 2744 passionis?
752 2667 975 2739 Moyses
1030 2664 1207 2736 igitur
1256 2666 1494 2724 caudam
1563 2668 1960 2741 apprehendit,
2019 2674 2075 2725 et

365 2757 515 2815 nihil
546 2757 599 2814 ei
632 2757 691 2813 in
729 2755 890 2826 virga
928 2754 1076 2811 ultra
1113 2754 1397 2827 serpentis
1432 2757 1718 2827 apparuit,
1749 2756 1885 2827 quia
1924 2772 2073 2814 com-

366 2846 520 2921 pleto
564 2843 882 2904 Dominicze
937 2842 1221 2915 passionis
1275 2842 1577 2916 crucisque
1649 2844 1957 2918 mysterio,
2017 2849 2074 2901 et

367 2937 559 2995 ﬁdelis
606 2935 851 3009 quisque
914 2940 1051 2991 tunc
1104 2934 1177 2991 ad
1232 2934 1405 2991 ﬁdem
1456 2934 1644 3005 rediit,
1690 2943 1745 2993 et
1782 2934 2066 3005 Christus,

366 3033 704 3099 consumpta
732 3029 932 3091 morte,
962 3023 1214 3097 idipsum
1257 3025 1319 3082 in
1367 3041 1427 3083 se
1450 3027 1618 3099 quod,
1637 3026 1825 3085 fuerat
1853 3043 1951 3100 per
1981 3043 2071 3086 re-

2162 1867 2565 1938 intelligentiaa
2589 1868 2714 1941 ejus
2740 1868 3012 1928 sterilitas
3039 1884 3157 1926 non
3177 1868 3424 1927 obsistit.
3456 1865 3625 1925 Aliud
3651 1865 3827 1939 quippe

2163 1958 2505 2031 mysterium
2541 1964 2645 2028 est,
2679 1958 2816 2032 quia
2856 1959 2976 2032 regi
3020 1958 3197 2017 David
3242 1965 3329 2018 est
3372 1960 3436 2017 in
3474 1953 3830 2031 conjugalitate

2163 2046 2497 2119 conjuncta;
2553 2046 2736 2118 aliud,
2785 2047 2923 2120 quia
2971 2047 3215 2121 perstitit
3278 2046 3631 2115 infecunda;
3681 2040 3829 2109 aliud,

2163 2134 2303 2209 quia
2353 2134 2566 2193 Christi
2617 2134 2851 2193 Domini
2898 2144 2984 2195 est
3037 2137 3235 2196 sortita
3284 2136 3655 2212 conjugium;
3705 2132 3831 2191 aliud

2163 2226 2300 2298 quia
2339 2226 2708 2284 fecunditatis
2744 2242 2863 2285 non
2893 2228 3107 2286 meruit
3142 2228 3387 2295 donum,
3415 2226 3513 2284 sed
3551 2222 3761 2298 pertulit
3787 2222 3831 2278 in

2162 2313 2339 2372 Israel
2377 2315 2693 2373 sterilitatis
2725 2314 3119 2390 opprobrium.
3156 2315 3326 2374 Hanc
3380 2331 3519 2374 sane
3565 2311 3732 2372 David
3765 2326 3839 2367 sa-

2162 2401 2325 2475 perbi
2354 2402 2505 2475 regis
2536 2402 2675 2460 Saul
2704 2403 2815 2461 sibi
2848 2404 3027 2461 ﬁliani
3059 2405 3286 2476 junxit,
3320 2405 3467 2463 dum
3503 2402 3655 2460 fortis
3690 2411 3836 2457 manu

2161 2493 2300 2551 Jesu
2342 2507 2408 2550 ac
2461 2493 2663 2551 merito
2711 2493 3110 2552 desiderabilis
3147 2509 3277 2551 eam
3328 2494 3403 2552 de
3442 2490 3670 2565 superbi
3697 2488 3844 2559 hujus

2162 2580 2368 2641 mundi
2406 2583 2684 2657 principis
2719 2583 2995 2656 obsequio
3030 2585 3289 2652 sustulit,
3333 2584 3564 2657 sibique
3589 2577 3841 2640 confoede-

2160 2673 2399 2731 rationis
2444 2675 2669 2732 intimae
2708 2673 2935 2747 glutino
2990 2675 3279 2733 counivit.
3367 2674 3562 2744 Quam
3616 2668 3848 2729 videlicet

2163 2762 2394 2831 Michol,
2435 2778 2571 2836 qum
2606 2771 2801 2822 sancta
2847 2763 3162 2822 electorum
3211 2771 3305 2822 est
3361 2763 3639 2831 Ecclesia,
3676 2772 3845 2832 super-

2158 2852 2271 2911 bus
2296 2852 2397 2911 ille
2435 2852 2594 2922 Saul,
2626 2854 2734 2911 hoc
2770 2861 2873 2922 est,
2903 2853 3194 2927 malignus
3234 2854 3505 2928 spiritus,
3527 2867 3659 2911 cum
3689 2845 3849 2908 Merob

2158 2941 2385 2999 auferre
2422 2942 2664 3000 minime
2692 2942 2864 3013 valet,
2897 2942 3035 3016 quia
3074 2942 3267 3002 ﬁdelis
3306 2950 3507 3003 custos
3537 2935 3848 3000 irrevocabi-

2160 3027 2295 3087 liter
2323 3045 2449 3087 eam
2480 3047 2603 3089 suae
2639 3031 2963 3090 dilectionis
2994 3031 3317 3090 obstrinxit
3354 3027 3745 3106 amplexibus,
3770 3021 3850 3096 qui

369 3112 741 3172 surrectionis
783 3111 1024 3185 gloriam
1074 3114 1377 3186 reparavit.
1408 3112 1641 3173 Tollens
1686 3114 1874 3173 Aaron
1932 3116 2068 3174 tbu-
2089 3143 2134 3203 ρ
2158 3116 2219 3174 in
2250 3117 2568 3192 Evangelio
2591 3119 2802 3177 clamat
2839 3138 2850 3178 :
2890 3145 2915 3168 «
2948 3118 3095 3178 Oves
3128 3135 3277 3178 mea—3
3301 3135 3524 3179 vocem
3557 3130 3731 3176 meam
3766 3126 3853 3169 au-

366 3204 644 3268 ribulum,
677 3202 934 3262 cucurrit
966 3218 1068 3276 per
1109 3203 1356 3261 mediam
1400 3204 1855 3274 multitudinem,
1896 3222 2070 3279 quam
2104 3202 2117 3203 ί
2156 3206 2345 3278 dinnt,
2375 3214 2430 3265 et
2472 3222 2588 3266 non
2618 3208 2890 3283 peribunt
2921 3208 2983 3266 in
3017 3215 3329 3279 mternum,
3361 3216 3421 3268 et
3460 3224 3576 3268 non
3616 3204 3754 3279 rapit
3777 3212 3855 3258 eas

368 3293 630 3351 vastabat
656 3293 992 3351 incendium
1019 3311 1037 3363 ;
1061 3300 1118 3351 et
1140 3300 1297 3351 stans
1321 3293 1472 3352 inter
1494 3302 1748 3352 mortuos
1774 3310 1841 3351 ac
1864 3296 2072 3353 viven-

366 3391 467 3449 tes,
502 3381 819 3456 thymiama
859 3381 1105 3453 obtulit;
1138 3382 1337 3456 sicque
1378 3381 1699 3441 desaeviens
1738 3382 1905 3456 plaga
1948 3399 2070 3441 ces-

362 3473 512 3533 savit
560 3475 744 3543 (Num.
794 3474 945 3541 XVI).
987 3469 1168 3540 Quem
1222 3485 1360 3529 sane
1413 3472 1602 3530 Aaron
1669 3470 1783 3528 nisi
1832 3470 2074 3529 Redem-

361 3572 581 3639 ptorem
609 3566 874 3620 nostrum
909 3559 1215 3632 signabat?
1245 3558 1376 3633 Ipse
1406 3577 1656 3635 namque
1692 3561 1968 3635 quoniam
2000 3561 2070 3619 ad

361 3653 710 3713 currendam
741 3649 919 3720 viam,
950 3649 1116 3723 quasi
1141 3650 1303 3723 gigas
1328 3652 1647 3710 exsultavit
1676 3655 1842 3725 (Psal.
1871 3657 2066 3721 XVIII),

360 3750 585 3817 arrepto
610 3740 896 3816 passionis
928 3755 1051 3798 suae
1112 3740 1432 3811 thuribulo,
1464 3741 1612 3799 inter
1647 3751 1903 3802 mortuos
1927 3739 2073 3797 294

362 3848 427 3891 ac
471 3831 731 3889 viventes
769 3829 1038 3899 occurrit,
1067 3835 1119 3885 et
1167 3828 1392 3901 objectu
1434 3829 1621 3889 crucis
1666 3846 1805 3901 suae,
1849 3831 1910 3888 in
1956 3846 2072 3904 qua

364 3916 686 3992 thymiama
713 3916 863 3973 sacri
888 3915 1142 3988 corporis
1179 3923 1610 3975 concrematam
1648 3926 1751 3987 est,
1783 3926 1838 3976 et
1867 3922 2072 3994 Agnus

364 4009 467 4069 ille
507 4008 754 4068 caelestis
802 4012 1023 4065 assatus
1071 4014 1175 4077 est,
1222 4007 1388 4064 vivos
1435 4023 1502 4065 ac
1538 4016 1795 4067 mortuos
1840 4026 2070 4083 separa-

361 4101 481 4170 vit;
516 4098 787 4172 ignisque
818 4094 1133 4168 perniciem
1162 4095 1234 4152 ab
1271 4095 1375 4167 eis,
1414 4096 1581 4169 quasi
1620 4097 1860 4171 quidam
1891 4098 2070 4156 inter-

364 4191 610 4250 veniens
657 4201 882 4254 murus,
912 4184 1180 4253 exclusit,
1214 4190 1279 4243 ut
1319 4200 1497 4243 vorax
1534 4186 1766 4245 ﬂamma
1796 4188 2073 4260 deglutiat

366 4277 628 4337 inﬁdeles
674 4288 960 4349 quosque,
989 4272 1061 4331 de
1101 4272 1314 4346 quibus
1354 4274 1629 4347 scriptum
1677 4283 1762 4334 est
1794 4296 1804 4333 :
1840 4301 1865 4324 «
1902 4278 2072 4336 Nunc

365 4366 519 4441 ignis
559 4362 918 4422 adversarios
970 4359 1282 4433 consumit,
1336 4371 1391 4420 et
1440 4363 1604 4436 justi,
1650 4365 1754 4438 qui
1814 4366 1927 4424 ﬁde
1981 4369 2068 4424 vi-

364 4462 530 4524 vunt,
571 4451 908 4513 incendium
966 4449 1352 4511 damnationis
1393 4452 1648 4511 evadunt
1680 4455 1856 4526 (Hebr.
1913 4456 1989 4527 Χ).
2045 4479 2066 4506 a

2155 3295 2465 3369 quisquam
2498 3296 2568 3354 de
2603 3312 2782 3355 manu
2839 3312 2968 3355 mea
2995 3301 3173 3367 (Joan.
3209 3308 3302 3363 X).
3348 3322 3375 3345 ιο

2224 3381 2358 3453 Qui,
2420 3389 2741 3457 contempta
2797 3392 3039 3443 terrenae
3095 3384 3570 3443 conversationis
3617 3375 3852 3449 concupi-

2154 3470 2503 3543 scentiaeque
2560 3479 2869 3540 structura,
2922 3472 3242 3545 spiritualis
3309 3472 3557 3531 aediﬁcii
3619 3466 3858 3527 fabricam

2153 3565 2520 3631 construunt,
2556 3560 2618 3617 hi
2654 3561 2817 3634 quasi
2860 3560 3064 3619 lateres
3108 3561 3168 3617 in
3224 3560 3493 3635 lapidem
3535 3554 3858 3622 vertunt;et

2155 3661 2272 3705 non
2303 3648 2366 3705 in
2404 3665 2580 3707 arena
2624 3651 2937 3709 mundanae
2965 3649 3105 3723 spei,
3140 3649 3239 3706 sed
3276 3650 3345 3707 in
3375 3657 3544 3722 petra
3576 3646 3726 3716 ﬁdei,
3752 3653 3862 3715 qua?

2154 3739 2417 3799 Christus
2457 3747 2542 3799 est
2586 3743 2634 3813 (Ι
2670 3745 2787 3799 Cor.
2820 3743 2895 3813 Χ),
2925 3741 3070 3799 atria
3107 3756 3425 3814 nunquam
3469 3740 3702 3812 lapsura
3740 3744 3860 3790 con-

2152 3830 2424 3889 stituunt.
2458 3829 2624 3889 Unde
2672 3847 2773 3905 per
2816 3831 3021 3890 Isaiam
3069 3830 3287 3889 dicitur
3336 3854 3350 3888 :
3402 3857 3431 3879 α
3480 3829 3712 3888 Lateres
3742 3820 3865 3881 ceci-

2152 3917 2384 3986 derunt,
2432 3918 2531 3976 sed
2577 3919 2814 3992 quadris
2861 3917 3148 3991 lapidibus
3200 3918 3682 3982 aediﬁcabimus;
3728 3922 3866 3982 syco-

2154 4022 2346 4065 moros
2389 4006 2778 4077 succiderunt,
2818 4007 2919 4067 sed
2969 4006 3166 4065 cedros
3216 4004 3690 4066 immutabimus
3735 3999 3868 4069 (1505-

2151 4098 2318 4167 1x).»
2362 4096 2668 4156 Lateribus
2710 4097 2922 4173 quippe
2971 4098 3316 4156 cadentibus
3369 4092 3528 4151 295
3585 4102 3641 4151 et
3692 4086 3868 4163 lapidi—

2152 4185 2263 4244 bus
2293 4185 2530 4259 quadris
2542 4186 2789 4245 aediﬁcat
2808 4188 3076 4261 quisquis
3088 4186 3307 4246 vitioru
3318 4203 3382 4244 m
3394 4186 3870 4260 voluptatumque

2151 4274 2453 4333 lasciviam
2479 4274 2839 4334 districtioris
2868 4275 3004 4333 vitae
3032 4276 3219 4348 rigore
3244 4277 3531 4349 castigat,
3573 4273 3676 4348 qui
3712 4270 3869 4341 legem

2153 4362 2346 4421 carnis
2400 4364 2521 4438 lege
2569 4365 2807 4437 spiritus
2851 4371 3100 4438 superat,
3137 4364 3240 4436 qui
3300 4363 3729 4422 fortitudinem
3766 4368 3871 4413 cor-

2159 4452 2314 4523 poris
2341 4451 2523 4508 animi
2554 4451 2767 4511 virtute
2787 4452 3063 4511 demutat.
3102 4451 3271 4510 Unde
3305 4468 3531 4512 rursus
3562 4468 3666 4524 per
3692 4445 3875 4506 Isaiam

364 4505 621 4618 Quorum
655 4551 1012 4603 mortuorum
1044 4550 1213 4619 atque
1249 4544 1574 4603 viventium
1607 4505 1727 4617 jam
1758 4554 1812 4603 et
1842 4505 2068 4619 ipsilla-
2090 4505 2368 4600 Ddicitur
2404 4561 2416 4599 :
2455 4564 2476 4592 ε
2513 4541 2626 4611 Qui
2659 4541 2959 4600 conﬁdunt
2993 4542 3050 4599 in
3085 4541 3340 4600 Domino
3379 4505 3712 4601 mutabunt
3738 4530 3875 4619 fortis

364 4643 556 4696 trones
593 4641 911 4694 noscuntur
948 4633 1126 4691 fuisse
1162 4632 1455 4705 primitiae,
1496 4634 1647 4692 inter
1684 4651 1831 4710 quos
1870 4636 2069 4694 Domi-

365 4741 482 4785 nus
528 4722 844 4782 cruciﬁxus
888 4727 992 4791 est,
1026 4735 1277 4793 quorum
1323 4720 1466 4779 alter
1514 4721 1747 4789 electus,
1790 4722 1933 4780 alter
1985 4730 2071 4781 est

363 4814 569 4875 merito
625 4811 878 4886 perﬁdia
924 4809 1277 4882 reprobatus.
1330 4807 1449 4866 Hoc
1502 4809 1696 4883 itaque
1753 4810 2068 4885 thymiama

364 4902 635 4965 sacriﬁcii
663 4901 931 4960 salutaris
957 4906 1132 4974 atque
1164 4899 1498 4971 singularis,
1528 4900 1681 4973 quod
1719 4900 1779 4958 in
1812 4917 1912 4959 ara
1934 4918 2064 4960 cru-

367 4994 450 5054 cis
536 4989 796 5050 oblatum
875 4995 975 5046 est-
1039 4988 1156 5046 Deo
1235 4986 1409 5054 Patri,
1466 5003 1632 5046 mons
1686 4988 1784 5047 ille
1837 4990 2065 5048 fortitu-

361 5085 518 5143 dinis
582 5080 736 5140 inter
812 5086 1067 5136 mortuos
1146 5076 1521 5153 viventesque
1596 5081 1859 5152 portavit,
1932 5096 2065 5139 cum

364 5172 595 5231 odorem
648 5182 771 5227 sum
806 5165 1027 5224 notitias
1073 5178 1174 5237 per
1221 5163 1418 5223 ﬁdeles
1459 5170 1515 5222 et
1552 5164 1815 5223 inﬁdeles
1843 5165 2061 5227 effudit.

371 5259 529 5318 Unde
588 5262 674 5314 est
730 5254 874 5313 illud
931 5254 987 5311 in
1045 5254 1293 5312 Canticis
1340 5277 1353 5310 :
1409 5279 1434 5301 κ
1490 5251 1861 5326 Unguentum
1915 5256 2065 5313 effu-

366 5361 497 5405 sum
535 5358 743 5402 nomen
793 5349 955 5401 tuum
998 5343 1173 5409 (Cant.
1207 5346 1266 5410 I).
1314 5367 1338 5388 ι»
1385 5340 1454 5397 Et
1496 5341 1847 5415 Apostolus:
1886 5364 1905 5393 ι
1948 5342 2064 5401 Deo

367 5440 561 5493 autem
589 5433 821 5508 gratias,
848 5431 950 5506 qui
996 5445 1222 5504 semper
1250 5430 1565 5503 triumphat
1609 5447 1713 5489 nos
1742 5430 1801 5487 in
1837 5431 2063 5489 Christo

367 5525 529 5591 .lesu,
576 5530 630 5581 et
691 5523 926 5581 odorem
994 5522 1213 5581 notitiae
1275 5529 1409 5578 suas“
1463 5535 1691 5593 semper
1732 5519 2064 5577 manifestas

363 5630 469 5693 per
521 5629 627 5675 nos
677 5612 738 5671 in
790 5612 952 5671 omni
1001 5611 1143 5681 loco,
1204 5608 1342 5684 quia
1396 5608 1603 5667 Christi
1676 5610 1866 5668 bonus
1923 5608 2064 5668 odor

2158 4628 2417 4686 tudinem
2451 4630 2599 4700 (1εαί.
2632 4631 2750 4702 XL).
2786 4655 2811 4677 ››
2848 4629 2991 4687 Nam
3034 4629 3196 4700 dum,
3238 4645 3370 4688 non
3424 4634 3768 4692 assumunt,
3797 4616 3877 4676 sed

2158 4718 2488 4789 mutabunt,
2519 4718 2690 4789 dixit,
2721 4725 2976 4792 patenter
3024 4719 3282 4777 innotuit
3334 4718 3534 4777 aliam
3580 4733 3706 4775 esse
3743 4709 3881 4771 forti-

2158 4809 2441 4880 tudinem,
2471 4826 2606 4883 quas
2634 4809 2959 4883 deponitur,
2991 4808 3162 4867 aliam
3203 4824 3349 4882 quae
3394 4812 3647 4868 noviter
3672 4804 3888 4865 inchoa-

2156 4904 2270 4956 tur.
2312 4899 2463 4956 Hinc
2497 4899 2693 4957 electis
2721 4915 2821 4973 per
2848 4898 3212 4957 Psalmistam
3257 4898 3502 4957 dicitur
3534 4920 3548 4957 :
3588 4926 3615 4948 «τ
3649 4893 3889 4953 Viriliter

2156 4987 2327 5061 agite,
2360 4994 2415 5044 et
2461 4986 2813 5045 confortetur
2863 5002 2959 5044 cor
3006 4992 3283 5057 vestrum,
3318 5002 3555 5047 omnes
3585 4986 3693 5062 qui
3719 4995 3895 5058 spera-

2157 5075 2228 5133 tis
2270 5075 2331 5132 in
2374 5075 2620 5133 Domino
2671 5077 2887 5148 (Psalm.
2924 5080 3097 5145 xxx).
3151 5100 3176 5124 η
3223 5074 3392 5133 Hinc
3449 5077 3742 5136 Salomon
3789 5072 3891 5128 ait:

2158 5189 2184 5212 «ι
2212 5164 2296 5222 En
2340 5165 2621 5223 lectulum
2670 5162 2989 5223 Salomonis
3041 5164 3356 5237 sexaginta
3415 5166 3615 5225 fortes
3651 5161 3899 5223 ambiunt

2152 5267 2226 5310 ex
2258 5251 2581 5310 fortissimis
2609 5250 2785 5310 Israel
2815 5254 2990 5322 (Cant.
3023 5254 3126 5322 III).
3169 5278 3194 5299 »ι

2225 5342 2593 5400 «Inebriavit
2642 5356 2735 5399 Ine
2781 5340 3073 5399 absinthio
3130 5343 3365 5409 (Τὴν-θη.
3435 5348 3562 5412 tu).
3623 5370 3652 5393 ιο
3711 5338 3903 5401 Ebrius

2151 5432 2383 5506 quippe,
2444 5430 2595 5504 quod
2656 5432 2873 5500 tolerat,
2921 5430 3083 5488 velut
3147 5431 3522 5503 arreptitius
3602 5450 3757 5509 pene
3827 5426 3902 5485 vel

2155 5527 2344 5576 mente
2370 5524 2588 5592 captus,
2616 5518 2858 5592 ignorat.
2900 5516 3150 5588 Quilibet
3189 5532 3333 5591 ergo
3382 5534 3751 5592 perversus,
3780 5518 3905 5577 dum

2155 5610 2359 5668 mundi
2408 5609 2563 5667 lucra
2610 5608 2939 5681 phrenetice
2974 5607 3363 5682 concupiscit,
3405 5613 3521 5684 qui
3588 5620 3675 5671 tot
3717 5608 3910 5669 labori-

3983 5174 3985 5267 ι

3983 5340 3985 5477 l
