4024 6198
229 334 334 402 489

1432 330 1654 400 LIBER
1693 332 2058 415 OCTAVUS,
2092 340 2334 408 EPIST.
2376 342 2528 410 XIV.
2596 398 2599 403 .

232 469 346 528 bus
378 465 680 541 premitur,
720 480 788 523 ea
812 480 947 538 quis
976 464 1211 539 patitur,
1245 465 1396 524 mala
1422 480 1539 524 non
1566 467 1758 537 sentit,
1788 467 1998 540 quo-A
2019 468 2213 528 lomon
2263 473 2342 530 ait
2389 492 2401 531 :
2461 495 2489 527 «
2521 473 2704 544 Quem
2739 475 2931 549 diligit
2967 476 3270 547 Dominus,
3306 479 3574 554 corripit;
3622 483 3730 541 ﬂa-

230 559 389 616 niam
421 556 492 614 ad
521 563 727 615 cuncta
758 554 1171 613 delectabiliter
1194 554 1447 624 ducitur,
1486 556 1547 613 in
1583 557 1800 630 quibus
1824 573 1940 632 pm-

230 647 438 704 naliter
462 645 756 717 fatigatur.

299 760 327 782 «
361 732 525 792 Sicut
566 748 704 791 oves
747 734 808 791 in
857 732 1086 791 inferno
1134 733 1303 807 positi
1342 739 1497 804 sunt,
1528 741 1584 792 et
1634 750 1788 793 mors
1838 736 1939 794 de-

223 830 420 899 pascet
480 838 579 881 eos
642 827 811 889 (Psal.
873 827 1105 891 XLVIII).
1150 847 1172 876 ι
1228 823 1375 883 Oves
1426 824 1598 883 habet
1654 825 1935 897 Christus,

221 929 372 987 quas
413 912 485 971 ad
514 928 743 970 ammna
787 912 1035 970 virentia
1081 912 1269 972 caulis
1301 914 1631 973 caelestibus
1668 914 1939 973 introdu-

220 1013 350 1073 cat;
408 1020 548 1062 oves
599 1004 789 1073 habet,
850 1010 905 1061 et
958 1004 1059 1063 ille
1109 1005 1362 1076 rugiens,
1412 1022 1560 1081 quas
1620 1007 1938 1065 insatiabili

222 1102 507 1153 cruentus
544 1110 644 1152 ore
679 1093 976 1166 deglutiat.
1013 1092 1123 1164 Qui
1150 1095 1297 1152 bene
1332 1111 1484 1153 mors
1515 1096 1744 1164 dicitur,
1777 1098 1935 1171 quia,

217 1199 360 1241 cum
390 1183 468 1240 sit
496 1191 696 1241 auctor
716 1182 934 1249 mortis,
956 1182 1029 1240 ad
1051 1181 1420 1241 inferendum
1445 1184 1613 1241 nobis
1636 1185 1936 1243 interitum

220 1274 544 1332 crudeliter
572 1274 863 1331 efferatur.
913 1272 1071 1330 Unde
1102 1273 1354 1331 Joannes
1387 1293 1399 1331 :
1444 1294 1472 1326 «
1504 1274 1573 1331 Et
1600 1290 1728 1333 ecce
1753 1291 1939 1349 equus

217 1363 497 1438 pallidus,
528 1369 583 1419 et
610 1360 974 1436 quisedebat
1001 1376 1172 1434 super
1200 1376 1357 1432 eum,
1391 1376 1604 1420 nomen
1629 1361 1753 1420 illi:
1787 1362 1940 1422 Mors

227 1452 425 1522 (Apoc.
462 1453 544 1519 Vl)
557 1494 569 1508 .
603 1470 632 1502 δ)

674 1518 1203 1578 EPISTULA
1258 1519 1494 1578 XIII.

767 1604 844 1649 AD
895 1602 1165 1649 SOROBEM
1221 1604 1399 1650 SUAM.

230 1686 678 1754 ARGUMENTUM.
715 1714 780 1724 —
838 1681 1091 1754 Rogatus
1141 1698 1174 1738 a
1225 1696 1448 1754 sorore,
1478 1681 1548 1739 de
1592 1682 1795 1740 mundi
1844 1684 1939 1741 in-

303 1756 495 1823 teritu,
534 1752 1164 1827 Antichristia'dveutu
1187 1758 1242 1827 et
1274 1753 1492 1827 judicio
1522 1769 1791 1827 supremo
1815 1755 1937 1812 dis-

299 1829 480 1895 serit;
539 1823 991 1897 cujusquidem
1039 1823 1244 1896 judicii
1276 1823 1457 1882 'diem
1522 1823 1748 1897 semper
1801 1833 1934 1885 ante

296 1898 496 1957 oculos
524 1895 848 1955 habendam
870 1910 992 1953 esse
1020 1895 1119 1953 ait.

298 1990 667 2049 Dulcissimae
704 1988 885 2047 sorori
924 1987 1006 2046 ΙΙΙ
1050 1988 1280 2048 PETRUS
1319 1995 1577 2063 peccator
1616 1992 1940 2050 monachus

226 2078 518 2139 humilem
542 2078 603 2136 in
638 2078 884 2136 Domino
913 2077 1273 2138 servitutem.

293 2166 461 2237 Quod
515 2183 550 2225 a
599 2182 709 2235 me,
745 2182 905 2225 soror
960 2167 1320 2239 charissima,
1354 2169 1498 2242 petis
1552 2178 1753 2230 notum
1810 2172 1937 2232 tieri

222 2256 349 2325 tibi,
400 2255 544 2325 quid
595 2262 727 2312 ante
774 2254 984 2312 mundi
1033 2254 1404 2328 creationem,
1450 2263 1556 2315 etc.
1608 2259 1813 2315 Eadem
1859 2267 1938 2316 est

220 2349 337 2403 haec
365 2349 527 2417 epist.
562 2362 681 2435 quae
711 2351 762 2400 et
796 2346 891 2400 lib.
929 2355 991 2402 VI
1021 2347 1154 2400 τοΜὶ
1181 2345 1365 2413 hujus.

799 2431 1060 2492 EPISTO
1070 2433 1165 2492 LA
1214 2433 1363 2492 XIV.

375 2520 453 2566 AD
481 2518 740 2567 SOBOHES
762 2517 906 2563 SUAS
934 2516 1313 2564 BODELINDAM
1361 2517 1433 2563 ET
1462 2517 1790 2565 SUFFICIAM.

219 2591 668 2647 ABGUMENTUM.
698 2618 764 2626 —
789 2584 1170 2658 Rotlelindam
1197 2591 1369 2658 atque
1396 2584 1712 2655 Sulliciam,
1739 2587 1939 2645 ambas

299 2659 509 2717 marito
538 2657 783 2726 orbatas,
818 2655 889 2713 ad
919 2655 1416 2714 servandum'non
1446 2658 1636 2714 solum
1662 2658 1936 2726 corporis,

293 2730 398 2788 sed
442 2730 615 2787 etiam
664 2727 895 2800 mentis,
932 2727 1023 2800 ab
1050 2728 1211 2784 omni
1248 2726 1373 2800 labe
1408 2728 1938 2800 intactampurita-

293 2809 435 2865 tem,
472 2799 960 2873 cogitationesque
1005 2799 1347 2873 immundae
1384 2799 1546 2856 omni
1576 2799 1766 2856 studio
1813 2799 1937 2873 evi-

295 2870 815 2950 tandasliortatur.
851 2870 1022 2950 Quod
1036 2877 1109 2950 .ut
1136 2870 1365 2950 facilius
1400 2876 1670 2950 praestare
1697 2870 1935 2950 possint,

292 2944 634 3019 patientiam
684 2942 742 2999 in
762 2940 1285 3019 _tribulationibus,
1313 2940 1642 3019 orationem
1689 2940 1814 3019 sine
1843 2940 1936 3019 in4

298 3012 693 3083 termissione,
757 3012 1232 3085 frequentemet
1280 3012 1563 3070 sinceram
1623 3012 1937 3085 confessio-

292 3102 460 3158 nem,
496 3082 1000 3143 mansuetudinem
1041 3084 1101 3141 in
1137 3082 1422 3150 inimicos,
1457 3090 1513 3141 et
1550 3082 1935 3141 contumelio-

287 3184 409 3239 sos,
452 3166 906 3244 misericordiam
956 3166 1014 3223 in
1050 3180 1348 3244 pauperes,
1394 3161 1539 3219 296
1587 3172 1641 3222 et
1671 3162 1994 3244 deniquec

288 3236 572 3299 curarum
626 3239 994 3297 saecularium
1047 3236 1465 3309 ablegationem
1525 3236 1785 3293 maximo
1846 3236 1938 3292 eis

284 3311 630 3385 adjumento
658 3311 882 3368 futuras
909 3324 1035 3367 esse
1069 3314 1325 3366 testatur.

286 3397 670 3458 Charissimis
696 3396 756 3455 in
788 3395 1014 3455 Christo
1043 3394 1342 3454 sororibus
1371 3393 1735 3452 RODELINDzE
1762 3399 1936 3468 atque

108 3478 112 3483 ’
216 3490 521 3551 SUFFICME
543 3488 773 3547 Psrnus
813 3493 1070 3562 peccator
1114 3486 1429 3545 monachus
1457 3484 1680 3542 intimte
1709 3497 1936 3556 germa-

215 3579 425 3638 nitatis
456 3579 750 3637 allectum.

268 3668 518 3731 ,Uberes
565 3668 784 3727 divina;
829 3664 1245 3741 dispensationi
1282 3665 1494 3738 gratias
1536 3662 1743 3734 refero,
1794 3661 1936 3720 dum

220 3775 347 3830 vos,
410 3759 564 3817 fama
620 3758 999 3829 discurrente,
1077 3755 1364 3830 comperio
1426 3760 1481 3813 et
1533 3754 1593 3812 in
1653 3753 1937 3811 virtutum

220 3850 628 3925 spiritualium
688 3850 908 3907 fervere
962 3845 1322 3906 unanimiter
1362 3843 1591 3914 studiis,
1640 3849 1695 3900 et
1744 3847 1936 3899 tamen

223 3932 482 3997 div’ersis
525 3936 730 3996 mundi
771 3936 1065 4011 subJacere
1113 3933 1421 4009 pressuris.
1460 3931 1602 3989 Nota
1649 3929 1937 4004 siquidem

219 4037 307 4087 est
347 4026 643 4101 regularis
687 4025 785 4084 illa
824 4040 1091 4099 supernze
1110 4022 1354 4095 justitize
1383 4021 1561 4092 linea,
1587 4036 1700 4094 qua
1730 4020 1938 4076 invisi-

218 4117 362 4175 bilis
398 4116 630 4175 Arbiter
659 4130 756 4174 eos
782 4113 844 4172 in
872 4117 980 4172 hac
1010 4114 1128 4171 vita
1168 4110 1499 4184 temporalis
1535 4124 1815 4166 aerumnas
1847 4107 1942 4164 lla-

214 4209 395 4283 gellis
443 4207 655 4278 erudit,
704 4206 921 4279 quibus
976 4205 1194 4263 tradere
1245 4205 1536 4276 perpetuae
1586 4198 1941 4257 baereditatis

211 4299 350 4371 jura
388 4296 666 4368 disponit,
700 4310 911 4368 eosque
952 4300 1226 4366 tanquam
1255 4305 1453 4348 servos
1478 4288 1642 4346 duris
1685 4286 1940 4344 verberi-

222 4386 336 4446 bus
380 4386 585 4455 afficit,
614 4400 759 4461 quos
781 4385 901 4456 jam
948 4399 1047 4457 per
1070 4380 1309 4441 occulta:
1345 4377 1627 4438 cautionis
1663 4378 1939 4448 edictum,

215 4482 281 4533 ut
312 4490 525 4533 revera
564 4473 714 4531 tilios
751 4472 813 4530 in
847 4470 1264 4543 patrimonium
1295 4466 1657 4540 capessenda:
1692 4464 1940 4539 proprias

217 4562 607 4637 possessionis
637 4561 899 4619 adscivit.
940 4558 1214 4631 Quisquis
1254 4555 1411 4615 enim
1451 4554 1592 4612 dum
1625 4561 1775 4612 recta
1803 4553 1937 4626 agit,

214 4651 592 4712 successibus
634 4648 840 4721 aﬂluit;
869 4648 1112 4721 dignum
1159 4643 1411 4718 profecto
1447 4649 1552 4711 est,
1586 4648 1651 4699 ut
1686 4646 1812 4715 ejus
1848 4659 1945 4701 cor

217 4740 474 4799 formido
520 4739 832 4809 concutiat,
870 4753 942 4796 ne
987 4736 1127 4794 dum
1179 4731 1399 4791 meritis
1439 4731 1562 4789 suis
1608 4745 1943 4805 recompen-

213 4830 333 4887 sari
380 4828 662 4901 conspicit
701 4824 1052 4899 temporalia,
1090 4822 1312 4881 minora
1347 4823 1599 4887 fortasse,
1641 4819 1729 4877 vel
1782 4820 1945 4877 nulla

220 4919 647 4977 redhibeantur
677 4927 910 4974 (eterna.
949 4911 1148 4987 Atqui
1184 4911 1335 4969 bona
1363 4914 1633 4984 operatur
1660 4915 1714 4966 et
1745 4906 1940 4979 ﬂagel-

220 5008 293 5066 lis
316 5007 610 5075 atteritur,
635 5013 824 5064 ccrtus
849 5004 968 5078 jam
1010 5018 1127 5060 non
1157 4999 1445 5058 immerito
1470 4999 1542 5056 de
1572 4996 1943 5055 retribuenda

218 5096 333 5154 sibi
397 5094 572 5162 bona,
630 5093 885 5152 conferta
941 5099 996 5151 et
1042 5088 1319 5163 coagitata
1384 5085 1650 5144 laborum
1702 5100 1942 5144 suorum

219 5200 509 5245 mensura
558 5184 803 5253 laetatur,
851 5182 988 5256 quia
1034 5186 1189 5238 tanto
1238 5183 1364 5252 post
1411 5173 1725 5234 increvisse
1783 5191 1941 5232 sum-

219 5289 391 5333 mam
431 5271 637 5331 crediti
676 5271 912 5330 fcenoris
951 5269 1196 5340 invenit,
1256 5275 1473 5342 quanto
1523 5266 1684 5340 prius
1734 5265 1796 5323 in
1828 5265 1941 5336 via,

218 5380 332 5423 nec
382 5361 747 5436 stipendium
796 5361 1029 5436 quidem
1083 5365 1503 5418 momentaneze
1555 5355 1945 5430 prosperitatis

218 5452 473 5525 accepit.
536 5450 691 5509 Hine
737 5459 823 5509 est
877 5449 1029 5523 quod
1083 5463 1184 5521 per
1233 5447 1298 5506 B.
1354 5444 1628 5505 Iacobum
1684 5443 1940 5502 dicitur:

223 5568 252 5600 ιι
286 5545 489 5605 Omne
534 5543 813 5616 gaudium
865 5540 1210 5609 existimate,
1267 5539 1466 5597 fratres
1515 5536 1649 5608 mei,
1699 5550 1832 5594 cum
1884 5536 1944 5595 in

225 5632 589 5691 tentatioues
620 5630 811 5689 varias
849 5628 1170 5688 incideritis
1204 5631 1339 5699 (Jac.
1372 5631 1436 5695 1).
1471 5650 1492 5677 ι
1537 5624 1689 5683 Hinc
1730 5629 1787 5682 et
1837 5621 1944 5682 Sa-

525 5745 781 5806 Puaoa.
819 5744 1071 5805 CXLIV.

2019 560 2194 631 gellat
2218 569 2413 619 autem
2439 577 2672 621 omnem
2702 562 2889 622 filium
2916 579 3087 638 quem
3127 566 3327 639 recipit
3354 571 3529 640 (Prov.
3562 576 3661 643 nt).
3697 591 3727 624 ι)

2022 650 2145 709 Non
2179 652 2357 722 igitur
2392 652 2682 713 immerito
2717 658 2952 728 gaudet,
2982 657 3085 730 qui
3130 658 3187 714 in
3235 665 3451 718 sanctas
3485 675 3725 720 conver-

2020 739 2259 798 sationis
2288 741 2497 801 itinere
2532 744 2897 812 constitutus,
2928 746 3070 803 dum
3100 762 3161 804 se
3190 745 3435 818 ﬂagellis
3460 749 3726 808 conside-

2021 836 2105 885 rat
2148 830 2435 889 ultoribus
2469 832 2643 901 cingi,
2689 833 2749 889 in
2791 840 2999 891 sortem
3049 834 3305 894 filiorum
3358 836 3459 895 Dei
3502 854 3564 896 se
3608 853 3726 896 non

2018 916 2259 989 ambigit
2283 917 2558 990 adoptari.
2586 918 2707 976 Hoc
2736 926 2959 978 tantum
2991 920 3234 979 sollicita
3266 924 3725 984 consideratione

2019 1005 2343 1062 cavendum
2384 1012 2486 1077 est,
2527 1022 2597 1064 ne
2627 1006 2778 1064 inter
2800 1007 2929 1080 ipsa
2979 1008 3342 1068 rectitudinis
3374 1026 3549 1083 opera
3589 1014 3725 1086 qui-

2019 1090 2130 1149 bus
2179 1092 2418 1151 debetur
2461 1093 2665 1166 utique
2701 1094 3033 1167 praemium,
3074 1096 3495 1157 admisceamus
3548 1099 3724 1158 etiam

2020 1178 2289 1250 quasdam
2310 1193 2505 1251 prava,
2532 1179 2663 1237 licet
2688 1181 2950 1250 minima,
2967 1181 3183 1256 quibus
3219 1184 3503 1257 irrogetur
3519 1185 3722 1244 saltem

2022 1267 2337 1341 temporale
2365 1268 2735 1342 supplicium.
2781 1269 2941 1328 Unde
2980 1278 3036 1328 et
3077 1272 3276 1330 Petrus
3308 1272 3389 1330 ait
3430 1291 3443 1324 :
3480 1297 3506 1325 ι
3543 1273 3726 1335 Nemo

2023 1362 2285 1414 vestrum
2313 1357 2562 1429 patiatur
2596 1359 2760 1432 quasi
2793 1359 3098 1428 homicida,
3130 1369 3230 1420 aut
3265 1363 3377 1434 fur,
3407 1368 3510 1422 aut
3542 1364 3727 1422 male-

2020 1445 2205 1516 dicus,
2237 1453 2337 1504 aut
2363 1446 2687 1506 alienorum
2711 1450 2992 1522 appetitor
3015 1453 3070 1521 (Ι
3090 1454 3235 1509 Petr.
3266 1458 3370 1522 IV).
3396 1472 3423 1506 ››
3447 1450 3727 1528 Quisquis

2019 1548 2155 1606 ergo
2203 1533 2295 1591 vel
2350 1534 2539 1593 aliena
2593 1537 2843 1610 cupidus
2891 1537 3122 1611 appetit,
3170 1540 3264 1596 vel
3316 1539 3612 1599 maledicis
3662 1544 3725 1601 in

2021 1623 2356 1696 quempiam
2404 1624 2594 1682 verbis
2634 1626 2861 1683 excedit
2906 1626 3051 1700 quin
3104 1627 3278 1699 digne
3326 1629 3558 1701 patitur,
3604 1646 3729 1703 pas-

2022 1708 2203 1768 sionis
2233 1726 2356 1769 suae
2389 1714 2699 1785 praemium
2728 1731 2846 1772 non
2877 1722 3150 1773 meretur.

1948 1821 1996 1883 Β
2097 1797 2207 1859 Vos
2266 1806 2479 1861 autem.
2541 1799 2952 1870 dilectissimus,
3015 1805 3153 1877 quia
3197 1802 3385 1862 soluto
3433 1805 3730 1878 conjugali

2021 1888 2283 1953 vinculo,
2343 1888 2636 1947 vidualem
2721 1892 3132 1949 continentiam
3196 1893 3547 1964 proﬁtentes,
3614 1910 3732 1953 non

2020 1977 2192 2035 modo
2228 1978 2301 2035 ad
2330 1978 2674 2036 immortalis
2712 1978 2919 2052 Sponsi
2952 1979 3220 2053 copulam
3257 1982 3730 2055 transmigrastis,

2018 2068 2117 2127 sed
2166 2074 2221 2126 et
2267 2069 2558 2138 incentiva
2606 2071 2804 2128 omnia
2850 2070 3099 2129 carnalis
3148 2071 3437 2132 illecebras
3478 2075 3732 2134 mirandi

2018 2158 2262 2217 fervoris
2312 2159 2585 2218 instantia
2622 2160 2953 2233 reprimere,
3000 2159 3120 2218 imo
3155 2162 3493 2236 cruciﬁgere
3529 2164 3732 2223 decre-

2018 2248 2205 2317 vistis,
2241 2254 2295 2305 et
2333 2247 2708 2321 vosmetipsas
2744 2248 2815 2305 ab
2863 2248 3163 2307 inferenda
3203 2264 3440 2322 prorsus
3495 2251 3733 2310 lzesione

2017 2336 2375 2410 compescite,
2408 2342 2464 2394 et
2504 2335 2693 2394 illatas
2738 2336 2811 2394 ab
2849 2336 2980 2395 aliis
3021 2337 3430 2412 aequanimiter
3474 2338 3730 2399 tolerate.

2020 2426 2093 2485 Ut
2123 2426 2261 2500 quia
2290 2418 2640 2499 Redemptor
2663 2431 2720 2484 et
2748 2426 2899 2484 mala
2924 2441 3041 2484 non
3072 2425 3221 2496 fecit,
3252 2435 3309 2485 et
3337 2443 3571 2487 crucem
3597 2445 3732 2503 per-

2022 2515 2170 2586 tulit,
2218 2516 2339 2590 jam
2383 2517 2442 2573 in
2505 2515 2671 2574 vobis
2717 2515 2978 2589 ejusdem
3031 2516 3247 2573 summi
3296 2515 3503 2590 Sponsi
3563 2517 3735 2576 arrha

2021 2604 2308 2663 fcederalis
2340 2611 2628 2678 appareat,
2653 2604 2792 2663 dum
2825 2604 2939 2662 via;
2968 2603 3094 2677 ejus
3123 2609 3180 2662 et
3230 2604 3345 2663 vita
3374 2612 3565 2664 vestra
3595 2621 3736 2666 con-

2019 2694 2232 2752 cordat.
2269 2692 2390 2750 Etsi
2433 2693 2590 2751 enim
2648 2694 2886 2764 Agnum
2923 2706 3041 2749 non
3091 2692 3295 2751 valetis
3339 2694 3532 2767 sequi,
3587 2710 3735 2770 quo-

2019 2799 2250 2858 cunque
2281 2783 2407 2842 ierit
2445 2787 2638 2856 (Apoc.
2669 2788 2821 2852 XIV),
2862 2790 3133 2856 tanquam
3177 2784 3456 2857 virgines,
3489 2785 3738 2844 sufﬁciat

2018 2889 2154 2933 eum
2175 2873 2341 2931 vobis
2367 2872 2581 2930 imitari
2602 2887 2704 2945 per
2720 2871 2871 2929 viam
2897 2872 3211 2946 patientiae,
3233 2874 3335 2946 qui
3356 2876 3611 2948 profecto
3636 2890 3740 2948 per

2018 2969 2265 3021 mortem
2288 2960 2583 3019 transiitin
2600 2960 3079 3019 resurrectionem
3092 2961 3247 3019 vitae.
3274 2961 3344 3019 Et
3360 2977 3437 3021 ne
3456 2962 3737 3022 diuturna

2019 3051 2258 3109 fortasse
2277 3050 2537 3108 molestia
2564 3048 2727 3133 vobis
2750 3049 2975 3121 ingerat
2996 3048 3252 3118 taedium,
3275 3049 3615 3121 evangelica
3637 3049 3739 3108 illa

2025 3141 2195 3199 Anna
2214 3145 2422 3199 vestra;
2438 3138 2709 3197 viduitati
2729 3145 3081 3212 proponatur
3097 3140 3457 3213 exemplum.
3482 3138 3629 3210 Quae
3655 3140 3741 3198 ni-

2029 3228 2267 3299 mirum,
2329 3226 2473 3284 297
2537 3227 2829 3302 Scriptura
2903 3234 3059 3297 teste,
3128 3228 3392 3303 septenni
3468 3228 3740 3303 conjugio

2028 3317 2284 3386 fruitam,
2314 3320 2436 3388 jam
2474 3332 2662 3391 usque
2706 3316 2779 3375 ad
2816 3317 3105 3390 octoginta
3141 3324 3390 3391 quatuor
3431 3333 3619 3377 annos
3674 3319 3739 3376 in

2028 3405 2307 3464 viduitate
2366 3412 2715 3479 processerat
2760 3409 2906 3477 (Luc.
2965 3412 3067 3475 ll);
3130 3413 3529 3469 verumtamen
3602 3421 3741 3480 quas

2031 3502 2144 3552 tam
2173 3495 2491 3568 prolixum,
2521 3502 2639 3553 tam
2666 3510 2955 3553 annosum
2985 3494 3220 3552 vivendi
3245 3501 3470 3566 tempus
3500 3494 3740 3567 accepit,

2028 3584 2295 3658 nunquid
2328 3584 2421 3642 vel
2456 3583 2712 3642 vacando
2766 3582 2998 3650 fabulis,
3032 3583 3122 3640 vel
3151 3582 3423 3641 deliciose
3466 3582 3741 3656 vivendo,

2027 3672 2375 3732 curvatrices
2424 3672 2600 3730 anilis
2652 3672 2763 3730 aevi
2811 3670 3102 3730 molestias
3159 3671 3553 3744 temperavit?
3605 3671 3739 3740 Sed,

2027 3760 2400 3819 continentiae
2432 3760 2797 3834 longaavitate
2834 3759 3153 3833 priemissa,
3188 3758 3453 3833 protinus
3486 3776 3741 3829 evange-

2028 3848 2159 3908 lista
2220 3848 2566 3922 subjungit:
2624 3873 2650 3898 α
2685 3846 2831 3917 Quia
2872 3862 2991 3905 non
3032 3846 3357 3905 discedebat
3407 3845 3479 3905 de
3526 3848 3743 3923 templo

2023 3939 2264 4013 jejuniis
2319 3945 2375 3996 et
2438 3936 2929 3995 obsecrationibus
2981 3936 3240 3995 serviens
3301 3946 3468 3995 nocte
3525 3954 3591 3996 ac
3646 3939 3741 3997 die

2030 4030 2242 4097 (Ibid.).
2273 4047 2301 4079 ι)
2334 4025 2506 4096 Quid,
2533 4041 2750 4100 quzeso,
2790 4026 2914 4084 hinc
2942 4025 3157 4084 mulier
3181 4026 3410 4097 faceret,
3448 4026 3495 4084 si
3526 4026 3741 4085 adhor-

2033 4118 2273 4175 tationes
2316 4115 2657 4190 apostolicae
2703 4113 2954 4186 legeret:
3008 4139 3029 4161 ιι
3069 4112 3235 4172 Orate
3276 4114 3402 4173 sine
3446 4114 3745 4174 intermis-

2031 4205 2192 4264 sione
2229 4206 2278 4277 (Ι
2310 4206 2492 4261 Thess.
2534 4204 2589 4276 v)
2631 4222 2642 4261 :
2690 4223 2711 4252 ι
2748 4202 3069 4276 praesertim
3114 4202 3163 4261 si
3190 4202 3384 4276 ipsum
3418 4201 3739 4262 Dominum

2029 4300 2440 4369 provocantem
2501 4308 2606 4350 nos
2660 4290 2731 4349 ad
2790 4291 3047 4349 studium
3115 4292 3410 4351 continuae
3464 4293 3742 4351 orationis

2033 4381 2309 4442 audiret?
2356 4382 2547 4449 Porro,
2579 4381 2719 4455 quia
2756 4386 3063 4454 antequam
3100 4378 3483 4453 Evangelium
3521 4379 3740 4439 discere

2032 4472 2329 4546 potuisset,
2385 4470 2670 4542 implent,
2724 4468 3056 4541 prophetica
3108 4467 3425 4525 Dominum
3482 4466 3738 4541 inspira-

2036 4562 2184 4620 tione
2236 4574 2598 4633 cognoscere,
2654 4564 2847 4631 atque,
2904 4564 2969 4614 ut
3014 4558 3092 4614 ita
3142 4556 3340 4624 fatear,
3381 4556 3738 4629 evangelista

2033 4650 2177 4707 facta
2230 4648 2359 4720 ejus
2408 4645 2622 4703 meruit
2660 4644 3020 4717 praesentiam
3057 4643 3351 4701 nuntiare.
3404 4642 3562 4701 Sicut
3595 4643 3740 4718 legi-

2032 4742 2165 4793 tur:
2205 4757 2225 4786 ι
2266 4732 2417 4802 Quia
2457 4733 2578 4790 haec
2604 4731 2727 4804 ipsa
2766 4731 2905 4788 hora
2953 4730 3392 4803 superveniens,
3424 4730 3742 4789 conﬁteba-

2029 4832 2124 4883 tur
2183 4823 2449 4891 Domino,
2509 4830 2565 4880 et
2626 4820 2967 4895 loquebatur
3019 4819 3089 4878 de
3148 4821 3246 4879 illo
3306 4821 3581 4880 omnibus
3632 4822 3738 4895 qui

2028 4912 2436 4985 exspectabant
2490 4909 2943 4984 redemptionem
2990 4908 3166 4967 Israel
3228 4911 3429 4981 (Ibid).
3492 4933 3514 4958 ι
3571 4908 3738 4968 Hanc

2029 5000 2223 5076 itaque
2251 4999 2540 5073 egregiam
2568 4998 2802 5057 viduam
2832 4997 3001 5072 quasi
3036 4996 3402 5070 signaculum
3441 4996 3733 5070 quoddam

2029 5088 2456 5162 vobismetipsis
2497 5087 2737 5146 solerter
2773 5086 3107 5161 imprimite,
3146 5094 3212 5144 ut
3247 5101 3401 5143 vera:
3434 5085 3738 5145 viduitatis

2030 5177 2370 5236 mereamini
2426 5175 2737 5250 praemium
2790 5181 3098 5248 reportare.
3146 5173 3297 5233 Illud
3352 5173 3731 5247 apostolicum

2022 5267 2157 5339 jngi
2191 5265 2469 5323 memoria
2499 5262 2828 5336 retinentes,
2862 5278 2977 5339 quo
3014 5263 3228 5322 dicitur
3261 5282 3273 5321 :
3311 5287 3331 5316 ι
3367 5263 3511 5333 Quas
3538 5271 3732 5324 autem

2029 5371 2161 5413 vere
2208 5353 2382 5411 vidua
2430 5359 2515 5409 est
2557 5356 2612 5407 et
2657 5350 2929 5422 desolata,
2973 5350 3223 5425 speravit
3274 5351 3337 5410 in
3378 5351 3646 5419 Domino,
3680 5363 3737 5412 et

2031 5441 2275 5516 perstitit
2302 5441 2361 5498 in
2404 5438 2661 5497 oratione
2703 5446 2867 5497 nocte
2914 5456 2979 5497 ac
3009 5439 3102 5498 die
3131 5443 3179 5500 ιι
3214 5443 3352 5499 Tim.
3381 5444 3462 5513 v).
3493 5464 3519 5492 ιι
3582 5441 3735 5500 Illud

2027 5538 2222 5589 autem
2253 5528 2408 5602 quod
2438 5527 2700 5601 sequitur
2726 5527 2930 5585 audire
2959 5543 3074 5587 non
3121 5528 3390 5601 indigetis
3419 5546 3435 5601 ;
3469 5530 3606 5604 quia
3635 5543 3735 5602 per

2031 5621 2130 5680 Dei
2164 5618 2407 5693 gratiam
2444 5615 2688 5676 sollicita
2725 5617 3047 5689 provisione
3080 5619 3337 5677 cavetis:
3377 5642 3403 5671 ι
3442 5618 3584 5688 Quae
3625 5633 3732 5675 an-

3386 5732 3448 5790 16

3620 351 3734 420 490
3816 368 3825 373 ‘
