4024 6198
351 316 463 381 491.

876 314 935 375 S.
980 314 1201 374 PETRI
1238 313 1561 373 DAMIANI
1599 312 1756 373 OPP.
1802 282 1994 373 PARS
2036 310 2175 372 SEU
2219 310 2471 371 TOMUS
2509 312 2554 370 Ι.
2602 347 2656 354 ο-
2704 315 2937 376 EPIST.
2983 318 3124 377 LIB.
3169 318 3313 378 VIII.

3686 327 3773 387 492

353 450 465 503 tem
516 444 580 503 in
637 442 862 503 deliciis
922 441 1057 516 agit,
1113 442 1318 500 vivens
1369 448 1597 499 mortua
1651 447 1736 499 est
1792 443 2000 512 (ΗΜΛ).
2033 439 2411 503 »Ameribus
2462 439 2748 511 insulcati,
2813 443 3105 503 horrentia
3157 446 3539 517 cogitationum
3580 449 3775 512 dumeta

351 531 530 592 Plane
582 532 631 591 si
670 546 888 590 uxores
934 529 1209 603 quaelibet
1252 530 1599 589 mortalibus
1649 529 1793 587 viris
1840 529 2063 602 placere

351 637 582 682 summo
630 617 917 678 desiderio
955 624 1223 691 satagunt
1265 620 1309 689 (Ι
1336 620 1456 675 Cor.
1498 620 1623 689 vn),
1655 624 1871 691 quanto
1912 617 2061 690 vigi-

350 712 586 781 lantius,
643 715 977 784 quantoque
1030 708 1301 767 subtilius
1346 715 1559 767 sanctae
1606 708 1801 767 vidum
1851 708 2064 767 debent

348 799 641 859 interioris
696 797 954 856 hominis
1002 797 1249 870 speciem
1310 798 1637 857 decusando
1694 814 2057 872 componere,

347 895 413 947 ut
444 887 759 949 invisibilis
806 886 1004 960 sponsi
1036 887 1257 946 decorae
1296 888 1525 944 valeant
1553 886 1856 946 obtutibus
1885 901 2058 960 appa-

350 986 525 1036 rere?
563 976 732 1047 Nam,
791 975 941 1032 sicut
984 974 1139 1033 idem
1182 974 1262 1032 ait
1312 975 1649 1049 apostolus:
1709 998 1735 1030 «
1765 976 1907 1046 Quae
1962 975 2059 1032 in-

344 1070 524 1139 nupta
550 1070 654 1134 est,
720 1062 965 1121 sollicita
1022 1069 1107 1121 est
1161 1080 1296 1137 qua:
1361 1072 1501 1123 sunt
1553 1064 1807 1135 Domini,
1870 1071 1937 1122 ut
1987 1063 2062 1122 sit

344 1161 539 1214 sancta
589 1168 824 1228 corpore
881 1158 937 1211 et
996 1152 1244 1224 spiritu;
1291 1169 1428 1228 quas
1479 1161 1674 1213 autem
1729 1160 1913 1228 nupta
1955 1159 2058 1222 est,

343 1244 587 1304 sollicita
640 1250 726 1302 est
783 1258 917 1318 quae
978 1248 1117 1301 sunt
1177 1244 1404 1314 mundi,
1479 1244 1768 1318 quomodo
1843 1243 2061 1317 placeat

345 1335 472 1393 viro
512 1335 717 1406 (Μελ).
749 1357 776 1382 ››
822 1331 1078 1391 Sollicita
1122 1338 1208 1390 est
1255 1340 1454 1406 nupta,
1488 1349 1561 1392 ne
1596 1333 1658 1391 in
1705 1333 1902 1407 aliquo
1941 1333 2061 1392 dis-

347 1423 555 1496 pliceat
596 1421 722 1481 viro
765 1428 891 1496 post
920 1420 1229 1495 paululum
1272 1422 1593 1481 morituro:
1629 1429 1848 1495 quanto
1890 1421 2063 1481 soler-

347 1512 466 1572 tius
519 1510 877 1570 studendum
933 1516 1019 1568 est
1072 1510 1267 1569 viduae
1315 1510 1535 1584 placere
1593 1511 1810 1569 caelesti
1853 1527 2061 1585 sponso

346 1617 449 1675 per
475 1600 689 1660 saecula
716 1597 1072 1673 regnatura?
1107 1599 1308 1659 Studet
1340 1605 1520 1673 nupta
1546 1606 1610 1658 ut
1651 1601 1846 1659 virum
1883 1616 2058 1659 suum

346 1689 599 1749 faleratze
629 1688 1066 1762 compositionis
1095 1690 1283 1748 forma
1311 1690 1664 1760 demulceat;
1697 1697 1914 1764 quanto
1943 1705 2061 1747 ma-

2141 530 2473 600 recidimus,
2500 537 2565 588 ut
2602 531 2662 588 in
2703 534 2922 592 munda
2958 536 3144 594 cordis
3184 535 3408 609 planitie
3449 538 3551 610 piae
3576 553 3775 598 conver-

2143 620 2380 678 sationis
2438 621 2659 679 semina
2706 638 3167 697 conspergamus.
3216 625 3367 694 Quod
3412 627 3661 686 nimirum
3703 629 3777 687 id-

2143 708 2294 767 circo
2324 710 2465 767 viris
2495 710 2527 767 J
2534 711 2667 781 uda,
2701 718 2756 768 et
2785 712 3203 772 habitatoribus
3232 713 3569 772 Hierusalem
3598 718 3780 787 specia-

2144 798 2274 855 liter
2324 801 2763 874 exsequendum
2805 819 2928 861 esse
2969 803 3312 876 praecipitur,
3360 809 3421 862 ut
3460 804 3497 861 ii
3540 806 3781 880 praecipue

2142 885 2418 944 adversus
2510 887 2873 948 internorum
2963 899 3225 949 motuum
3308 890 3449 948 bella
3525 894 3783 966 conﬂigere

2143 984 2508 1049 moneantur,
2571 979 2672 1052 qui
2736 986 3061 1055 contempto
3116 982 3316 1040 mundi
3371 980 3598 1051 turbine,
3647 992 3693 1040 et
3735 985 3781 1041 in

2144 1062 2502 1123 confessione
2549 1066 2807 1124 veritatis
2852 1075 2987 1126 sunt
3041 1067 3317 1125 stabiliter
3370 1068 3469 1124 fixi
3520 1076 3569 1126 et
3610 1071 3783 1127 visioni

2144 1166 2393 1208 summae
2437 1153 2593 1225 pacis
2639 1154 2947 1227 vigilanter
2988 1155 3215 1213 intenti.
3264 1154 3423 1224 Quod
3459 1156 3618 1213 etiam
3656 1157 3787 1215 vobis

2142 1240 2439 1314 aptissime
2487 1244 2778 1315 congruit,
2818 1261 2951 1320 quae
2995 1246 3065 1303 ad
3107 1245 3312 1316 Deum,
3358 1262 3579 1303 accenso
3615 1248 3788 1305 mentis

2146 1330 2455 1401 desiderio,
2512 1333 2852 1392 medullitus
2910 1342 3242 1403 aestuantes,
3301 1335 3579 1393 saevientis
3623 1336 3787 1393 mundi

2143 1420 2297 1479 mala
2378 1421 2661 1493 perfertis,
2716 1423 2852 1497 quia
2926 1424 3276 1483 blandientis
3349 1421 3664 1481 illecebras.
3696 1439 3788 1481 non
3855 1482 3860 1488 ,

2143 1508 2398 1568 amastis.
2445 1510 2515 1568 Et
2552 1511 2828 1584 quoniam
2870 1520 3134 1571 versutus
3171 1512 3380 1569 artifex
3420 1511 3489 1568 ad
3516 1510 3790 1569 referendas

2144 1596 2533 1657 inferentibus
2580 1600 2962 1658 contumelias
3012 1617 3113 1660 vos
3158 1599 3360 1675 nequit
3396 1599 3693 1669 accendere,
3723 1613 3790 1655 ca-

2144 1684 2400 1743 vendum
2458 1685 2623 1744 vobis
2684 1702 3051 1761 summopere
3099 1698 3201 1759 est,
3256 1703 3327 1745 ne
3375 1686 3463 1745 vel
3497 1686 3708 1744 latenter
3742 1685 3790 1743 iu

345 1782 433 1857 gis
453 1782 791 1842 enitendum
816 1790 899 1840 est
929 1781 1143 1852 viduae,
1174 1788 1239 1840 ut
1276 1780 1335 1838 in
1371 1786 1681 1855 conspectu
1707 1780 1810 1838 Dei
1848 1780 2121 1865 sanctisB
2146 1792 2344 1835 eorum
2394 1778 2573 1851 possit
2607 1778 2803 1836 odium
2865 1778 3181 1847 concitare;
3220 1784 3276 1836 et
3324 1779 3457 1852 quia
3509 1779 3662 1851 longo
3697 1777 3791 1851 jam

348 1872 668 1930 virtutibus
725 1876 998 1945 tanquam
1050 1870 1422 1930 rutilantibus
1475 1869 1802 1944 margaritis
1859 1876 2059 1928 ornata

347 1961 588 2019 nitescat
617 1962 643 2018 ?
675 1959 978 2019 Contendit
1012 1959 1130 2031 illa,
1166 1965 1229 2017 ut
1269 1960 1501 2018 venusti
1535 1959 1734 2018 vultus
1766 1966 2054 2032 appareat,

348 2058 412 2112 ut
468 2052 658 2110 decori
714 2050 841 2123 ejus
892 2048 1116 2108 nullius
1169 2048 1435 2106 foeditatis
1490 2063 1696 2106 naevus
1744 2048 1979 2123 obrepat
2045 2066 2057 2106 :

344 2147 564 2216 quanto
617 2139 842 2198 cautius
880 2145 1098 2196 sanctae
1150 2137 1346 2196 viduae
1410 2139 1789 2211 satagendum
1837 2143 1941 2209 est,
1984 2152 2056 2195 ne

341 2244 507 2287 mens
534 2230 662 2302 ejus
696 2226 1078 2299 implacabilis
1123 2226 1263 2298 odii,
1300 2225 1389 2284 vel
1428 2226 1614 2299 turpis
1641 2225 2055 2299 concupiscen-

343 2317 437 2374 tiae
462 2314 728 2387 squalore
762 2313 1051 2372 sordescat
1076 2312 1103 2370 ?
1130 2312 1282 2371 Illud
1307 2312 1557 2387 denique
1597 2313 1811 2370 arctius
1838 2312 2048 2370 menti-

344 2406 453 2464 bus
479 2406 685 2463 vestris
722 2403 967 2477 iniigite,
1000 2401 1150 2461 illud
1190 2398 1392 2461 sedula
1420 2402 1793 2460 meditatione
1830 2408 2052 2459 versate

345 2495 499 2569 quod
538 2493 769 2563 dicitur,
797 2498 864 2549 ut
900 2492 974 2549 sit
1017 2498 1212 2549 sancta
1247 2507 1482 2566 corpore
1529 2496 1585 2547 et
1638 2490 1865 2563 spiritu.
1902 2490 2051 2559 Quid

342 2583 503 2641 enim
541 2582 768 2657 prodest
811 2583 1039 2640 castitas
1088 2583 1360 2655 corporis,
1401 2581 1545 2658 quid
1591 2582 1911 2655 castigatio,
1956 2580 2049 2639 vel

342 2671 579 2730 afflictio
628 2670 839 2742 carnis,
869 2669 916 2728 si
956 2669 1103 2728 desit
1147 2670 1365 2744 puritas
1399 2676 1454 2728 et
1484 2671 1773 2729 munditia
1814 2669 2050 2727 cordis?

352 2786 373 2813 κ
410 2760 568 2820 Beati
599 2759 887 2834 siquidem
924 2758 1145 2817 mundo
1181 2758 1367 2829 corde,
1401 2758 1674 2832 quoniam
1712 2758 1824 2832 ipsi
1863 2758 2046 2815 Deum

346 2851 624 2911 videbunt
665 2851 886 2920 (Matth.
920 2854 1000 2917 v).
1046 2869 1073 2902 »
1122 2846 1273 2906 Hinc
1300 2854 1383 2906 est
1419 2850 1570 2922 quod
1607 2848 1820 2905 animm
1870 2848 2048 2906 noxia

339 2939 631 3017 cogitanti,
660 2939 768 2997 sub
812 2946 949 3013 typo
994 2936 1377 3006 Hierusalem,
1416 2952 1520 3010 per
1556 2935 1867 2995 Jeremiam
1903 2933 2045 2994 dici-

340 3041 476 3092 tur:
527 3052 555 3084 «
592 3031 767 3098 Lava,
810 3026 1023 3102 inquit,
1064 3042 1098 3084 a
1139 3025 1361 3082 malitia
1401 3040 1499 3120 cor
1545 3033 1731 3096 tuum,
1770 3025 2043 3084 Hierusa-

340 3124 474 3192 lem,
531 3127 593 3180 ut
648 3119 807 3177 salva
861 3118 987 3173 tias.
1054 3114 1365 3189 Usquequo
1432 3114 1814 3173 morabuntur
1870 3114 1928 3171 in
1994 3118 2047 3173 te

336 3210 705 3285 cogitationes
759 3207 954 3265 noxiae
1001 3208 1125 3278 (Jer.
1172 3202 1297 3272 1v)?
1333 3226 1355 3256 ι
1406 3202 1553 3262 Novi
1601 3219 1758 3273 sane,
1810 3210 1866 3260 et
1910 3203 2047 3261 satis

337 3315 625 3374 superque
661 3305 937 3370 expertus
966 3310 1096 3353 sum
1135 3294 1272 3367 quia
1316 3308 1434 3367 quo
1472 3290 1749 3348 remotius
1776 3306 1810 3347 a
1843 3290 2047 3348 mundi

339 3390 605 3463 negotiis,
662 3386 753 3444 vel
808 3385 1073 3443 saeculari
1131 3382 1563 3441 conversatione
1636 3380 1918 3448 seceditis,
1978 3397 2045 3438 eo

333 3478 634 3537 molestius
663 3476 992 3548 importuno
1026 3472 1437 3545 cogitationum
1472 3469 1870 3541 ingruentium
1900 3474 2044 3526 stre-

339 3571 465 3643 pitu
511 3565 778 3624 laboratis
825 3562 1145 3637 przesertim
1196 3556 1340 3615 298
1394 3574 1528 3616 cum
1586 3559 1646 3615 in
1706 3557 1870 3615 vobis
1921 3556 2045 3615 evi-

338 3660 541 3718 denter
587 3656 899 3730 impleatur
961 3652 1115 3727 quod
1174 3650 1500 3725 prOphetice
1552 3664 1653 3721 per
1704 3648 2046 3721 mysterium

342 3750 552 3809 dicitur
586 3772 598 3805 :
634 3772 660 3796 «
696 3746 893 3803 Frater
927 3742 1170 3817 iniquus
1206 3738 1597 3813 supplantavit
1624 3753 1735 3805 me,
1769 3745 1824 3794 et
1851 3734 2061 3794 omnis

340 3841 562 3897 amicus
590 3835 986 3895 fraudulenter
1009 3829 1219 3888 insedit
1245 3828 1307 3885 in
1344 3844 1434 3885 me
1465 3831 1593 3892 (Jer.
1628 3831 1710 3897 Il).
1748 3846 1775 3879 »

408 3945 762 4017 QuaprOpter
810 3939 859 3998 si
902 3939 1053 3996 inter
1098 3935 1305 3995 uberes
1351 3934 1638 3990 bonorum
1687 3946 1926 4004 operum
1965 3946 2048 3988 se-

340 4042 518 4109 getes,
580 4043 724 4107 qmts
790 4028 1050 4089 excolere
1115 4042 1234 4085 non
1285 4023 1539 4092 cessatis,
1600 4022 1834 4097 quidam
1888 4037 2044 4080 com-

341 4124 731 4201 pungentium
786 4118 1193 4193 cogitationum
1250 4130 1454 4188 vepres
1505 4130 1579 4172 ex
1635 4112 1738 4171 illa
1793 4113 2047 4171 fortassis

337 4222 735 4285 pressurarum
786 4206 977 4263 radice
1026 4208 1364 4272 nascuntur,
1426 4201 1721 4259 sarculum
1784 4201 2047 4272 protinus

340 4299 655 4360 salutiferae
742 4294 1118 4354 confessionis
1199 4309 1265 4351 ac
1346 4292 1592 4366 propriae
1672 4289 2046 4363 correptionis

335 4389 589 4464 arripite,
642 4390 696 4444 et
731 4386 987 4443 virosum
1031 4397 1267 4455 germen
1310 4381 1380 4439 de
1432 4396 1568 4439 rure
1634 4378 1819 4437 cordis
1874 4379 2047 4437 vestri

336 4479 611 4539 radicitus
641 4474 972 4547 exstirpata.
1016 4472 1141 4542 Qua
1184 4473 1256 4530 de
1294 4486 1353 4528 re
1383 4470 1529 4527 bene
1569 4484 1668 4542 per
1704 4467 2037 4541 prophetam

2059 3167 2104 3228 G

2146 1872 2403 1941 tempore
2452 1867 2757 1927 vobiscum
2793 1868 3093 1939 dimicans,
3140 1868 3260 1927 Deo
3299 1884 3399 1942 pro
3438 1869 3593 1927 vobis
3628 1875 3791 1940 stante,

2144 1957 2207 2015 in
2244 1974 2444 2032 campo
2484 1959 2676 2033 operis
2719 1967 2946 2016 coactus
2994 1945 3079 2016 est
3122 1957 3382 2032 perdere,
3424 1951 3792 2033 providendum

2137 2052 2237 2117 est,
2284 2064 2356 2106 ne
2401 2048 2463 2105 in
2506 2047 2629 2121 ipsa
2667 2047 3029 2121 cogitationis
3065 2047 3239 2106 domo
3266 2063 3367 2121 per
3398 2047 3637 2117 remissa;
3664 2062 3793 2105 secu-

2139 2136 2322 2194 ritatis
2363 2137 2633 2195 inertiam
2663 2136 2847 2197 valeat
2879 2136 3137 2195 obtinere
3182 2145 3252 2196 ut
3297 2153 3537 2210 quarum
3576 2136 3795 2194 videlicet

2136 2239 2346 2283 manus
2390 2231 2525 2283 sunt
2577 2227 2940 2284 extrinsecus
2991 2226 3231 2284 mundae
3285 2241 3386 2299 per
3434 2225 3793 2294 innocentiam,

2134 2331 2233 2374 cor
2288 2314 2473 2373 oculis
2519 2315 2621 2373 Dei
2661 2322 2968 2374 cruentum
3021 2316 3387 2373 machinetur
3423 2315 3677 2375 exhibere
3720 2330 3798 2386 per

2135 2407 2317 2476 iram;
2377 2421 2510 2463 cum
2566 2405 2849 2465 Dominus
2904 2421 3006 2480 per
3060 2406 3401 2480 prophetam
3446 2404 3641 2477 legales
3681 2418 3798 2461 cere-

2134 2496 2358 2554 monias
2398 2496 2778 2569 implentibus
2822 2495 2970 2553 dicat
3009 2520 3020 2552 :
3067 2520 3092 2544 «
3133 2494 3279 2565 Quis
3316 2494 3579 2573 quaesivit
3611 2494 3717 2551 haec
3746 2492 3799 2549 de

2135 2585 2405 2643 manibus
2435 2585 2641 2643 vestris
2666 2584 2693 2642 ?
2720 2600 2928 2643 manus
2960 2591 3165 2642 vestrae
3184 2584 3473 2657 sanguine
3500 2582 3667 2656 plena:
3690 2584 3797 2638 sunt

2134 2679 2255 2750 (Isa.
2288 2682 2345 2744 Il.
2388 2699 2413 2726 n
2455 2675 2620 2745 Quod
2651 2676 2935 2734 nimirum
2976 2673 3090 2734 illis
3127 2675 3283 2733 dixit
3320 2689 3563 2750 quorum
3591 2688 3677 2730 cor
3702 2685 3802 2727 ma-

2134 2764 2257 2823 litia
2290 2766 2533 2838 plenum
2554 2781 2677 2823 esse
2705 2764 2973 2837 providit.

2206 2854 2353 2924 Quia
2400 2856 2598 2927 igitur,
2636 2854 3049 2924 dilectissimze,
3090 2854 3209 2911 vita
3252 2858 3441 2912 vestra
3481 2856 3591 2909 tam
3625 2852 3799 2914 sancta,

2134 2948 2248 2999 tam
2309 2943 2543 3001 honesta
2603 2949 2833 3015 tamque
2874 2941 3129 2999 districta
3177 2957 3308 2999 esse
3350 2936 3714 3014 perpenditur,
3753 2938 3801 2990 ut

2132 3037 2413 3106 quantum
2453 3031 2525 3089 ad
2556 3045 2727 3104 opera
2756 3046 3123 3105 nequaquam
3172 3037 3391 3089 nostrae
3430 3020 3804 3087 exhortationis

2133 3118 2329 3193 indiga
2369 3121 2650 3193 videatur,
2681 3128 2744 3178 ut
2788 3128 2977 3178 tamen
3008 3126 3061 3179 et
3098 3126 3299 3179 nostro
3331 3116 3479 3191 stylo
3516 3114 3735 3193 quilibet
3757 3110 3802 3168 in

2138 3211 2517 3270 aedificatione
2550 3216 2735 3269 vestra
2779 3217 2959 3285 pateat
3001 3211 3179 3279 locus,
3219 3210 3297 3269 ad
3335 3210 3461 3282 ipsa
3503 3201 3699 3264 mentis
3732 3215 3805 3257 ar-

2136 3315 2280 3357 cana
2319 3300 2695 3371 recurrimus,
2750 3301 2853 3359 ubi
2903 3315 3131 3357 necesse
3186 3304 3297 3370 est,
3340 3304 3406 3356 ut
3457 3298 3661 3370 quanto
3702 3288 3806 3361 quis

2132 3389 2306 3446 fuerit
2361 3390 2419 3447 in
2494 3390 2813 3449 virtutibus
2878 3387 3252 3458 eminentior,
3309 3392 3466 3446 tanto
3518 3384 3588 3442 sit
3633 3380 3689 3439 in
3732 3392 3805 3435 ca-

2129 3479 2319 3537 venda
2382 3480 2696 3539 tentatione
2761 3480 3050 3539 subtilior.
3125 3477 3396 3537 Callidus
3445 3475 3598 3533 enim
3660 3467 3808 3527 hostis

2129 3568 2383 3643 idipsum
2437 3586 2588 3644 smpe
2630 3571 2797 3629 vertit
2839 3571 2899 3628 in
2927 3585 3021 3627 ma
3048 3570 3255 3628 teriam
3314 3582 3528 3642 pugnae
3571 3560 3709 3637 quod
3741 3558 3807 3615 fa-

2127 3666 2285 3717 ctum
2321 3664 2406 3717 est
2444 3675 2617 3717 causa
2645 3660 2923 3717 victorias.
2955 3658 3087 3717 Huc
3116 3657 3343 3715 accedit
3379 3655 3533 3730 quod
3570 3654 3681 3725 ipse
3708 3661 3808 3705 0m-

2129 3748 2397 3820 nipotens
2438 3749 2589 3806 Deus
2630 3748 2691 3805 in
2724 3747 3016 3806 mentibus
3060 3745 3285 3803 habitat
3315 3746 3645 3804 electorum.
3682 3736 3811 3795 Licet

2128 3836 2289 3894 enim
2352 3845 2405 3894 et
2464 3838 2524 3895 in
2580 3838 2750 3896 castis
2813 3836 3149 3910 corporibus
3211 3836 3482 3894 habitare
3534 3825 3812 3890 credendus

2128 3922 2221 3993 sit,
2257 3923 2482 3981 dicente
2530 3923 2801 3997 Apostolo
2846 3942 2857 3980 :
2911 3922 3192 3995 «Corpus
3250 3930 3514 3980 vestrum
3570 3912 3810 3987 templum

2128 4012 2191 4069 in
2240 4011 2403 4068 vobis
2446 4016 2530 4067 est
2577 4011 2827 4084 Spiritus
2876 4010 3079 4079 sancti,
3123 4024 3304 4081 quem
3363 4007 3590 4066 habetis
3645 4018 3675 4060 a
3720 3998 3816 4057 Deo

2131 4105 2181 4168 (Ι
2205 4104 2323 4159 Cor.
2358 4105 2440 4169 Vl)
2470 4119 2482 4169 ;
2527 4123 2552 4150 υ
2594 4100 2773 4158 menti
2812 4098 2957 4155 299
2998 4107 3188 4157 tamen
3216 4099 3492 4173 specialis
3526 4095 3647 4169 ejus
3683 4088 3814 4149 sedes

2128 4189 2464 4259 ascribitur,
2501 4205 2633 4263 qum
2675 4188 2931 4260 subjecto
2975 4187 3199 4261 corpori
3239 4188 3502 4260 quadam
3554 4175 3818 4256 regiminis

2128 4279 2462 4337 aurtoritate
2502 4280 2874 4354 principatur.
2925 4278 3087 4338 Sicut
3123 4278 3282 4337 idem
3315 4278 3461 4337 dicit
3499 4271 3812 4351 Apostolus:

2131 4388 2157 4419 «
2208 4368 2493 4441 Spiritum
2554 4377 2815 4426 sanctum
2870 4368 2931 4424 in
2978 4366 3250 4425 cordibus
3317 4366 3538 4427 nostris
3596 4360 3819 4421 habitare

2129 4471 2229 4529 per
2270 4456 2439 4513 ﬁdem
2503 4458 2717 4529 (Ephes.
2771 4457 2888 4527 In);
2925 4479 2947 4508 ι
3002 4455 3309 4526 nimirum,
3347 4462 3415 4514 ut
3464 4454 3612 4513 sicut
3654 4448 3817 4506 anima

336 4519 611 4539 ωυηηυο
642 4519 811 4534 μων..
1046 4519 1141 4529 .....
1185 4519 1255 4530 νν
1294 4519 1352 4528 η
1383 4519 1526 4527 μην
1588 4519 1657 4525 ---
1724 4519 2037 4540 .--r----__
2132 4519 2146 4529 .
2508 4519 2517 4529 .
2563 4519 2584 4529 -
2836 4519 2888 4527 ,.
3296 4519 3306 4526 .
3729 4533 3739 4543 ,
3780 4532 3790 4539 ,

332 4568 535 4629 divina
565 4582 677 4626 vox
708 4519 984 4639 praecipit,
1011 4519 1209 4620 dicens
1246 4578 1257 4617 :
1299 4580 1326 4612 ι(
1361 4519 1585 4616 Novatel
1616 4519 1780 4614 vobis
1808 4519 2100 4625 novale,D
2123 4545 2986 4639 certiorismembrgviviﬁcet,
3027 4545 3111 4602 Sic
3172 4551 3227 4639 (fl
3277 4545 3409 4617 ipsa
3453 4560 3489 4601 a
3693 4548 3818 4639 vnit:

335 4667 390 4717 et
420 4658 596 4717 nolite
632 4670 819 4717 serere
849 4667 1021 4725 super
1053 4650 1248 4722 spinas
1277 4652 1406 4717 (Jer.
1444 4650 1550 4719 ιγ).
1591 4670 1611 4695 υ
1665 4643 1814 4714 Quid
1844 4651 2038 4702 autem

333 4749 407 4808 sit
471 4745 623 4822 quod
680 4741 980 4817 przemisit,
1034 4754 1171 4797 mox
1239 4737 1420 4811 aperit
1490 4751 1622 4793 cum
1696 4734 2038 4805 subjungit:

338 4864 359 4889 α
391 4830 909 4899 Circumcidimini,
963 4828 1174 4901 inquit,
1228 4825 1494 4887 Domino.
1548 4831 1601 4881 et
1640 4822 1858 4880 auferte
1892 4838 2041 4896 pra:-

335 4923 496 4998 putia
538 4918 800 4979 cordium
846 4922 1192 4982 vestrorum,
1234 4912 1347 4969 viri
1389 4909 1559 4980 Juda,
1600 4915 1655 4965 et
1700 4907 2046 4998 habitatores

342 4997 787 5069 Hierusalem.»
858 5003 1074 5062 Novale
1143 5000 1323 5074 igitur
1391 5004 1608 5057 novant
1682 4997 1783 5069 qui
1857 4997 2046 5055 cordis

340 5114 567 5172 agrum,
625 5098 754 5154 licet
803 5095 923 5170 jam
977 5097 1110 5148 ante
1174 5087 1547 5162 proscissum,
1602 5085 1817 5143 crebris
1858 5085 2047 5143 adhuc

340 5189 454 5264 piae
510 5183 889 5246 confessionis
948 5178 1282 5240 vomeribus
1333 5176 1561 5236 sulcant
1617 5182 1673 5233 et
1722 5174 1873 5232 male
1917 5175 2045 5233 laeta

342 5277 675 5352 passionum
720 5271 1040 5330 carnalium
1089 5269 1372 5342 germina,
1426 5266 1565 5340 quia
1624 5265 1802 5323 semel
1854 5266 2049 5324 excisa

348 5364 571 5424 renasci
625 5379 691 5420 ac
742 5360 1031 5435 pullulare
1091 5374 1205 5415 non
1258 5356 1552 5425 desinlmt,
1611 5364 1778 5413 acuto
1824 5371 2049 5430 semper

346 5454 593 5529 prdprite
632 5448 1007 5523 correptionis
1041 5453 1095 5506 et
1132 5443 1488 5520 pwnilentize
1532 5442 1723 5517 ligone
1763 5442 2043 5503 recidunt.

346 5546 409 5606 Si
443 5543 620 5617 igitur
654 5538 861 5599 novale
903 5540 1168 5604 novatur,
1212 5548 1385 5607 super
1426 5532 1621 5607 spinas
1653 5546 1768 5590 non
1814 5532 2046 5605 seritur,

345 5636 485 5713 quia
522 5630 740 5691 crebris
788 5626 1221 5687 confessionum
1269 5632 1443 5696 atque
1484 5620 1914 5695 correptionum
1953 5634 2050 5681 vo-

2124 4635 2285 4691 licata
2316 4633 2607 4691 subsistat.
2642 4634 2700 4693 Si
2731 4635 2910 4709 igitur
2930 4634 2991 4691 in
3022 4633 3323 4691 mentibus
3364 4631 3579 4691 vestris
3605 4628 3822 4699 dignum

2126 4725 2241 4782 Deo
2305 4724 2483 4782 vultis
2540 4722 2736 4782 cubile
2801 4730 3153 4794 construere,
3208 4723 3477 4781 studiose
3527 4712 3824 4779 contendite

2127 4813 2279 4888 ipsas
2320 4822 2541 4871 mentes
2591 4812 2753 4871 omni
2816 4811 3129 4870 simultatis
3180 4816 3237 4869 et
3296 4812 3584 4871 odiorum
3632 4803 3825 4866 fomite.

2125 4903 2286 4960 omni
2320 4902 2572 4976 denique
2601 4902 2837 4960 malitiae
2864 4902 2991 4959 labe
3014 4917 3279 4975 purgare.

2198 4992 2414 5065 Regem
2454 5008 2591 5049 sane
2629 4991 2758 5065 quis
2810 5000 3160 5065 excepturus
3202 4990 3492 5064 hospitio,
3545 4986 3681 5064 quid
3719 4994 3831 5057 pro-

2128 5080 2273 5151 dest,
2315 5082 2361 5139 si
2405 5087 2520 5139 tota
2556 5082 2764 5138 domus
2806 5079 2950 5137 atria
2986 5079 3232 5138 diversis
3282 5077 3715 5139 toreumatibus
3756 5071 3833 5128 ill-

2131 5178 2327 5239 struat,
2385 5170 2434 5229 si
2506 5186 2608 5244 per
2669 5169 2960 5243 laquearia
3025 5185 3281 5243 quisque
3359 5169 3673 5228 carbasina
3731 5159 3838 5218 vela

2132 5259 2465 5333 suspendat,
2513 5259 2561 5316 si
2611 5261 2808 5317 omnia
2851 5265 3001 5316 certe
3053 5257 3272 5316 munda
3332 5264 3393 5315 et
3433 5257 3627 5315 nitida
3676 5246 3838 5310 oculis

2132 5350 2496 5410 adventantis
2545 5350 2838 5420 exhibeat,
2882 5348 3069 5408 solum
3102 5356 3297 5408 autem
3343 5347 3719 5413 cubiculum,
3755 5335 3843 5399 ubi

2136 5444 2233 5503 ille
2266 5443 2635 5518 requieturus
2679 5440 3022 5516 ingreditur,
3055 5441 3358 5500 sordidum
3397 5438 3700 5514 reperiens
3738 5444 3843 5505 per-

2136 5531 2475 5591 horrescat?
2522 5530 2667 5600 Quia
2697 5545 2831 5603 ergo
2872 5545 2974 5587 vos
3013 5545 3112 5603 per
3141 5528 3406 5589 assiduas
3450 5523 3733 5586 orationis
3763 5520 3847 5577 in-

2131 5623 2425 5694 'stautiam,
2462 5637 2562 5697 per
2598 5619 2936 5694 quotidiana
2974 5619 3091 5679 fere
3115 5615 3364 5694 jejunis,
3408 5631 3521 5691 per
3553 5612 3844 5675 candorem
