4024 6198
160 336 252 397 493

1349 334 1573 394 LIBER
1611 330 1973 401 OCTAVUS,
2018 333 2252 395 EPIST.
2295 336 2446 395 XIV.

3544 347 3653 407 494

160 461 441 537 pudicitiae
496 461 832 521 matronalis
869 476 1105 534 corpora
1134 468 1320 519 vestra
1359 462 1419 518 in
1452 464 1647 520 sancta
1677 458 2082 528 mun-Asuae,
2122 467 2328 533 prteter
2368 460 2621 533 sabbata,
2659 468 2715 521 et
2762 464 3110 523 Neomenias
3150 471 3206 524 et
3252 467 3396 526 festa
3444 469 3654 530 domus

158 552 286 609 ditia
324 549 648 621 custoditis,
698 565 832 623 erga
871 550 1239 623 cogitationes
1277 538 1509 625 quoque
1545 550 1861 608 districtam

159 656 372 714 semper
430 640 885 699 sollicitudinem
950 640 1237 711 exhibete,
1299 650 1363 700 ut
1402 643 1679 715 quoniam
1745 657 1862 699 cm-

160 728 271 787 lesti
318 744 528 802 sponso
574 728 897 787 thalamum
940 729 999 786 in
1057 735 1243 787 vestra
1288 738 1479 787 mente
1508 730 1860 803 construitis,

158 818 230 876 nil
286 818 366 875 ibi
417 818 638 878 fcednm
675 836 818 887 esse,
870 819 1024 877 nihil
1082 819 1481 878 inordinatum
1530 820 1683 892 quod
1737 818 1864 891 ejus

158 906 343 965 oculos
385 908 561 980 possit
601 909 889 967 otfendere
925 908 1287 983 permittatis.
1340 908 1474 967 Lux
1511 910 1671 967 enim
1730 926 1861 968 vera

160 995 413 1055 tenebras
451 996 569 1054 odii
607 1013 722 1055 non
762 996 1063 1066 inhabitat,
1121 1002 1175 1055 et
1224 998 1495 1070 Princeps
1538 998 1692 1071 pacis
1744 999 1861 1056 im-

157 1093 363 1160 pacata;
420 1087 632 1144 mentis
690 1087 1012 1160 hospitium
1064 1103 1178 1145 non
1231 1088 1492 1162 requirit.
1550 1088 1862 1147 Enimvero

159 1191 262 1231 non
316 1174 595 1248 ignoratis
644 1176 923 1250 quasdam
977 1175 1282 1234 carnaliter
1327 1185 1733 1235 conversantes
1774 1177 1861 1235 di-

160 1280 346 1322 versas
425 1266 576 1324 inter
655 1266 854 1324 dentes
925 1274 1249 1325 aromatum
1301 1284 1367 1325 ac
1436 1268 1862 1341 pigmentorum

153 1355 367 1428 species
404 1362 601 1425 terere,
643 1362 707 1412 ut
754 1355 893 1412 viris
932 1355 1056 1414 suis
1089 1355 1409 1427 jucundius
1440 1357 1668 1414 valeant
1695 1357 1861 1414 redo-

156 1444 319 1503 lentis
375 1445 705 1517 fragrantiee
758 1445 943 1502 nitore
1003 1445 1241 1517 placere.
1320 1445 1551 1518 Lingua
1627 1460 1862 1520 quoque

156 1540 337 1589 vestra
395 1541 449 1590 et
502 1532 653 1590 labia
704 1548 736 1589 a
788 1531 1012 1590 divinis
1067 1532 1341 1590 laudibus
1394 1549 1696 1607 nunquam
1746 1532 1863 1590 sint

154 1624 367 1693 otiosa;
409 1622 507 1679 sed
551 1638 776 1695 semper
812 1623 1083 1696 psalmos,
1137 1638 1362 1697 semper
1407 1624 1713 1694 orationes,
1760 1640 1860 1682 ve-

156 1711 231 1768 lut
265 1715 531 1769 aromata
569 1711 820 1783 terendo,
867 1711 1164 1782 revolvite,
1216 1718 1279 1798 ut
1318 1713 1379 1769 in
1416 1718 1722 1785 conspectu
1757 1711 1861 1769 Dei

1948 548 2125 608 Israel
2174 553 2408 618 (Judith.
2460 556 2542 621 Ii).
2592 577 2613 606 ι»
2655 553 3151 626 Considerandum
3200 558 3369 634 plane
3416 561 3654 634 quantis

1952 639 2075 696 haec
2113 639 2290 697 vidua
2330 641 2504 699 fuerit
2542 642 2715 715 digna
2764 644 3086 721 pI‘EDCOtlilS,
3137 660 3268 717 qnze
3327 653 3479 704 tanto
3521 648 3655 721 igne

1948 726 2131 785 divini
2176 729 2455 787 aestuabat
2483 731 2715 789 amoris.
2764 731 2938 790 Porro
2965 740 3157 791 autem
3189 733 3443 793 vidnalis
3479 736 3655 796 otlicii

1948 815 2132 873 limite
2166 833 2279 875 non
2307 825 2592 889 contenta,
2622 818 2693 876 ad
2722 820 2827 877 hoc
2856 836 3038 893 usque
3069 821 3128 878 in
3157 829 3350 879 sancta
3377 822 3654 898 religione

1949 912 2295 977 processerat
2345 915 2409 966 ut
2455 909 2576 981 jam
2627 924 2743 966 non
2791 909 2930 979 sola,
2980 910 3077 967 sed
3125 919 3178 968 et
3233 926 3367 969 cum
3423 914 3655 972 ancillis

1948 995 2071 1052 suis
2110 995 2269 1053 tieret
2301 1000 2537 1055 eremita
2560 1021 2572 1068 ;
2613 998 2683 1055 de.
2719 999 2890 1056 domo
2932 1001 3230 1059 communi
3270 1000 3654 1068 reclusorium

1948 1085 2097 1155 fecit,
2136 1093 2191 1143 et
2230 1087 2285 1143 in
2328 1087 2601 1161 populosa
2642 1088 2785 1146 urbe
2822 1104 2985 1146 amor
3022 1090 3230 1148 artifex
3281 1091 3653 1153 solitudinem

1948 1175 2174 1247 reperit.
2210 1176 2449 1246 Quantis
2490 1178 2590 1236 illa
2623 1180 2938 1239 mundanze
2989 1184 3378 1256 prosperitatis
3424 1185 3654 1245 dotibus

1947 1260 2233 1334 afﬂnebat,
2289 1283 2420 1338 qua;
2472 1266 2757 1325 nimirum
2812 1269 3023 1327 blande
3100 1271 3482 1330 lenocinantis
3561 1290 3651 1332 se-

1944 1353 2162 1411 cundas
2211 1354 2323 1411 sibi
2372 1354 2587 1413 illicere
2633 1359 2868 1431 nuptias
2928 1362 3222 1433 poterant!
3285 1361 3446 1421 Sicut
3496 1364 3653 1422 enim

1946 1457 2103 1499 sacra
2133 1452 2325 1501 narrat
2357 1444 2629 1503 historia:
2660 1468 2685 1499 ‹‹
2722 1448 2855 1504 Erat
2896 1447 3142 1522 eleganti
3184 1458 3413 1522 aspectu
3457 1452 3652 1523 nimis,

1946 1530 2042 1588 cui
2080 1530 2169 1588 vir
2213 1548 2355 1590 suus
2396 1533 2705 1605 rellquerat
2736 1534 2969 1593 divitias
3000 1537 3231 1608 multas,
3270 1546 3325 1597 et
3376 1541 3655 1601 familiam

1944 1620 2251 1692 copiosam,
2301 1638 2367 1679 ac
2424 1621 2811 1694 possessiones
2862 1624 3143 1682 armentis
3196 1626 3368 1685 boum
3422 1637 3477 1687 et
3528 1647 3658 1703 gre-

1944 1709 2117 1783 gibus
2147 1712 2347 1768 ovium
2400 1712 2597 1784 plenas
2632 1714 2858 1782 (Ibid):
2893 1738 2916 1762 υ
2952 1720 3005 1771 et
3052 1714 3202 1787 quod
3252 1717 3343 1775 his
3383 1720 3659 1780 omnibus

159 1814 257 1856 non
322 1799 613 1859 immerito
665 1800 891 1873 possitis
941 1799 1174 1859 odorem
1249 1792 1553 1859 suavitatis
1628 1800 1853 1858 offerre.
1884 1808 2034 1870 Best
2066 1792 2658 1873 longeprrestantius,
2696 1801 2909 1863 dicitur
2937 1803 3134 1874 etiam,
3199 1829 3219 1854 ιι
3268 1807 3407 1881 quia
3445 1809 3661 1868 eratin

155 1889 297 1948 Illud
335 1891 507 1951 etiam
546 1906 650 1948 vos
696 1904 812 1947 non
857 1889 992 1947 latet
1038 1889 1176 1964 quia
1222 1890 1432 1964 puellte
1463 1891 1526 1949 in
1556 1890 1727 1950 domo
1773 1907 1866 1966 pa-

156 1988 381 2040 rentum
412 1997 543 2040 cum
583 1982 830 2053 puberes
864 1981 1204 2053 adolescere,
1236 1998 1367 2041 cum
1404 1983 1525 2057 jam
1569 1982 1866 2042 nubilibus

157 2069 529 2127 incrementis
591 2068 869 2144 cmperint
940 2070 1349 2144 propinquare,
1420 2072 1666 2131 scientes
1730 2073 1868 2148 quia

155 2168 386 2232 paterna
431 2160 755 2218 substantia
796 2160 1100 2219 masculini
1139 2177 1315 2219 sexus
1368 2161 1699 2221 haeredibns
1748 2179 1870 2236 per-

160 2247 417 2305 maxime
446 2255 792 2319 reservetur,
824 2248 1122 2321 capsitlilia
1159 2248 1269 2306 sibi
1300 2250 1686 2325 quzedamque
1714 2266 1867 2309 mar—

161 2337 466 2410 supiorum
530 2338 889 2410 receptacula
942 2347 1291 2412 comparant,
1356 2349 1420 2398 ut
1464 2358 1711 2414 qumque
1768 2358 1866 2416 po-

162 2429 378 2484 tuerint
434 2427 573 2485 hinc
626 2428 761 2485 inde
803 2429 1121 2501 corradere,
1186 2430 1275 2488 his
1331 2431 1596 2490 studeant
1645 2434 1870 2492 cautius

156 2514 447 2586 int‘arcire,
484 2524 770 2590 quatenus
802 2518 871 2575 ad
912 2518 1202 2591 nuptiales
1247 2520 1527 2578 thalamos
1567 2527 1867 2580 transenn-

158 2610 254 2675 tes,
304 2611 470 2663 tanto
526 2605 723 2665 minus
773 2607 927 2679 apud
979 2615 1287 2667 extraneos
1336 2610 1671 2668 erubescere
1721 2626 1873 2669 com-

156 2695 470 2769 pellantur,
522 2705 736 2770 quanto
785 2714 880 2756 eas
929 2714 1005 2755 ex
1058 2704 1294 2771 paterna
1347 2698 1518 2757 domo
1574 2706 1871 2774 congesta-

156 2802 280 2845 rum
329 2802 510 2860 opum
543 2788 718 2847 ditior
744 2788 907 2863 copia
944 2789 1268 2848 comitatur.
1325 2791 1437 2850 Vos
1476 2791 1692 2865 itaque,
1741 2807 1871 2864 qua:

152 2875 216 2932 ad
264 2875 537 2934 caelestes
587 2877 820 2953 nuptias
858 2880 1042 2937 firma)
1089 2880 1210 2953 spei
1250 2881 1526 2953 gradibus
1568 2882 1869 2951 festinatis,

154 2980 267 3023 non
324 2982 571 3040 parvam
599 2973 817 3040 partem
855 2975 1062 3027 vestrae
1114 2969 1447 3031 substantize
1486 2972 1548 3031 in
1584 2980 1704 3031 tuto
1753 2974 1873 3032 loco

157 3055 443 3127 reponite,
490 3057 651 3114 utad
684 3057 1072 3117 immortalem
1111 3076 1388 3132 sponsum
1435 3061 1561 3120 sine
1606 3062 1728 3120 ulla
1773 3063 1873 3121 de-

1954 1887 2230 1946 omnihus
2260 1888 2662 1959 famosissima,
2695 1891 2973 1964 quoniam
2995 1891 3229 1951 timebat
3258 1894 3441 1954 Deum
3470 1897 3657 1966 ualde,

1955 1994 2060 2036 nec
2114 1985 2235 2035 erat
2287 1978 2389 2051 qui
2454 1977 2782 2051 loqueretur
2846 1980 2918 2037 de
2982 1979 3082 2038 illa
3139 1982 3384 2042 verbum
3440 1986 3659 2046 malum

1953 2067 2151 2141 (Ibid).
2200 2092 2226 2115 η
2279 2063 2387 2123 Sed
2440 2066 2673 2137 quando
2715 2068 2821 2125 ista
2876 2082 3074 2141 procos
3122 2069 3466 2145 admitteret,
3515 2073 3662 2134 dum

1953 2154 2279 2227 puellarum
2309 2168 2539 2226 quoque
2565 2154 2691 2226 ejus
2716 2154 3040 2231 alloquium
3067 2157 3319 2230 cuipiam
3347 2158 3512 2219 facile
3546 2178 3663 2220 non

1957 2242 2218 2319 pateret?
2253 2259 2373 2317 quo
2421 2248 2584 2315 pacto
2622 2244 2867 2302 ambiret
2905 2246 3158 2310 vestium
3204 2247 3453 2319 cultum,
3498 2253 3665 2327 cujus

1953 2335 2184 2394 assidue
2232 2333 2445 2401 terebat
2499 2333 2758 2390 membra
2805 2333 3108 2393 cilicium?
3149 2351 3226 2393 an
3270 2337 3506 2397 fortasse
3547 2340 3669 2399 lau-

1961 2424 2202 2483 tioribus
2239 2421 2427 2495 epulis
2456 2426 2604 2479 esset
2646 2420 2886 2495 intenta,
2927 2440 3105 2496 quam
3155 2425 3499 2498 quotidiana
3542 2444 3662 2486 ma-

1956 2514 2182 2573 cerabat
2225 2510 2464 2570 inedia?
2511 2509 2621 2569 Sed
2664 2511 2736 2569 ad
2778 2511 2904 2569 haec
2944 2513 3200 2571 fortassis
3238 2514 3487 2589 objicitis
3530 2517 3667 2593 quia

1958 2603 2122 2661 facile
2180 2620 2239 2661 se
2287 2618 2555 2661 exercere
2610 2602 2672 2660 in
2730 2602 3044 2679 virtutibus
3105 2611 3342 2678 poterat,
3399 2622 3532 2681 quae
3590 2613 3670 2667 tot

1958 2694 2243 2767 prosperis
2295 2693 2552 2767 undique
2601 2686 2962 2749 successibus
3006 2691 3310 2764 aﬂluebat;
3353 2700 3412 2752 at
3456 2695 3669 2769 quibus

1960 2783 2156 2841 vivere
2203 2787 2502 2857 utcunque
2538 2781 2715 2850 deest,
2750 2779 3030 2838 virtutum
3068 2780 3241 2839 vitam
3287 2783 3498 2841 ducere
3522 2801 3669 2859 quo-

1959 2871 2130 2929 modo
2170 2871 2352 2930 libet?
2397 2870 2585 2928 Facile
2630 2869 2846 2927 scilicet
2885 2869 3244 2929 abstinemus
3278 2871 3504 2942 oblatis,
3543 2874 3671 2932 avi-

1958 2959 2096 3019 dius
2145 2960 2496 3033 plerumque
2535 2958 2789 3017 solemus
2832 2957 3062 3016 inhiare
3109 2960 3427 3019 subductis.
3468 2960 3673 3020 Fateor

1960 3049 2153 3122 plane
2192 3048 2327 3122 quia
2382 3053 2698 3120 spontanea
2745 3046 2959 3106 oblatio
3012 3047 3266 3107 lmtil‘icat
3310 3049 3668 3121 offerentem,

154 3143 331 3204 beatis
382 3148 730 3206 confusione
779 3150 1055 3221 transire;
1109 3152 1472 3226 marsupium
1506 3160 1722 3225 autem,
1772 3138 2211 3235 ubiCcoactiva
2280 3138 2590 3195 necessitas
2665 3137 3050 3197 tabescentem
3104 3138 3410 3198 obnubilat
3460 3141 3669 3201 volun-

154 3236 276 3296 hac
360 3238 654 3298 tutissime
728 3248 1100 3313 reponantur,
1160 3240 1323 3299 sinus
1387 3249 1473 3301 est
1528 3252 1872 3316 pauperum,
1903 3229 1938 3235 ⁷
1962 3239 2157 3291 tatem.
2193 3230 2305 3290 Sed
2335 3236 2455 3288 esto
2487 3229 2624 3305 quia
2663 3230 2867 3290 Judith
2904 3230 3101 3288 divitis
3144 3231 3467 3291 causamini
3506 3234 3671 3293 vobis

160 3331 510 3388 sustentatio
544 3330 918 3389 miserorum.
958 3331 1081 3390 Hoc
1118 3333 1398 3391 nimirum
1438 3335 1605 3392 fidele
1653 3341 1739 3393 est
1774 3335 1875 3393 de-

157 3421 515 3491 positarium
595 3423 721 3481 sine
799 3422 923 3482 ullo
985 3439 1219 3497 prorsus
1289 3423 1649 3493 detrimento,
1720 3425 1875 3498 quod

162 3514 513 3587 susceperit,
556 3513 942 3573 redditurum.
983 3514 1173 3573 Nolite
1217 3530 1350 3587 ergo
1394 3514 1475 3573 sic
1520 3516 1875 3573 remanenti-

158 3600 265 3659 bus
314 3610 531 3662 cuncta
575 3605 925 3680 relinquere,
976 3610 1042 3663 ut
1090 3603 1397 3677 negligatis
1446 3603 1616 3662 etiam
1681 3603 1873 3662 vobis-

152 3694 443 3768 metipsis,
477 3694 655 3768 paulo
692 3700 818 3768 post
856 3694 993 3752 hinc
1044 3694 1485 3766 emigrantibus,
1532 3693 1872 3766 providere;

157 3788 309 3858 quod
347 3786 407 3846 si
436 3786 681 3846 facultas
716 3800 830 3843 non
882 3784 1154 3858 suppetit,
1196 3784 1243 3841 si
1284 3789 1502 3858 egestas
1530 3799 1631 3842 vos
1676 3783 1757 3841 rei
1788 3784 1873 3841 fa-

160 3878 422 3936 miliaris
444 3880 736 3947 angustat,
764 3874 865 3947 qui
894 3873 1119 3932 minuta
1148 3873 1343 3932 viduae
1376 3873 1625 3933 divitum
1668 3888 1871 3932 mune-

151 3965 317 4025 ribus
357 3964 621 4040 prmtulit
651 3966 797 4029 (Luc.
829 3964 979 4034 XXI),
1026 3969 1215 4021 vestra
1238 3977 1467 4037 quoque
1504 3962 1869 4031 munuscula,

148 4058 241 4115 vel
267 4056 604 4131 perexigua
629 4054 778 4111 intra
804 4051 1279 4125 gazophylacium
1318 4051 1712 4111 exauditionis
1751 4068 1874 4110 suae

150 4160 263 4202 non
306 4146 584 4217 ingratus
617 4140 888 4199 admittit.
930 4142 1007 4197 At
1044 4139 1093 4198 si
1127 4146 1181 4197 et
1210 4139 1355 4207 haec,
1403 4140 1559 4213 quod
1596 4156 1708 4198 non
1750 4155 1874 4196 cre-

143 4232 370 4303 dimus,
429 4231 673 4292 omnino
710 4229 1021 4299 defuerint,
1052 4228 1176 4302 pias
1223 4228 1523 4303 lacrymas,
1561 4226 1874 4301 profundos

143 4325 430 4393 gemitus,
492 4321 607 4379 alta
658 4320 903 4393 suspiria
962 4334 1063 4376 vos
1127 4318 1334 4376 offerre
1392 4317 1676 4387 suﬂiciat;
1724 4317 1874 4374 ultro

142 4410 319 4469 etiam
371 4410 665 4484 quidquid
710 4408 925 4484 sapitis,
967 4404 1247 4479 quidquid
1291 4406 1542 4477 potestis,
1587 4403 1871 4479 quidquid

142 4497 372 4566 vivitis,
412 4497 723 4594 ‘quidquid
762 4504 871 4593 .est
934 4495 1088 4594 quod
1135 4495 1383 4594 spiratis,
1438 4496 1496 4553 in
1523 4494 1696 4594 Δ’300
1732 4509 1937 4594 “araD

143 4592 359 4644 vestras
392 4585 723 4643 devotionis
758 4584 1053 4658 imponite,
1094 4591 1151 4641 et
1194 4584 1276 4643 sic
1319 4585 1690 4655 vosmetipsas
1728 4581 1865 4650 Deo,

136 4675 301 4746 quod
366 4672 726 4733 holocaustis
780 4674 1055 4731 omnibus
1125 4674 1313 4747 majus
1367 4678 1470 4741 est,
1524 4670 1869 4728 sacrificium

133 4764 400 4823 adolete.
453 4764 698 4821 Horrete
750 4762 943 4835 itaque
992 4762 1275 4836 colloquia
1315 4760 1705 4828 saecularium,
1746 4775 1866 4817 car-

136 4852 385 4910 nalium
431 4851 1038 4924 deviteturnspectns,
1067 4856 1255 4908 vestra
1286 4850 1537 4922 denique
1578 4864 1695 4905 non
1743 4863 1869 4905 om-

134 4942 319 5001 nibus
352 4942 543 5013 janua
580 4947 808 5014 pateat;
852 4940 1033 4998 donec
1067 4939 1351 4996 adventus
1387 4953 1559 4995 causa
1599 4936 1869 5005 discatur,

131 5029 464 5089 nonnullis
517 5030 891 5103 prohibeatur
945 5044 1224 5088 accessus.
1288 5026 1489 5084 Judith
1545 5026 1718 5084 etiam
1771 5025 1873 5082 illa

130 5129 341 5180 sancta
390 5119 564 5177 vobis
606 5119 847 5178 vivendi
896 5119 969 5177 sit
1023 5134 1244 5183 norma,
1292 5124 1348 5174 et
1400 5116 1650 5174 vidualis
1689 5114 1871 5172 conti-

132 5211 368 5268 nentiae
431 5208 752 5281 disciplina.
798 5208 880 5270 De
918 5224 1031 5282 qua
1066 5206 1332 5267 videlicet
1370 5220 1531 5263 sacra
1577 5202 1875 5275 Scriptura

126 5306 396 5357 testatur
458 5298 548 5356 his
590 5297 873 5356 verbis:«
904 5298 1047 5367 Quia
1097 5296 1159 5354 in
1216 5294 1611 5367 superioribus
1668 5292 1875 5350 domus

122 5403 256 5445 suae
322 5383 479 5444 fecit
524 5384 639 5442 sibi
708 5391 989 5443 secretum
1054 5382 1413 5449 cubiculum,
1466 5380 1527 5437 in
1580 5394 1695 5451 quo
1740 5394 1874 5436 cum

124 5473 363 5545 puellis
393 5470 526 5530 suis
553 5472 749 5530 clausa
779 5472 1129 5542 morabatur,
1178 5478 1231 5527 et
1272 5468 1487 5526 habens
1515 5481 1689 5539 super
1716 5465 1874 5523 lum-

119 5563 229 5623 bos
274 5575 450 5622 suos
486 5560 763 5633 cilicium,
813 5561 1115 5635 jejunabat
1161 5558 1436 5617 omnibus
1481 5556 1685 5614 diebus
1741 5554 1878 5612 vitm

190 5664 339 5726 (t0?)
389 5661 567 5713 Locus
600 5661 842 5715 mutilus.

1961 3321 2194 3395 cepiam
2221 3319 2536 3391 dehaberi;
2569 3320 2832 3394 nunquid
2863 3319 3229 3394 paupercula:
3258 3320 3418 3381 illius
3448 3321 3669 3382 Moabi-

1962 3410 2115 3481 tidis,
2159 3409 2318 3467 Ruth
2362 3407 2626 3466 videlicet
2671 3408 2970 3477 exsilium,
3013 3407 3382 3480 calamitates,
3433 3411 3667 3485 famem,

1959 3504 2138 3574 sitim,
2186 3503 2450 3562 laborum
2508 3502 2965 3561 intolerabilium
3004 3503 3343 3576 patientiam
3390 3503 3670 3577 ignoratis

1959 3597 2146 3665 (Ruth.
2198 3593 2282 3663 1)?
2326 3593 2607 3666 Nunquid
2646 3592 2810 3651 vobis
2850 3609 2949 3666 pro
2982 3592 3379 3668 pudicissima)
3414 3594 3669 3653 viduita-

1961 3684 2031 3741 tis
2077 3682 2424 3758 aliquandiu
2472 3683 2766 3741 honestate
2801 3681 3084 3740 servanda
3124 3681 3292 3755 (107),
3336 3683 3408 3740 ad
3450 3688 3664 3741 tantam

1958 3772 2119 3830 illam
2184 3771 2488 3830 devenisse
2544 3770 2871 3844 penuriam,
2924 3777 2988 3829 ut
3034 3770 3248 3841 resides
3305 3773 3488 3845 spicas
3542 3778 3670 3847 post

1960 3860 2302 3919 metentium
2364 3867 2518 3931 terga
2572 3858 2886 3932 colligeret,
2943 3867 2997 3917 et
3057 3860 3214 3933 virga
3264 3859 3494 3932 cadens,
3548 3876 3665 3919 non

1957 3950 2141 4007 dicam
2191 3947 2370 4019 virili,
2412 3947 2509 4005 sed
2538 3947 2796 4004 humano
2842 3945 3111 4004 destituta
3146 3963 3379 4021 prorsus
3418 3949 3663 4021 auxilio,

1956 4040 2080 4112 ipsa
2129 4037 2286 4110 quod
2333 4037 2656 4109 collegerat,
2709 4034 3042 4093 trituraret?
3087 4034 3381 4094 Nimirum
3433 4054 3508 4097 ex
3552 4055 3667 4114 qua

1956 4136 2248 4187 tantorum
2318 4143 2522 4200 regum
2590 4124 2813 4183 soboles
2884 4124 3072 4182 fuerat
3128 4141 3481 4199 processura,
3539 4135 3666 4189 tan-

1955 4234 2132 4293 quam
2176 4217 2290 4275 vile
2333 4214 2713 4288 mancipium,
2758 4212 3067 4272 servilibus
3111 4214 3382 4288 operibns
3430 4215 3665 4276 videba-

1957 4314 2049 4365 tur
2097 4306 2337 4364 addieta.
2394 4303 2548 4362 Inter
2608 4309 2685 4360 tot
2735 4309 2930 4363 autem
2986 4318 3283 4376 pressuras
3331 4310 3502 4379 atque
3554 4322 3663 4365 an-

1953 4395 2173 4468 gustias
2224 4400 2501 4451 coarctata
2554 4390 2793 4448 virtutes
2840 4392 3021 4449 animi
3104 4407 3217 4450 non
3283 4392 3556 4465 deseruit,
3611 4402 3667 4453 et

1957 4485 2145 4558 inopis
2182 4483 2418 4555 quidem
2450 4481 2585 4538 vita:
2614 4479 2863 4555 pondus,
2901 4498 3018 4556 quo
3044 4481 3430 4554 premebatur,
3461 4499 3663 4559 aequa-

1959 4572 2192 4630 nimiter
2238 4570 2409 4638 tulit;
2456 4568 2529 4626 ab
2576 4569 2800 4626 intimae
2854 4584 2986 4627 vero
3015 4570 3353 4628 mobilitatis
3408 4571 3665 4631 culmine

1955 4670 2021 4720 ut
2068 4668 2202 4735 puta
2247 4660 2421 4733 digna
2464 4658 2641 4718 David
2690 4676 2921 4734 proava,
2972 4661 3316 4733 degenerare
3354 4662 3661 4737 indignum

1956 4751 2145 4809 duxit.
2199 4748 2402 4807 Socrui
2459 4748 2843 4807 reverentiam
2903 4750 3143 4824 dignam
3196 4751 3485 4822 exhibuit,
3534 4770 3657 4811 ma-

1961 4839 2236 4898 tronalem
2320 4837 2658 4911 pudicitiam
2756 4839 2957 4908 tenuit,
3041 4839 3306 4897 defuncto
3384 4842 3508 4898 viro
3586 4843 3661 4901 fi-

1956 4928 2089 4986 dem
2143 4926 2413 4999 servavit,
2466 4926 2635 4985 idolis
2686 4926 2937 4985 deditam
2990 4928 3231 5002 patriam
3287 4937 3663 5005 parentesque

1956 5016 2095 5072 301
2160 5016 2434 5085 deseruit,
2503 5024 2558 5075 et
2618 5017 2689 5074 ad
2743 5017 2965 5076 cultum
3021 5020 3143 5077 veri
3202 5020 3303 5081 Dei
3360 5021 3488 5081 sine
3538 5023 3662 5084 ullo

1956 5108 2202 5166 doctoris
2303 5108 2632 5181 magisterio
2714 5107 2927 5166 nobilis
3018 5113 3302 5187 proselyta
3394 5115 3663 5174 transivit

1958 5200 2127 5266 (Ruth
2158 5202 2242 5265 ll).
2278 5197 2421 5254 Ecce
2452 5197 2632 5269 igitur
2656 5195 2857 5254 Judith
2887 5213 3151 5271 prospera
3180 5204 3394 5275 quibus
3439 5203 3501 5261 in
3543 5203 3658 5262 vita

1958 5286 2306 5343 fulciebatur
2344 5285 2641 5358 abjiciens,
2692 5284 2847 5342 Ruth
2886 5285 3126 5345 adversa
3172 5290 3388 5364 quibus
3432 5308 3656 5366 preme-

1957 5375 2127 5433 batur
2156 5375 2547 5447 amplectens;
2597 5383 2839 5449 utraque
2879 5374 3093 5436 scilicet
3129 5385 3320 5437 mente
3350 5397 3489 5453 una,
3532 5380 3663 5440 licet

1959 5465 2187 5522 diversa
2218 5464 2467 5532 fortuna,
2497 5462 2602 5521 uni
2636 5464 2750 5522 Deo
2780 5481 2895 5523 non
2920 5466 3210 5526 immerito
3242 5469 3472 5540 placuit.
3515 5470 3664 5540 Quia

1960 5570 2062 5611 nec
2110 5550 2368 5610 adversis
2408 5551 2517 5610 ista
2567 5552 2874 5612 succubuit
2910 5570 3014 5613 nec
3043 5556 3100 5614 in
3128 5571 3397 5633 prospera
3450 5558 3664 5617 suimet
