4024 6198
390 347 497 407 495
915 347 973 407 S.
1018 345 1240 404 PETRI
1279 344 1601 404 DAMIANI
1639 344 1797 405 OPP.
1845 344 2033 404 PARS
2075 343 2216 403 SEU
2258 343 2508 403 TOMUS
2548 344 2593 401 Ι.
2642 376 2706 385 -
2748 344 2978 404 EPIST.
3028 346 3167 405 LIB.
3210 347 3364 407 VIII.
3780 354 3886 414 496

388 469 736 530 obliviscens
766 486 886 528 sese
911 468 1010 528 illa
1036 468 1261 543 dejecit.
1297 467 1407 528 Sed
1436 468 1535 527 illa
1569 468 1841 527 tolerabat
1882 467 2237 541 quibusAet
2261 466 2511 525 lamenta
2543 468 2893 537 concurrite,
2935 475 3108 545 atque
3130 471 3203 528 ab
3230 478 3375 530 EBSill
3418 465 3886 547 persequentium

388 559 748 631 abundabat;
798 560 903 618 ista
953 557 1255 617 fruebatur
1292 574 1423 632 qua:
1461 558 1802 631 patiebatur.
1844 557 2096 632 Utraque
2180 555 2249 612 ad
2306 555 2697 629 lacrymarum
2750 556 3010 630 protinus
3070 558 3433 631 refrigerium
3491 562 3771 634 festinate,
3822 570 3887 622 ut

392 647 676 707 nimirum
726 648 797 706 de
853 647 1169 705 mundana;
1222 648 1625 707 inconstantia;
1671 648 2096 707 alternitatibus
2180 641 2323 701 dum
2352 659 2517 702 mens
2550 652 2740 703 vestra
2775 644 2908 702 foris
2940 661 3051 703 non
3084 645 3301 706 invenit
3344 649 3445 707 ubi
3476 649 3659 707 valeat
3687 667 3888 710 secura

388 752 666 807 asserens,
710 764 733 785 ‹‹
772 735 933 795 Sicut
962 736 1230 806 tenebrae,
1263 736 1473 811 inquit,
1505 737 1651 809 ejus,
1682 738 1758 795 ita
1800 742 1852 793 et
1897 736 2094 794 lumen
2181 733 2494 807 quiescere,
2541 751 2601 792 se
2661 734 2812 793 intra
2865 750 2925 792 se
2975 736 3271 809 colligens,
3323 738 3397 796 ab
3445 741 3603 798 omni
3662 742 3889 801 studeat

389 825 515 898 ejus
542 827 713 893 (Psal.
741 830 1065 893 CXXXVIII).
1104 847 1129 873 π
1161 825 1388 883 Etcum
1418 840 1534 883 una
1570 829 1835 881 contenta
1873 823 1946 881 sit
1976 824 2095 897 pri-
2179 821 2459 880 mundani
2503 825 2772 897 strepitus
2812 825 3239 897 perturbatione
3290 829 3497 902 sopire.
3544 829 3742 903 Neque
3787 848 3888 890 vos

384 912 514 983 mis,
567 912 742 971 altera
785 913 1004 986 nuptiis
1050 913 1121 970 sit
1170 918 1359 987 aptata
1410 912 1695 979 secundis,
1755 912 1888 969 licet
1939 911 2091 970 Ruth
2178 911 2251 967 ab
2296 911 2575 968 orationis
2612 912 2803 970 studio
2846 913 3013 971 ﬂetus
3052 914 3288 973 ariditas
3327 919 3571 990 frangat,
3621 918 3887 976 videlicet

387 1000 669 1059 thalamos
718 1001 1028 1077 iteraverit,
1082 1017 1113 1058 a
1161 1001 1435 1059 castitatis
1488 1009 1679 1058 tamen
1729 1000 1930 1059 habitu
1976 1015 2093 1057 non
2180 1013 2316 1056 mox
2364 1006 2425 1056 ut
2462 1000 2779 1072 conamini,
2820 1001 3093 1075 lacrymaa
3138 1019 3250 1063 non
3294 1012 3617 1081 erumpant.
3662 1008 3884 1081 Jejunii

384 1091 636 1161 recessit,
695 1091 831 1164 quia
897 1090 1149 1149 vidualis
1203 1091 1560 1150 continentia
1613 1092 1673 1148 in
1731 1090 2092 1165 conjugalem
2178 1102 2449 1159 namque,
2488 1088 2580 1146 cui
2613 1105 2715 1146 vos
2744 1089 3059 1149 districtius
3101 1092 3417 1165 inhaaretis,
3461 1096 3585 1154 haec
3622 1112 3744 1154 esse
3778 1113 3884 1154 na-

384 1179 724 1251 pudicitiam
756 1195 872 1238 non
897 1179 1139 1237 libidine
1160 1179 1408 1237 carnalis
1436 1178 1743 1248 illecebrm,
1771 1180 1868 1237 sed
1894 1179 2091 1237 divina
2179 1181 2306 1234 tura
2340 1176 2716 1250 dignoscitur,
2747 1184 2810 1237 ut
2842 1195 2975 1237 cum
3008 1181 3224 1238 multos
3253 1190 3627 1261 provectuum
3662 1186 3887 1245 fructus

385 1268 577 1343 potius
615 1274 699 1325 est
733 1266 1106 1341 dispositione
1156 1273 1396 1327 mutata.
1442 1266 1590 1336 Quid
1630 1274 1824 1326 autem
1862 1267 1933 1325 de
1969 1267 2093 1341 ipsa
2177 1264 2520 1335 accumulet,
2579 1266 2870 1324 interdum
2942 1274 3131 1325 tamen
3191 1274 3245 1326 et
3310 1270 3425 1329 iras
3494 1276 3765 1333 accendat
3828 1281 3884 1332 et

386 1357 714 1419 beatissima
756 1356 859 1415 Dei
903 1357 1193 1416 Genitrice
1228 1371 1693 1427 commemorem,
1730 1372 1862 1430 quae
1892 1362 1946 1414 et
1979 1363 2091 1414 ter-
2179 1353 2464 1427 lacrymas
2497 1354 2741 1412 minuat.
2793 1355 2861 1412 Et
2911 1356 2980 1413 de
3018 1356 3102 1413 ira
3132 1357 3388 1429 quidem,
3423 1361 3561 1434 quia
3602 1377 3701 1434 per
3725 1363 3884 1435 jeju-

386 1461 659 1505 renarum
691 1461 865 1519 opum
895 1445 1085 1520 copias
1113 1461 1226 1503 non
1269 1446 1539 1519 possedit,
1585 1452 1640 1503 et
1680 1443 2092 1502 immanissimi
2180 1441 2347 1500 nium
2395 1448 2630 1512 crescat,
2688 1444 2993 1501 manifesta
3048 1450 3131 1501 est
3188 1444 3355 1504 Isaia;
3408 1450 3706 1520 sententia,
3764 1467 3887 1524 qua

382 1535 597 1594 doloris
638 1534 1090 1593 amaritudinem
1140 1533 1429 1608 pertulit?
1479 1533 1587 1593 Cui
1628 1533 1911 1592 nimirum
1956 1549 2092 1591 vere
2176 1528 2352 1587 dicit:
2379 1550 2407 1583 α
2448 1530 2610 1599 Ecce,
2651 1531 2863 1604 inquit,
2915 1533 2984 1590 ad
3027 1532 3155 1591 lites
3197 1541 3249 1592 et
3291 1539 3684 1596 contentiones
3725 1539 3886 1613 jeju-

384 1625 723 1701 przedictum
780 1632 895 1684 est:
926 1647 953 1678 «
997 1625 1069 1683 Et
1112 1631 1269 1683 tuam
1314 1624 1496 1699 ipsius
1530 1627 1787 1683 animam
1835 1628 2093 1696 pertran-
2180 1617 2346 1687 natis,
2391 1623 2447 1675 et
2480 1617 2774 1690 percutitis
2820 1634 3012 1693 pugno
3048 1620 3224 1694 impie
3256 1626 3386 1689 (Isa.
3437 1632 3619 1693 LVIII).
3655 1647 3680 1679 η
3711 1626 3882 1695 Quod

381 1714 518 1774 sibit
559 1713 790 1788 gladius
834 1714 977 1785 (Luc.
1017 1714 1098 1783 II).
1132 1737 1158 1761 »
1206 1709 1267 1769 Si
1318 1711 1474 1769 enim
1521 1712 1886 1784 omnipotens
1941 1711 2091 1770 Deus
2175 1713 2372 1764 autem
2404 1705 2576 1779 longo
2597 1706 2825 1780 jejunio
2868 1707 3137 1782 Iacrymte
3170 1709 3604 1783 subtrahantur,
3644 1721 3885 1775 testatur

384 1802 561 1876 hujus
635 1801 770 1859 vitae
828 1814 1093 1874 prospera
1151 1799 1347 1871 magni
1400 1798 1690 1887 penderet,
1754 1797 2457 1887 nullatenusBIosephus
2500 1803 2597 1867 (De
2643 1802 2778 1855 bello
2823 1802 3001 1871 Iud),
3050 1800 3151 1873 qui
3197 1815 3327 1858 cum
3384 1802 3694 1863 vindictam
3744 1822 3885 1879 quae

380 1893 563 1966 ipsam
611 1890 963 1964 singularem
1010 1903 1074 1946 ac
1104 1894 1439 1962 perpetuam
1491 1886 1810 1960 Virginem,
1852 1902 1927 1944 ex
1974 1901 2088 1960 qua
2126 1886 2135 1887 “
2175 1886 2559 1955 Hierusalem,
2601 1894 2657 1945 et
2695 1888 3160 1961 persecutoribus
3194 1890 3425 1949 Domini
3459 1908 3492 1948 a
3533 1892 3885 1968 Vespasiano

378 1981 664 2039 iurat-nari
709 1980 977 2051 dignatus
1018 1984 1124 2049 est,
1168 1976 1319 2035 afﬁci
1365 1976 1660 2035 doloribus
1710 1976 2084 2050 permisisset.
2174 1984 2230 2035 et
2268 1977 2396 2035 Tito
2432 1977 2793 2051 principibus
2820 1984 2903 2035 est
2939 1978 3202 2051 irrogata,
3250 1988 3525 2051 narraret,
3574 1982 3722 2041 inter
3759 2000 3884 2042 cae-

376 2073 729 2146 Quapropter
748 2078 802 2128 et
825 2086 945 2142 vos,
972 2070 1144 2143 juxta
1175 2068 1239 2126 Β.
1280 2067 1431 2125 Petri
1477 2068 1842 2136 sententiam,
1884 2066 2086 2125 eadem
2176 2073 2294 2123 tera
2337 2064 2633 2124 ultricium
2679 2081 2982 2139 poenarum
3020 2081 3247 2138 genera,
3282 2069 3390 2125 hoc
3426 2069 3598 2127 etiam
3635 2071 3878 2140 addidit,

375 2163 718 2237 cogitatione
762 2160 1075 2219 armamini
1127 2163 1173 2232 (Ι
1207 2163 1350 2216 Petr.
1412 2160 1514 2230 IV),
1571 2165 1624 2215 et
1672 2158 1824 2216 mala
1881 2160 2085 2217 mundi
2174 2155 2406 2213 dicens:
2439 2179 2459 2206 ι
2507 2155 2616 2215 Sed
2657 2171 2762 2214 nec
2789 2156 3075 2229 planctus,
3109 2157 3317 2232 inquit,
3362 2175 3436 2217 ex
3474 2175 3629 2232 more
3672 2162 3883 2221 defun-

373 2268 475 2325 per
518 2250 856 2326 patientiam
899 2249 1133 2320 vincite,
1181 2264 1314 2323 quae
1357 2251 1605 2324 profecto
1646 2264 1761 2307 non
1810 2248 2085 2322 ignoratis
2172 2245 2277 2303 ctis
2325 2245 2731 2315 exhibebatur,
2778 2251 2879 2303 aut
2920 2247 3141 2317 luctus;
3193 2248 3331 2322 quia
3382 2250 3487 2308 hoc
3532 2251 3640 2308 sibi
3691 2258 3879 2310 totum

373 2355 576 2397 omnes
615 2339 824 2397 electos
870 2338 942 2396 ab
989 2338 1111 2412 ipsa
1159 2337 1408 2396 humani
1452 2337 1679 2409 generis
1709 2338 1934 2410 origine
1965 2354 2087 2412 per-
2172 2334 2560 2393 vindicaverat
2590 2336 2787 2403 fames,
2814 2335 2908 2392 sed
2946 2351 3048 2393 nec
3070 2336 3303 2394 ariditas
3334 2336 3545 2396 inediae
3566 2339 3883 2400 humorem

376 2429 592 2487 tulisse.
652 2427 813 2487 Unde
861 2428 1003 2485 dicit
1058 2428 1405 2500 Apostolus:
1437 2448 1462 2479 «
1507 2426 1652 2496 Quia
1708 2443 1811 2501 per
1873 2428 2084 2487 multas
2170 2423 2442 2497 cuiquam
2472 2423 2781 2498 reliquerat
2812 2424 3223 2497 lacrymarum.
3254 2446 3281 2478 »
3316 2425 3480 2484 llnde
3506 2443 3638 2486 cum
3669 2430 3883 2489 visibi-

376 2518 779 2577 trihulationes
851 2521 1070 2589 oportet
1128 2532 1232 2574 nos
1282 2516 1497 2573 intrare
1557 2515 1616 2572 in
1673 2532 1916 2589 regnum
1981 2516 2082 2575 Dei
2171 2510 2251 2569 les
2281 2511 2564 2586 lacrymas
2593 2529 2707 2571 non
2736 2509 2969 2587 petestis
2994 2531 3065 2572 ex
3098 2515 3280 2573 oculis
3306 2517 3496 2576 carnis
3525 2520 3879 2593 exprimere,

375 2609 518 2680 (Act,
565 2607 712 2679 xxv).
752 2628 772 2656 ι
814 2604 1128 2663 Enimvero
1182 2620 1297 2662 non
1352 2603 1693 2662 incredibile
1734 2606 1981 2679 estquia
2032 2608 2079 2664 si
2170 2600 2419 2659 sufficiat
2453 2602 2613 2661 vobis
2653 2619 2924 2663 excessus
2962 2606 3220 2679 proprios
3258 2607 3405 2665 intra
3434 2609 3661 2667 contriti
3686 2610 3883 2670 cordis

373 2698 497 2754 haec
534 2696 644 2753 vita
675 2694 839 2753 vobis
880 2694 1135 2752 blandita
1174 2695 1514 2763 mitesceret,
1565 2710 1596 2751 a
1636 2694 1881 2752 caelestis
1927 2695 2076 2753 desi—
2166 2706 2376 2748 arcana
2416 2691 2647 2749 deﬂere.
2688 2692 2774 2751 Ibi
2810 2695 3069 2753 tenebras
3106 2696 3341 2755 admissi
3380 2705 3567 2757 reatus
3597 2699 3879 2773 aspicite;

371 2786 514 2843 derii
559 2801 735 2843 cursu
783 2800 886 2842 vos
929 2785 1296 2859 aliquatenus
1338 2783 1668 2855 retardaret,
1703 2790 1759 2841 et
1794 2800 1957 2842 mens
1990 2802 2082 2843 ve-
2165 2787 2221 2837 et
2252 2780 2386 2853 quia
2415 2780 2657 2850 dignum
2687 2789 2771 2859 est
2802 2783 2953 2856 quod
2982 2784 3269 2857 patimini,
3307 2786 3447 2860 ipsa;
3481 2804 3710 2863 quoque
3738 2805 3880 2848 sen-

371 2881 487 2931 stra
520 2881 760 2931 eotenus
797 2888 828 2929 a
860 2871 974 2929 Deo
1014 2873 1363 2944 frigesceret,
1418 2886 1534 2944 quo
1578 2870 1635 2927 in
1688 2878 1833 2930 aestu
1883 2888 2079 2930 rerum
2168 2869 2345 2926 tentia
2394 2869 2529 2927 recti
2578 2870 2869 2929 examinis
2915 2871 3183 2943 judicate.
3239 2873 3371 2933 Lux
3426 2892 3674 2951 namque
3720 2877 3883 2937 inter

370 2961 767 3037 temporalium
813 2959 1074 3033 requiem
1120 2960 1430 3018 inveniret.
1482 2960 1616 3020 ideo
1658 2961 1834 3034 igitur
1879 2963 2081 3022 divina
2170 2960 2434 3018 tenebras
2482 2961 2849 3031 convalescit,
2897 2968 2952 3020 et
2998 2962 3224 3035 lucifer,
3281 2964 3380 3038 qui
3429 2965 3486 3022 in
3540 2966 3633 3024 die
3671 2968 3880 3027 oculos

369 3053 719 3128 dispensatio
749 3052 807 3108 in
840 3051 1020 3123 hujus
1061 3050 1197 3107 vita:
1245 3050 1365 3108 salo
1413 3050 1750 3124 procellosis
1778 3053 1915 3111 hinc
1946 3054 2081 3113 inde
2169 3049 2333 3119 fugit,
2391 3049 2452 3106 in
2497 3056 2659 3107 nocte
2707 3050 2896 3107 radios
2942 3051 3157 3123 proprii
3205 3051 3524 3125 splendoris
3574 3055 3876 3127 expandit.

374 3143 726 3211 turbinibus,
767 3147 822 3200 et
859 3140 1285 3215 quodammodo
1321 3139 1590 3197 violentis
1633 3149 1933 3201 ventorum
1984 3145 2077 3201 fu-
2099 3182 2142 3215 ρ
2168 3137 2281 3196 Nos
2330 3137 2523 3209 itaque
2561 3137 2609 3195 si
2641 3153 2838 3195 veram
2872 3138 3056 3196 lucem
3092 3139 3150 3195 in
3196 3141 3467 3200 cordibus
3496 3143 3705 3201 nostris
3729 3143 3877 3202 oriri

370 3233 622 3292 rentium
682 3231 915 3290 ﬂatibus
964 3245 1067 3288 vos
1118 3230 1399 3288 ﬂuctuare
1448 3231 1749 3303 permittit,
1803 3238 1869 3290 ut
1914 3226 2462 3295 mens"V0|umUS,
2498 3242 2613 3284 Ποη
2665 3241 2768 3285 DOS
2809 3226 2999 3285 lucrm
3046 3243 3169 3285 esse
3208 3230 3514 3302 ﬁngamus,
3549 3231 3647 3288 80d
3682 3239 3881 3290 reatus

370 3329 558 3382 vestra
603 3321 833 3380 avidius
866 3320 934 3377 ad
979 3335 1229 3392 superna
1282 3319 1580 3392 desideria,
1620 3327 1893 3389 transeat,
1938 3324 2078 3382 dum
2164 3317 2343 3375 nostri
2385 3318 2648 3375 tenebras
2692 3317 2971 3374 veraciter
3007 3334 3407 3391 agnoscamus,
3460 3326 3515 3377 et
3560 3325 3697 3378 tunc
3746 3320 3880 3377 leve

367 3414 520 3471 inter
555 3412 670 3470 ima
713 3425 828 3468 non
867 3409 1091 3467 invenit
1136 3409 1234 3467 ubi
1274 3409 1687 3468 delectabiliter
1738 3412 2077 3485 requiescat.

368 3502 524 3574 Agar
580 3515 828 3572 namque
869 3497 1155 3571 prosperis
1205 3496 1349 3555 fulta
1397 3506 1596 3556 contra
1647 3500 1942 3559 dominam
1999 3510 2083 3561 tu-

371 3589 558 3652 muit;
594 3587 801 3648 amicta
829 3586 1217 3660 postmodum,
1260 3593 1314 3642 et
1357 3586 1415 3642 in
1452 3586 1867 3647 solitudinibus
1910 3593 2079 3649 exsul

367 3677 661 3745 oberrans,
694 3674 1016 3749 alloquiqu
1056 3672 1245 3747 angeli
1283 3674 1412 3731 laeta
1448 3676 1838 3747 promittentis
1866 3681 2082 3752 accepit

371 3770 524 3837 (Gen.
562 3771 704 3836 XVI).
747 3765 959 3823 Rachel
998 3765 1180 3822 donec
1214 3764 1535 3823 sterilitatis
1574 3766 1894 3825 infortunio
1922 3770 2082 3828 labo-

372 3856 538 3927 ravit,
581 3869 718 3911 vero
757 3853 872 3910 Deo
909 3851 1287 3909 reverentiam
1341 3851 1499 3926 digni
1542 3853 1731 3911 cultus
1770 3856 2077 3931 exhibuit;

369 3953 670 4018 postquam
707 3948 919 4009 autem,
963 3940 1117 3997 edito
1154 3939 1389 4011 .loseph,
1446 3941 1810 4000 fecunditatis
1868 3947 2083 4004 meruit

368 4035 613 4103 donum,
650 4032 842 4089 Laban
884 4030 1064 4104 patris
1094 4030 1281 4087 furata
1310 4037 1394 4087 est
1426 4031 1645 4090 idolum
1686 4035 1839 4101 (Gen.
1876 4043 2077 4103 XXXI).

2166 3406 2333 3463 nobis
2362 3406 2657 3463 videbitur
2689 3420 2861 3464 omne
2889 3406 3039 3480 quod
3080 3407 3353 3480 patimur,
3380 3408 3519 3483 quia
3545 3408 3713 3466 valde
3741 3424 3880 3481 gra-

2167 3497 2297 3554 vius
2347 3512 2471 3554 esse
2523 3496 2936 3570 perpendimus
2973 3499 3124 3571 quod
3174 3513 3481 3557 meremur.
3544 3497 3877 3557 Notandum

2163 3592 2356 3643 autem
2397 3584 2535 3657 quia
2573 3584 2721 3642 sicut
2755 3584 2855 3659 qui
2906 3599 3023 3642 non
3071 3584 3289 3657 vident,
3334 3586 3560 3643 acutius
3599 3585 3877 3658 audiunt,

2164 3682 2229 3733 ut
2260 3682 2535 3746 tanquam
2570 3672 2846 3730 vivacitas
2888 3688 3094 3730 sensus
3125 3688 3258 3747 quae
3297 3674 3402 3731 uni
3442 3672 3700 3731 membro
3731 3673 3882 3732 sub-

2167 3765 2420 3822 trahitur
2458 3763 2531 3820 ad
2569 3762 2729 3835 aliud
2758 3762 3116 3820 cumulatius
3151 3764 3543 3834 transferatur,
3592 3765 3676 3822 ita
3722 3780 3880 3823 non-

2164 3854 2317 3913 nulli
2371 3854 2582 3913 calcata
2626 3854 2888 3923 luxuria,
2922 3855 2983 3912 in
3038 3855 3338 3913 avaritiam
3386 3856 3579 3914 acrius
3640 3856 3885 3915 inarde-

2163 3948 2357 4012 scunt,
2407 3950 2462 4001 et
2508 3944 2765 4002 humana
2814 3944 3277 4018 concupiscentia
3323 3945 3464 4004 dum
3520 3962 3555 4003 a
3608 3946 3885 4005 libidinis

2163 4034 2460 4091 voluntate
2506 4033 2905 4105 compescitur,
2951 4033 3265 4107 majoribus
3303 4034 3524 4093 viribus
3561 4035 3623 4092 in
3671 4036 3885 4108 acqui-

372 4123 486 4182 Vos
513 4122 685 4180 etiam
716 4120 765 4177 si
788 4120 958 4193 juxta
998 4125 1195 4177 votum
1242 4125 1426 4176 erecta
1469 4120 1529 4178 in
1574 4126 1884 4182 cumulum
1924 4127 2082 4184 unda
2164 4122 2481 4181 rendarum
2522 4138 2697 4195 opum
2742 4138 2802 4179 se
2843 4122 3079 4196 porrigit
3108 4124 3444 4196 appetitum.
3477 4123 3545 4181 In
3575 4125 3739 4182 vobis
3763 4141 3885 4183 au-

369 4208 761 4284 prosperitatis
806 4204 1113 4276 attolleret,
1154 4206 1243 4262 vel
1292 4205 1527 4264 admissi
1571 4208 1917 4285 cujusquam
1959 4211 2081 4284 pia-
2167 4218 2276 4268 tem
2314 4209 2493 4268 simul
2524 4210 2790 4284 frigescat
2827 4225 2989 4269 amor
3025 4211 3362 4269 divitiarum
3399 4228 3529 4270 cum
3558 4212 3683 4285 ipso
3718 4213 3889 4270 desi-

370 4297 491 4355 culi
530 4295 900 4367 naufragium
923 4293 1272 4361 absorberet,
1299 4296 1845 4354 autcertealittore
1869 4300 2082 4371 quietis
2164 4299 2323 4357 derio
2376 4298 2734 4372 nuptiarum,
2790 4307 2854 4368 ut
2902 4298 3211 4356 liberalitas
3272 4307 3469 4357 vestrcr
3515 4302 3604 4374 pie
3661 4303 3889 4360 ferveat

372 4387 594 4446 intimm
624 4394 844 4444 mentes
875 4393 1093 4442 vestras
1115 4384 1272 4442 ﬂuxa
1300 4382 1501 4443 laetitia
1526 4387 1723 4458 procul
1752 4387 2077 4446 abduceret.

2164 4387 2518 4459 adjuvandis
2549 4387 2765 4459 egenis,
2801 4402 2915 4443 non
2946 4386 3503 4459 inexstinguibiliter
3537 4397 3742 4449 aestuet
3781 4392 3888 4450 di-

443 4476 610 4535 Unde
654 4490 754 4531 vos
797 4475 989 4557 liorth
1030 4478 1085 4530 et
1120 4473 1359 4531 solerter
1394 4474 1694 4543 admoneo,
1742 4491 1814 4533 ne
1862 4476 2141 4557 divinis“
2167 4477 2355 4534 tandis
2386 4477 2596 4534 avaris.
2635 4476 2804 4533 Absit
2833 4484 3027 4535 autem
3054 4482 3118 4534 ut
3148 4492 3430 4535 nummus
3462 4478 3587 4537 viro
3610 4479 3669 4536 in
3699 4482 3889 4539 vestri

371 4564 670 4623 beneficiis
699 4541 1111 4633 inveniamini,
1147 4562 1301 4636 quod
1342 4562 1508 4632 absit,
1542 4563 1800 4636 ingratae,
1838 4565 1934 4622 sed
1965 4541 2351 4632 gu-Dcordis
2402 4579 2598 4621 amore
2654 4562 2940 4633 succedat,
2992 4562 3088 4620 sed
3150 4563 3341 4636 potius
3397 4580 3498 4637 pro
3542 4566 3893 4625 carnalibus

370 4656 654 4714 hernatori
715 4662 901 4712 vestro
946 4652 1061 4711 Deo
1110 4653 1314 4725 dignas
1360 4669 1586 4727 semper
1637 4656 1848 4729 gratias
1902 4657 2069 4727 agite,

368 4746 472 4820 qui
520 4744 805 4802 nimirum
842 4741 1114 4815 peccandi
1157 4742 1323 4799 vobis
1360 4743 1655 4799 materiam
1703 4743 2072 4817 subtrahens,

370 4842 647 4907 tanquam
700 4847 732 4888 a
776 4830 971 4887 noxiis
1024 4821 1131 4887 vds
1194 4829 1460 4901 prohibet
1514 4830 1826 4903 alimentis,
1884 4840 1947 4891 ut
2004 4834 2073 4891 ad

370 4922 549 4979 robur
591 4927 826 4977 aeternae
864 4916 1141 4990 provehat
1186 4917 1620 4976 incolumitatis.
1673 4918 1938 4991 Flagellis
1976 4939 2076 4980 vos

368 5010 702 5069 durioribus
741 5007 940 5079 cingit,
994 5005 1327 5063 verberibus
1371 5006 1595 5077 erudit;
1656 5015 1716 5066 ut
1768 5011 2076 5085 margarita

369 5118 473 5160 sua
516 5116 675 5159 nunc
710 5100 868 5156 timet
906 5104 961 5154 et
995 5096 1188 5171 poliat,
1223 5113 1356 5170 qum
1397 5099 1761 5170 postmodum
1798 5102 1922 5159 sine
1963 5104 2072 5161 tin-

366 5191 496 5249 nitu
557 5189 794 5255 securis,
854 5194 909 5245 et
967 5184 1179 5256 mallei,
1240 5186 1328 5243 vel
1378 5187 1689 5260 cujuslibet
1744 5190 2073 5249 ferramenti

370 5277 563 5335 sonitu
601 5280 705 5343 (III
736 5280 867 5345 Reg.
910 5279 1013 5343 VI),
1057 5274 1116 5331 in
1160 5274 1354 5348 templi
1404 5275 1649 5333 cmlestis
1685 5277 1929 5337 zediﬂcio
1973 5296 2071 5353 po-

369 5374 486 5422 nat.
524 5364 723 5435 Igitur,
757 5363 901 5421 302
940 5366 1348 5435 dilectissimze,
1387 5384 1521 5426 cum
1568 5367 1731 5426 vobis
1778 5384 1849 5425 ex
1899 5370 2075 5442 hujus

372 5454 575 5511 mundi
630 5454 967 5513 turbinibus
1030 5456 1365 5515 frementior
1418 5462 1722 5530 tempestas
1771 5457 2071 5530 ingruerit,

368 5557 503 5599 cum
545 5541 703 5599 illata
738 5543 810 5599 ah
845 5543 1193 5602 adversariis
1243 5544 1459 5618 injuria
1507 5560 1607 5603 vos
1663 5546 2077 5605 contumeliosa

369 5628 645 5704 percellit,
685 5629 964 5688 orationis
1008 5631 1162 5690 illico
1214 5632 1517 5691 latibulum
1560 5634 1749 5705 petite,
1791 5634 1859 5691 ad
1911 5634 2076 5695 ﬂetus

2162 4651 2383 4709 deliciis
2435 4651 2760 4725 spirituales
2810 4652 2994 4724 epulae
3040 4659 3259 4710 mentes
3296 4660 3511 4710 vestras
3562 4653 3890 4713 delectabi-

2164 4740 2292 4797 liter
2318 4750 2547 4813 pascant
2575 4759 2586 4797 :
2635 4740 2901 4797 videlicet
2932 4738 3266 4798 divinorum
3301 4741 3607 4801 verborum
3640 4744 3891 4803 assidua

2162 4830 2476 4899 meditatio,
2526 4830 2803 4903 psalmus,
2853 4830 3001 4887 bona
3046 4831 3331 4903 cogitatio,
3380 4832 3459 4905 pii
3516 4834 3704 4907 operis
3753 4835 3892 4892 fre-

2161 4921 2474 4993 quentatio,
2507 4921 2854 4994 exspectatio
2884 4922 3104 4991 mortis,
3147 4938 3275 4995 spes
3317 4923 3499 4981 futuri
3540 4925 3760 4994 szeculi,
3821 4933 3891 4984 et

2159 5017 2366 5068 caetera
2397 5010 2487 5069 his
2513 5011 2727 5069 similia
2753 5030 2765 5079 ;
2807 5012 3025 5084 quibus
3056 5012 3335 5071 nimirum
3369 5030 3532 5072 mens
3562 5016 3896 5076 salubriter

2164 5099 2428 5169 pascitur,
2472 5106 2526 5157 et
2563 5106 2627 5158 ut
2672 5116 2871 5159 revera
2912 5101 3241 5161 cmlestibus
3269 5103 3457 5176 epulis
3483 5108 3680 5164 anima
3710 5108 3893 5181 sagi-

2162 5193 2348 5244 natur.
2397 5187 2506 5245 Sed
2554 5188 2691 5246 dum
2728 5196 2935 5252 vestrae
2973 5191 3267 5250 charitatis
3294 5192 3701 5252 allocutionem
3730 5196 3893 5254 lon—

2159 5277 2290 5347 gius
2326 5276 2611 5351 protraho,
2642 5278 2962 5350 epistolaris
2988 5280 3314 5353 compendii
3341 5286 3521 5340 metas
3558 5284 3895 5355 excedens,

2163 5374 2225 5424 nt
2272 5367 2349 5424 ita
2389 5367 2608 5442 loquar.
2661 5368 2912 5429 brevem.
2955 5385 3073 5427 non
3116 5369 3362 5429 breviter
3398 5372 3608 5432 scribo.
3662 5373 3897 5433 Enim-

2161 5476 2296 5518 vero
2326 5460 2465 5518 dum
2512 5476 2625 5519 non
2668 5461 2978 5519 urbanitati
3012 5465 3277 5537 promite,
3318 5463 3411 5521 sed
3440 5471 3649 5522 vestra:
3674 5465 3903 5537 potius

2161 5551 2529 5610 sedilicationi
2552 5551 2853 5610 consulere
2881 5553 3078 5625 gestio,
3111 5553 3399 5627 prolixius
3424 5552 3685 5627 loquens,
3714 5549 3901 5612 303

2164 5638 2435 5714 loquendi
2463 5640 2717 5711 regulam
2743 5657 2854 5699 non
2879 5643 3140 5702 observo.
3165 5643 3424 5718 Denique
3457 5644 3603 5702 mihi
3632 5658 3904 5718 quoque
