4024 6198
158 203 275 269 497

1043 209 1352 271 ADDITIO
1392 208 1493 268 AD
1533 207 1709 269 TOM.
1751 210 1778 268 Ι
1820 210 2035 270 OPER.
2084 204 2143 268 S.
2186 207 2410 267 PETRI
2450 208 2796 268 DAMIANI.

3569 213 3675 272 498

158 353 277 395 non
313 338 537 396 modice
570 339 869 411 praestatis,
910 340 956 398 si
999 340 1393 399 Consummari
1435 340 1495 397 in
1535 339 2106 402 sanctarumAMitis
2134 346 2307 413 atque
2339 339 2581 398 festinus
2604 338 2992 398 DominiJesu
3016 338 3119 416 tibi
3140 346 3480 413 conspectus
3501 357 3670 416 appa-

153 428 442 485 virtutum
467 426 816 500 perfectione
847 428 1218 487 contenditis.
1253 430 1367 499 Qui
1393 428 1553 488 enim
1580 428 1868 487 Lazarum

152 515 423 574 ﬁdelium
450 530 713 574 sororum
739 517 1009 589 precibus
1039 519 1440 577 resuscitatum
1475 517 1653 577 fuisse
1683 519 1864 589 (Joan.

152 608 263 677 xu)
307 620 424 663 non
466 604 734 677 ambigo;
766 606 888 679 ipse
923 622 1155 681 quoque
1195 607 1267 666 de
1304 606 1546 681 peccatis
1584 605 1657 663 ad
1696 608 1868 665 inno-

148 694 406 751 centiam
444 694 742 752 reformari
782 710 885 767 per
919 705 1108 755 vestra
1147 698 1369 769 merita,
1402 695 1450 753 si
1481 695 1657 769 juxta
1694 694 1866 753 ﬁdem

151 780 378 839 fuerint
400 781 597 854 digna,
625 783 870 841 conﬁdo.
900 785 1137 842 Amator
1164 784 1493 843 animarum
1516 782 1647 857 pius
1678 789 1733 841 et
1753 797 1871 839 om-

152 871 427 943 nipotens
452 871 625 941 Deus,
653 878 708 929 et
740 886 831 930 me
858 874 1066 931 vestris
1093 875 1452 935 orationibus
1478 875 1537 932 in
1569 872 1870 932 rectitudi-

152 972 292 1014 nem
323 958 554 1031 dirigat,
585 966 642 1017 et
683 975 784 1018 vos
822 961 967 1019 meis
1005 963 1510 1023 adhortationibus
1557 962 1628 1020 ad
1668 961 1871 1020 altiora

150 1049 453 1121 perducat.
486 1049 572 1109 Sit
601 1066 811 1111 nomen
840 1053 1074 1113 Domini
1101 1055 1493 1115 benedictum.

754 1178 1121 1238 EPISTOLA
1143 1181 1268 1240 XV.

647 1280 723 1326 AD
751 1280 1039 1334 QUEMDAM
1065 1281 1388 1328 zEGBOTUM.

144 1365 600 1437 ARGUMENTUM.
632 1385 703 1437 —‘_
730 1361 1043 1434 Cujusdam
1078 1365 1303 1437 aegroti,
1335 1371 1388 1421 et
1416 1364 1653 1437 jamjam
1686 1365 1866 1423 mori-

218 1434 361 1499 turi,
384 1434 639 1491 animam
671 1434 785 1492 Deo
808 1435 1192 1503 commendat,
1226 1446 1306 1504 ut,
1341 1434 1623 1493 tra’nsabto
1660 1445 1865 1493 morta-

217 1504 296 1562 lis
328 1505 463 1584 vitae
488 1520 684 1577 cursu,
714 1505 962 1563 caelestis
994 1506 1247 1566 victoriae
1275 1507 1529 1580 palmam
1576 1515 1866 1565 mereatur

214 1591 501 1648 acmpere.

1952 436 2092 500 reat,
2147 410 2248 502 qui
2302 436 2354 487 te
2410 430 2559 487 inter
2603 428 2932 487 assistentes
2977 410 3109 486 sibi.
3132 410 3348 503 jugitiar
3397 410 3672 490 interesse

1950 517 2233 576 decernat.
2290 517 2525 591 Ignores
2580 530 2753 575 omne
2813 516 2968 589 quod
3018 517 3217 575 horret
3271 517 3333 575 in
3396 519 3671 591 tenebris,

1949 607 2104 681 quod
2157 607 2356 665 stridet
2403 606 2463 663 in
2514 606 2784 677 ﬂammis,
2837 604 2992 679 quod
3047 609 3264 665 cruciat
3313 608 3375 667 in
3424 615 3672 667 tormen-

1952 696 2046 753 tis.
2113 693 2303 752 Cedat‘
2346 694 2449 752 tibi
2507 693 2836 752 teterrimus
2902 692 3143 752 Satanas
3200 710 3334 753 cum
3406 695 3669 754 satelliti-
3780 750 3789 758 ,

1953 785 2066 845 bus
2095 786 2253 855 suis;
2286 786 2347 842 in
2378 785 2695 842 adventum
2725 790 2894 842 tuum
2926 790 2978 840 te
3002 785 3414 844 comitantibus
3442 786 3668 860 angelis

1952 874 2371 942 contremiscat,
2405 880 2577 946 atque
2613 873 2671 930 in
2707 878 2945 931 aeterna:
2976 874 3160 932 noctis
3195 874 3370 933 chaos
3408 876 3665 934 immane

1953 962 2237 1036 dill‘ugiat.
2295 987 2319 1010 α
2366 961 2655 1033 Exsurgat
2697 960 2888 1031 Deus,
2941 967 2996 1017 et
3041 960 3395 1035 dissipentur
3438 961 3665 1020 inimici

1954 1050 2099 1124 ejus,
2125 1057 2179 1107 et
2215 1049 2437 1124 fugiant
2475 1066 2509 1106 a
2547 1048 2691 1107 facie
2729 1050 2876 1122 ejus,
2908 1049 3010 1122 qui
3038 1049 3287 1107 oderunt
3314 1065 3471 1108 eum.
3505 1048 3666 1109 Sicut

1952 1139 2144 1199 deﬁcit
2170 1140 2388 1211 fumus,
2420 1138 2690 1197 deﬁciant
2718 1156 2733 1209 ;
2764 1139 2914 1197 sicut
2943 1138 3072 1196 ﬁuit
3098 1154 3225 1196 cera
3256 1155 3291 1196 a
3320 1138 3463 1196 facie
3489 1139 3660 1211 ignis,

1953 1229 2035 1287 sic
2072 1236 2305 1303 pereant
2354 1237 2684 1302 peccatores
2730 1245 2763 1285 a
2817 1228 2962 1286 facie
3008 1228 3111 1286 Dei
3157 1229 3322 1301 (Psal.
3380 1234 3593 1302 van).
3633 1249 3658 1279 »

1953 1319 2395 1377 Confundantur
2422 1318 2620 1390 igitur,
2652 1324 2707 1375 et
2731 1318 3072 1375 erubescant
3101 1325 3359 1376 tartareae
3387 1318 3661 1392 legiones,

1949 1414 2005 1466 et
2037 1408 2289 1466 ministri
2323 1408 2551 1467 Satanae
2588 1408 2698 1466 iter
2734 1414 2903 1466 tuum
2931 1406 3211 1482 impedire
3243 1424 3356 1467 non
3389 1408 3658 1467 audeant.

1951 1497 2167 1572 Eripiat
2211 1504 2265 1555 te
2300 1513 2332 1555 a
2370 1497 2559 1570 poenis
2608 1496 2890 1568 Christus,
2921 1496 3023 1571 qui
3063 1512 3166 1570 pro
3208 1501 3259 1554 te
3298 1513 3501 1571 passus
3538 1505 3658 1569 est;

1948 1586 2152 1646 liberet
2181 1593 2235 1645 te
2271 1602 2305 1644 a
2343 1585 2603 1645 cruciatu
2642 1585 2927 1655 Christus,
2968 1585 3069 1659 qui
3107 1600 3209 1659 pro
3246 1590 3300 1644 te
3348 1586 3663 1645 cruciﬁxus

215 1674 580 1733 Commendo
616 1683 668 1733 te
713 1677 1089 1751 omnipotenti
1121 1676 1274 1747 Deo,
1315 1676 1652 1735 cbarissime
1692 1678 1926 1761 fraterB
1951 1686 2072 1750 est;
2102 1677 2306 1736 liberet
2336 1682 2390 1735 te
2419 1693 2452 1735 a
2490 1684 2673 1735 morte
2711 1676 2994 1746 Christus,
3026 1676 3128 1749 qui
3165 1692 3268 1749 pro
3304 1682 3357 1735 te
3387 1677 3535 1734 mori
3572 1676 3662 1734 di-

146 1763 239 1833 N.,
285 1764 461 1838 eique
507 1771 577 1833 te,
621 1766 791 1837 cujus
838 1780 899 1824 es
959 1772 1219 1823 creatura
1273 1765 1588 1836 committo,
1620 1772 1681 1824 ut
1729 1782 1863 1825 cum

146 1853 534 1911 humanitatis
580 1854 839 1913 debitum
892 1863 1072 1913 morte
1110 1855 1534 1915 interveniente
1570 1857 1863 1930 persolve-

146 1942 244 2011 ris,
271 1942 349 1999 ad
393 1945 702 2001 Auctorem
753 1952 938 2016 tuum,
966 1944 1065 2017 qui
1120 1948 1171 2001 te
1215 1944 1286 2001 de
1336 1944 1474 2002 limo
1521 1945 1863 2003 formaverat

145 2035 303 2104 (Gen.
337 2036 417 2105 ll),
451 2033 773 2091 revertaris.
810 2034 1142 2107 Egredienti
1182 2035 1377 2109 itaque
1405 2036 1621 2093 anima;
1651 2044 1764 2094 tute
1793 2037 1864 2094 de

143 2136 407 2195 corpore,
431 2122 772 2196 splendidus
801 2123 1140 2196 angelorum
1164 2132 1345 2182 eteius
1374 2128 1653 2195 occurrat,
1682 2124 1866 2198 judex

143 2212 543 2284 apostolorum
598 2222 648 2272 te
699 2220 934 2271 senatus
971 2212 1249 2284 absolvat,
1282 2213 1720 2271 candidatorum
1764 2214 1866 2271 tibi

146 2316 470 2375 martyrum
536 2303 922 2375 triumphator
984 2303 1274 2361 exercitus
1318 2303 1535 2372 obviet,
1589 2300 1769 2359 liliata
1816 2309 1867 2360 te

146 2390 518 2450 rutilantium
586 2389 733 2446 304
801 2394 1201 2452 confessorum
1272 2400 1466 2451 turma
1524 2390 1861 2465 circumdet,

141 2485 523 2559 jubilantium
560 2494 612 2545 te
640 2486 929 2560 Virginum
967 2489 1181 2547 chorus
1209 2487 1480 2561 excipiat,
1512 2489 1647 2546 etin
1682 2487 1867 2547 beatae

145 2575 360 2647 quietis
408 2576 543 2636 sinu
588 2579 1041 2651 patriarcharum
1093 2587 1144 2636 te
1189 2580 1528 2652 complexus
1566 2578 1863 2653 astringat.

1948 1777 2159 1839 gnatus
2210 1775 2313 1825 est.
2360 1765 2679 1824 Constituat
2731 1770 2781 1821 te
2836 1762 3099 1822 Christus
3152 1764 3337 1823 Filius
3390 1764 3491 1822 Dei
3542 1764 3663 1821 vivi

1948 1856 2100 1914 intra
2130 1854 2377 1931 paradisi
2414 1854 2507 1913 sui
2545 1869 2771 1927 semper
2812 1868 3044 1911 amoena
3090 1852 3338 1911 virentia
3388 1850 3565 1922 (108),
3609 1860 3660 1908 et

1949 1942 2100 2002 inter
2128 1959 2265 2003 oves
2302 1960 2436 2003 suas
2477 1951 2529 2001 te
2573 1958 2744 2002 verus
2770 1941 2869 2000 ille
2908 1947 3097 2016 pastor
3131 1946 3420 2015 agnoscat.
3462 1939 3568 1998 Ille
3610 1944 3662 1996 te

1947 2034 2020 2091 ab
2076 2033 2349 2093 omnibus
2397 2033 2643 2109 peccatis
2684 2031 2964 2103 absolvat,
3020 2038 3192 2105 atque
3237 2030 3309 2088 ad
3360 2031 3659 2089 dexteram

1949 2144 2116 2191 suam
2141 2127 2205 2183 in
2244 2124 2559 2183 electorum
2598 2139 2840 2181 suorum
2888 2129 2941 2181 te
2988 2121 3131 2179 forte
3180 2119 3510 2178 constituat.
3544 2118 3660 2176 Re-

1950 2223 2300 2294 demptorem
2344 2221 2509 2274 tuum
2548 2213 2693 2272 facie
2719 2213 2790 2270 ad
2832 2212 3035 2269 faciem
3066 2210 3282 2278 videas,
3310 2213 3365 2266 et
3408 2224 3659 2280 praesens

1950 2324 2178 2382 semper
2199 2305 2473 2364 assistens
2504 2300 3036 2360 manifestissimam
3064 2297 3245 2357 beatis
3282 2296 3470 2356 oculis
3501 2296 3655 2368 aspi-

1948 2401 2065 2457 cias
2108 2396 2427 2455 veritatem.
2464 2392 2823 2451 Constitutus
2860 2388 3038 2463 igitur
3076 2388 3227 2446 inter
3254 2386 3491 2462 agmina
3523 2384 3656 2442 bea-

1946 2494 2159 2557 torum,
2186 2480 2687 2557 contemplationis
2710 2479 2930 2537 divinte
2977 2475 3284 2537 dulcedine
3323 2474 3560 2550 potiaris
3594 2472 3655 2531 in

1947 2574 2164 2636 saecula
2190 2570 2561 2631 saeculorum.
2595 2569 2810 2626 Amen.

814 2724 965 2777 Finis
991 2724 1123 2776 tomi
1140 2724 1314 2793 primi
1336 2723 1567 2793 Operam
1594 2725 1660 2777 B.
1692 2724 1754 2779 P.
1783 2722 2063 2783 Damiani,
2096 2721 2153 2775 S.
2186 2720 2252 2775 Β.
2280 2719 2346 2772 Ε.
2381 2713 2703 2775 cardinalis,
2734 2710 2977 2781 episcopi

1057 2813 1339 2876 Ostiensis,
1370 2829 1437 2867 ea:
1466 2813 1655 2868 ordine
1682 2814 1741 2869 S.
1772 2811 2071 2874 Benedicti,
2105 2809 2339 2864 doctoris
2372 2803 2726 2860 disertissimi

1673 2916 1736 2955 ac
1784 2900 2137 2955 sanctissimi.

314 3000 375 3093 Χ
719 3015 784 3073 Ι).
819 3016 1227 3078 Constantinus
1257 3017 1585 3091 Cajetanus,
1616 3013 1873 3089 Siculus,
1901 3013 2315 3090 Syracusanus,
2351 3006 2668 3067 monachus
2705 3001 3062 3065 Casinensis.

1181 3149 1253 3202 Et
1284 3145 1584 3200 exsultabit
1612 3145 1804 3213 lingua
1832 3158 1951 3198 mea
1970 3141 2254 3211 justitiam
2280 3143 2455 3202 tuam,
2482 3140 2646 3192 Deus.

202 3263 342 3325 (108)
369 3263 527 3318 Forte
544 3266 740 3319 vireta.
776 3268 854 3319 lta
882 3270 1025 3321 enim
1062 3271 1135 3321 ait
1163 3270 1414 3333 Virgilius
1436 3270 1529 3322 lib.
1560 3281 1616 3319 Vl
1648 3286 1659 3315 :

392 3344 661 3396 Devenere
693 3348 834 3399 locos
857 3347 1004 3399 laetos
1038 3356 1086 3399 et
1119 3364 1322 3400 amoena
1345 3351 1526 3401 vireta.

154 3524 3622 3561 _____________________________________

150 3722 711 3855 ADDITIO
821 3730 995 3852 Al)
1100 3732 1421 3857 TOM.
1522 3733 1565 3854 l
1676 3727 2227 3859 0PERUM
2340 3721 2450 3849 s.
2548 3622 2940 3842 PETlll
3038 3710 3639 3895 mnum.

827 3978 1132 4060 (Annales
1161 3979 1721 4058 Camaldulenses,
1757 3989 1909 4047 tom.
1945 3980 2016 4056 ll,
2052 3980 2342 4054 Preuves,
2374 3990 2518 4054 pag.
2566 3973 2674 4035 170
2701 3976 2765 4033 et
2802 3965 2959 4047 188.)

1705 4171 2094 4189 ἒ

469 4252 521 4295 θ

982 4334 1028 4393 Ι.

148 4443 340 4495 Petrus
374 4445 657 4512 episcopus
699 4444 1031 4497 Faventinus
1086 4443 1254 4497 donat
1284 4445 1343 4500 S.
1383 4447 1539 4500 Petro
1591 4448 1858 4501 Damiano

216 4516 444 4581 ejusque
482 4529 653 4567 eremo
688 4516 748 4570 S.
782 4515 1049 4568 Barnabas
1086 4515 1152 4568 de
1197 4515 1477 4584 Gamugno
1518 4519 1858 4571 medietatem

210 4585 392 4653 plebis
419 4586 477 4641 S.
512 4585 812 4649 Valentini,
844 4590 895 4640 et
923 4586 1041 4639 alia
1072 4585 1229 4643 bona.

681 4692 868 4763 (Anno
902 4690 1055 4759 1060,
1084 4689 1117 4747 6
1149 4689 1323 4761 Maii.)

148 4801 254 4869 [Ex
300 4803 481 4859 veteri
526 4802 852 4874 apograp’ho
882 4817 1058 4875 penes
1094 4802 1399 4858 canonicos
1445 4799 1503 4859 S.
1554 4802 1854 4859 Laurentii

692 4892 761 4950 de
798 4891 1105 4960 Florentia,
1136 4907 1193 4948 n.
1224 4891 1297 4965 5.]

144 5021 251 5077 Hoc
281 5025 360 5074 est
398 5022 704 5090 ert-emplum
746 5020 1035 5089 cujusdam
1076 5020 1425 5074 instrumenti
1460 5021 1616 5086 infra
1656 5021 1853 5091 scripti

879 5111 1103 5165 tenoris.

209 5215 272 5273 In
329 5216 567 5274 nomine
620 5215 871 5275 Domini.
914 5217 1087 5274 Anno
1158 5213 1408 5272 Secundo
1484 5210 1847 5284 pontiﬁcatus

140 5307 336 5366 domui
392 5310 572 5367 nostri
625 5308 941 5366 Alexandri
1005 5307 1239 5366 secundi
1296 5320 1478 5379 papm,
1530 5303 1848 5361 indictione

141 5397 344 5469 prima,
378 5414 578 5455 mense
611 5397 779 5468 Maio,
811 5397 904 5454 die
939 5404 1121 5455 sexta.

210 5485 290 5544 Ea
313 5503 446 5560 qua:
475 5486 626 5545 inter
653 5486 743 5561 pia
768 5493 824 5545 et
852 5485 1201 5546 venerabilia
1226 5484 1346 5543 loca
1371 5482 1612 5543 verbum
1642 5498 1847 5543 conve-

1870 4338 1913 4395 C
1944 4334 2130 4400 niunt,
2160 4330 2257 4389 illa
2287 4329 2481 4404 potius
2506 4326 2880 4402 perpetuitate
2910 4322 3280 4395 mandantur,
3298 4335 3413 4397 qua
3432 4318 3647 4379 chartis

1942 4419 2467 4480 intervenientibus
2522 4416 2822 4489 scriptura;
2896 4412 3239 4472 testimoniis
3309 4410 3640 4478 roboratur,

1943 4517 2228 4589 quatenus
2294 4509 2585 4569 oblivione
2664 4505 2891 4580 repulsa
2984 4503 3193 4563 futuris
3286 4501 3644 4576 temporibus

1942 4588 2105 4661 nulla
2131 4614 2327 4657 rerum
2365 4596 2711 4654 inccrtitudo
2735 4600 2835 4652 aut
2861 4591 3120 4667 qualibet
3153 4589 3416 4665 jurgium
3454 4588 3643 4648 ambi-

1937 4688 2128 4759 guitas
2155 4689 2478 4757 generetur.
2504 4683 2647 4740 Nam
2672 4687 2725 4738 et
2754 4680 2926 4739 divus
2947 4678 3257 4751 imperator
3279 4675 3646 4735 Justinianus

1938 4778 2241 4848 Augustus
2289 4772 2351 4830 in
2400 4770 2713 4828 centesimo
2759 4767 3104 4840 octogesimo
3146 4772 3345 4823 octavo
3393 4762 3644 4837 capitulo

1936 4863 2139 4937 prima:
2198 4860 2375 4935 partis
2427 4857 2706 4928 Novellze,
2758 4856 2838 4913 ita
2892 4853 3301 4929 promulgavit,
3355 4859 3411 4911 et
3467 4851 3639 4910 talem

1936 4953 2115 5026 legem
2174 4951 2352 5022 dedit,
2405 4955 2468 5008 ut
2523 4948 2691 5006 liceat
2751 4946 3007 5006 ecclesiis
3059 4951 3113 5002 et
3167 4943 3296 5001 aliis
3348 4941 3643 5001 venerabi-

1938 5042 2089 5100 libus
2152 5041 2293 5099 locis
2351 5045 2621 5115 perpetuo
2672 5037 2822 5095 inter
2890 5052 2949 5092 se
3015 5038 3333 5093 contractos
3398 5034 3639 5091 enliteo—

1935 5146 2061 5189 seos
2125 5131 2237 5203 (sic)
2304 5131 2506 5195 facere,
2558 5127 2782 5184 decreto
2851 5125 3066 5183 scilicet
3132 5130 3263 5180 ante
3333 5122 3637 5193 celebrato,

1934 5219 2074 5277 dum
2115 5226 2306 5276 tamen
2354 5219 2429 5275 ita
2479 5216 2577 5274 ﬁat
2611 5213 2923 5283 enﬁteosis,
2954 5218 3019 5271 ut
3053 5212 3125 5270 ad
3168 5212 3451 5286 privatam
3504 5226 3639 5286 pos:

1932 5307 2247 5364 sessionem
2292 5305 2532 5364 omnino
2566 5319 2683 5362 non
2726 5301 3088 5361 excludatur.
3142 5300 3229 5359 Ad
3282 5301 3458 5374 hujus
3493 5299 3639 5375 legis

1930 5396 2225 5455 licentiam
2268 5395 2594 5469 excipiatur
2638 5406 2844 5464 magno
2891 5394 3014 5464 (sic)
3053 5388 3639 5465 Constantinopolita-

1929 5502 2066 5546 nam
2107 5483 2417 5544 Ecclesiam
2456 5479 2945 5560 quemadmodum
2977 5480 3033 5539 in
3072 5480 3457 5540 anterioribus
3493 5495 3636 5539 con-
