4024 6198
263 269 372 330 499
988 271 1047 331 S.
1089 272 1314 332 PETRI
1350 273 1672 334 DAMIANI
1711 273 1848 334 OPP

2187 269 2285 329 ΕΗ
2321 266 2571 328 TOMUS
2606 267 2653 326 Ι.
2695 299 2764 310 -
2800 264 3052 325 ADDIT.
3665 267 3772 327 500

263 394 684 456 stitutionibus.
727 395 948 454 Placuit
985 394 1201 454 idcirco
1237 395 1487 457 domnus
1529 398 1735 457 Petrus
1780 397 2041 459 divinaA

263 483 447 557 gnatia
507 491 721 543 sanctas
775 483 1107 541 Faventinaa
1159 483 1432 542 Ecclesite
1495 483 1818 559 episcOpus,
1881 500 1982 558 per

263 585 610 632 consensum
657 580 712 631 et
771 572 1122 630 voluntatem
1179 573 1449 632 omnium
1512 574 1981 648 presbyterorum

264 661 524 734 ejusdem
575 660 868 734 episcopii,
915 660 1226 719 concedere
1258 668 1462 736 atque
1511 661 1709 736 largiri
1766 661 1980 721 domno

267 748 434 808 Petro
489 749 770 806 Damiano
831 748 1110 808 Ostiensis
1166 749 1438 809 Ecclesiae
1499 751 1762 825 episcopo
1825 751 1980 824 ejus—

267 853 380 914 que
437 835 736 897 monachis
773 836 1138 907 eremitariis,
1177 839 1279 912 qui
1335 841 1394 896 in
1435 855 1629 898 eremo
1677 839 1980 911 Gamonio,

267 941 400 1001 qua:
433 933 515 984 est
552 927 897 985 vocabulum
939 927 1120 985 sancti
1159 926 1440 986 Barnabas
1486 927 1721 1002 apostoli
1758 930 1816 987 in
1853 945 1981 1004 per-

267 1020 544 1089 petuum;
584 1015 644 1074 id
683 1023 785 1086 est,
820 1015 1183 1077 medietatem
1224 1016 1296 1075 de
1331 1017 1496 1090 plebe
1541 1019 1722 1076 sancti
1769 1017 1981 1076 Valen-

268 1102 376 1160 tini
417 1101 762 1162 nominatim
813 1119 946 1162 cum
992 1103 1290 1163 medietate
1331 1104 1414 1164 de
1449 1113 1601 1164 terra
1640 1113 1695 1164 et
1726 1105 1982 1164 decima-

267 1189 422 1249 tione
469 1206 594 1263 sua,
625 1196 680 1250 et
719 1197 868 1250 terra
911 1200 964 1250 et
1008 1191 1292 1267 quidquid
1331 1193 1404 1250 ab
1443 1193 1646 1251 eodem
1699 1194 1984 1268 episc0pio

267 1279 480 1339 habere
541 1280 770 1340 videtur
830 1281 886 1339 in
969 1282 1214 1341 Riutilio
1268 1283 1420 1341 infra
1474 1284 1809 1342 comitatum
1871 1285 1983 1343 Fa-

267 1367 505 1442 ventiaa,
529 1377 766 1445 excepta
793 1376 994 1442 quarta
1034 1377 1198 1443 parte
1225 1371 1645 1440 decimationis,
1679 1381 1734 1430 et
1765 1373 1983 1430 medie-

269 1463 381 1517 tate
424 1459 496 1518 de
551 1464 718 1530 terra,
784 1475 960 1534 quam
1016 1461 1234 1520 detinet
1294 1461 1755 1536 archipresbyter
1801 1462 1984 1536 ipsius

266 1547 570 1622 episcopii,
629 1557 683 1606 et
737 1557 976 1625 excepto
1027 1551 1332 1622 Trebana,
1389 1559 1444 1610 et
1496 1549 1876 1625 Madrignano
1931 1559 1984 1610 et

270 1637 596 1710 Vidiglano,
655 1641 823 1699 sicuti
878 1641 1126 1700 trahitur
1174 1658 1275 1716 per
1321 1649 1555 1700 stratam
1600 1658 1786 1716 usque
1833 1643 1982 1700 Gan-

2873 389 2948 447 II.

2061 487 2357 546 Concordia
2401 487 2610 539 statuta
2654 498 2687 536 a
2735 482 2795 538 S.
2827 483 2982 536 Petro
3024 481 3291 534 Damiano
3341 481 3486 536 inter
3529 497 3768 538 eremum

2247 558 2536 624 Gamugni,
2564 559 2614 609 et
2643 557 2784 608 inter
2812 553 3198 606 monasterium
3226 551 3292 606 de
3313 552 3562 609 Acereta.

2715 651 2906 722 (Anno
2936 647 3114 722 1060.)

2063 757 2172 829 [Ex
2217 752 2622 829 antiquissimo
2654 749 2941 829 exemplo
2981 748 3205 829 archivi
3248 747 3308 808 S.
3353 747 3655 808 Laurentii
3701 747 3778 806 de

2111 890 2122 896 ρ
2359 819 2376 829 ⁸
2654 819 2967 885 Florentia.
2998 836 3055 878 n.
3091 819 3168 887 4.]
3584 838 3588 840 ·

2133 935 2198 994 In
2233 931 2467 992 nomine
2490 934 2701 988 sanctze
2729 934 2784 986 et
2811 925 3134 988 individuus
3159 925 3486 986 Trinitatis.

2135 1021 2262 1079 Non
2305 1025 2389 1076 est
2435 1016 2674 1086 mirum,
2703 1014 2750 1073 si
2805 1013 2956 1071 inter
3004 1011 3272 1070 homines
3335 1011 3468 1072 licet
3523 1020 3778 1086 sanctos,

2062 1111 2319 1169 humana
2365 1113 2557 1164 tamen
2596 1101 2902 1179 fragilitate
2936 1100 3344 1171 circumdatos,
3387 1100 3573 1160 locum
3625 1101 3785 1161 livor

2063 1197 2341 1268 inveniat,
2389 1210 2522 1254 cum
2583 1193 2734 1251 inter
2779 1190 2930 1264 ipsos
2973 1191 3144 1248 etiam
3199 1189 3454 1263 angelos,
3491 1197 3782 1265 quantum

2063 1290 2135 1348 ad
2174 1288 2424 1344 litteram
2465 1283 2726 1341 videatur
2755 1279 3077 1354 Obrepsisse
3118 1278 3440 1351 dissensio;
3489 1281 3646 1340 unde
3696 1289 3789 1340 est

2063 1378 2218 1454 quod
2267 1376 2337 1434 ad
2383 1373 2588 1440 Daniel
2621 1372 2863 1445 angelus
2901 1397 2914 1429 :
2967 1371 3315 1444 «Princeps,
3361 1370 3570 1444 inquit,
3616 1375 3788 1446 regni

2065 1468 2372 1530 Persarum
2426 1462 2636 1521 restitit
2676 1460 2822 1518 mihi
2871 1459 3080 1533 viginti
3123 1465 3180 1516 et
3218 1475 3338 1518 uno
3389 1459 3623 1530 diebus;
3661 1483 3683 1512 ι
3727 1467 3787 1518 et

2063 1556 2238 1632 paulo
2282 1560 2406 1628 post
2443 1577 2455 1610 :
2501 1576 2526 1603 α
2558 1550 2834 1623 Nunquid
2886 1550 2997 1608 scis
3044 1567 3223 1624 quare
3273 1550 3532 1608 venerim
3571 1550 3644 1608 ad
3687 1551 3793 1608 te?

2067 1647 2138 1705 Et
2163 1660 2320 1704 nunc
2358 1646 2610 1700 revertar
2640 1647 2702 1699 ut
2728 1639 2958 1712 prtelier
2985 1640 3261 1697 adversus
3293 1639 3611 1712 principem
3641 1639 3789 1697 Per-

271 1726 425 1799 tulo;
479 1733 683 1786 cmtera
735 1745 870 1788 vero
915 1729 1217 1788 medietate
1268 1730 1338 1788 de
1387 1731 1544 1789 omni
1602 1731 2280 1805 decimationeBsarum.
2315 1758 2340 1782 ››
2389 1731 2803 1790 Verumtamen
2862 1730 3026 1788 nullo
3083 1729 3253 1788 modo
3293 1729 3641 1786 credendum
3697 1735 3792 1787 est

269 1823 324 1874 et
385 1823 552 1889 terra,
605 1816 777 1876 sicuti
820 1817 891 1876 ad
937 1818 1122 1893 ipsam
1177 1819 1544 1878 medietatem
1591 1820 1660 1880 de
1711 1820 1832 1893 jam
1891 1819 1982 1877 di-

267 1909 358 1962 cta
408 1905 574 1979 plebe
625 1905 909 1980 pertinere
955 1905 1200 1966 videtur.
1250 1907 1330 1965 Ea
1382 1907 1597 1967 scilicet
1653 1909 1894 1980 ratione,
1933 1909 1982 1968 si

267 2009 617 2069 quocunque
673 2002 926 2070 tempore
984 1997 1226 2069 peccatis
1281 1999 1728 2058 imminentibus
1789 2001 1982 2073 ipsum

267 2097 532 2147 eremum
587 2085 942 2144 destructum
997 2087 1190 2158 fuerit,
1234 2091 1375 2145 tunc
1424 2103 1598 2162 supra
1653 2089 1804 2147 dicta
1860 2104 1984 2146 me-

267 2173 450 2232 dietas
481 2172 550 2231 de
573 2173 694 2248 jam
735 2173 885 2233 dicta
924 2175 1088 2248 plebe
1127 2175 1310 2234 sancti
1349 2172 1644 2236 Valentini
1684 2193 1818 2236 cum
1859 2193 1980 2236 me-

269 2261 480 2321 dietate
526 2263 597 2322 de
643 2271 792 2322 terra
840 2273 896 2324 et
941 2265 1242 2324 medietate
1285 2267 1672 2327 decimatione
1721 2284 1851 2341 sua,
1880 2269 1984 2326 sic-

271 2352 358 2410 uti
405 2352 475 2410 ad
532 2351 715 2426 ipsam
789 2351 1152 2414 medietatem
1215 2357 1505 2427 pertinere
1562 2356 1794 2414 videtur
1851 2372 1984 2414 cum

271 2440 378 2498 hac
435 2442 720 2515 scriptura
773 2441 832 2500 in
889 2443 1309 2502 monasterium
1363 2447 1543 2504 sancti
1593 2445 1833 2504 Joannis
1893 2445 1988 2502 de-

272 2531 468 2590 veniat
507 2531 660 2605 juris
708 2533 1045 2592 auctoritate
1097 2537 1367 2610 episcopi,
1419 2537 1497 2594 ita
1531 2543 1594 2595 ut
1627 2553 1731 2595 suo
1771 2536 1982 2610 studio,

273 2635 498 2694 suoque
550 2618 744 2678 labore
800 2627 1113 2680 memorate
1167 2622 1333 2682 Petro
1387 2624 1669 2684 Damiano
1723 2625 1986 2699 episcopo

272 2707 501 2783 plebem
544 2709 730 2782 ipsam
774 2711 1136 2770 medietatem
1183 2713 1526 2774 nominatim
1577 2730 1716 2772 cum
1767 2713 1985 2772 medie-

275 2801 386 2853 tate
410 2795 480 2854 de
514 2802 661 2854 terra
699 2802 754 2853 et
790 2797 1092 2856 medietate
1128 2799 1512 2860 decimatione
1551 2817 1654 2860 sua
1694 2801 1754 2859 in
1793 2800 1986 2860 omni-

273 2885 384 2944 bus
414 2891 606 2943 tenere
647 2892 702 2942 et
733 2887 1018 2960 possidere
1054 2889 1301 2947 debeant
1339 2889 1460 2964 ipse
1499 2897 1554 2948 et
1591 2891 1684 2950 sui
1719 2891 1987 2951 monachi

272 2976 588 3035 eremitarii
617 2977 678 3034 in
707 2984 1070 3053 perpetuum.
1102 2978 1225 3048 Qua
1245 2996 1352 3054 pro
1375 2997 1588 3040 causa..
1742 2985 1985 3040 missum

2064 1827 2214 1884 inter
2251 1821 2488 1893 angelos
2525 1835 2671 1895 quos
2709 1833 2937 1876 summa
2973 1817 3076 1876 Dei
3117 1835 3230 1892 pax
3269 1824 3441 1889 tenet,
3468 1819 3573 1892 qui
3625 1819 3790 1878 scili-

2063 1922 2150 1974 cet
2206 1917 2516 1984 exsuperat
2574 1925 2808 1968 omnem
2879 1923 3134 1975 sensum,
3195 1908 3550 1966 intervenire
3617 1924 3792 1981 posse

2063 2003 2428 2064 discordiam.
2482 1998 2632 2068 Quia
2694 2012 2828 2055 vero
2886 1995 3128 2070 populi,
3185 1997 3398 2072 quibus
3451 1996 3536 2055 illi
3587 1999 3791 2070 angeli

2065 2101 2373 2172 praeerant,
2407 2089 2622 2149 diversi
2651 2104 2684 2146 a
2721 2104 2782 2145 se
2810 2087 3060 2146 invicem
3099 2086 3530 2159 discordabant,
3571 2089 3794 2146 idcirco

2063 2185 2308 2258 angelus
2355 2182 2567 2241 dicitur
2613 2179 2890 2236 adversus
2938 2177 3208 2249 angelum
3250 2177 3352 2252 qui
3398 2179 3511 2235 sibi
3556 2178 3793 2236 restite-

2067 2280 2152 2332 rat
2188 2269 2464 2346 prmliari.
2507 2267 2631 2324 Hoc
2667 2266 2860 2338 itaque
2901 2264 3069 2322 modo
3107 2270 3163 2320 et
3198 2265 3375 2322 abbas
3413 2263 3788 2332 monasterii,

2065 2369 2122 2422 et
2159 2361 2316 2436 prior
2357 2357 2534 2417 eremi
2581 2356 2732 2413 inter
2780 2370 2840 2412 se
2895 2353 3144 2412 invicem
3199 2370 3352 2428 saepe
3404 2353 3792 2422 dissentiunt,

2065 2451 2342 2528 quoniam
2377 2456 2430 2506 et
2468 2461 2667 2504 eorum
2709 2444 2948 2512 subditi,
2989 2443 3236 2502 diversis
3271 2452 3498 2504 utentes
3536 2443 3788 2518 regulis,

2067 2557 2182 2602 non
2240 2537 2498 2613 ejusdem
2564 2535 3017 2594 conversationis
3095 2535 3360 2594 instituta
3413 2535 3790 2594 custodiunt.

2068 2629 2236 2688 Unde
2287 2642 2391 2685 nos
2435 2641 2634 2684 eorum
2673 2625 2818 2698 paci,
2860 2623 3017 2696 quod
3059 2623 3229 2682 nobis
3275 2623 3567 2681 commissi
3613 2630 3791 2693 sunt,

2069 2731 2298 2774 necesse
2350 2720 2434 2771 est
2483 2711 2804 2786 providere,
2852 2718 2907 2768 et
2964 2710 3176 2768 futuris
3215 2709 3612 2768 scandalorum
3671 2725 3790 2766 ve-

2069 2805 2288 2880 pribus,
2348 2817 2422 2860 ne
2478 2816 2579 2874 per
2643 2801 2999 2858 incrementa
3055 2799 3332 2872 ipsorum,
3395 2799 3549 2874 quod
3601 2799 3788 2870 absit,

2066 2892 2399 2968 peStilenter
2471 2888 2829 2958 oboriantur,
2886 2903 3203 2946 occurrere.
3252 2887 3600 2962 Quapropter
3671 2904 3801 2959 ego

2071 2981 2274 3039 Petrus
2323 2981 2582 3051 peccator
2628 2975 2948 3034 monachus
2987 2977 3046 3034 in
3100 2977 3334 3034 nomine
3371 2975 3471 3034 Dei
3513 2975 3801 3048 omnipo-

273 3071 360 3123 est
427 3064 564 3123 dare
633 3074 806 3138 atque
860 3065 1076 3126 inferre
1129 3067 1374 3128 debeant
1429 3071 1756 3146 supradicto
1823 3070 2242 3168 Petroctentis
2295 3066 2479 3144 Patris
2520 3071 2576 3124 et
2629 3065 2761 3122 Filii
2809 3065 3430 3168 et‘Spiritu‘s‘sanctir,‘
3455 3080 3550 3168 es.
3581 3071 3802 3123 aucto-

274 3154 555 3214 Damiano
585 3155 848 3230 episcopo
887 3157 1124 3232 suisque
1163 3160 1481 3232 monachis,
1521 3162 1862 3234 rationibus,
1896 3161 1988 3220 in-

275 3243 362 3301 fra
416 3243 624 3316 scripto
679 3245 997 3304 venerabili
1051 3247 1314 3324 episcopo
1366 3249 1613 3314 singulis
1660 3251 1990 3324 quibusque

277 3332 448 3390 annis
502 3333 629 3391 sine
696 3334 893 3408 aliqua
969 3351 1127 3394 mora
1188 3337 1279 3396 vel
1351 3338 1630 3398 dilatione
1694 3340 1992 3414 pensionis

279 3421 519 3479 nomine
571 3421 633 3480 in
682 3423 988 3482 festivitate
1033 3426 1213 3484 sancti
1265 3426 1416 3484 Petri
1457 3427 1830 3486 denariorum
1877 3427 1992 3486 Ve—

277 3509 600 3571 neticorum
654 3512 868 3571 solidos
927 3529 1172 3573 numero
1232 3521 1345 3574 tres
1400 3517 1779 3577 n‘iinutorum.
1826 3517 1992 3588 Quod

278 3603 326 3659 si
366 3600 672 3675 quisquam
730 3617 930 3660 eorum
973 3611 1172 3662 contra
1219 3595 1367 3663 hanc
1413 3606 1607 3678 placiti
1654 3607 1989 3666 conventio-

277 3687 488 3764 nisque
545 3690 824 3750 chartula)
873 3691 1082 3750 seriem
1135 3691 1198 3750 in
1247 3701 1359 3752 tota
1412 3701 1571 3766 parte
1624 3695 1807 3768 plebis
1865 3695 1992 3768 ejus

278 3780 540 3853 quolibet
568 3779 736 3840 modo
769 3781 969 3840 venire
999 3784 1324 3855 tentaverit,
1355 3791 1495 3844 tunc
1528 3785 1836 3864 daturi.....
1869 3787 1994 3860 ejus

279 3871 836 3944 promittunt.........
869 3873 1044 3946 partis
1076 3873 1230 3931 idem
1261 3891 1488 3932 servare
1517 3883 1650 3934 ante
1677 3893 1850 3934 omne
1878 3875 1996 3934 litis

280 3960 518 4020 initium
561 3978 748 4036 p(BlltB
787 3964 1024 4024 nomine
1059 3965 1185 4048 auri
1227 3965 1364 4024 boni
1405 3965 1582 4024 libras
1615 3983 1739 4038 sex,
1775 3975 1828 4025 et
1871 3973 1996 4041 post

281 4051 534 4110 solutam
573 4067 802 4126 ptenam
847 4054 998 4112 hanc
1046 4053 1358 4112 inficteosis
1397 4057 1636 4114 ca'rtulae
1683 4057 1886 4114 seriem
1933 4056 1996 4112 in

282 4153 452 4198 suam
525 4147 754 4198 maneat
805 4139 1154 4200 ﬁrmitatem.
1217 4143 1336 4200 Has
1382 4151 1584 4202 autem
1640 4145 1784 4203 duas
1859 4143 1996 4227 uni-

281 4227 466 4284 forme
527 4242 646 4285 uno
723 4235 917 4287 tenore
985 4230 1335 4304 conscriptas
1389 4233 1613 4290 chartas
1661 4233 1805 4290 mihi
1869 4232 1992 4292 Ste~

283 4315 488 4388 phano-
515 4315 775 4392 scriptori
829 4323 1041 4376 sanctae
1084 4317 1369 4384 Romanae
1419 4321 1686 4389 Ecclesiae
1736 4322 1996 4381 scriben-

284 4405 424 4464 dum
479 4405 692 4480 pariter
737 4405 1376 4484 dictaverunt,.easquc
1433 4412 1694 4485 propriis
1729 4413 1997 4472 manibus

284 4496 620 4556 roborantes
672 4496 1044 4558 testium......
1098 4499 1431 4560 obtulerunt
1487 4503 1992 4572 subscribendum,

279 4589 334 4643 et
373 4583 484 4643 sibi
520 4584 775 4647 invicem
817 4586 1172 4648 tradiderunt
1200 4590 1308 4649 sub
1337 4591 1709 4664 stipulatione
1740 4597 1796 4649 et
1831 4608 1999 4666 spon-

279 4671 444 4730 sione
503 4671 840 4744 solemn-itcr
877 4675 1315 4750 interponentis,
1364 4685 1496 4747 ctc.,
1539 4680 1648 4738 sub
1699 4680 1792 4738 die
1842 4695 1998 4738 anno

283 4761 648 4834 pontificatus
687 4763 747 4821 in
785 4780 980 4822 mense
1011 4772 1064 4824 et
1093 4765 1403 4826 indictione
1433 4769 1760 4842 supradicta
1788 4771 1994 4844 prima.

285 4851 403 4926 Ego
456 4851 663 4910 Petrus
721 4851 1055 4932 Faventiam
1102 4854 1376 4914 Ecclesiae
1428 4859 1733 4931 episcopus
1787 4875 1888 4928 ss.,
1945 4866 1998 4914 et

282 4938 551 5000 Riculqu
574 4941 1022 5014 archiplebanus
1052 4943 1312 5002 interfuit
1357 4945 1515 5003 testis
1545 4962 1620 5004 ss.
1653 4953 1679 5014 t
1707 4946 1824 5019 Ego
1855 4947 1998 5004 Gre-

282 5030 477 5102 gorius
519 5031 813 5104 presbyter
861 5032 1134 5092 canonice
1163 5033 1346 5092 sancti
1383 5033 1614 5092 Martini
1649 5035 1999 5108 Egubiensis

283 5116 556 5178 Ecclesiae
589 5121 748 5179 testis
781 5130 1011 5197 rogatus
1044 5139 1222 5183 manu
1251 5140 1376 5182 mea
1398 5125 1734 5198 subscripsi.
1773 5132 1802 5193 j
1842 5125 1998 5184 Dru-

279 5206 392 5266 dus
438 5207 597 5269 filius
639 5211 932 5285 quondam
971 5212 1150 5272 Guizo
1191 5215 1349 5273 testis
1389 5222 1638 5288 rogatus.
1693 5215 1995 5289 Signum}L

284 5295 434 5357 Nero
471 5298 626 5358 filius
666 5299 887 5360 Corbus
921 5300 1150 5362 civitate
1191 5302 1502 5376 Eugubina
1545 5303 1703 5361 testis
1741 5311 1994 5374 rogatus.

287 5385 536 5460 Signum
565 5393 591 5455 t
618 5387 973 5450 Rusticelius
1005 5393 1179 5451 testis.

322 5476 475 5571 "Ego
505 5475 831 5571 Stephanus
869 5483 1116 5571 scriptor
1160 5492 1374 5543 sanctae
1411 5485 1689 5546 Romanae
1726 5485 1997 5546 Ecclesiae

279 5566 403 5638 post
435 5566 668 5626 testium
697 5570 983 5644 complevi
1013 5579 1066 5630 et
1090 5571 1336 5633 absolvi.

2007 4470 2057 4527 D

2077 3161 2242 3220 ritate
2278 3171 2641 3217 summorum
2675 3155 3066 3229 apostolorum
3108 3155 3259 3213 Petri
3296 3163 3351 3212 et
3391 3155 3590 3226 Pauli,
3632 3171 3806 3228 quo-

2078 3265 2208 3308 rum
2247 3264 2350 3321 ego
2388 3247 2520 3304 licet
2553 3245 2861 3318 indignum
2900 3245 3186 3303 famulum
3227 3259 3317 3302 me
3344 3260 3467 3302 esse
3493 3245 3803 3318 proﬁteor,

2077 3337 2462 3413 praesentibus
2519 3343 2574 3394 et
2631 3335 3126 3393 consentientibus
3175 3342 3348 3408 atque
3409 3333 3809 3392 laudantibus

2078 3427 2342 3487 Guidone
2393 3423 2712 3484 clarissimo
2767 3424 2974 3482 comite
3027 3429 3081 3482 et
3129 3423 3421 3482 Ermelina
3466 3425 3590 3498 ejus
3638 3440 3808 3484 sere-

2079 3515 2319 3573 nissima
2357 3529 2569 3584 uxore,
2610 3513 2922 3580 constituo,
2963 3512 3167 3570 ordino
3199 3521 3373 3585 atque
3401 3513 3678 3576 decerno,
3725 3521 3812 3571 ut

2079 3603 2284 3664 amodo
2305 3611 2361 3662 et
2387 3603 2654 3676 deinceps
2684 3601 2745 3659 in
2789 3607 3124 3674 perpetuum
3171 3611 3398 3660 cr‘emus
3437 3600 3806 3674 Gammugni

2079 3693 2329 3767 quodam
2380 3692 2740 3750 discretionis
2789 3690 3180 3748 moderamine
3238 3697 3292 3747 et
3345 3689 3522 3747 libera
3572 3689 3689 3760 sit,
3749 3698 3812 3749 et

2078 3782 2348 3854 subjecta.
2403 3781 2610 3840 Libera
2657 3781 2913 3854 quidem,
2952 3779 2998 3837 si
3043 3779 3104 3837 in
3147 3795 3251 3838 suo
3302 3784 3453 3838 statu
3512 3794 3810 3853 perman-

2079 3873 2237 3944 serit,
2276 3871 2384 3930 lioc
2424 3877 2510 3929 est
2551 3871 2599 3928 si
2643 3878 2994 3929 conventum
3036 3870 3450 3928 monachorum
3499 3869 3811 3942 habuerit,

2079 3965 2183 4038 qui
2233 3965 2411 4024 vitam
2464 3963 2827 4022 eremeticam
2878 3968 3110 4020 teneant
3159 3969 3213 4020 ct
3255 3960 3364 4020 sub
3400 3962 3588 4034 priore
3616 3977 3812 4034 regu-

2081 4053 2275 4111 lariter
2332 4054 2569 4123 vivant;
2617 4052 2874 4126 subjecta
2921 4067 3056 4110 vero
3099 4051 3158 4110 in
3212 4053 3318 4109 hoc
3365 4052 3809 4122 tantummodo,

2079 4150 2144 4198 ut
2172 4157 2272 4214 per
2296 4155 2772 4216 unumquemque
2800 4157 3023 4200 annum
3065 4140 3474 4200 monasterium
3509 4142 3808 4212 Aceretaa,

2081 4232 2382 4292 duodecim
2429 4231 2695 4290 denarios
2745 4232 3146 4291 Veneticorum
3188 4247 3292 4305 pro
3339 4229 3617 4304 pensione
3669 4247 3813 4305 per-

2081 4323 2286 4382 solvat.
2329 4322 2544 4380 Prteter
2587 4322 2713 4380 Ι]ωο
2761 4323 2991 4382 nullum
3022 4321 3119 4396 jus
3167 4321 3509 4395 nullamque
3545 4326 3812 4396 potesta-

2083 4419 2194 4469 teni
2249 4411 2336 4469 vel
2386 4410 2664 4469 ditionem
2717 4410 2983 4469 abbatem
3038 4411 3175 4470 dicti
3237 4409 3566 4470 monasterii
3623 4426 3818 4484 super

2087 4503 2274 4575 ipsum
2314 4515 2578 4558 eremum
2617 4502 2857 4574 ejusque
2903 4500 3272 4574 pertinentias
3313 4499 3402 4557 vel
3445 4498 3821 4560 habitatores

2085 4591 2210 4663 ejus
2239 4589 2447 4647 habere
2492 4590 2898 4658 concedimus;
2947 4588 3176 4647 nullum
3227 4589 3419 4664 itaque
3460 4590 3558 4661 jus
3605 4589 3818 4648 domi-

2085 4680 2192 4751 nii,
2239 4681 2469 4738 virtutis
2500 4695 2566 4737 ac
2605 4678 2894 4752 potestatis
2945 4677 3119 4736 abbas
3172 4679 3290 4749 jam
3325 4679 3462 4738 dicti
3503 4687 3817 4739 monaste-

2089 4767 2158 4825 rii
2185 4767 2306 4826 sive
2329 4783 2431 4842 per
2465 4784 2543 4838 se,
2586 4767 2707 4824 sive
2746 4784 2844 4840 per
2887 4783 3042 4837 suos,
3081 4768 3184 4842 qui
3213 4769 3386 4826 vitam
3427 4767 3821 4826 eremeticam

2088 4858 2342 4916 fortassis
2391 4857 2690 4930 elegerint,
2726 4857 2847 4914 illic
2895 4857 2965 4915 ad
3018 4857 3396 4932 habitandum
3441 4857 3827 4916 constituere

2087 4949 2271 5006 liceat.
2324 4948 2540 5006 Neuter
2578 4947 2770 5022 itaque
2819 4946 2977 5012 locus
3023 4945 3186 5004 alteri
3225 4945 3360 5012 nisi,
3392 4945 3542 5004 sicut
3577 4945 3825 5004 dictum

2087 5047 2190 5110 est,
2246 5038 2598 5097 dominando
2679 5037 2982 5111 prmsideat
3059 5037 3157 5095 sed
3247 5038 3494 5094 fraterna
3549 5036 3827 5096 Charitas

2091 5137 2404 5204 utrumque
2463 5131 2525 5188 in
2577 5144 2774 5186 amore
2826 5128 3036 5188 Christi
3085 5135 3404 5186 connectat.
3455 5126 3829 5200 Adjacentes

2085 5228 2278 5280 autem
2311 5221 2614 5294 utriusque
2655 5217 2761 5275 loci
2814 5217 3199 5290 possessiones
3239 5217 3317 5274 ita
3361 5214 3719 5284 dividimus,
3757 5223 3831 5275 ut

2087 5307 2528 5374 monasterium,
2559 5323 2691 5379 quae
2732 5305 2821 5364 sui
2850 5305 3000 5378 juris
3038 5312 3193 5375 sunt,
3227 5303 3284 5362 in
3315 5303 3564 5362 circuitu
3594 5311 3827 5362 cuncta

2087 5396 2370 5470 possideat
2412 5411 2594 5468 usque
2645 5395 2717 5452 ad
2773 5394 2962 5465 locum
3011 5396 3112 5468 qui
3165 5391 3515 5452 Jumentella
3562 5392 3822 5452 dicitur.

2086 5486 2228 5544 Inde
2271 5485 2445 5544 etiam
2478 5501 2580 5558 per
2623 5484 2882 5543 medium
2929 5483 3156 5542 radium
3197 5498 3382 5556 usque
3418 5482 3486 5540 ad
3538 5488 3826 5541 montem

2086 5576 2448 5646 Rotundum,
2493 5581 2549 5634 et
2607 5590 2796 5648 usque
2843 5573 2914 5632 ad
2963 5573 3186 5632 flumen
3237 5589 3338 5647 per
3393 5570 3610 5642 rivum,
3671 5570 3822 5648 ipso

4022 2397 4024 2480 l

4022 2531 4024 2630 l

4022 2705 4024 2820 l
