4024 6198
181 285 275 345 501

1417 279 1781 343 GAJETANI
1818 282 2056 343 EPIST.
2099 280 2420 343 NUNCUP.

3568 278 3673 339 502

172 416 347 467 tamen
390 409 584 463 monte
620 404 683 461 in
720 404 1081 478 possessione
1110 405 1445 463 monasterii
1471 412 1931 480 permanente.A
1951 407 2224 481 praedicta
2257 419 2487 464 eremus
2527 403 2599 463 ad
2643 404 2930 462 defectum
2977 403 3260 472 evenerit,
3309 402 3390 460 ita
3431 408 3496 462 ut
3534 418 3671 463 con-

168 498 252 558 Ab
287 497 408 555 istis
450 495 645 568 itaque
687 493 827 552 locis
873 493 1074 553 omnia
1118 510 1252 569 quae
1303 495 1374 553 ad
1416 502 1694 554 montana
1730 512 1868 555 con-

170 586 398 645 tendunt
442 598 673 642 eremus
720 587 928 652 teneat,
973 582 1034 641 id
1094 591 1181 642 est
1221 601 1253 642 a
1310 585 1583 658 prmdicta
1627 586 1911 660 Jumene.

171 674 290 733 tella
331 677 387 731 et
427 670 699 745 praedicto
739 675 934 729 monte
980 670 1256 732 Rotundo
1286 687 1387 746 per
1415 673 1601 747 ipsam
1630 689 1868 733 curren-

169 765 294 823 tiam
320 760 585 822 ﬂuminis
612 775 799 835 usque
827 761 899 818 ad
941 768 1196 820 montem
1229 762 1524 835 Ceresam;
1564 765 1699 824 aliae
1734 782 1872 826 vero

166 851 329 925 Alpes
371 848 672 924 mqualiter
717 848 871 907 inter
915 864 1174 909 eremum
1227 858 1281 909 et
1324 853 1741 913 monasterium
1790 853 1873 911 di-

166 941 448 1000 vidantur.
499 938 721 997 Habeat
788 938 960 997 etiam
1027 955 1256 999 eremus
1321 943 1621 1002 ecclesiam
1689 945 1871 1003 sancti

166 1030 361 1089 Donati
404 1029 467 1088 in
503 1029 805 1088 Mutiliano
838 1045 972 1087 cum
1010 1031 1284 1089 omnibus
1321 1032 1442 1090 suis
1487 1034 1867 1106 pertinentiis,

165 1121 414 1194 exceptis
457 1120 687 1179 duobus
738 1119 1110 1189 molendinis,
1153 1136 1286 1194 quae
1332 1122 1524 1195 ipsum
1582 1128 1870 1181 monaste-

166 1209 307 1268 rium
371 1215 543 1278 tenet,
587 1215 642 1266 et
687 1206 950 1266 insulam
999 1209 1172 1282 juxta
1220 1209 1555 1268 molendina
1603 1212 1868 1284 positam,

164 1299 219 1357 in
262 1312 381 1371 qua
414 1296 515 1370 qui
561 1312 627 1354 ea
668 1297 1024 1366 custodiunt,
1062 1297 1231 1356 modo
1272 1298 1533 1356 habitare
1577 1299 1868 1369 videntur,

165 1395 215 1443 et
256 1401 393 1459 quas
435 1401 536 1458 per
575 1384 904 1443 donationis
954 1387 1225 1460 paginam
1267 1403 1300 1444 a
1345 1387 1724 1446 donatoribus
1769 1390 1869 1445 ob-

165 1475 316 1533 venit
357 1475 594 1547 praefato
631 1490 823 1532 eremo
859 1474 921 1532 in
960 1474 1083 1533 loco
1123 1475 1417 1547 Fagnaula
1464 1485 1518 1534 et
1565 1478 1622 1535 in
1670 1477 1872 1535 Pozolo

165 1564 334 1623 simili
380 1564 549 1622 modo
593 1570 928 1638 permaneat
963 1565 1086 1638 jam
1134 1566 1285 1623 dicto
1336 1567 1699 1636 monasterio,
1732 1582 1870 1624 nam

163 1667 426 1727 campum
469 1652 740 1711 Liverani
792 1661 1124 1727 permaneat
1179 1670 1395 1714 eremo.
1456 1656 1675 1714 Cuncta
1733 1670 1870 1714 vero

1958 503 2193 558 ventum
2238 496 2652 555 monachorum
2698 510 2811 553 non
2856 493 3084 565 habeat,
3112 499 3168 552 et
3204 493 3407 552 saltem
3445 499 3558 553 tres
3582 494 3664 553 ibi

1952 587 2156 646 fratres
2180 578 2301 643 non
2331 584 2446 641 sint
2472 584 2574 658 qui
2605 583 2929 642 secundum
2958 588 3293 642 consuetam
3326 581 3514 656 ipsius
3554 581 3668 641 loci

1953 672 2305 731 eremiticam
2356 669 2619 744 regulam
2669 669 2889 737 vivant,
2942 674 3083 727 tunc
3127 675 3183 727 et
3235 683 3303 727 eo
3359 683 3497 728 casu
3544 669 3669 744 ipsa

1956 776 2187 822 oremus
2230 776 2366 819 cum
2411 759 2536 818 suis
2570 755 2932 831 pertinentiis
2967 756 3316 830 jurihus.....
3356 758 3668 832 ipsumque

1956 851 2261 910 locum.....
2310 848 2420 909 sub
2462 862 2683 907 sua.....
2726 845 2973 919 Insuper
3007 861 3114 904 nos
3139 845 3329 905 Guido
3368 853 3425 904 et
3462 847 3666 906 Erme-

1955 942 2079 999 lina
2128 940 2418 998 comitissa
2477 954 2603 996 mea
2653 951 2805 994 uxor
2854 934 3215 1008 spondimus,
3274 935 3667 1007 promittimus

1952 1036 2125 1104 atque
2200 1030 2527 1101 obligemus
2601 1024 2907 1085 abbatibus
2971 1023 3230 1098 praedicti
3306 1026 3668 1098 monasterii,

1954 1121 2112 1197 quod
2161 1120 2211 1179 si
2260 1119 2518 1178 definitio
2577 1117 2847 1188 prmdicta
2891 1131 2925 1174 a
2969 1115 3182 1173 domno
3220 1114 3388 1174 Petro
3424 1132 3668 1177 venera-

1955 1210 2059 1269 bili
2110 1209 2369 1284 pontitici
2410 1208 2575 1265 nobis
2623 1204 3137 1275 consentientibus,
3190 1210 3255 1262 ut
3300 1205 3521 1265 dictum
3559 1214 3667 1279 est,

1954 1298 2108 1356 inter
2160 1294 2571 1356 monasterium
2622 1301 2677 1352 et
2727 1308 2990 1351 eremum
3034 1292 3181 1351 facta
3213 1294 3502 1354 custodire
3543 1312 3668 1356 mo-

1954 1388 2163 1463 disque
2206 1387 2483 1446 omnibus
2513 1386 2859 1454 observare;
2897 1390 2952 1442 et
2978 1383 3048 1455 si,
3079 1385 3236 1458 quod
3265 1386 3435 1457 absit,
3468 1388 3667 1462 aliqua

1954 1479 2248 1537 occasione
2283 1493 2539 1537 eremum
2579 1476 2699 1550 jam
2732 1476 2952 1534 dictum
2990 1475 3063 1533 ad
3099 1475 3354 1535 nihilum
3415 1478 3666 1538 devene-

1954 1568 2047 1636 rit,
2100 1583 2219 1625 non
2276 1566 2594 1625 habeamus
2641 1565 2933 1624 licentiam
2986 1580 3091 1624 nec
3148 1570 3485 1639 potestatem
3535 1569 3667 1627 aliae

1953 1655 2209 1714 ecclesiae
2242 1654 2405 1713 illam
2456 1654 2755 1713 ecclesiam
2792 1653 2881 1711 vel
2925 1669 3157 1727 quoquo
3214 1654 3387 1714 modo
3432 1670 3669 1715 consen-

163 1757 526 1816 quaacunque
564 1742 742 1799 nostri
775 1743 929 1817 juris
967 1750 1103 1801 sunt
1131 1743 1254 1802 sive
1289 1743 1347 1801 in
1376 1744 1717 1815 Treudacio,
1747 1745 1869 1804 sive
1893 1743 2078 1835 Btire,
2123 1742 2211 1801 vel
2267 1742 2315 1800 si
2368 1748 2566 1800 contra
2615 1741 2742 1799 haec
2790 1741 3116 1813 fecerimus,
3175 1756 3519 1817 componere
3564 1759 3669 1804 nos

164 1831 218 1887 in
258 1828 579 1903 liivagutti,
612 1831 736 1889 sive
776 1832 835 1888 in
882 1832 1150 1901 Rosamo,
1186 1832 1309 1890 sive
1345 1833 1516 1891 etiam
1563 1833 1623 1891 in
1674 1828 2088 1894 Casta--cum
2123 1834 2337 1894 nostris
2374 1834 2512 1892 filiis
2550 1839 2604 1891 et
2640 1832 2973 1891 haaredibus
3010 1832 3406 1903 promittimus
3436 1834 3667 1893 abbati-

162 1919 377 1991 gnaria,
412 1919 535 1977 sive
571 1920 633 1978 in
673 1919 1030 1979 Gorenla.....
1080 1922 1169 1979 vel
1214 1921 1273 1978 in
1316 1921 1681 1996 quibuslibet
1734 1922 1872 1981 locis

163 2007 351 2065 omnia
394 2010 810 2068 monasterium
844 2009 969 2068 sine
1000 2011 1122 2068 ulla
1154 2024 1386 2084 prorsus
1422 2011 1872 2070 contradictione

163 2096 445 2169 possideat
474 2112 604 2155 cum
653 2104 766 2155 toto
809 2100 940 2170 jure
985 2099 1140 2173 quod
1181 2098 1463 2158 habemus
1491 2099 1549 2157 in
1583 2107 1872 2159 monaste-

163 2186 241 2244 rio
284 2187 472 2245 sancti
518 2186 832 2247 Benedicti.
875 2188 998 2246 Hac
1034 2192 1208 2247 etiam
1255 2197 1450 2248 nostra
1498 2191 1879 2265 praeceptione

164 2274 530 2334 decernimus
560 2284 623 2336 ut
659 2278 1073 2336 monasterium
1121 2283 1177 2337 et
1218 2294 1448 2337 eremus
1475 2279 1584 2337 hoc
1628 2280 1778 2337 inter
1817 2295 1877 2339 se

164 2365 413 2425 invicem
462 2367 726 2439 debeant,
759 2375 1048 2442 quatenus
1086 2384 1222 2428 cum
1264 2370 1652 2429 necessarium
1699 2370 1875 2429 fuerit

168 2461 223 2511 ut
266 2457 686 2516 monasterium
731 2459 992 2518 inﬁrmos
1043 2460 1246 2520 fratres
1288 2461 1468 2519 eremi
1521 2463 1591 2521 ad
1642 2462 1872 2522 refocil-

166 2544 404 2604 landum
452 2554 508 2603 et
550 2549 992 2608 sustentandum
1030 2565 1216 2624 usque
1259 2551 1332 2608 ad
1383 2551 1685 2609 sanitatem
1739 2567 1871 2610 cum

163 2632 392 2693 licentia
454 2636 663 2709 prioris
727 2638 972 2696 fraterna
1048 2639 1404 2713 benignitate
1472 2641 1768 2714 suscipiat,
1817 2647 1873 2700 et

162 2725 416 2783 eremitze
467 2726 669 2785 fratres
725 2730 1033 2787 monachos
1072 2730 1144 2788 de
1179 2731 1525 2789 monasterio
1577 2730 1873 2790 venientes

163 2828 284 2872 cum
336 2814 573 2874 licentia
629 2817 850 2877 abbatis
912 2818 1161 2878 libenter
1219 2809 1545 2880 admittant.
1598 2820 1761 2893 Quod
1821 2822 1872 2879 si

1955 1927 2082 1995 bus,
2138 1925 2222 1983 ibi
2271 1941 2371 1999 per
2422 1931 2677 1999 tempora
2731 1923 3216 1994 deservientibus,
3275 1925 3403 1984 auri
3459 1927 3663 2000 optimi

1954 2016 2133 2074 libras
2189 2016 2408 2084 decem,
2448 2014 2528 2072 ita
2579 2018 2771 2070 tamen
2825 2017 2889 2069 ut
2937 2018 3064 2084 post
3112 2012 3360 2072 solutam
3408 2028 3661 2088 pmnam,

1953 2102 2214 2161 deﬁnitio
2244 2108 2298 2161 et
2325 2102 2597 2174 obligatio
2618 2101 2678 2159 in
2715 2115 2819 2159 sua
2846 2099 3118 2157 ﬁrmitate
3147 2101 3439 2175 perduret.

2036 2196 2186 2269 Ergo
2216 2193 2613 2252 Cinnamellus
2639 2191 2902 2252 notarius
2925 2190 2997 2249 de
3025 2191 3314 2251 territorio
3344 2192 3663 2252 Faventino

1962 2289 2198 2355 rogatus
2248 2299 2282 2340 a
2340 2281 2613 2356 praedicto
2662 2280 2927 2340 Guidone
2970 2280 3166 2339 comiti
3209 2288 3265 2340 et
3307 2297 3414 2340 sua
3453 2297 3661 2352 uxore,

1962 2388 2067 2430 nec
2109 2387 2227 2431 non
2263 2388 2297 2429 a
2342 2371 2556 2430 domno
2602 2369 2921 2429 venerabili
2971 2369 3136 2428 Petro
3179 2369 3468 2444 pontiﬁce,
3513 2372 3660 2429 hanc

1959 2461 2359 2520 deﬁnitionem
2383 2466 2442 2518 et
2467 2458 2876 2532 obligationem
2910 2458 3137 2533 scripsi.
3187 2506 3189 2508 .

2028 2552 2219 2611 Guido
2263 2566 2454 2610 comes
2479 2557 2533 2608 et
2574 2549 2871 2608 Ermelina
2926 2549 3218 2607 comitissa
3264 2549 3414 2607 hanc
3447 2548 3660 2607 deﬁni-

1956 2643 2173 2702 tionem
2200 2643 2352 2700 inter
2392 2639 2808 2700 monasterium
2846 2644 2903 2699 et
2928 2653 3217 2710 eremum,
3247 2644 3303 2696 et
3351 2636 3661 2709 obligatio-

1954 2747 2089 2790 nem
2110 2730 2359 2789 scribere
2390 2735 2757 2803 rogaverunt.

938 3026 941 3027 ,
1164 3026 3065 3031 ,7,v______________—+
3512 3026 3547 3027 η
3624 3026 3637 3028 -

534 3208 1353 3362 OPERUM
1463 3158 1625 3362 s.‘
1733 3214 2328 3362 PETRI
2434 3210 3323 3359 DAMIANI‘

1388 3510 1478 3582 IN
1533 3507 1956 3598 EDITIONE
2012 3508 2433 3584 CAJETANI

1007 3724 1647 3901 Tomos
1832 3726 2824 3841 SECUNDUS

1702 3995 2108 4041 COMPLECTENS

434 4197 1205 4314 SERMONES
1310 4199 1475 4312 ET
1571 4193 2454 4314 SANCTORUM
2558 4189 3394 4309 HI‘STORIAS.

631 4643 1280 4733 CAJETANI
1369 4640 2024 4729 EPISTULA
2114 4630 3203 4725 NUNCUPATOBIA.

233 5052 290 5111 S.
328 5053 399 5110 D.
431 5053 500 5110 N.
536 5052 716 5111 Paulo
744 5051 815 5124 V,
847 5054 1104 5129 pontilici
1138 5052 1393 5113 maxime
1424 5052 1869 5113 CONSTANTINUS
1906 5051 2265 5121 CAIETANUS,
2296 5048 2615 5108 monachus
2639 5044 3102 5121 congregationis
3131 5045 3482 5118 Casineusis,
3512 5046 3669 5106 salu-

163 5146 269 5199 tem
299 5149 358 5200 et
391 5141 721 5201 felicitatem
750 5159 783 5200 a
814 5143 930 5202 Deo
959 5148 1246 5218 precatur.

230 5232 375 5289 Exit
402 5232 463 5289 in
496 5232 704 5303 lucem,
732 5233 1059 5291 beatissime
1102 5235 1283 5307 Pater,
1318 5242 1415 5295 tuo
1452 5232 1865 5308 augustissimo
1903 5228 2140 5288 nomine
2178 5226 2511 5301 insignitus,
2542 5227 2795 5300 Operum
2822 5227 2888 5285 B.
2922 5226 3070 5286 Petri
3104 5221 3370 5283 Damiani
3399 5221 3457 5281 S.
3492 5223 3563 5283 R.
3600 5224 3669 5284 E.

158 5320 497 5390 cardinalis,
530 5322 781 5395 episcopi
823 5322 1121 5393 Ostiensis,
1168 5330 1302 5382 tom.
1335 5323 1410 5393 II,
1444 5339 1510 5382 eo
1551 5323 1787 5397 quidem
1837 5319 2086 5378 alacrius
2128 5322 2183 5374 et
2222 5314 2627 5385 conﬁdentius,
2664 5315 2819 5390 quod
2866 5315 3119 5389 priorem
3159 5314 3281 5386 jam
3332 5311 3439 5369 scit
3482 5317 3674 5387 patro-

158 5411 298 5468 cinii
356 5411 441 5467 tui
494 5412 693 5485 clypeo
753 5412 1066 5482 munitum,
1108 5412 1169 5469 in
1214 5412 1484 5469 manibus
1526 5411 1854 5479 hominum,
1885 5414 2058 5483 atque
2099 5405 2241 5464 adeo
2270 5406 2331 5462 in
2372 5419 2472 5462 ore
2514 5408 2570 5462 et
2610 5402 2992 5462 admiratione
3032 5400 3272 5461 versari.
3311 5400 3439 5460 Non
3474 5402 3578 5461 abs
3615 5418 3679 5461 re

156 5499 343 5572 igitur
384 5502 726 5572 posthumus
757 5501 850 5560 hic
886 5501 1030 5559 alter
1067 5499 1413 5559 sanctissimi
1447 5498 1555 5557 viri
1594 5503 1791 5571 partus
1828 5497 1888 5555 in
1929 5494 2144 5570 publici
2183 5491 2435 5567 parentis
2464 5491 2600 5550 sinu
2639 5491 3022 5551 domesticum
3060 5490 3174 5550 sibi
3212 5488 3457 5565 requirit
3494 5494 3550 5548 et
3591 5490 3676 5549 fa-

156 5590 397 5650 miliare
430 5591 782 5666 perfugium.
838 5589 950 5649 Hic
999 5597 1195 5651 autem
1236 5591 1383 5650 liber
1421 5589 1674 5648 continet
1712 5592 2040 5647 sanctorum
2067 5600 2158 5643 res
2188 5583 2462 5658 praeclare
2489 5588 2696 5656 gestas,
2738 5583 2809 5641 ab
2845 5581 3045 5641 eodem
3075 5588 3190 5640 tam
3224 5581 3448 5641 sincere
3484 5580 3678 5640 ﬁdeli-
