4024 6198
262 302 371 364 503
935 299 995 361 S.
1040 300 1263 360 PETRI
1300 299 1624 361 DAMIANI
1660 300 1821 363 OPP.
1862 299 2056 361 PARS
2094 299 2238 361 SEU
2276 300 2527 362 TOMUS
2566 267 2640 362 II}.
2682 334 2752 346 —
2791 298 3105 363 PROLEG.
3659 294 3764 353 504

264 435 466 502 terque
495 425 845 500 conscriptas
877 440 1055 499 quam
1083 424 1415 498 eloquenter
1445 425 1701 484 laudatas
1742 434 1913 501 atque
1951 432 2274 486 exornatas.
2311 425 2648 486 Sanctorum
2675 444 2813 487 vero
2853 425 3143 503 praeconia
3180 422 3275 482 cui
3298 421 3502 495 aptius
3526 424 3772 493 possunt

263 523 322 575 et
380 513 839 583 convenientius,
879 528 1055 587 quam
1117 512 1220 571 tibi
1272 513 1587 572 sanctitatis
1634 515 1921 586 assertori,
1962 523 2203 589 patrono
2271 520 2326 571 et
2371 515 2608 584 vindici,
2650 515 3015 574 consecrari?
3056 512 3116 572 Si
3163 510 3343 581 enim,
3383 516 3449 567 ut
3488 507 3768 582 Propheta

267 611 481 672 monet,
527 612 857 662 sanctorum
906 603 1104 662 laudes
1145 602 1208 660 in
1254 602 1435 662 Deum
1486 610 1625 663 sunt
1666 612 1944 679 tanquam
1991 605 2169 665 finem
2217 613 2273 663 et
2313 613 2520 663 metam
2552 605 2890 679 dirigendis,
2925 605 3057 678 jure
3102 603 3318 677 Optimo
3365 599 3462 658 Dei
3500 598 3560 656 in
3603 597 3772 656 terris

267 698 453 755 vicem
494 693 714 767 gerenti
764 692 955 752 offerri
988 691 1216 762 debent,
1250 699 1312 750 ut
1350 693 1487 751 inde
1513 693 1581 751 ad
1627 693 1810 752 Deum
1835 694 2052 768 ipsum,
2091 695 2194 770 qui
2242 711 2460 765 earum,
2501 711 2647 771 quas
2695 696 2758 754 in
2801 695 3010 753 sanctis
3037 690 3363 759 laudamus,
3388 688 3683 746 actionum
3712 692 3774 743 et

267 787 552 846 virtutum
582 785 709 842 fons
736 790 817 841 est
847 790 902 840 et
929 782 1108 855 origo,
1145 789 1524 841 revertantur.
1560 783 1762 842 Petrus
1798 783 2035 858 quidem
2065 784 2188 858 ipse
2226 784 2513 853 Damiani,
2545 783 2649 858 qui
2687 784 2829 843 dum
2859 783 3029 854 vixit,
3062 782 3235 841 totius
3272 778 3543 838 Ecclesiae
3574 778 3775 836 catho-

267 876 418 945 licaa,
446 881 501 933 et
546 872 870 948 praesertim
917 877 1293 930 sacrosancta;
1330 873 1484 930 sedis
1526 874 1851 947 apostolica;
1889 875 2319 948 propugnandae
2362 874 2608 933 miriﬁco
2638 879 2693 932 et
2722 871 3047 934 incredibili
3076 871 3268 930 studio
3299 883 3523 942 semper
3549 865 3775 925 exarsit

268 961 445 1037 (quod
473 976 610 1019 sane
638 960 918 1030 studium,
954 960 1045 1017 vel
1074 965 1294 1017 tacente
1327 975 1436 1027 me,
1466 960 1605 1019 vitm
1629 963 1755 1035 ejus
1795 967 1849 1019 et
1889 961 2111 1036 ingenii
2156 963 2430 1036 praeclara
2480 962 2835 1021 monimenta
2882 961 3019 1021 satis
3051 959 3399 1037 abundeque
3439 958 3775 1027 testantur),

264 1050 363 1111 cui
415 1049 608 1124 potius
664 1064 797 1107 suas
848 1046 1278 1108 lucubrationes
1328 1049 1542 1107 dicatas
1588 1049 1728 1108 velit
1782 1066 1960 1123 quam
2003 1067 2232 1117 summo
2279 1052 2557 1111 Bomanze
2599 1051 2761 1111 urbis
2804 1050 3043 1110 antistiti
3092 1054 3148 1108 et
3184 1046 3525 1107 Christianae
3580 1047 3772 1119 reipu-

264 1137 433 1196 blicae
470 1136 863 1195 moderatori?
904 1135 1013 1194 Par
1046 1143 1131 1194 est
1176 1135 1333 1194 enim
1379 1144 1446 1196 ut
1491 1136 1600 1195 sub
1648 1137 1808 1197 illius
1855 1138 2126 1198 Ecclesia
2159 1139 2476 1213 patrocinio
2519 1139 2827 1198 defunctus
2870 1138 3255 1214 conquiescat,
3293 1150 3396 1209 pro
3446 1152 3561 1211 qua
3594 1136 3777 1194 vivus

261 1225 487 1284 labores
527 1240 840 1300 capessere,
870 1224 1185 1283 certamina
1236 1226 1545 1300 suscipere,
1586 1226 1944 1297 gravissimis
1992 1228 2381 1302 periculorum
2428 1229 2701 1289 ﬂuctibus
2749 1236 2923 1303 caput
2966 1228 3233 1302 objicere,
3272 1228 3511 1285 immota
3543 1241 3778 1300 semper

260 1315 583 1374 constantia
609 1320 665 1372 et
701 1313 943 1372 infracto
969 1328 1263 1386 generosa
1292 1315 1503 1372 mentis
1529 1314 1731 1372 ardore
1770 1330 1884 1373 non
1920 1318 2224 1375 recusavit.
2261 1315 2368 1376 Sed
2401 1333 2685 1390 quorsum
2712 1316 2930 1384 attinet,
2965 1322 3083 1374 tam
3112 1315 3298 1374 multa
3329 1315 3391 1373 in
3420 1330 3480 1373 re
3511 1313 3777 1372 maxime

262 1410 435 1473 certa,
465 1402 643 1461 verba
673 1402 1068 1476 profundere?
1100 1402 1253 1460 Num
1291 1403 1469 1460 alicui
1507 1402 1753 1461 dubium
1793 1411 1975 1477 potest
2000 1420 2125 1463 esse
2148 1406 2294 1479 quin
2326 1405 2575 1464 Ecclesia
2611 1406 2873 1465 Romana
2900 1404 3049 1463 Petri
3084 1403 3350 1463 Damiani
3388 1403 3538 1462 fetus
3578 1402 3778 1461 obviis

266 1492 425 1552 ulnis
449 1489 722 1565 excipiat,
752 1490 942 1549 foveat
968 1505 1034 1548 ac
1065 1497 1313 1561 tueatur,
1344 1505 1479 1565 quae
1516 1491 1747 1549 Petrum
1796 1492 1988 1565 ipsum
2025 1494 2338 1564 viventem,
2367 1486 2661 1569 praecipua
2694 1494 2942 1568 quadam
2986 1492 3379 1552 benevolentia
3410 1498 3465 1551 et
3490 1492 3777 1551 charitate

262 1580 567 1654 complexa
593 1581 723 1637 est?
752 1579 819 1637 In
851 1594 1026 1653 quem
1052 1578 1203 1638 ultro
1244 1578 1316 1637 ad
1347 1579 1563 1638 Urbem
1603 1581 1964 1650 accersitum,
1994 1589 2051 1640 et
2078 1583 2416 1657 reipublicae
2453 1582 2865 1657 gubernaculis
2890 1581 3350 1641 eminentissimo
3379 1589 3553 1655 atque
3580 1580 3778 1638 hono-

176 1680 179 1683 '
265 1667 697 1727 riﬁcentissimo
743 1667 863 1726 loco
891 1668 1206 1736 admotum,
1250 1674 1331 1726 tot
1378 1669 1670 1728 honorum
1714 1677 1947 1743 repente
1996 1671 2241 1744 fastigia,
2286 1678 2471 1730 tantas
2518 1679 2682 1730 extra
2738 1672 3000 1731 ordinem
3056 1670 3465 1744 praerogativae
3515 1669 3778 1744 dignita-

265 1764 469 1832 tesque
499 1756 803 1829 congessit,
833 1762 1079 1831 quantas
1133 1772 1206 1815 ne
1250 1756 1363 1815 civi
1408 1758 1645 1832 quidem
1685 1764 1741 1814 et
1780 1758 2037 1830 alumno,
2067 1760 2284 1818 nedum
2315 1760 2560 1818 advenae
2605 1768 2660 1819 et
2700 1760 3022 1833 peregrino,
3057 1775 3284 1834 sperare
3320 1757 3592 1816 licuisset.
3625 1756 3781 1827 Quae

263 1843 447 1919 igitur
477 1843 703 1903 Patrem
742 1850 1038 1918 tantopere
1086 1844 1317 1917 dilexit,
1358 1847 1527 1904 etiam
1572 1846 1786 1905 liberos
1825 1847 1952 1920 ejus
1996 1863 2193 1907 amore
2232 1856 2614 1921 prosequatur
2662 1864 2891 1907 necesse
2937 1853 3038 1906 est.
3079 1847 3317 1907 Liberos
3363 1846 3575 1921 quippe
3619 1846 3779 1920 ejus,

236 1939 319 1992 ‘et
346 1931 585 2008 quidem
629 1932 851 2007 parenti
885 1932 1236 2003 simillimos,
1270 1933 1618 1992 sanctissimi
1664 1934 1842 2008 hujus
1865 1934 1978 1993 viri
2030 1934 2210 1995 libros
2250 1936 2542 2011 appellare
2583 1953 2697 1995 non
2740 1952 2965 2005 vereor,
2996 1936 3099 2011 qui
3127 1941 3283 1994 tanto
3311 1934 3527 2008 justius
3556 1934 3778 1992 libero-

261 2039 395 2083 rum
436 2037 647 2082 nomen
685 2028 1001 2089 merentur,
1030 2028 1249 2096 quanto
1278 2022 1516 2081 animus
1558 2038 1794 2097 corpore
1825 2025 2191 2097 praestantior
2215 2032 2317 2093 est,
2352 2033 2687 2098 quantoque.
2718 2024 2948 2084 caducis
2979 2030 3031 2081 et
3077 2024 3190 2082 cito
3226 2023 3522 2081 morituris
3553 2031 3779 2080 aeterna

258 2117 432 2188 atque
484 2109 811 2170 immortale
851 2110 1074 2183 ingenii
1121 2108 1481 2168 monimenta
1532 2110 1904 2171 antecellunt.
1936 2112 2095 2171 Nihil
2135 2121 2221 2171 est
2268 2130 2422 2189 ergo,
2458 2113 2788 2172 beatissime
2828 2114 3013 2185 Pater,
3040 2129 3146 2172 cur
3188 2113 3249 2170 in
3290 2111 3775 2171 commendandis

264 2199 368 2259 tibi
408 2199 560 2259 Petri
610 2197 877 2257 Damiani
920 2198 1224 2272 Operibus.
1255 2197 1479 2257 diutius
1501 2198 1778 2258 immorer
1814 2220 1828 2260 :
1868 2200 2058 2275 potius
2100 2203 2161 2259 in
2208 2218 2301 2260 me
2339 2204 2464 2274 ipso
2506 2212 2622 2261 tuae
2662 2203 2856 2260 tutelae
2897 2217 2963 2261 ac
3006 2202 3326 2261 defensioni
3354 2199 3775 2260 committenda

260 2289 627 2363 aliquantum
672 2287 946 2360 temporis
983 2288 1221 2346 fortasse
1257 2302 1678 2360 consumerem,
1711 2289 1824 2347 nisi
1868 2298 1965 2348 tua
2007 2289 2068 2348 in
2116 2305 2206 2348 me
2250 2293 2527 2359 maxima,
2575 2307 2758 2365 eaque
2806 2291 3054 2349 recentia
3091 2291 3366 2350 beneﬁcia
3408 2305 3642 2349 omnem
3687 2288 3771 2346 de

261 2394 329 2437 ea
372 2393 434 2436 re
476 2381 809 2449 susceptum
862 2375 1113 2433 laborem
1147 2391 1642 2450 supervacaneum
1674 2386 1729 2436 et
1757 2378 1931 2453 plane
1974 2394 2091 2437 non
2136 2380 2524 2437 necessarium
2560 2396 2684 2438 esse
2722 2379 3202 2439 demonstrarent.
3231 2380 3379 2438 Cum
3414 2380 3571 2436 enim
3599 2387 3771 2436 tuam

263 2465 594 2525 facilitatem
624 2463 1101 2537 singularemque
1131 2464 1188 2521 in
1223 2479 1316 2522 me
1341 2466 1677 2524 exornando
1706 2466 1889 2523 animi
1930 2467 2374 2540 propensionem
2407 2468 2655 2539 intueor,
2688 2468 2836 2526 nihil
2872 2469 3098 2527 facilius
3125 2484 3251 2526 esse
3276 2483 3556 2540 cognosco
3584 2480 3772 2540 quam

265 2559 480 2612 utnon
518 2552 689 2611 modo
730 2552 859 2610 haec
881 2567 1016 2626 quae
1055 2554 1117 2610 in
1167 2555 1471 2625 praesentia
1516 2556 1794 2627 eduntur,
1825 2556 1923 2613 sed
1956 2556 2127 2614 etiam
2172 2556 2287 2613 alia
2328 2557 2557 2630 egregia
2606 2557 2812 2631 scripta
2852 2559 2924 2617 de
2957 2557 3129 2615 rebus
3159 2558 3355 2628 sacris,
3389 2556 3590 2615 multis
3620 2557 3775 2614 meis

266 2641 568 2700 laboribus
617 2640 949 2714 vigiliisque
996 2640 1229 2699 collecta
1273 2649 1329 2700 et
1371 2643 1677 2714 elaborata,
1714 2653 1832 2703 tuas
1876 2644 2246 2717 benignitatis
2285 2646 2577 2718 praesidio,
2606 2646 2667 2703 in
2718 2660 2925 2704 manus
2966 2646 3268 2704 hominum
3313 2647 3591 2714 emittam,
3631 2661 3775 2720 quas

266 2745 380 2788 non
416 2730 541 2788 sine
582 2729 912 2789 communis
958 2729 1225 2788 utilitatis
1261 2732 1485 2804 jactura
1524 2731 1756 2807 publica
1808 2732 1935 2791 luce
1981 2733 2341 2792 fraudantur.
2372 2733 2679 2807 Equidem,
2706 2735 2862 2809 quod
2890 2749 3150 2793 mearum
3196 2736 3442 2808 partium
3484 2742 3588 2805 est,
3617 2734 3774 2794 serie

264 2817 552 2892 profiteor,
580 2825 636 2876 et
673 2817 861 2891 quoad
895 2818 1089 2877 vivam
1120 2818 1376 2891 proﬁteri
1408 2835 1525 2877 non
1568 2820 1852 2891 desinam,
1881 2827 2222 2880 curaturum
2263 2836 2356 2879 me
2392 2829 2564 2895 atque
2600 2822 2775 2881 enixe
2803 2838 3032 2897 operam
3061 2824 3354 2895 daturum,
3386 2831 3665 2896 quantum
3700 2823 3769 2882 in

266 2922 361 2965 me
403 2907 532 2977 erit,
560 2914 627 2965 ut
670 2908 868 2965 omnia
910 2921 1037 2964 mea
1069 2907 1260 2966 studia
1291 2907 1360 2966 ad
1406 2907 1713 2966 utilitatem
1755 2909 2049 2983 publicam
2087 2917 2143 2967 et
2186 2910 2338 2968 sedis
2366 2910 2691 2984 apostolicae
2739 2912 2916 2971 decus
2957 2913 3562 2987 existimationemque
3612 2914 3767 2971 refe-

267 3000 489 3055 rantur.
521 2994 689 3055 Nunc
719 2995 905 3055 Deum
951 3003 1067 3070 opt.
1099 3011 1259 3054 max.
1289 2996 1665 3056 vehementer
1696 3012 1817 3068 oro,
1851 3003 1917 3056 ut
1953 2998 2227 3057 salutaria
2252 3004 2348 3059 tua
2386 2998 2627 3058 consilia
2658 3000 3256 3074 sapientissimamque
3278 3000 3760 3076 gubernationem

265 3085 461 3144 afﬂatu
488 3099 593 3144 suo
619 3084 844 3159 dirigat,
876 3093 1231 3159 promoveat,
1256 3092 1312 3145 et
1335 3087 1406 3145 ad
1434 3092 1697 3160 optatum
1725 3093 1961 3160 portum
1990 3088 2332 3164 exitumque
2359 3088 2649 3164 perducat.
2690 3089 2848 3148 Vale.

1209 3450 1915 3566 CAJETANI
2016 3451 2813 3569 PR/EFATIO.

1823 3686 1974 3695 ...οᾉμε-
1990 3687 2209 3694 ..ι-...ιη-ρ-

340 3820 421 3880 Ea
470 3826 555 3881 est
585 3819 912 3879 mortalium
943 3818 1208 3878 omnium
1259 3823 1482 3878 natura;
1521 3821 1609 3877 vis
1640 3825 1811 3894 atque
1838 3819 2218 3882 con-Anullo
2245 3820 2474 3894 negotio
2504 3826 2821 3895 superetur.
2854 3824 2944 3901 A_n
2982 3838 3099 3882 non
3121 3822 3252 3897 jure
3288 3822 3505 3897 optimo
3533 3829 3762 3882 utrum-

266 3912 424 3983 ditio,
469 3918 532 3970 ut
577 3912 635 3970 in
681 3910 915 3970 virtutis
955 3909 1316 3984 capessenda;
1366 3910 1575 3979 studio,
1618 3916 1766 3968 recte
1816 3910 1977 3968 insti-
2059 3925 2171 3983 que
2226 3908 2592 3984 Gregorium,
2648 3910 2921 3985 Magnum
2975 3926 3201 3986 papam,
3256 3917 3312 3968 et
3365 3910 3756 3969 Turonensem

268 4002 498 4061 tuendae
532 4000 667 4059 vitae
708 4003 986 4072 praecepta
1033 3998 1261 4057 facilius
1298 3997 1582 4072 exemplis
1617 3998 1973 4068 conﬁrmata,
2056 3998 2573 4074 archiepiscopum,
2628 3999 2936 4069 Isidorum,
2992 4000 3346 4071 Leandrum,
3400 3998 3759 4072 Hildephon-

267 4106 447 4166 quam
474 4088 759 4164 simplicia
790 4095 845 4144 et
878 4087 1039 4146 nuda
1068 4087 1402 4163 percipiant.
1443 4086 1586 4145 Nam
1619 4102 1755 4145 cum
1794 4088 1975 4146 veteri

268 4181 519 4254 quodam
567 4185 621 4237 et
653 4178 784 4237 trito
823 4177 982 4252 vulgi
1021 4193 1211 4236 errore
1248 4178 1418 4237 ducta
1466 4194 1610 4252 gens
1662 4179 1972 4238 hominum

268 4273 430 4343 putet
460 4284 494 4326 a
536 4267 833 4327 communi
879 4280 1190 4340 congressu
1226 4267 1505 4326 offensam
1550 4267 1825 4326 virtutem
1879 4269 1973 4326 fu-

265 4358 419 4433 gisse
459 4357 523 4417 in
560 4356 870 4416 altissimos
909 4362 1152 4427 montes,
1181 4356 1379 4431 ibique
1417 4356 1668 4417 tenebris
1718 4358 1973 4417 occulta-

268 4458 408 4523 tam,
435 4448 703 4508 laborum
748 4446 1015 4506 satellitio
1056 4447 1344 4521 stipatam,
1371 4448 1576 4524 degere
1609 4450 1666 4507 in
1704 4449 1793 4507 sui
1834 4464 1972 4508 con-

268 4537 637 4614 templatione
670 4535 916 4607 felicem,
932 4536 1081 4609 jacet
1110 4537 1209 4595 illa
1247 4537 1436 4611 potius
1459 4537 1673 4612 passim
1698 4539 1973 4611 neglecta,

264 4644 372 4687 nec
420 4644 488 4687 eo
555 4624 832 4685 extollere
893 4641 1016 4684 sese
1078 4626 1269 4694 audet,
1322 4627 1415 4685 vel
1479 4627 1759 4686 scelerum
1815 4644 1976 4687 ener-

268 4723 396 4776 vata
461 4715 725 4789 contagio
783 4730 896 4773 non
951 4720 1153 4788 potest,
1203 4714 1305 4773 ubi
1358 4731 1587 4774 summa
1640 4717 1974 4777 mortalium

264 4805 557 4866 beatitudo
592 4804 880 4863 consistat.
933 4802 1086 4861 Hinc
1118 4804 1329 4862 factum
1362 4804 1609 4862 arbitror
1646 4811 1711 4862 ut
1748 4821 1972 4880 praepo-

266 4906 391 4956 tens
444 4910 639 4954 rerum
691 4893 954 4953 omnium
1004 4892 1342 4963 moderator,
1391 4895 1558 4967 cujus
1614 4894 1975 4969 providentia

265 5003 357 5047 res
393 4985 702 5046 hominum
740 4983 1160 5056 gubernantur,
1192 4986 1470 5058 quosdam
1509 4999 1610 5058 pro
1640 4985 1800 5042 varia
1828 4991 1975 5042 tem-

263 5088 468 5148 porum
519 5070 853 5130 necessitate
897 5069 1152 5127 illustres
1197 5071 1434 5143 piosque
1489 5071 1645 5129 viros
1702 5070 1973 5129 Ecclesiae

2057 4104 2209 4160 sum,
2231 4089 2515 4148 Joannem
2543 4088 3240 4160 Damascenum,Bedam,
3269 4088 3519 4148 Paulum
3557 4089 3758 4148 Diaco-

2056 4194 2222 4249 num,
2248 4176 2586 4249 Alcuinum,
2618 4178 2945 4252 Rabanum,
2976 4178 3363 4252 Haymonem,
3394 4176 3754 4247 Anselmum,

2055 4265 2394 4325 Brunonem
2438 4266 2770 4339 Signinum,
2822 4267 3202 4337 Bernardum,
3249 4266 3569 4340 Rupertum
3611 4265 3755 4325 Tui-

2058 4355 2302 4413 tiensem
2384 4358 2558 4429 (taceo
2640 4357 2981 4415 innumeros
3033 4355 3377 4415 Christiana:
3428 4355 3757 4429 reipublicae

2058 4445 2253 4504 Patres
2277 4463 2342 4504 ac
2378 4446 2633 4516 doctores
2672 4447 3103 4519 sanctissimos),
3135 4447 3435 4521 plerosque
3462 4446 3607 4504 alios
3647 4446 3754 4505 Be-

2058 4535 2292 4608 ligionis
2323 4536 2713 4595 Benedictinze
2741 4535 2969 4595 lumina
2994 4541 3051 4593 et
3094 4536 3477 4605 firmamenta,
3509 4543 3573 4595 ut
3603 4542 3753 4607 sunt,

2056 4626 2461 4703 appellamus?
2488 4627 2599 4697 Qui
2642 4643 2849 4701 nempe
2889 4627 3063 4686 urbes
3103 4642 3169 4686 ac
3206 4627 3531 4700 provincias
3572 4628 3753 4685 virtu-

2057 4723 2181 4775 tum
2219 4717 2581 4775 institutione
2633 4716 2895 4774 excultas
2947 4724 3097 4774 recte
3145 4717 3429 4775 factorum
3481 4715 3754 4789 dignitate

2055 4804 2493 4863 confirmarunt.
2528 4803 2785 4862 Profecto
2819 4803 2888 4870 de
2933 4803 3141 4877 populo
3180 4802 3507 4861 Christiano
3544 4800 3755 4875 optime

2058 4892 2186 4951 illos
2233 4893 2441 4951 mereri
2490 4892 2756 4959 arbitror,
2809 4894 2908 4965 qui
2964 4909 3077 4952 non
3140 4893 3345 4951 minori
3397 4907 3539 4949 cura
3588 4898 3755 4966 atque

2055 4980 2256 5040 ardore
2325 4980 2635 5055 invigilant
2700 4981 2947 5054 propriae
3012 4981 3205 5054 saluti,
3276 4996 3452 5054 quam
3509 4979 3752 5038 alienam

2057 5070 2215 5129 verbi
2247 5069 2434 5127 divini
2478 5069 2863 5142 explicatione
2909 5084 3251 5145 morumque
3296 5068 3601 5127 sanctitate
3636 5083 3759 5143 pro-

265 5178 388 5221 sua:
427 5159 773 5234 provideret,
814 5157 915 5232 qui
944 5157 1142 5216 divino
1174 5157 1399 5217 lumine
1437 5158 1641 5217 insitas
1681 5158 2035 5238 mentibus];
2056 5164 2280 5218 curent.
2334 5158 2615 5233 Equidem
2661 5159 2905 5217 alterum
2954 5174 3086 5216 cum
3135 5158 3279 5216 mihi
3329 5173 3447 5215 non
3483 5157 3755 5227 tribuam,

264 5248 527 5310 tenebras
578 5248 895 5323 pellerent,
953 5251 1130 5320 atque
1176 5246 1286 5304 iter
1337 5247 1409 5304 ad
1455 5262 1649 5304 veram
1702 5246 1966 5320 gloriam,

263 5341 398 5399 vitae
440 5339 741 5414 probitate,
770 5337 939 5396 facile
984 5353 1108 5396 esse
1152 5337 1630 5397 demonstrarent.
1665 5336 1806 5406 Quae
1833 5338 1968 5408 duo,

259 5426 569 5501 disciplina
608 5425 886 5484 nimirum
937 5434 992 5484 et
1027 5425 1313 5500 exempla,
1347 5431 1570 5483 tantum
1609 5425 1762 5498 apud
1799 5441 1972 5483 omne

2055 5245 2301 5305 alterum
2332 5254 2603 5321 praestare
2635 5262 2750 5306 non
2792 5247 2976 5317 liceat,
3006 5262 3128 5304 eam
3161 5254 3392 5305 secutus
3416 5261 3544 5303 sum
3582 5246 3755 5313 viam,

2056 5344 2117 5395 ut
2146 5336 2292 5394 bene
2341 5336 2414 5394 sit
2456 5337 2600 5394 meis
2627 5338 2792 5405 votis,
2824 5342 2880 5395 et
2905 5336 3157 5395 aliorum
3185 5334 3591 5395 emolumentis
3621 5349 3753 5392 con-

2055 5424 2292 5483 sultum.
2327 5424 2558 5484 Profero
2596 5425 2811 5501 scilicet
2846 5441 2877 5482 e
2922 5424 3173 5483 tenebris
3206 5440 3319 5482 non
3350 5439 3528 5498 parvo
3567 5423 3758 5480 labore

261 5532 448 5591 genus
485 5515 789 5574 hominum
820 5514 1035 5587 valent,
1067 5520 1133 5574 ut
1160 5515 1304 5572 nihil
1348 5520 1463 5572 tam
1504 5514 1754 5573 arduum
1794 5514 1886 5584 sit,
1917 5521 1973 5571 et
2054 5515 2376 5590 exquisitos
2426 5518 2483 5575 in
2541 5515 2729 5575 lucem
2779 5515 2846 5573 D.
2905 5513 3057 5572 Petri
3111 5513 3398 5579 Damiani,
3458 5510 3519 5571 S.
3578 5509 3648 5568 Β.
3687 5509 3751 5568 Ε.

256 5622 290 5665 a
315 5603 611 5665 communi
635 5609 785 5663 cmtu
818 5603 1097 5674 alienum,
1127 5602 1278 5676 quod
1298 5602 1372 5662 iis
1396 5618 1512 5663 non
1532 5603 1885 5677 acquiratur,
1904 5618 1970 5662 ac
2052 5604 2381 5676 cardinalis,
2413 5604 2661 5678 episcopi
2707 5604 3004 5676 Ostiensis,
3052 5601 3367 5661 doctissimi
3410 5615 3477 5659 ac
3524 5598 3756 5658 sanctis-
