4024 6198
213 217 321 277 505

1806 223 2055 287 SERMO
2093 222 2138 286 Ι.

3614 182 3723 321 π

208 341 368 414 simi,
409 359 725 415 sermones,
765 344 866 419 qui
909 348 1132 402 tantum
1166 344 1283 402 vim
1319 345 1532 404 habent
1570 348 1988 413 informandiA
2010 351 2085 409 tia
2132 352 2360 425 plenius
2414 353 2706 426 explicare
2764 356 2907 429 quid
2962 359 3228 426 sentiam.
3279 378 3413 422 cum
3454 363 3712 436 ejusdem

205 435 438 493 animos
482 436 554 494 ad
607 448 840 494 omnem
898 432 1192 501 virtutem,
1245 442 1522 507 quantam
1575 453 1643 496 ex
1697 453 1925 496 summa

205 522 539 597 eloquentia
575 538 711 582 cum
750 521 874 596 pari
913 521 1210 579 sanctitate
1247 523 1555 597 conjuncta
1593 526 1730 584 oriri
1764 543 1925 600 posse

202 615 567 672 censendum
596 618 699 671 est.
730 610 1162 670 Animadvertit
1193 612 1472 671 nimirum
1510 614 1672 687 gravi
1706 617 1925 689 judicio

207 702 301 759 vir
350 703 410 761 in
468 702 878 761 exercitatione
929 702 1217 759 virtutum
1271 702 1749 776 persimilesmos
1800 722 1924 765 esse

197 791 545 860 artiﬁcibus,
600 790 703 863 qui
764 789 910 847 nihil
967 788 1094 847 sine
1153 793 1433 865 perceptis
1491 794 1923 869 exemplaribus

200 883 378 942 laude
428 882 672 954 dignum
713 879 1014 950 eﬂiciunt;
1054 896 1233 954 quare
1270 890 1600 943 sanctorum
1641 885 1784 943 bene
1819 902 1918 959 ge-

198 980 289 1029 sta
332 970 523 1043 palam
561 967 873 1036 constituit,
917 973 980 1025 ut
1018 983 1085 1024 ea
1127 968 1372 1026 studiosi
1420 972 1653 1030 virtutis
1689 973 1920 1031 assidue

198 1074 326 1132 prin
352 1056 545 1117 oculis
578 1055 871 1126 haberent,
904 1063 958 1113 et
984 1055 1370 1116 imitarentur.
1404 1057 1546 1127 Quae
1587 1067 1741 1118 tanto
1779 1066 1918 1120 sunt

193 1143 562 1219 perlectoria,
593 1149 810 1218 quanto
836 1156 953 1212 eos,
994 1157 1029 1200 a
1068 1143 1284 1217 quibus
1323 1144 1732 1219 desumuntur,
1766 1164 1916 1222 prm-

194 1232 473 1292 celluisse
526 1231 943 1305 cognoscimus.
989 1230 1138 1290 Sunt
1189 1232 1251 1304 ii,
1297 1233 1561 1294 Christus
1611 1236 1915 1310 Dominus,

194 1322 449 1396 Deipara
492 1321 684 1395 Virgo,
724 1321 985 1395 apostoli,
1026 1330 1328 1396 martyres,
1366 1323 1666 1398 sanctique
1691 1327 1917 1393 confess

191 1428 379 1484 seres,
420 1427 487 1469 ac
538 1411 813 1484 virgines,
857 1426 1111 1484 quorum
1155 1413 1431 1487 praeclara
1468 1415 1721 1474 facinora
1760 1424 1916 1477 tanta

192 1501 534 1575 eloquentia
588 1499 844 1572 locuples
899 1508 1097 1559 auctor
1151 1502 1578 1576 complectitur,
1663 1512 1726 1564 ut
1780 1523 1915 1565 cum

190 1586 447 1645 summis
474 1586 593 1645 illis
628 1588 770 1645 viris
796 1586 1086 1646 doctorem
1120 1596 1384 1649 nostrum
1414 1607 1767 1665 comparare,
1794 1610 1914 1654 non

2007 439 2311 511 ingenium
2367 448 2540 514 atque
2585 443 2813 501 dicendi
2870 446 3034 519 copia
3091 448 3321 509 facilius
3371 452 3717 525 inspiciatur

2007 528 2249 588 lectione
2287 548 2463 604 quam
2501 535 2759 591 oratione
2797 534 3169 596 describatur.
3216 538 3418 598 Solum
3462 541 3711 600 dixerim

2007 618 2218 676 habere
2246 634 2446 678 omnes
2479 637 2554 678 ex
2594 623 2702 679 hoc
2738 624 3030 696 magistro,
3062 641 3196 699 quae
3235 636 3524 701 tant0pere
3563 645 3715 689 com-

2008 708 2436 781 mendavimus,
2490 710 2755 781 omnium
2806 711 2958 784 leges
3005 719 3177 785 atque
3215 717 3482 789 exempla
3530 719 3711 777 virtu-

2005 803 2152 869 tum,
2196 798 2516 872 praasertim
2553 815 2689 857 vero
2728 801 2904 858 sacris
2939 804 3457 876 concionatoribus,
3496 807 3712 881 quibus

2002 886 2260 944 maxime
2299 888 2405 945 bos
2443 902 2599 945 meos
2638 888 2858 946 labores
2896 890 3109 949 dicatos
3152 892 3345 965 velim,
3392 898 3528 952 novi
3572 913 3710 970 ape-

2002 973 2235 1035 riuntur
2269 993 2360 1036 res
2398 995 2532 1037 suas
2569 979 2959 1053 ampliﬁcandi
3009 982 3372 1056 ornandique
3433 986 3709 1053 thesauri,

2000 1061 2323 1136 singulares
2365 1081 2659 1125 sacrarum
2704 1068 3025 1126 litterarum
3074 1074 3570 1143 Interpretationes
3623 1084 3709 1133 at-

2001 1165 2114 1223 que
2156 1151 2412 1212 illustres
2461 1156 2774 1214 sententias
2818 1156 3223 1216 continentes:
3263 1176 3363 1217 nec
3408 1177 3521 1219 non
3568 1178 3712 1235 prae-

2001 1236 2150 1296 clara
2189 1241 2530 1313 proponitur
2567 1243 2730 1314 ratio,
2771 1259 2905 1318 quae
2945 1244 3020 1302 sit
3062 1245 3123 1303 in
3163 1255 3489 1307 sanctorum
3534 1264 3705 1307 exor-

2001 1327 2232 1386 natione
2268 1329 2615 1389 adhibenda.
2657 1331 2828 1390 Faxit
2864 1333 3018 1392 Deus
3055 1343 3169 1408 opt.
3214 1351 3372 1394 max.
3416 1346 3478 1394 ut
3519 1347 3708 1395 noster

1999 1418 2095 1476 hic
2124 1417 2283 1477 labor
2310 1421 2751 1495 qualiscumque
2781 1422 2839 1480 in
2873 1423 3132 1482 divinam
3163 1424 3406 1499 gloriam
3439 1443 3705 1487 commu-

2001 1521 2250 1580 nemque
2284 1508 2593 1567 utilitatem
2626 1510 2930 1569 redundet.
2965 1511 3182 1583 Valete,
3218 1522 3274 1571 et
3306 1515 3413 1573 hoc
3441 1526 3704 1576 nostrum

1995 1594 2068 1652 de
2094 1610 2155 1652 re
2180 1594 2507 1659 Christiana
2530 1597 2675 1661 bene
2700 1600 2958 1662 merendi
2984 1600 3247 1660 studium
3270 1602 3424 1676 aequi
3450 1604 3705 1679 bonique

189 1674 640 1735 contemnendae
698 1674 975 1733 doctrinae
1026 1676 1310 1748 homines,
1365 1695 1431 1738 ac
1486 1680 1909 1755 Hieronymum
1933 1684 2300 1775 Bconsulite.

187 1762 494 1835 jnniorem
520 1761 807 1837 appellare
832 1780 951 1825 non
980 1764 1269 1825 dubitent.
1300 1766 1513 1828 Omitto
1550 1769 1613 1827 in
1655 1785 1907 1844 praesen-

197 1968 3696 2035 “In.

194 2003 419 2019 __..,_,,
478 2006 649 2021 __.,.__
719 2009 733 2020 _

883 2225 1067 2370 B.
1217 2230 1882 2381 PETRI

2039 2216 3009 2400 DAMIANI

247 2517 575 2579 SANCTIE
615 2520 954 2584 ΡιΟΜΑΝιΕ
993 2525 1376 2590 ECCLESIIE
1416 2533 1893 2614 CARDINALIS,
1933 2541 2267 2607 EPISCOPI
2306 2547 2714 2628 OSTIENSIS,
2756 2553 3060 2617 OBDINIS
3101 2557 3159 2619 S.
3204 2559 3625 2636 BENEDIGTI,

1190 2722 2696 2946 SEBMONES

1293 3053 1585 3120 ORDINE
1632 3061 1995 3127 MENSIUM
2039 3066 2394 3132 SERVATO
2437 3072 2603 3154 (109)

733 3423 860 3482 1-2
898 3427 1227 3491 JANUARI
1238 3430 1347 3493 US.

175 3515 280 3576 VI.
320 3514 550 3579 Sermo
580 3519 652 3579 in
682 3516 1056 3601 Epiphania
1089 3523 1371 3589 Domini.

171 3604 332 3704 XIX.
373 3603 607 3704 Sermo
760 3610 1193 3704 translatione
1220 3613 1295 3678 S.
1328 3614 1573 3680 Hilarii
1614 3622 1891 3704 episcOpi

250 3683 690 3748 Pictaviensis
718 3695 777 3749 et
805 3690 1209 3770 confessoris.

171 3772 360 3834 XXII.
427 3773 658 3836 Sermo
728 3777 807 3838 de
888 3777 957 3840 S.
1027 3781 1367 3845 Anastasio
1436 3787 1755 3849 monacho
1830 3799 1889 3852 et

249 3861 572 3934 martyre.

739 3952 990 4015 SERMO
1024 3954 1322 4019 PRIMUS.

548 4060 610 4106 IN
642 4061 956 4111 EPIPHANIA
984 4065 1192 4113 DOMINI
1223 4059 1306 4127 (VI
1334 4059 1511 4127 JAN.).

238 4171 267 4201 α
308 4148 452 4209 Cum
498 4158 668 4212 natus
720 4163 870 4215 esset
914 4157 1083 4217 Jesus
1125 4157 1188 4216 in
1233 4159 1573 4220 Bethlebem
1611 4161 1779 4221 Judze
1823 4164 1885 4223 in

167 4236 375 4297 diebus
404 4239 650 4299 Herodis
683 4244 855 4317 regis,
883 4259 1012 4303 ecce
1045 4244 1197 4319 magi
1236 4247 1309 4304 ab
1348 4248 1570 4308 oriente
1598 4261 1888 4311 venerunt

168 4325 656 4402 Hierosolymam,
685 4332 941 4392 dicentes
975 4359 987 4393 :
1033 4335 1146 4394 Ubi
1184 4344 1267 4395 est
1306 4338 1425 4411 qui
1449 4346 1617 4398 natus
1656 4348 1741 4399 est
1781 4360 1887 4401 rex

164 4413 504 4476 Judaeorum
533 4418 562 4478 ?
600 4420 870 4481 Vidimus
912 4422 1070 4482 enim
1108 4423 1333 4484 stellam
1371 4426 1496 4499 ejus
1533 4427 1593 4484 in
1641 4428 1883 4503 oriente,

164 4512 219 4562 et
252 4507 523 4567 venimus
555 4527 675 4566 cum
706 4514 1021 4569 muneribus
1051 4513 1286 4572 adorare
1315 4531 1450 4574 eum
1490 4516 1705 4586 (Matth.
1738 4520 1815 4591 II).
1854 4542 1883 4574 »

167 4615 194 4645 α
238 4594 494 4654 Laudate
543 4597 883 4671 Dominum,
935 4616 1137 4660 omnes
1187 4610 1406 4677 gentes,
1456 4612 1511 4663 et
1563 4604 1885 4665 collaudate

164 4696 298 4740 eum
337 4699 541 4745 omnes
587 4688 784 4760 populi
824 4691 996 4761 (Psal.
1039 4693 1226 4761 CXVI).
1262 4713 1291 4745 ››
1326 4692 1470 4751 Nam
1510 4710 1645 4752 cum
1691 4697 1883 4754 omni-

1904 3453 1949 3515 ο
1974 3438 2401 3514 unusquisque,
2435 3463 2463 3495 ‹‹
2491 3443 2640 3504 alius
2676 3449 2749 3508 ad
2787 3449 3010 3525 villam,
3043 3453 3193 3514 alius
3227 3456 3299 3514 ad
3349 3459 3686 3532 negotiatio-

1978 3542 2109 3585 nem
2154 3545 2319 3589 suam
2363 3533 2580 3605 (Matth.
2639 3541 2830 3613 XXII);
2884 3548 2938 3599 et
2990 3543 3362 3607 obscuratum
3412 3554 3498 3607 est
3542 3549 3689 3610 insi-

1974 3617 2140 3690 piens
2188 3635 2286 3677 cor
2331 3637 2532 3681 eorum
2588 3630 2763 3695 (Rom.
2821 3635 2881 3700 ι),
2940 3651 2967 3684 ››
3019 3633 3158 3706 quia
3207 3634 3551 3696 incurvatus
3604 3645 3691 3698 est

1973 3708 2378 3783 unusquisque
2407 3711 2479 3769 ad
2506 3728 2650 3786 opus
2678 3731 2961 3777 manuum
2991 3735 3252 3782 suarum.
3286 3723 3482 3783 Patres
3509 3725 3684 3784 etiam

1971 3797 2057 3855 illi
2104 3799 2340 3886 antiqui
2382 3817 2585 3863 omnes
2627 3806 2736 3865 sub
2781 3808 2934 3867 nube
2988 3810 3222 3871 fuerunt
3252 3816 3322 3884 ~(I
3348 3816 3467 3873 Cor.
3495 3820 3584 3886 X),
3619 3832 3690 3875 eo

1969 3885 2122 3956 quod
2161 3888 2513 3960 aspiciebant
2549 3891 2611 3949 in
2654 3894 2787 3953 visu
2826 3897 3027 3966 noctis,
3061 3913 3165 3956 nec
3199 3900 3518 3962 claritatem
3540 3885 3687 3962 Vul-

1970 3981 2064 4068 tus
2085 3974 2270 4068 Moy_si
2296 3986 2557 4052 poterant
2585 3982 2800 4042 intueri
2825 3988 3028 4053 (Exod.
3058 4000 3295 4059 XXXIV;
3327 3995 3385 4049 Π
3407 3995 3527 4053 Cor.
3559 3997 3678 4068 In);

1967 4064 2103 4138 quia
2138 4066 2400 4125 velamen
2441 4076 2560 4129 erat
2597 4074 2848 4144 positum
2887 4091 3062 4150 super
3090 4092 3188 4136 cor
3217 4094 3438 4153 eorum,
3470 4089 3525 4140 et
3561 4064 3681 4142 erat

1970 4168 2122 4243 aqua
2170 4158 2471 4243 tenebrosa
2516 4160 2574 4218 in
2627 4163 2882 4223 nubibus
2934 4167 3085 4224 aeris
3133 4168 3294 4242 (Psal.
3340 4172 3505 4243 XVII),
3546 4188 3678 4232 cum

1970 4241 2234 4301 videlicet
2262 4238 2381 4303 ‘ﬁlii
2426 4245 2565 4306 Sion
2604 4248 2804 4326 inclyti
2843 4254 3105 4313 conversi
3140 4238 3280 4316 sunt
3308 4257 3368 4317 in
3400 4238 3535 4318 vasa
3565 4266 3678 4319 tes-

1970 4338 2091 4400 tea,
2151 4350 2294 4407 olm
2357 4351 2634 4396 manuum
2692 4340 2898 4413 figuli;
2958 4342 3204 4418 dispersi
3259 4353 3397 4406 sunt
3459 4348 3677 4422 lapides

1968 4422 2280 4479 sanctuarii
2334 4422 2394 4480 in
2451 4426 2631 4498 capite
2668 4429 2937 4486 omnium
2975 4432 3329 4504 platearum;
3369 4443 3675 4509 argentum

1966 4522 2167 4565 eorum
2209 4524 2441 4569 versum
2495 4517 2581 4569 est
2637 4513 2695 4571 in
2755 4515 3021 4587 scoriam,
3067 4534 3133 4576 eo
3185 4519 3338 4592 quod
3389 4536 3677 4594 caupones

1967 4610 2168 4654 eorum
2210 4598 2525 4657 miscebant
2561 4615 2770 4674 aquam
2812 4603 2986 4675 vino;
3029 4608 3264 4679 quando
3301 4608 3671 4671 obscuratum

1965 4691 2050 4741 est
2086 4701 2320 4757 aurum,
2366 4696 2621 4747 mutatus
2660 4698 2745 4748 est
2789 4692 2948 4751 color
2986 4694 3242 4767 optimus
3291 4700 3509 4767 (Thren.
3552 4704 3669 4771 Iv);

165 4774 364 4840 potens
408 4785 597 4831 sermo
636 4775 898 4832 nondum
946 4792 977 4833 a
1031 4778 1320 4851 regalibus
1364 4781 1596 4840 sedibus
1642 4782 1944 4870 descen-D
1970 4788 2073 4831 nec
2119 4782 2238 4833 erat
2287 4776 2357 4833 de
2408 4777 2490 4834 eis
2531 4778 2634 4849 qui
2684 4780 2891 4839 faceret
2936 4782 3175 4852 bonum.
3219 4800 3325 4843 nec
3362 4786 3533 4844 etiam
3575 4803 3675 4846 us-

162 4855 338 4915 disset
380 4878 407 4911 α
446 4865 503 4917 et
555 4877 675 4920 nox
724 4862 783 4920 in
832 4880 936 4921 suo
987 4880 1163 4925 cursu
1216 4868 1478 4927 medium
1533 4871 1641 4930 iter
1690 4855 1941 4947 ageret"
1965 4878 2077 4935 (lue
2112 4865 2179 4921 ad
2216 4881 2403 4924 Ullum
2438 4871 2603 4938 (Ρδαι-
2646 4872 2795 4943 ΧΙΙΙ)-
2840 4870 3009 4930 Tunc
3043 4889 3178 4947 ergo
3218 4873 3471 4933 tenebrae
3508 4876 3672 4935 facta?

164 4948 321 5019 (Sep.
354 4953 551 5022 XVIII),
586 4972 614 5003 ι)
654 4952 902 5027 populus
940 4955 1202 5027 gentium
1242 4958 1580 5017 ambulabat
1619 4959 1679 5017 in
1720 4966 1880 5019 tene-

1963 4962 2097 5011 sunt
2148 4971 2323 5029 super
2370 4958 2704 5018 universam
2755 4966 2966 5019 terram
2998 4965 3219 5030 (Matth.
3262 4970 3482 5035 XXVII),
3535 4966 3671 5039 quia

165 5034 281 5094 bris
330 5038 480 5107 (Isai.
540 5041 645 5113 IX),
700 5043 838 5115 quia
896 5065 922 5095 α
978 5043 1313 5104 dilexerunt
1372 5047 1556 5121 magis
1611 5051 1880 5109 tenebras
1959 5041 2200 5102 Judznus
2256 5052 2311 5103 et
2369 5048 2603 5121 gentilis
2652 5049 2711 5107 in
2774 5050 3022 5108 tenebris
3076 5056 3406 5110 straverunt
3462 5034 3671 5112 lectum

163 5138 337 5194 quam
379 5127 565 5186 lucem
606 5131 784 5198 (Joan.
827 5135 935 5204 III),
977 5154 1005 5185 »
1048 5134 1354 5210 variosque
1402 5138 1579 5194 secuti
1636 5153 1876 5207 errores,

165 5230 191 5260 α
248 5212 307 5268 in
359 5215 608 5275 circuitu
654 5218 819 5292 impii
867 5221 1243 5281 ambulabant
1283 5224 1453 5295 (Psal.
1494 5228 1558 5297 Ι),
1600 5246 1627 5280 ››
1671 5235 1877 5287 euntes

223 5354 353 5421 (109)
386 5357 530 5410 inter
572 5371 855 5414 sermones
904 5375 1043 5425 quos
1089 5366 1145 5416 in
1196 5377 1296 5417 sua
1349 5368 1582 5429 Cajetani
1625 5368 1879 5422 editionis

162 5428 445 5499 τυιιιδὶριω
488 5430 811 5494 complexus
852 5439 935 5486 est
989 5437 1317 5488 novissimus
1369 5428 1544 5489 editor
1585 5437 1876 5499 Bassauus,

162 5496 471 5571 99lt~tlill05,
535 5512 730 5566 nempe
782 5518 946 5555 serto.
999 5506 1045 5568 9,
1116 5508 1189 5570 II,
1239 5505 1318 5566 23,
1376 5507 1458 5568 26,
1520 5509 1603 5570 ιη,
1661 5510 1739 5570 es,
1798 5496 1875 5571 4o,

162 5558 234 5625 Is,
284 5567 358 5629 44,
401 5558 479 5634 47’,
521 5571 600 5634 52,
658 5558 738 5633 53.
790 5575 869 5638 56,
931 5558 1143 5641 57,'59,
1175 5558 1267 5642 '60,
1304 5558 1405 5641 ὀι,
1441 5558 1671 5643 '63,:70,
1700 5558 1878 5636 tea;

1961 5145 2157 5201 suum,
2220 5133 2539 5194 habitantes
2598 5135 2653 5194 in
2716 5137 3033 5197 tenebrosis
3096 5146 3150 5197 et
3208 5141 3416 5199 umbra
3471 5143 3673 5203 mortis

1962 5222 2108 5279 lLuc.
2151 5225 2208 5291 I).
2250 5221 2395 5292 Quia
2446 5224 2628 5297 igitur
2680 5232 2818 5284 tunc
2860 5243 2978 5287 nox
3026 5229 3342 5303 prmcessit,
3381 5245 3511 5289 ecce
3551 5232 3674 5289 dies

1962 5362 2109 5414 l’elru
2190 5365 2440 5418 Damiano
2518 5366 2906 5429 abjudieandos
2987 5377 3041 5423 et
3117 5372 3329 5424 Nicolao
3406 5374 3671 5426 monacho

1961 5436 2376 5500 Claraavallensi,
2429 5438 2537 5489 divi
2612 5438 2862 5490 Bernarm
2923 5440 2988 5491 ab
3055 5442 3320 5507 epistolis.
3381 5445 3668 5497 restituen-

1962 5510 2057 5558 dos
2099 5516 2299 5566 mmet,
2351 5522 2580 5573 quorum
2635 5510 2925 5576 unicuique
2985 5513 3107 5565 ideo
3165 5516 3479 5566 asterisuruzu
3528 5528 3665 5579 pite—

1960 5580 2236 5648 ﬂgendum
2301 5582 2525 5639 curavit.
2582 5581 2732 5637 Hunc
2791 5586 3087 5655 sequimur,
3154 5586 3303 5646 Eon.
3366 5587 3649 5643 PATROLOG
