4024 6198
247 252 381 316 5οἹ⁴

853 249 915 311 S.
956 252 1177 313 PETRI
1216 249 1540 311 DAMIANI
1576 249 1735 309 OPP.
1780 249 1969 310 PARS
2008 248 2152 310 SEU
2189 249 2438 309 TOMUS
2478 250 2556 310 II.
2598 284 2666 298 -—
2705 249 3120 312 SERMONES.

3644 251 3750 312 508

245 377 728 452 appropinquavit
756 379 925 447 (Rom.
962 383 1108 448 XIII),
1143 382 1198 435 et
1234 375 1437 433 lumen
1477 374 1707 434 refulsit
1745 375 1807 432 in
1845 374 2145 438 ha—Afuit
2176 395 2203 427 «
2238 380 2512 449 tanquam
2560 391 2806 450 sponsus
2842 374 3153 448 procedens
3191 373 3263 431 de
3311 373 3564 435 thalamo
3591 392 3696 436 suo
3718 376 3751 435 ‘?

248 465 498 525 bitaculo
535 467 775 525 carceris
812 465 1014 538 nostri,
1051 481 1126 523 ex
1164 479 1231 523 eo
1268 463 1426 537 quod
1464 470 1728 523 exortum
1769 466 1854 521 est
1889 462 1955 519 in

247 554 500 614 tenebris
528 555 724 614 lumen
762 556 930 613 rectis
965 555 1134 613 corde
1168 557 1338 625 (Psal.
1383 557 1526 623 CXI),
1575 567 1712 611 cum
1751 550 1955 611 visita-

247 644 333 702 vit
371 658 475 702 nos
510 643 705 701 oriens
740 658 814 700 ex
853 642 968 700 alto
1009 647 1156 712 (Luc.
1197 648 1279 713 I);
1336 648 1390 699 et
1439 647 1602 700 ortus
1645 646 1732 700 est
1789 639 1956 699 nobis

248 730 459 790 lucifer
509 732 842 803 matutinus,
890 731 992 805 qui
1030 747 1146 791 non
1186 731 1347 789 novit
1385 745 1673 800 occasum,
1723 729 1957 805 quando

252 819 360 877 lux
397 818 498 877 illa
536 834 691 889 vera,
733 835 867 893 quae
901 819 1197 877 illuminat
1229 834 1463 877 omnem
1516 818 1809 877 hominem
1858 833 1959 875 ve-

251 907 508 965 nientem
543 905 606 964 in
643 906 801 966 hunc
836 907 1144 978 mundum,
1186 907 1248 965 in
1287 905 1538 965 tenebris
1575 905 1748 981 luxit,
1780 915 1836 965 et
1876 914 1959 965 te-

251 995 447 1053 nebrae
475 1009 599 1051 eam
631 1010 745 1052 non
778 994 1345 1067 comprehenderunt
1371 998 1551 1063 (Joan.
1587 995 1647 1068 1).

322 1090 511 1151 Judaei
558 1090 749 1165 itaque
792 1098 845 1149 et
885 1090 1131 1165 gentiles
1176 1091 1238 1149 in
1279 1091 1530 1149 tenebris
1570 1097 1731 1149 erant
1774 1106 1960 1165 usque

252 1181 323 1240 ad
368 1188 596 1254 tempus
643 1181 1045 1255 plenitudinis.
1097 1184 1174 1240 At
1220 1181 1319 1240 ubi
1362 1180 1521 1239 venit
1565 1179 1612 1235 3
1658 1181 1957 1253 plenitudo

251 1271 522 1344 temporis
554 1272 761 1339 (Galat.
795 1280 899 1343 IV),
939 1272 1131 1330 emisit
1170 1274 1405 1345 Agnum
1452 1270 1731 1329 Dominus
1778 1268 1961 1328 domis

254 1366 510 1417 natorem
563 1366 727 1417 terra;
785 1360 854 1417 de
906 1366 1065 1433 petra
1115 1360 1324 1419 deserti
1378 1360 1451 1419 ad
1507 1367 1765 1418 montem
1826 1359 1963 1417 tiliae

255 1448 393 1508 Sion
450 1452 571 1519 (Isa.
633 1450 776 1522 XVI),
835 1456 892 1505 et
944 1447 1209 1522 lapidem,
1271 1465 1445 1522 quem
1510 1450 1965 1523 reprobaverunt

253 1536 623 1606 zedificantes,
677 1536 775 1594 hic
832 1537 1015 1595 factus
1068 1543 1154 1595 est
1206 1539 1269 1596 in
1322 1545 1492 1612 caput
1544 1540 1745 1612 anguli
1798 1542 1960 1611 (Psal.

256 1624 459 1695 CXVII):
516 1624 586 1682 Et
627 1625 765 1700 quia
813 1626 884 1683 ad
939 1626 1048 1684 hoc
1096 1632 1352 1697 venerat,
1398 1634 1459 1685 ut
1498 1643 1635 1686 oves
1681 1628 1968 1703 dispersas

2035 463 2203 535 (Psal.
2237 465 2427 537 XVIII).
2463 484 2490 517 »

2109 552 2174 610 In
2219 550 2400 622 stella,
2446 551 2667 624 fratres,
2710 556 2958 625 quatuor
2999 549 3399 625 principaliter
3442 551 3759 611 attendun-

2039 646 2151 700 tur.
2190 641 2365 700 Stella
2390 640 2549 699 enim
2575 641 2764 714 igneas
2795 642 3018 698 natura;
3052 646 3172 710 est;
3232 639 3395 699 stella
3443 641 3505 699 in
3551 657 3614 701 se
3657 642 3756 702 lu-

2037 730 2164 789 cida
2219 735 2305 788 est
2356 734 2413 788 et
2468 728 2656 801 clara;
2717 728 2881 787 stella
2947 745 3022 787 ex
3080 744 3141 787 se
3203 730 3431 789 radium
3501 731 3756 803 emittit;

2038 818 2202 877 stella
2243 818 2306 875 in
2344 820 2512 891 nocte
2550 817 2719 876 lucet.
2765 817 2906 875 Haec
2935 816 3136 875 eadem
3163 818 3222 875 in
3256 817 3419 875 stella
3452 826 3666 892 nostra,
3694 819 3761 878 id

2039 912 2140 968 est.
2191 905 2253 963 in
2289 904 2515 976 virgine
2551 904 2751 975 Maria,
2789 919 3097 978 possumus
3136 904 3419 962 invenire.
3455 904 3654 977 Stella,
3693 911 3760 965 ut

2038 994 2319 1064 diximus,
2365 994 2552 1067 igneae
2602 997 2829 1051 naturae
2865 998 2950 1049 est
2989 992 3241 1066 [apparet
3284 993 3501 1067 ignea],
3532 999 3587 1051 et
3634 995 3763 1067 ipsa

2039 1086 2202 1156 virgo
2233 1082 2410 1140 Maria
2444 1081 2628 1156 ignem
2664 1088 2885 1140 naturae
2926 1081 3061 1139 fuit.
3100 1081 3228 1155 Ipsa
3258 1087 3343 1139 est
3374 1081 3534 1139 enim
3571 1083 3762 1143 rubus

2040 1172 2139 1230 ille
2184 1174 2413 1244 igneus,
2465 1171 2527 1229 in
2578 1186 2694 1246 quo
2742 1171 3008 1245 apparuit
3055 1170 3339 1229 Dominus
3392 1171 3599 1245 Moysi,
3654 1173 3765 1247 qui

2043 1261 2350 1319 videbatur
2410 1260 2625 1333 quippe
2678 1260 2914 1329 ardere,
2974 1259 3071 1317 sed
3133 1274 3251 1317 non
3308 1261 3764 1319 comburebatur

2043 1354 2243 1420 (Exod.
2300 1354 2403 1421 III),
2455 1349 2592 1422 quia
2647 1349 2885 1423 gravida
2944 1350 3182 1423 quidem
3232 1351 3499 1423 apparuit
3560 1351 3765 1426 Virgo,

2044 1441 2141 1498 sed
2197 1440 2333 1512 igne
2386 1437 2648 1496 libidinis
2698 1453 2815 1495 non
2866 1443 2952 1495 est
2999 1444 3362 1511 consumpta.
3414 1438 3542 1511 Ipsa
3588 1440 3647 1497 in
3704 1455 3769 1499 se

2045 1533 2343 1609 splendida
2373 1538 2457 1589 est
2483 1537 2536 1589 et
2567 1530 2737 1599 clara,
2767 1530 2908 1587 adeo
2962 1535 3026 1587 ut
3061 1530 3133 1587 de
3180 1544 3246 1587 ea
3292 1530 3571 1603 scriptum
3600 1532 3675 1588 sit
3705 1531 3765 1588 in

2046 1622 2297 1682 Canticis
2322 1619 2676 1678 canticorum
2705 1642 2717 1676 :
2749 1638 2776 1671 ‹‹
2802 1618 2943 1688 Quae
2975 1622 3059 1675 est
3082 1617 3212 1685 ista,
3239 1634 3371 1692 quae
3403 1619 3777 1692 progreditur

257 1722 630 1788 congregaret
656 1715 721 1773 in
751 1730 958 1785 unum,
990 1714 1123 1773 licet
1155 1730 1269 1773 non
1306 1716 1482 1774 fuerit
1510 1717 1696 1790 primo
1729 1719 2029 1792 missus,B
2050 1714 2200 1773 sicut
2237 1726 2446 1769 aurora
2488 1723 2862 1781 consurgens,
2895 1707 3139 1781 pulchra
3178 1713 3242 1765 ut
3284 1707 3446 1778 luna,
3477 1707 3653 1767 electa
3704 1716 3775 1766 ut

257 1803 372 1862 nisi
430 1803 501 1861 ad
550 1818 704 1872 oves,
753 1818 886 1878 quae
936 1803 1224 1877 perierant
1272 1806 1480 1865 domus
1528 1806 1703 1864 Israel
1748 1811 1962 1880 (Matth.

259 1895 404 1965 xv);
447 1890 583 1967 quia
622 1898 811 1950 tamen
852 1892 995 1951 alias
1025 1909 1162 1952 oves
1192 1894 1456 1965 habebat,
1486 1911 1620 1969 quae
1654 1912 1769 1954 non
1805 1904 1969 1955 erant

258 1998 333 2042 ex
384 1983 491 2041 hoc
540 1981 702 2052 ovili,
756 1987 811 2041 et
858 1982 991 2041 illas
1038 1985 1333 2058 oportebat
1370 2001 1507 2047 eum
1550 1987 1854 2058 adducere,
1905 1994 1970 2046 ut

262 2071 422 2129 fieret
464 2086 653 2129 unum
699 2071 851 2130 ovile
895 2079 951 2129 et
992 2089 1149 2132 unus
1204 2081 1394 2147 pastor
1433 2079 1601 2146 (Joan.
1642 2079 1723 2148 xl,
1756 2076 1970 2136 idcirco

260 2159 658 2219 habitantibus
694 2160 756 2218 in
796 2161 1031 2234 regione
1079 2163 1304 2223 umbrae
1350 2164 1551 2223 mortis
1594 2171 1707 2224 tam
1751 2166 1972 2226 Judwis

259 2263 437 2323 quam
478 2248 748 2321 gentibus
792 2249 900 2308 lux
939 2258 1063 2310 orta
1108 2261 1193 2311 est
1237 2254 1321 2312 eis
1361 2255 1626 2329 utrisque
1666 2260 1817 2328 (Isai.
1861 2261 1968 2329 1x),

257 2342 489 2411 propter
537 2338 691 2411 quod
748 2344 801 2396 et
843 2340 905 2398 in
957 2341 1254 2401 nativitate
1303 2342 1530 2402 claritas
1579 2344 1681 2404 Dei
1730 2347 1973 2406 circum-

262 2428 424 2488 fulsit
458 2435 732 2501 pastores,
771 2428 911 2501 quia
954 2430 1197 2504 angelus
1235 2432 1653 2504 evangelizavit
1697 2435 1779 2492 eis
1821 2451 1970 2509 gau—

234 2519 428 2578 dium
458 2533 734 2589 magnum
769 2522 919 2585 (Luc.
950 2526 1054 2590 II);
1106 2526 1161 2578 et
1202 2522 1480 2581 hodierna
1516 2524 1609 2583 die
1637 2524 1820 2583 stellae
1857 2524 1971 2583 cla-

264 2609 403 2668 ritas
433 2614 635 2666 natum
665 2608 970 2667 denuntiat
1006 2608 1363 2671 Salvatorem
1394 2615 1608 2687 (Matth.
1643 2616 1720 2687 II).
1753 2615 1974 2674 Judaeis

265 2696 461 2771 itaque
503 2701 780 2771 tanquam
823 2697 1043 2757 ratione
1084 2701 1381 2761 utentibus
1424 2704 1678 2776 loquitur
1707 2721 1822 2763 vox
1866 2722 1973 2763 an-

267 2785 551 2858 gelorum,
585 2786 856 2859 gentibus
900 2804 1037 2847 vero
1073 2791 1241 2863 quasi
1281 2791 1469 2851 brutis
1506 2799 1559 2850 et
1588 2792 1875 2866 jumentis
1909 2795 1970 2854 in

268 2873 488 2947 campis
529 2875 695 2933 silvae
730 2875 987 2949 loquitur
1025 2877 1245 2953 lingua,
1290 2880 1411 2939 sive
1458 2879 1622 2943 stella
1672 2881 1972 2943 caelorum.

268 2962 404 3020 Lux
432 2966 625 3020 nostra
652 2962 848 3036 itaque
876 2965 1228 3025 demonstrat
1264 2969 1473 3040 lucem,
1511 2976 1769 3030 creatura
1801 2988 1973 3032 suum

2054 1803 2138 1861 sol
2162 1804 2189 1858 ?
2221 1803 2396 1873 (Cant.
2430 1802 2531 1870 Vl).
2561 1820 2587 1852 ››
2620 1798 2746 1871 Ipsa
2772 1812 2846 1854 ex
2876 1814 2935 1854 se
2962 1797 3189 1855 radium
3220 1795 3389 1855 illum
3419 1797 3632 1867 emisit,
3664 1798 3774 1872 qui

2053 1897 2311 1967 penetrat
2339 1888 2389 1943 4
2418 1905 2601 1963 usque
2639 1888 2712 1945 ad
2750 1888 2938 1945 cordis
2980 1893 3213 1945 secreta.
3261 1885 3565 1945 Scrutatur
3609 1888 3775 1945 enim

2054 1983 2225 2043 corda
2269 1988 2325 2041 et
2374 1995 2540 2039 renes
2589 1983 2716 2052 (Jer.
2748 1990 2917 2049 XVII;
2964 1983 3118 2035 Rom.
3148 1989 3290 2045 Vill;
3350 1978 3523 2049 Apoc.
3555 1982 3612 2047 II}
3638 1994 3655 2044 ;
3705 1992 3776 2036 eo

2054 2072 2205 2147 quod
2236 2070 2406 2129 vivus
2435 2073 2521 2127 est
2551 2082 2739 2126 sermo
2771 2066 2889 2138 Dei,
2921 2072 2976 2124 et
3019 2065 3222 2124 efﬁcax
3266 2073 3321 2122 et
3362 2066 3791 2138 penetrabilior

2054 2161 2217 2221 omni
2242 2160 2432 2233 gladio
2458 2158 2715 2232 ancipiti,
2746 2157 3076 2231 pertingens
3100 2172 3284 2230 usque
3311 2156 3383 2213 ad
3417 2157 3774 2215 divisionem

2054 2251 2269 2309 animm
2312 2254 2366 2307 et
2407 2248 2644 2320 spiritus
2681 2247 2864 2314 (Hebr.
2913 2250 3036 2315 Iv);
3082 2244 3239 2303 unde
3281 2253 3334 2302 et
3380 2245 3582 2304 merito
3628 2261 3773 2304 con-

2056 2338 2211 2414 gruit
2255 2339 2308 2398 ei
2357 2336 2613 2396 nominis
2649 2335 3062 2408 interpretatio.
3115 2334 3294 2393 Maria
3327 2350 3578 2408 namque
3608 2338 3778 2391 stella

2056 2432 2229 2486 maris
2288 2427 2723 2499 interpretatur,
2774 2424 2931 2482 Mare
2985 2424 3078 2481 hic
3134 2423 3395 2481 mundus
3449 2431 3569 2492 est,
3626 2424 3781 2482 sicut

2058 2517 2335 2590 scriptum
2379 2521 2511 2573 est:
2552 2534 2579 2567 «
2622 2513 2745 2571 Hoc
2794 2527 2951 2570 mare
2998 2527 3274 2584 magnum
3323 2518 3380 2569 et
3429 2513 3780 2585 spatiosum,

2056 2605 2178 2663 illic
2225 2604 2449 2678 reptilia
2498 2617 2747 2676 quorum
2789 2617 2906 2659 non
2948 2607 3031 2659 est
3066 2616 3346 2659 numerus
3377 2603 3545 2673 (Psal.
3574 2602 3713 2672 CIII).
3752 2621 3778 2651 ››

2057 2694 2260 2752 Merito
2292 2709 2426 2766 ergo
2456 2691 2622 2749 stella
2653 2691 2830 2748 maris
2867 2689 3098 2758 dicitur,
3147 2689 3284 2765 quia
3331 2689 3453 2762 ipsa
3496 2695 3783 2761 tanquam

2060 2785 2221 2842 sidus
2249 2783 2545 2857 singulare
2577 2780 2810 2840 refulsit
2840 2781 2900 2838 in
2934 2780 3173 2849 mundo,
3209 2788 3265 2838 et
3299 2782 3468 2854 cujus
3505 2780 3784 2854 splendor

2059 2872 2355 2931 illuminat
2400 2870 2712 2941 mundum,
2761 2877 2817 2927 et
2855 2886 2929 2927 ex
2979 2884 3039 2926 se
3079 2868 3306 2928 radium
3352 2869 3525 2928 illum
3560 2870 3780 2938 emisit,

2060 2960 2164 3034 qui
2193 2982 2222 3015 (ι
2254 2959 2551 3018 illuminat
2574 2973 2811 3016 omnem
2840 2957 3139 3015 hominem
3166 2957 3494 3017 venientem
3526 2958 3583 3015 in
3615 2958 3785 3016 hunc

268 3051 486 3110 indicat
524 3051 867 3147 Creatorem,
900 3070 1074 3113 suum
1122 3056 1381 3130 loquitur
1422 3059 1653 3121 factura.
1676 3064 1971 3137 factorem,

2130 3049 2349 3111 uadum
2410 3050 2584 3120 (Joan.
2642 3048 2697 3118 1).
2753 3066 2779 3100 »
2842 3045 2912 3102 Et
2972 3045 3121 3103 sicut
3176 3046 3373 3104 radius
3425 3047 3702 3120 processit
3750 3064 3782 3104 a

267 3147 323 3198 et
376 3156 529 3199 nova
577 3140 743 3199 stella
792 3142 1099 3202 denuntiat
1148 3161 1351 3205 verum
1404 3149 1604 3209 solem.
1655 3172 1682 3205 ί(
1727 3152 1984 3220 Laudate

269 3245 404 3303 ergo
431 3230 767 3302 Dominum,
795 3248 995 3291 omnes
1015 3241 1235 3307 gentes,
1254 3243 1309 3292 et
1328 3236 1648 3297 collaudata
1671 3258 1829 3315 eum,
1855 3262 1982 3306 om-

271 3334 375 3377 nes
398 3320 597 3393 populi
622 3324 793 3387 (Psal.
818 3333 1003 3386 uxvn.
1040 3324 1368 3396 Ltelamini,
1396 3334 1613 3400 gentes,
1639 3330 1817 3393 simul
1849 3352 1982 3396 cum

268 3407 434 3482 plebe
472 3408 597 3482 ejus
635 3410 801 3481 (Rom.
852 3412 972 3484 xv).
1010 3434 1036 3465 »
1070 3413 1370 3475 Gaudeant
1400 3417 1660 3489 gentiles,
1693 3423 1986 3485 exsultent

271 3498 482 3570 Judaei,
513 3499 651 3574 quia
678 3516 806 3561 ecce
837 3504 917 3562 sol
958 3505 1028 3562 de
1055 3505 1219 3564 stella
1250 3508 1476 3579 enituit,
1524 3517 1579 3568 et
1622 3512 1822 3573 Factor
1862 3516 1986 3575 Vir-

270 3589 427 3662 ginis
455 3591 639 3651 factus
669 3602 753 3649 est
789 3592 849 3650 in
884 3593 1120 3668 Virgine
1152 3596 1368 3655 factura
1408 3614 1531 3658 sua.
1574 3600 1762 3660 Homo
1802 3604 1981 3675 enim,

271 3678 373 3752 qui
413 3678 596 3737 factus
632 3686 719 3737 est
760 3679 819 3738 in
865 3698 947 3749 ea,
997 3681 1121 3755 ipse
1170 3684 1435 3743 fundavit
1469 3704 1597 3746 eam
1644 3690 1985 3752 Altissimus

271 3772 441 3842 (Psal.
476 3774 755 3840 LXXXVI).
789 3771 959 3831 Ortus
998 3780 1079 3830 est
1110 3773 1304 3846 itaque
1333 3777 1415 3834 sol
1453 3777 1524 3835 de
1552 3780 1737 3851 stella,
1769 3782 1985 3840 sanitas

273 3876 349 3920 ex
378 3859 747 3933 zegritudine,
779 3876 851 3917 ex
894 3863 1225 3922 morticinio
1269 3865 1406 3937 vita,
1439 3866 1544 3926 lux
1589 3886 1663 3927 ex
1712 3871 1980 3942 tenebris,

273 3948 516 4009 dulcedo
561 3965 637 4009 ex
686 3952 1092 4024 amaritudine,
1141 3969 1215 4010 ex
1273 3955 1439 4027 spina
1494 3972 1643 4029 rosa,
1701 3967 1858 4032 pater
1907 3977 1983 4019 ex

272 4038 411 4109 ﬁlia,
444 4038 717 4121 dominus
750 4056 823 4098 ex
856 4042 1088 4111 ancilla,
1124 4057 1198 4100 ex
1228 4042 1298 4101 de
1326 4044 1538 4117 exiguo
1569 4046 1758 4106 rivulo
1791 4070 1817 4102 ‹‹
1854 4050 1983 4108 fons

271 4140 441 4200 aqua;
484 4126 743 4186 salientis
785 4128 845 4186 in
893 4128 1070 4187 vitam
1118 4136 1393 4190 aeternam
1452 4137 1626 4206 (Joan.
1662 4148 1761 4209 IV).
1795 4158 1821 4190 »
1852 4136 1979 4196 Ori-

276 4221 402 4363 turll
433 4232 567 4289 ergo
634 4214 720 4274 sol
774 4216 844 4274 de
898 4218 1079 4284 stella,
1146 4228 1202 4279 et
1255 4221 1684 4285 demonstratur
1739 4225 1823 4284 sol
1884 4243 1984 4301 per

276 4311 358 4363 ste
407 4319 521 4362 am.

275 4311 521 4363 stellam.

347 4393 483 4452 Erat
511 4392 677 4452 stella
711 4393 774 4453 in
802 4410 950 4466 aere,
983 4395 1147 4455 stella
1194 4397 1255 4456 in
1305 4404 1474 4472 terra,
1530 4400 1613 4459 sol
1656 4402 1719 4459 in
1768 4418 1982 4477 praese—

274 4480 393 4555 pio.
436 4480 614 4541 Stella
657 4482 719 4540 in
756 4499 907 4554 aere,
947 4499 1155 4559 corpus
1203 4486 1347 4547 illud
1396 4488 1702 4561 lucidum;
1737 4492 1899 4550 stella
1928 4492 1991 4550 in

274 4577 441 4640 terra,
476 4571 638 4645 virgo
673 4572 853 4633 Maria
883 4593 898 4647 ;
936 4575 1019 4633 sol
1057 4577 1117 4635 in
1151 4578 1449 4652 praesepio,
1485 4579 1747 4639 Christus
1777 4588 1989 4640 noster.

276 4657 453 4720 Stella
480 4659 545 4718 in
572 4677 722 4733 aere,
754 4662 824 4722 de
853 4679 969 4737 qua
996 4665 1308 4725 habuimus
1337 4667 1396 4725 in
1428 4668 1745 4743 Evangelio
1781 4693 1793 4727 :
1830 4690 1856 4722 «
1888 4668 1993 4729 Vi-

275 4749 469 4809 dimus
495 4750 655 4808 enim
685 4752 911 4811 stellam
940 4755 1066 4830 ejus
1096 4757 1157 4815 in
1190 4759 1430 4829 oriente,
1466 4763 1519 4815 et
1552 4760 1824 4818 venimus
1852 4750 1994 4818 ado-

276 4854 403 4897 rare
427 4854 562 4897 eum
591 4843 811 4908 (Matth.
840 4847 926 4911 II).
958 4864 986 4897 »
1019 4843 1195 4903 Stella
1229 4844 1289 4903 in
1323 4852 1490 4916 terra,
1518 4846 1589 4905 de
1614 4862 1729 4921 qua
1760 4847 1990 4906 Balaam

279 4929 551 5002 przedixit
580 4931 641 4990 in
674 4932 971 5005 prophetia
1001 4949 1106 4993 sua
1137 4952 1148 4990 :
1189 4954 1216 4987 ‹‹
1251 4934 1478 4993 Orietur
1502 4935 1666 4993 stella
1693 4951 1768 4994 ex
1794 4937 1992 5009 Jacob,

277 5027 333 5077 et
358 5021 682 5097 confringet
708 5040 910 5084 omnes
928 5024 1282 5097 alienigenas
1312 5028 1493 5099 (Num.
1522 5028 1720 5097 XXIV).
1754 5047 1781 5078 »
1814 5025 1907 5084 Sol
1932 5025 1995 5084 in

277 5111 557 5184 prmsepio
600 5113 670 5170 de
715 5130 830 5189 quo
877 5113 1124 5187 reprobi,
1158 5114 1481 5173 secundum
1530 5114 1685 5188 quod
1732 5114 1792 5172 in
1846 5114 1994 5171 libro

282 5199 592 5274 Sapientiaa
615 5201 850 5276 legitur,
871 5202 1083 5262 dicturi
1106 5209 1239 5261 sunt
1267 5202 1326 5260 in
1350 5203 1579 5261 futuro:
1602 5225 1630 5255 «
1657 5203 1996 5261 Erravimus

280 5307 315 5348 a
349 5291 442 5349 via
473 5292 748 5360 veritatis,
780 5298 836 5350 et
869 5291 952 5350 sol
982 5292 1224 5367 justitiaa
1261 5309 1376 5351 non
1411 5293 1612 5352 illuxit
1644 5295 1806 5353 nobis
1837 5297 1990 5366 (Sap.

283 5384 365 5451 v).
401 5402 429 5435 »
460 5382 539 5442 De
567 5397 686 5457 quo
710 5382 1019 5456 Apostolus
1047 5406 1059 5440 :
1096 5404 1123 5437 «
1159 5382 1254 5443 Sol
1281 5399 1397 5442 non
1425 5384 1644 5442 occidat
1673 5399 1848 5457 super
1880 5383 1995 5441 ira-

282 5470 555 5529 cundiam
610 5476 859 5530 vestram
913 5475 1134 5546 (Ephes.
1170 5470 1276 5544 iV).
1322 5494 1350 5528 »
1393 5475 1487 5532 An
1543 5488 1661 5531 non
1718 5473 1840 5547 ipse
1890 5477 1993 5541 est,

283 5561 387 5638 qui
406 5584 432 5616 (ι
455 5562 516 5619 111
533 5559 652 5620 sole
671 5561 1309 5633 posuittabernaculum
1331 5584 1357 5617 ››
1386 5578 1507 5623 suaa
1529 5561 1741 5634 carnis,
1764 5560 1994 5636 quando

2064 3142 2247 3211 stella,
2276 3140 2440 3198 stella
2471 3140 2695 3211 integra
2737 3142 3146 3211 permanente;
3189 3135 3271 3194 sic
3318 3135 3474 3195 ﬁlius
3518 3154 3591 3196 ex
3641 3137 3783 3195 Vir-

2064 3231 2221 3303 gine,
2270 3227 2599 3301 virginitate
2646 3224 2973 3282 inviolabili
3022 3223 3390 3297 perdurante,
3446 3224 3775 3284 secundum

2064 3320 2220 3394 quod
2269 3328 2324 3377 et
2376 3317 2653 3391 prOpheta
2702 3312 2963 3371 Ezechiel
3014 3313 3248 3386 inquit:
3287 3334 3315 3366 «
3358 3314 3546 3387 Porta,
3599 3329 3781 3387 quam

2066 3411 2245 3483 vides,
2298 3423 2522 3481 semper
2571 3406 2681 3464 erit
2732 3405 2950 3476 clausa,
3004 3411 3057 3463 et
3106 3405 3309 3464 nullus
3362 3405 3625 3463 transibit
3678 3420 3784 3478 per

2064 3514 2213 3567 eam,
2264 3497 2357 3555 sed
2402 3496 2684 3553 Dominus
2738 3492 2896 3551 solus
2942 3493 3203 3550 introibit
3252 3508 3353 3566 per
3389 3508 3515 3550 eam
3559 3496 3779 3563 (Ezech.

2064 3593 2251 3655 XLIV).
2288 3608 2314 3638 »
2351 3584 2528 3645 Stella
2566 3583 2721 3643 lucet
2753 3582 2815 3638 in
2849 3587 3034 3648 nocte,
3068 3585 3123 3639 et
3159 3581 3283 3655 ipsa
3321 3579 3488 3653 Virgo
3518 3580 3579 3638 in
3614 3584 3782 3639 nocte

2064 3676 2242 3752 hujus
2281 3674 2480 3735 smculi
2519 3671 2900 3744 singulariter
2941 3670 3120 3740 fulsit,
3148 3669 3478 3728 secundum
3514 3667 3669 3743 quod
3706 3670 3781 3725 de

2063 3782 2129 3824 ea
2157 3765 2432 3837 scriptum
2465 3768 2548 3820 est
2581 3786 2593 3820 :
2630 3787 2657 3809 «
2691 3759 2832 3830 Quae
2874 3765 3110 3818 cunctas
3152 3758 3399 3817 haereses
3438 3757 3558 3816 sola
3594 3757 3780 3814 inter-

2062 3853 2253 3912 emisti
2281 3852 2343 3909 in
2381 3851 2655 3909 universo
2707 3848 2944 3907 mundo.
2981 3869 3005 3897 υ
3041 3845 3199 3903 Talis
3237 3855 3322 3904 est
3358 3844 3521 3904 stella
3562 3851 3778 3915 nostra,

2066 3947 2267 4005 fratres
2293 3987 2307 4015 ,
2340 3943 2470 4000 talis
2518 3947 2603 3999 est
2645 3940 2808 4013 virgo
2854 3936 3053 4008 Maria,
3092 3936 3222 3995 talis
3251 3943 3337 3996 est
3377 3936 3540 3995 stella
3579 3934 3775 4003 maris,

2062 4044 2117 4093 et
2143 4033 2281 4109 quia
2308 4032 2542 4105 reliquit
2576 4029 2742 4088 nobis
2770 4027 3131 4102 exemplum,
3160 4031 3224 4084 ut
3253 4040 3567 4098 sequamur
3599 4023 3777 4081 vesti-

2060 4127 2153 4201 gia
2202 4126 2326 4199 ejus
2373 4128 2420 4195 (I
2469 4128 2614 4180 Petr.
2667 4123 2749 4194 II),
2799 4119 2928 4178 talis
2981 4117 3149 4176 etiam
3201 4117 3367 4174 debet
3410 4131 3532 4174 esse
3577 4116 3777 4174 anima

2060 4221 2273 4276 nostra.

2137 4306 2331 4363 Simus
2377 4314 2531 4375 ergo,
2566 4298 2788 4369 fratres,
2818 4298 3002 4371 igneae
3033 4301 3275 4365 naturas,
3304 4300 3366 4353 ut
3395 4294 3469 4352 sit
3506 4294 3569 4351 in
3608 4293 3781 4352 nobis

2071 4392 2172 4451 ille
2222 4390 2400 4463 ignis,
2428 4402 2604 4462 quem
2662 4385 2820 4443 venit
2871 4384 3155 4443 Dominus
3204 4382 3429 4439 mittere
3477 4380 3538 4438 in
3578 4386 3794 4438 terram

2083 4485 2233 4550 (Luc.
2285 4483 2393 4546 XII)
2428 4495 2440 4534 :
2472 4484 2527 4533 et
2576 4473 2727 4548 ignis
2775 4472 2871 4530 ille
2932 4472 3034 4547 qui
3081 4476 3201 4530 erat
3248 4470 3680 4543 ilammigerans
3735 4470 3797 4527 in

2079 4570 2306 4630 ossibus
2344 4566 2651 4633 Jeremite,
2711 4562 3056 4621 accendatur
3108 4561 3169 4619 in
3220 4560 3553 4620 conﬂatorio
3607 4560 3799 4619 cordis

2081 4658 2279 4728 nostri,
2319 4658 2488 4731 juxta
2527 4669 2701 4727 quem
2734 4652 2890 4711 sedet
2926 4650 3212 4709 Dominus
3248 4665 3507 4723 purgans
3547 4654 3602 4706 et
3630 4663 3802 4706 mun-

2078 4750 2222 4808 dans
2260 4746 2409 4805 ﬁlios
2444 4744 2585 4803 Levi
2618 4745 2775 4813 (Mal.
2810 4746 2918 4809 III).
2953 4739 3152 4799 Simus
3192 4739 3364 4797 etiam
3413 4744 3469 4795 et
3513 4752 3619 4795 nos
3654 4736 3802 4795 clari
3875 4742 3881 4747 ’

2079 4842 2135 4896 et
2167 4835 2393 4909 fulgidi,
2430 4839 2496 4892 ut
2538 4830 2747 4905 aspiret
2778 4828 2949 4887 nobis
2989 4828 3133 4900 dies,
3164 4832 3219 4885 et
3257 4826 3616 4885 inclinentur
3663 4839 3796 4884 um-

2078 4928 2199 4986 bras
2229 4928 2404 4999 (Cant.
2439 4934 2500 4993 II,
2528 4923 2605 4994 Iv)
2636 4939 2648 4978 :
2681 4926 2736 4979 et
2766 4942 2791 4970 α
2824 4919 3177 4993 deponentes
3218 4924 3469 4997 veterem
3498 4915 3795 4975 hominem

2078 5031 2211 5075 eum
2251 5012 2473 5072 actibus
2513 5009 2634 5068 suis
2660 5055 2674 5079 ,
2708 5008 3027 5067 induamur
3062 5023 3305 5076 novum,
3340 5007 3441 5080 qui
3476 5004 3797 5064 secundum

2080 5106 2265 5165 Deum
2292 5111 2517 5163 creatus
2550 5108 2632 5161 est
2666 5104 2794 5173 (Col.
2837 5102 2916 5171 III)
2945 5119 2957 5169 ;
2994 5123 3018 5149 υ
3059 5104 3123 5158 ut
3156 5098 3204 5157 si
3231 5098 3454 5157 fuimus
3482 5094 3797 5172 aliquando

2082 5195 2352 5266 tenebras,
2384 5208 2543 5253 nunc
2586 5190 2769 5249 simus
2802 5189 2906 5248 lux
2948 5190 3011 5246 in
3053 5187 3298 5246 Domino
3327 5189 3551 5259 (Ephes.
3589 5188 3654 5254 v)
3697 5208 3710 5241 :
3743 5187 3797 5240 et

2077 5285 2267 5344 induti
2311 5284 2487 5341 armis
2534 5282 2700 5351 lucis,
2740 5280 3111 5339 ambulemus
3145 5279 3404 5349 honeste,
3445 5276 3601 5335 sicut
3636 5274 3795 5333 decet

2079 5376 2379 5435 ambulare
2430 5375 2489 5431 in
2537 5373 2631 5431 die
2682 5374 2849 5444 (Rom.
2902 5373 3045 5446 x111).
3097 5369 3446 5428 Emittamus
3492 5368 3667 5425 etiam
3719 5379 3792 5422 ex

2078 5468 2265 5540 nobis,
2302 5467 2544 5535 fratres,
2582 5462 2805 5521 radium
2846 5464 3013 5521 bonae
3045 5460 3393 5535 operationis
3419 5504 3433 5529 ,
3473 5457 3609 5532 quia
3650 5453 3792 5514 scri-

2078 5566 2243 5633 ptum
2270 5564 2353 5617 est
2383 5575 2396 5614 :
2430 5580 2456 5607 α
2496 5552 2623 5612 Sint
2651 5552 2835 5612 lumbi
2876 5550 3051 5611 vestri
3089 5548 3403 5627 praecincti,
3438 5554 3493 5605 et
3539 5545 3793 5604 lucernae
