4018 6202
236 289 336 352 509

1816 290 2066 351 SERMO
2101 292 2145 350 Ι.

3629 298 3736 361 510

232 413 490 473 ardentes
518 412 577 469 in
616 412 889 471 manibus
922 413 1126 471 vestris
1155 417 1301 479 (Luc.
1336 416 1460 481 XII).
1494 435 1521 467 ››
1559 412 1693 486 (110)
1719 414 1931 472 Lucer-
1952 414 2292 477 Aillustrati
2322 434 2421 492 per
2452 419 2697 489 stellam,
2728 436 2861 494 quae
2888 419 3089 478 lumen
3128 435 3301 478 suum
3330 420 3502 479 habet
3524 438 3559 480 a
3583 423 3729 495 sole,

233 518 333 561 nas
386 500 603 574 quippe
652 499 917 558 ardentes
973 500 1035 558 in
1088 501 1359 560 manibus
1413 509 1751 575 portamus,
1810 518 1943 560 cum

229 590 508 667 proximis
556 590 767 648 nostris
805 606 912 663 per
938 591 1206 664 exempla
1252 592 1421 649 bonae
1468 592 1817 665 operationis
1846 592 1944 651 lu-

228 696 440 749 cemus,
483 686 547 737 ut
593 679 812 736 cortina
864 679 1145 736 cortinam
1187 680 1411 749 trahat;
1462 702 1483 731 ι
1528 686 1581 738 et
1616 679 1720 755 qui
1756 679 1938 748 audit,

228 771 375 829 dicat
403 794 415 828 :
451 769 596 827 Veni
630 772 820 841 (Apoc.
858 772 1039 841 XXII);
1073 795 1098 818 »ο
1141 775 1196 827 et
1230 793 1257 820 α
1289 770 1371 828 sic
1400 769 1589 828 luceat
1619 770 1723 829 lux
1754 778 1943 829 vestra

228 878 416 921 coram
474 861 831 931 hominibus,
887 866 952 918 ut
1008 860 1271 918 videntes
1324 876 1495 934 opera
1553 866 1739 919 vestra
1790 863 1942 921 bona

226 952 547 1026 gloriﬁcent
586 951 835 1020 Patrem,
877 950 981 1022 qui
1022 949 1082 1007 in
1126 950 1289 1007 caelis
1334 956 1418 1008 est
1464 954 1680 1022 (Matth.
1714 956 1793 1020 V),
1826 975 1851 1001 η
1886 959 1941 1009 et

225 1046 461 1098 currant
509 1038 679 1098 multi
731 1038 788 1096 in
838 1039 1071 1097 odorem
1116 1043 1548 1109 unguentorum
1611 1044 1939 1098 nostrorum

222 1131 404 1199 (Cant.
438 1130 499 1197 I).

291 1216 475 1276 Stella
516 1216 665 1274 lucet
693 1215 867 1273 etiam
912 1215 975 1274 in
1020 1220 1204 1284 nocte,
1236 1220 1292 1271 et
1324 1229 1449 1283 nos,
1484 1215 1710 1284 fratres,
1738 1214 1799 1271 in
1830 1229 1937 1271 no-

219 1314 301 1365 cte
365 1306 541 1377 hujus
598 1301 798 1362 saeculi
853 1304 1170 1373 luceamus,
1212 1303 1537 1361 secundum
1590 1303 1744 1376 quod
1795 1303 1936 1360 scri-

219 1403 380 1469 ptum
416 1401 500 1452 est
533 1417 544 1450 :
580 1416 604 1441 α
636 1392 792 1451 Inter
831 1408 975 1467 quos
1016 1392 1240 1462 lucetis,
1274 1393 1442 1466 quasi
1473 1392 1789 1451 luminaria
1815 1392 1935 1449 ﬁxa

216 1484 270 1542 in
354 1483 718 1541 ﬁrmamento
778 1486 945 1553 (Phil.
1000 1486 1081 1551 II).
1138 1503 1164 1534 »
1238 1482 1448 1541 Contra
1529 1481 1933 1539 haereticorum

214 1570 481 1630 tenebras
520 1570 820 1644 sapientiae
870 1570 1099 1628 lumine
1145 1569 1579 1642 splendeamus,
1622 1569 1761 1642 quia
1804 1568 1939 1626 scri-

212 1667 376 1735 ptum
402 1666 487 1717 est
520 1678 532 1715 :
574 1683 595 1710 ι
630 1659 824 1731 Capite
850 1658 1018 1716 nobis
1048 1657 1406 1731 vulpeculas,
1433 1673 1565 1731 qum
1593 1656 1931 1715 demoliun-

2030 513 2312 563 venerunt
2350 506 2422 564 ad
2458 507 2818 566 adorandum
2854 507 3044 567 Solem
3072 526 3086 578 ;
3119 523 3367 581 quorum
3406 515 3563 582 gesta
3600 511 3735 569 dili-

2025 600 2225 665 genter
2252 596 2484 669 singula
2511 598 2895 656 attendamus.
2933 597 3233 656 Venerunt
3259 615 3395 672 ergo
3415 600 3487 658 ab
3515 602 3736 661 oriente

2024 681 2509 759 Hierosolymam,
2565 695 2621 746 et
2674 703 2805 747 cum
2861 688 3175 757 venissent,
3240 690 3729 765 inquisiverunt:

2028 793 2048 822 α
2086 772 2197 831 Ubi
2235 782 2320 833 est
2363 776 2466 849 qui
2504 783 2676 836 natus
2706 785 2791 836 est
2817 794 2921 836 rex
2948 778 3285 838 Judaeorum
3312 783 3528 854 (Matth.
3562 786 3622 854 II)
3648 785 3675 841 ?
3706 809 3727 837 ι

2023 860 2167 919 Cum
2207 866 2606 936 pervenissent
2643 866 2711 924 ad
2748 866 2958 938 locum,
2991 867 3394 940 prociderunt;
3429 888 3561 930 cum
3596 890 3731 948 pro-

2020 949 2328 1022 cidissent,
2387 953 2814 1025 adoraverunt;
2876 971 3011 1015 cum
3066 958 3436 1031 adorassent,
3489 977 3731 1023 munera

2021 1037 2377 1098 obtulerunt.
2404 1040 2713 1101 Venerunt
2741 1059 2877 1114 ergo
2902 1043 3249 1118 infatigabili
3279 1046 3490 1120 labore,
3526 1051 3727 1126 inqui-

2020 1127 2279 1187 siverunt
2303 1131 2542 1204 provida
2564 1133 2977 1206 sollicitudine,
3005 1136 3379 1209 prociderunt
3402 1140 3591 1199 debita
3625 1143 3729 1201 hu-

2022 1216 2361 1289 miliatione,
2400 1219 2784 1280 adoraverunt
2844 1222 3053 1281 mentis
3110 1224 3442 1298 devotione,
3484 1245 3729 1289 munera

2019 1306 2357 1366 obtulerunt
2392 1309 2615 1384 integra
2640 1311 2775 1369 ﬁdei
2809 1312 3125 1387 religione;
3175 1337 3200 1363 α
3237 1324 3294 1373 et
3319 1317 3655 1379 obtulerunt
3678 1322 3731 1379 ei

2018 1410 2249 1465 aurum,
2299 1398 2432 1456 thus
2488 1407 2542 1456 et
2594 1401 2895 1472 myrrham
2943 1404 3143 1473 (Ibid).
3187 1425 3208 1453 ι
3266 1404 3409 1463 Ecce
3459 1409 3733 1480 primitize

2018 1484 2279 1554 gentium
2340 1487 2530 1558 primo
2578 1503 2780 1561 puram
2811 1494 2865 1546 et
2892 1489 3175 1561 integram
3226 1493 3400 1550 tidem
3455 1495 3726 1555 offerunt.

2018 1571 2365 1632 Obtulerunt
2392 1575 2549 1633 enim
2578 1577 2717 1634 thus
2744 1577 2883 1648 Deo,
2914 1580 3215 1653 myrrham
3248 1582 3497 1654 mortali,
3521 1600 3732 1643 aurum

2018 1664 2159 1736 regi.
2193 1664 2357 1723 Thus
2404 1681 2505 1738 per
2554 1666 2728 1724 {idem
2787 1668 3129 1739 divinitatis,
3172 1672 3470 1743 myrrham
3524 1688 3626 1747 per
3662 1675 3728 1731 ti-

214 1758 301 1808 tur
332 1749 569 1806 Vineam
609 1746 839 1805 Domini
873 1748 1052 1813 (Cant.
1083 1750 1165 1813 II).
1213 1768 1239 1794 υ
1274 1745 1508 1819 Propter
1541 1745 1693 1817 quod
1736 1744 1932 1802 Domi—
1958 1751 2154 1832 Bdem
2235 1753 2640 1826 humanitatis,
2699 1755 2821 1813 sive
2897 1757 3285 1829 mortalitatis,
3336 1744 3553 1818 aurum
3632 1777 3732 1834 per

214 1855 319 1898 nus
375 1837 567 1911 inquit
618 1855 631 1893 :
686 1858 707 1887 α
752 1835 943 1893 Estote
981 1834 1290 1907 prudentes
1341 1835 1490 1891 sicut
1540 1840 1849 1906 serpentes,
1880 1839 1934 1889 et

212 1924 504 2001 simplices
540 1924 688 1982 sicut
725 1923 1014 1981 columbaa
1054 1923 1270 1990 (Matth.
1316 1925 1395 1990 X).
1435 1944 1455 1971 ι
1504 1920 1597 1980 Sic
1626 1936 1781 1994 ergo,
1820 1920 1933 1976 fra-

214 2022 346 2086 tres,
375 2014 448 2071 ad
488 2029 694 2072 verum
736 2011 916 2071 solem
952 2012 1268 2085 poterimus
1314 2014 1633 2086 pervenire,
1662 2013 1709 2069 si
1741 2011 1935 2084 Virgi-

214 2108 303 2164 nis
331 2112 390 2163 et
416 2104 601 2164 stellae
638 2110 850 2162 nostrze
886 2104 1123 2175 vestigia
1154 2104 1445 2162 fuerimus
1473 2103 1705 2160 imitati.

281 2195 355 2252 In
395 2195 516 2252 sole
553 2200 742 2252 autem
795 2192 1057 2266 quinque
1098 2193 1497 2265 principaliter
1534 2191 1932 2250 attenduntur.

216 2284 307 2344 Sol
364 2283 862 2342 incommutabilis
918 2290 1003 2341 est
1054 2283 1115 2340 in
1173 2299 1255 2352 se,
1296 2300 1429 2341 cum
1487 2283 1629 2341 luna
1687 2282 1936 2354 singulis

216 2377 521 2436 mensibus
548 2381 954 2435 wmmutetur.
980 2374 1048 2431 In
1071 2374 1189 2433 sole
1222 2382 1306 2432 est
1333 2375 1496 2432 nulla
1530 2373 1774 2445 macula,
1801 2390 1935 2433 cum

214 2485 445 2543 semper
496 2468 718 2525 macula
754 2468 828 2525 sit
863 2469 923 2525 in
960 2468 1117 2525 luna.
1154 2466 1249 2525 801
1294 2467 1463 2524 habet
1508 2466 1935 2541 plenitudinem

216 2557 484 2627 luminis,
526 2571 560 2614 a
605 2571 720 2630 quo
769 2560 827 2612 et
875 2554 989 2612 alia
1034 2554 1347 2612 luminaria
1387 2555 1582 2612 lumen
1624 2554 1929 2628 accipiunt.

220 2646 315 2705 Sol
367 2645 504 2702 licet
556 2643 631 2702 sit
689 2643 1094 2713 immutabilis,
1136 2643 1430 2701 interdum
1487 2649 1678 2700 tamen
1725 2642 1937 2714 patitur

2023 1842 2197 1899 ﬁdem
2251 1843 2425 1915 regiae
2471 1845 2789 1916 dignitatis.
2820 1845 2954 1904 Fuit
3005 1848 3166 1905 enim
3214 1849 3369 1908 Deus
3423 1857 3477 1908 et
3528 1851 3727 1921 homo,

2021 1931 2387 2002 Emmanuel,
2420 1935 2698 1990 nobiscum
2726 1939 2888 1999 Deus,
2918 1951 3050 1994 cum
3094 1936 3279 1995 factus
3319 1945 3406 1996 est
3452 1941 3629 1999 simul
3668 1941 3731 1999 in

2021 2036 2205 2078 unum
2240 2020 2403 2077 dives
2432 2027 2487 2077 et
2516 2037 2755 2095 pauper,
2785 2023 3010 2097 fuitque
3039 2040 3114 2081 ex
3143 2026 3300 2099 regia
3327 2026 3501 2099 tribu,
3532 2044 3735 2087 secun-

2021 2110 2163 2167 dum
2215 2109 2368 2183 quod
2418 2110 2477 2167 in
2526 2111 2652 2184 ejus
2694 2110 3027 2184 genealogia
3067 2112 3456 2174 describitur:
3495 2138 3516 2168 ι
3558 2116 3733 2176 Liber

2018 2196 2405 2270 generationis
2454 2197 2593 2256 Jesu
2633 2198 2845 2256 Christi
2902 2198 3008 2256 ﬁlii
3050 2200 3258 2272 David,
3295 2200 3406 2258 lilii
3434 2203 3730 2263 Abraham

2022 2287 2236 2357 (Matth.
2267 2288 2327 2356 1),
2363 2308 2390 2336 »
2432 2292 2538 2343 etc.
3125 2302 3172 2340 ‘.

2093 2373 2196 2432 Vel
2223 2375 2555 2433 obtulerunt
2578 2375 2703 2432 11336
2725 2375 2832 2432 tria
2861 2374 3217 2434 humanitati
3243 2376 3479 2450 Christi,
3508 2395 3726 2440 aurum

2020 2464 2162 2535 regi,
2196 2464 2474 2522 sacerdoti
2504 2464 2657 2532 thus,
2690 2463 2987 2536 myrrham
3016 2463 3268 2524 mortali.
3306 2465 3439 2525 Fuit
3466 2469 3621 2528 enim
3651 2486 3728 2528 ex

2019 2553 2173 2625 regia
2224 2559 2279 2610 et
2327 2552 2663 2611 sacerdotali
2711 2552 2882 2610 tribu.
2926 2553 3060 2610 Fuit
3095 2570 3219 2623 rex,
3256 2555 3394 2626 quia
3433 2556 3636 2616 habuit
3668 2558 3730 2616 in

2022 2643 2381 2712 vestimento,
2413 2648 2467 2699 et
2514 2643 2573 2699 in
2637 2642 2852 2700 femore
2903 2658 3011 2700 suo
3061 2642 3387 2717 scriptum:
3422 2671 3448 2693 ιι
3480 2646 3605 2706 Rex
3646 2663 3730 2706 re-

218 2735 521 2809 eclypsim.
557 2733 651 2792 Sol
698 2749 925 2805 semper
953 2731 1000 2787 5
1028 2732 1180 2791 lucet
1216 2732 1279 2789 in
1318 2733 1431 2789 die.
1478 2730 1587 2791 Sed
1627 2732 1825 2789 eadem
1871 2730 1933 2788 in
2016 2747 2177 2805 gum,
2209 2738 2265 2788 et
2302 2730 2584 2789 Dominus
2636 2730 3063 2789 dominantium
3112 2732 3303 2804 (Apoc.
3346 2736 3493 2809 XIX).
3533 2759 3554 2787 ι
3596 2736 3732 2795 Fuit

222 2839 357 2882 vero
389 2822 510 2881 sole
541 2828 736 2880 nostro
773 2819 1015 2879 sollicite
1053 2821 1487 2893 investigemus.
1527 2820 1623 2880 Sol
1653 2820 1713 2877 in
1751 2835 1812 2878 se
1841 2819 1936 2876 in-
2017 2830 2073 2881 et
2108 2822 2371 2880 sacerdos
2421 2820 2743 2880 secundum
2789 2821 3052 2879 ordinem
3101 2821 3521 2882 Melchisedech
3559 2828 3730 2898 (Psal.

218 2910 1243 2984 commutabilisestetipseChristus
1270 2909 1937 2970 secundumdivinitatis
2016 2918 2160 2983 CIX),
2218 2910 2367 2985 regis
2430 2910 2642 2982 Salem,
2702 2910 2806 2987 qui
2861 2911 3123 2970 sacerdos
3178 2912 3291 2971 fuit
3349 2910 3456 2972 Dei
3511 2916 3731 2973 summi

221 3004 538 3083 potentiam
582 3018 809 3076 semper
857 3002 1351 3063 incommutabilis
1391 3009 1736 3075 perseverat.
1768 3001 1935 3061 Unde
2019 3002 2224 3071 (Genes.
2258 3010 2400 3069 XIV;
2433 3001 2594 3057 Hebr.
2629 3000 2750 3072 VII),
2785 2998 2921 3073 quia
2952 3015 3071 3058 non
3098 3014 3200 3073 per
3226 3002 3575 3073 sanguinem
3607 3002 3733 3060 hir-

220 3099 342 3172 ipse
365 3094 453 3154 ait
484 3112 499 3149 :
543 3116 564 3143 -
594 3091 716 3164 Ego
755 3106 886 3149 sum
921 3090 1097 3162 Deus,
1139 3097 1192 3148 et
1224 3107 1344 3189 non
1383 3097 1576 3150 mutor
1603 3095 1765 3159 (Mal.
1798 3096 1884 3160 III)
1914 3110 1926 3148 :
1956 3105 2240 3189 ccorum,
2275 3097 2374 3147 aut
2402 3089 2741 3161 vitulorum,
2784 3089 2883 3146 sed
2920 3105 3020 3163 per
3044 3090 3347 3163 proprium
3373 3090 3724 3163 sanguinem

218 3185 369 3260 apud
411 3186 589 3255 quem
627 3196 744 3239 non
781 3188 864 3239 est
895 3180 1317 3251 transmutatio,
1360 3196 1467 3239 nec
1510 3180 1933 3239 vicissitudinis
1958 3178 2279 3239 “introivit
2330 3179 2507 3238 semel
2564 3179 2623 3237 in
2662 3185 2878 3249 sancta,
2920 3186 3139 3237 aeterna
3197 3178 3590 3253 redemptione
3637 3179 3728 3238 in-

216 3270 590 3332 obumbratio
633 3273 764 3338 (Jac.
800 3274 856 3339 I).
890 3295 917 3317 η
969 3269 1035 3327 10
1092 3269 1210 3328 sole
1242 3268 1408 3327 nulla
1442 3276 1526 3327 est
1571 3268 1801 3328 macula
1830 3287 1845 3337 ;
1880 3276 1935 3325 et

220 3363 339 3436 ipse
363 3365 474 3429 est,
505 3358 607 3433 qui
632 3356 1003 3431 singulariter
1042 3356 1341 3430 ingressus
1369 3364 1452 3416 est
1481 3358 1767 3415 mundum
1808 3356 1935 3414 sine

223 3450 452 3511 macula
490 3472 512 3499 ι
547 3448 653 3523 qui
702 3453 995 3520 peccatum
1050 3462 1167 3505 non
1213 3447 1366 3517 fecit,
1402 3462 1509 3505 nec
1546 3447 1821 3504 inventus
1853 3452 1937 3504 est

218 3542 388 3599 dolus
434 3539 499 3597 in
541 3553 642 3595 ore
668 3536 795 3609 ejus
844 3540 1002 3604 (Isai.
1033 3540 1177 3605 LIII).
1222 3558 1243 3587 ι
1291 3534 1386 3594 801
1418 3535 1590 3593 habet
1619 3536 1933 3610 plenitudi-

221 3649 353 3690 nem
383 3628 662 3697 luminis;
688 3633 743 3685 et
780 3626 842 3685 in
877 3642 944 3684 eo
986 3626 1585 3701 habitavitplenitudo
1609 3626 1936 3684 divinitatis

218 3719 593 3795 corporaliter
614 3719 747 3787 (Col.
778 3717 859 3788 IIl,
899 3716 993 3775 cui
1050 3731 1167 3774 non
1214 3722 1299 3774 est
1348 3716 1518 3774 datus
1561 3714 1817 3789 Spiritus
1863 3715 1936 3772 ad

222 3823 561 3868 mensuram
614 3811 792 3873 (Joan.
827 3809 930 3875 III),
960 3805 1079 3862 imo
1117 3803 1187 3861 de
1218 3803 1583 3878 plenitudine
1620 3803 1744 3876 ejus
1774 3819 1934 3862 acce-

222 3900 417 3971 pimus
442 3913 649 3957 omnes
677 3897 916 3968 gratiam
946 3911 1048 3968 pro
1077 3896 1259 3967 gratia
1284 3896 1454 3965 (Joan.
1484 3895 1541 3967 1),
1565 3894 1794 3968 quando
1823 3911 1931 3953 un-

218 3995 509 4061 guentum
561 4002 597 4043 a
639 3985 823 4056 capite
859 3983 1156 4041 descendit
1190 3998 1375 4056 usque
1411 3983 1481 4040 ad
1526 3982 1780 4052 barbam,
1812 3988 1868 4039 et
1905 3998 1939 4040 a

222 4078 397 4136 barba
428 4075 674 4135 stillavit
702 4075 763 4132 in
792 4090 953 4133 oram
984 4074 1309 4133 vestimenti
1345 4078 1513 4143 (Psal.
1550 4081 1811 4143 CXXXII).
1840 4073 1937 4134 801

219 4167 519 4226 interdum
547 4166 760 4240 patitur
787 4165 1064 4240 eclypsim
1089 4184 1104 4235 ;
1131 4171 1188 4223 et
1215 4166 1338 4237 ipse
1365 4165 1628 4224 Christus
1656 4164 1937 4237 eclypsim

222 4259 424 4316 mortis
458 4272 660 4332 passus
691 4262 775 4315 est
803 4256 864 4315 in
895 4256 1178 4328 passione,
1207 4256 1443 4329 quando
1482 4257 1717 4314 recessit
1743 4254 1945 4315 Pastor.

217 4346 445 4416 ovium,
495 4360 715 4418 ponens
759 4344 1016 4402 animam
1061 4358 1166 4416 pro
1206 4342 1418 4401 ovibus
1460 4343 1583 4400 suis
1614 4346 1793 4411 (Joan.
1847 4346 1934 4411 X),

2017 3277 2185 3330 venta
2236 3272 2418 3344 (Hebr.
2452 3272 2558 3343 IX).
2603 3295 2627 3321 α
2663 3270 2941 3329 Conversi
2990 3271 3148 3329 enim
3200 3288 3406 3331 sumus
3432 3271 3505 3330 ad
3534 3264 3727 3345 pasto-

2016 3376 2135 3418 rem
2168 3364 2224 3417 et
2250 3358 2576 3433 episcopum
2606 3359 2937 3417 animarum
2970 3366 3296 3419 nostrarum
3329 3366 3379 3417 (Ι
3403 3366 3547 3419 Petr.
3581 3363 3665 3433 II).
3702 3386 3727 3413 ι»

2016 3449 2153 3507 Fuit
2182 3450 2357 3507 etiam
2390 3446 2436 3503 6
2466 3449 2748 3521 mortalis,
2784 3450 2922 3522 quia
2955 3475 2982 3499 «
3008 3465 3140 3507 vere
3173 3449 3483 3521 languores
3507 3457 3733 3510 nostros

2017 3538 2139 3611 ipse
2168 3537 2319 3607 tulit,
2352 3544 2406 3594 et
2431 3536 2655 3596 dolores
2686 3544 2913 3597 nostros
2949 3538 3073 3611 ipse
3113 3538 3361 3611 portavit
3393 3542 3521 3611 (Isa.
3551 3539 3666 3609 LIII)
3698 3562 3723 3590 ιο

2017 3628 2079 3686 10
2110 3644 2342 3702 corpore
2371 3643 2476 3686 suo
2504 3642 2677 3700 super
2699 3628 2944 3699 lignum.

2088 3717 2230 3775 Haec
2283 3716 2485 3774 eadem
2526 3717 2647 3790 ipsa
2683 3712 2878 3790 Virgo,
2918 3715 3083 3774 stella
3122 3716 3317 3787 maris,
3356 3716 3565 3776 obtulit
3608 3716 3729 3775 Soli

2018 3811 2153 3864 nato
2177 3822 2285 3864 suo
2324 3806 2386 3864 in
2426 3821 2666 3879 persona
2700 3821 2824 3864 sua.
2858 3805 3077 3865 Obtulit
3114 3807 3271 3864 enim
3310 3822 3519 3866 aurum
3560 3808 3733 3879 regiae

2020 3893 2338 3968 dignitatis,
2371 3897 2508 3967 quia
2544 3893 2654 3952 fuit
2702 3893 2825 3965 ipsa
2878 3894 2947 3952 de
2990 3894 3145 3970 regia
3190 3894 3368 3967 tribu,
3408 3896 3732 3955 secundum

2020 3983 2175 4056 quod
2230 3983 2289 4041 in
2340 3983 2493 4041 'dicta
2537 3982 2872 4057 genealogis
2926 3982 3136 4057 legitur
3177 4007 3190 4042 :
3247 4005 3269 4036 ι
3304 3983 3480 4044 Jacob
3528 3986 3732 4059 genuit

2017 4075 2226 4148 Joseph
2252 4074 2445 4132 virum
2475 4072 2693 4140 Mariae,
2726 4072 2798 4130 de
2829 4088 2945 4146 qua
2966 4079 3139 4132 natus
3163 4079 3248 4132 est
3276 4073 3468 4146 Jesus,
3497 4074 3600 4148 qui
3634 4090 3732 4133 vo-

2021 4173 2181 4225 catur
2234 4164 2498 4223 Christus
2544 4165 2760 4232 (Matth.
2811 4166 2866 4236 I).
2911 4183 2939 4216 »
2981 4161 3201 4222 Obtulit
3253 4162 3428 4222 etiam
3485 4164 3620 4222 thus
3677 4168 3733 4221 et

2022 4255 2314 4329 myrrham
2350 4272 2362 4321 ;
2397 4251 2552 4312 unde
2592 4252 2651 4309 10
2685 4251 2919 4310 Cantico
2944 4251 3158 4311 amoris
3187 4252 3311 4311 haec
3346 4252 3463 4311 duo
3502 4251 3563 4309 in
3607 4252 3729 4325 ipsa

2016 4346 2365 4419 junguntur,
2398 4343 2499 4401 ubi
2530 4342 2742 4401 dicitur
2768 4361 2780 4400 :
2820 4366 2843 4393 α
2878 4343 3021 4413 Quae
3045 4349 3129 4401 est
3155 4341 3283 4414 ista,
3314 4358 3449 4416 quas
3477 4342 3734 4401 ascendit

223 4456 249 4487 ex
280 4442 337 4493 et
396 4434 676 4493 inclinato
723 4434 905 4508 capite
948 4433 1142 4491 emisit
1192 4433 1458 4506 spiritum
1500 4437 1677 4501 (Joan.
1712 4436 1867 4500 XIX).
1906 4454 1931 4481 υ
1954 4452 2120 4509 ῃρει*
2151 4436 2442 4494 desertum
2473 4433 2622 4492 sicut
2650 4433 2879 4507 virgula
2906 4432 3055 4491 fumi
3082 4448 3160 4490 ex
3182 4432 3535 4491 aromatibus
3575 4449 3730 4507 myr-

231 4485 248 4487 η
283 4485 337 4493 ν-
398 4485 671 4493 mm..-"
726 4485 903 4508 ν-ιυ--ν
953 4485 1140 4491 --η-νη
1192 4485 1458 4506 τηαν--
2063 4485 2109 4493 υ.
2154 4485 2442 4494 «πω-..-
2473 4485 2619 4492 ww
2786 4485 2877 4491 --τ
2907 4485 3055 4491 ----
3088 4485 3533 4491 “nn—ww---
3577 4485 3695 4507 τε-

219 4524 320 4584 Sol
348 4541 580 4597 semper
607 4524 758 4582 lucet
795 4524 855 4581 in
893 4524 1025 4595 die;
1058 4530 1114 4580 et
1144 4523 1267 4595 ipse
1294 4521 1597 4601 Dominus,
1630 4485 2167 4593 postquamnrhaa,
2227 4530 2280 4581 et
2336 4523 2541 4591 thuris,
2601 4485 2861 4579 universi
2913 4522 3173 4595 pulveris
3232 4522 3654 4597 pigmentarii?
3704 4546 3729 4570 »

218 4614 577 4688 resurgendo
621 4613 978 4686 consumpsit
1013 4612 1277 4670 tenebras
1305 4604 1518 4669 nostra:
1553 4609 1930 4679 mortalitatis,

218 4724 245 4769 ς
284 4720 600 4776 resurgens
628 4719 704 4760 ex
751 4702 994 4761 mortuis
1019 4702 1137 4774 jam
1180 4716 1295 4758 non
1336 4698 1624 4767 morritur,
1658 4714 1814 4756 mors
1845 4698 1936 4757 illi

214 4798 373 4853 ultra
398 4811 516 4854 non
541 4794 936 4853 dominabitur
967 4798 1139 4863 (Rom.
1173 4798 1279 4860 VI).
1316 4812 1343 4843 »
1390 4790 1501 4850 Sed
1537 4789 1728 4848 lucem
1766 4788 1934 4847 habi-

219 4890 297 4942 tat
351 4882 811 4940 inaccessibilem
843 4884 885 4947 (1
921 4886 1059 4937 Tim.
1092 4886 1198 4951 VI),
1231 4889 1286 4937 et
1316 4880 1377 4937 in
1410 4895 1478 4938 eo
1516 4880 1771 4936 tenebras
1820 4893 1933 4936 non

214 4982 366 5034 sunt
393 4974 538 5032 ulla;
568 4977 621 5042 (Ι
646 4977 801 5031 Joan.
839 4978 898 5044 I).
942 4972 1115 5029 Ilunc
1155 4971 1314 5029 solus
1341 4970 1539 5045 aquila
1578 4970 1830 5028 Joannes
1856 4968 1937 5026 ir-

222 5063 611 5123 reverheratis
673 5062 997 5120 luminibus
1049 5061 1298 5119 intuitus
1357 5067 1443 5117 est
1493 5061 1553 5117 in
1608 5066 1731 5117 rota
1784 5074 1887 5117 sua
1923 5102 1936 5129 ,

210 5152 455 5225 quando
482 5151 624 5208 adeo
657 5150 768 5206 alte
796 5149 1031 5221 volavit,
1058 5149 1211 5223 quod
1252 5148 1300 5206 si
1349 5147 1519 5220 paulo
1575 5147 1751 5206 altius
1786 5147 1937 5205 into-

215 5242 465 5309 nuisset,
508 5247 657 5298 totus
708 5239 966 5297 mundus
1014 5255 1147 5297 eum
1204 5253 1405 5312 capere
1466 5254 1579 5297 non
1643 5238 1938 5312 potuisset,

212 5330 541 5403 inquiens:
594 5353 616 5377 α
658 5327 722 5385 10
782 5327 1066 5401 principio
1115 5334 1238 5386 erat
1291 5326 1648 5395 Verbum,et
1684 5325 1940 5383 Verbum

211 5423 345 5475 erat
394 5416 544 5491 apud
596 5417 802 5489 Deum,
835 5422 890 5474 et
938 5416 1092 5475 Deus
1150 5424 1270 5475 erat
1320 5415 1575 5474 Verbum
1607 5418 1780 5485 (Joan.
1817 5416 1872 5487 1).
1910 5437 1935 5463 ιι

292 5507 448 5582 Magi
481 5524 618 5584 ergo
651 5507 967 5567 illuminati
995 5523 1031 5565 a
1059 5507 1179 5566 sole
1212 5508 1457 5566 veniunt
1484 5506 1555 5564 ad
1589 5505 1800 5575 Solem,
1836 5504 1939 5580 qui

290 5607 428 5671 (110)
460 5608 637 5676 Greg.,
671 5608 856 5662 homtl.
888 5610 944 5661 t3
979 5611 1036 5662 in
1084 5611 1284 5676 Evang.

2026 4614 2197 4681 (Cant.
2220 4613 2321 4683 III.)
2351 4611 2587 4682 Myrrha
2610 4615 2760 4666 arcet
2799 4623 3026 4667 vermes
3052 4623 3086 4666 a
3111 4609 3446 4683 corporibus
3476 4615 3729 4667 mortuo-

2022 4720 2173 4768 rum,
2200 4709 2255 4760 et
2309 4703 2430 4775 ipsa
2476 4714 2713 4772 corpora
2765 4705 3062 4757 conservat
3100 4714 3134 4755 a
3171 4699 3561 4771 corruptione,
3594 4713 3727 4772 pro-

2026 4799 2146 4867 pter
2196 4790 2349 4865 quod
2406 4788 2752 4847 Nicodemus
2796 4786 2986 4844 attulit
3040 4786 3343 4845 misturam
3380 4789 3636 4861 myrrhae
3672 4793 3727 4842 et

2023 4881 2176 4939 aloes
2223 4883 2394 4952 (Joan.
2426 4878 2573 4949 XIX),
2616 4883 2679 4936 ut
2711 4874 2970 4935 condiret
2999 4890 3207 4949 corpus
3245 4874 3403 4933 Jesu.
3435 4874 3543 4932 Per
3572 4890 3732 4948 myr-

2024 4968 2189 5026 rham
2238 4982 2373 5039 ergo
2419 4963 2614 5024 carnis
2655 4962 2956 5035 integritas
3008 4962 3377 5036 designatur,
3425 4962 3560 5020 thus
3600 4977 3733 5019 vero

2025 5057 2237 5115 mentis
2285 5055 2560 5131 exprimit
2615 5053 3000 5113 devotionem.
3058 5052 3212 5109 Bene
3268 5066 3401 5123 ergo
3446 5050 3541 5109 hae
3601 5051 3733 5109 dum

2024 5147 2239 5221 species
2274 5147 2331 5204 in
2373 5144 2557 5215 stella,
2593 5151 2648 5201 et
2687 5144 2845 5217 virga
2892 5150 3085 5200 nostra
3116 5142 3473 5215 junguntur,
3504 5139 3639 5213 quia
3672 5140 3731 5198 in

2024 5237 2251 5312 virgine
2301 5234 2481 5293 Maria
2537 5232 2728 5293 carnis
2776 5230 3095 5305 integritas,
3143 5236 3198 5287 et
3248 5229 3457 5287 mentis
3509 5228 3734 5287 devotio

2025 5341 2251 5399 semper
2328 5323 2581 5382 indivisa
2636 5325 2993 5378 manserunt.
3053 5319 3122 5376 Et
3170 5318 3374 5376 merito
3428 5316 3660 5375 additur
3720 5337 3731 5374 :

2031 5438 2055 5463 ει
2091 5414 2351 5471 universi
2376 5410 2634 5485 pulveris
2655 5408 3062 5483 pigmentarii;
3097 5432 3121 5458 υ
3150 5407 3291 5481 quia
3312 5406 3435 5481 ipsa
3459 5406 3601 5464 adeo
3628 5405 3736 5463 fuit

2026 5503 2195 5563 donis
2245 5501 2495 5577 Spiritus
2538 5500 2718 5559 sancti
2766 5499 2992 5570 referta,
3044 5501 3106 5555 ut
3158 5496 3361 5559 audire
3411 5494 3729 5557 meruerit:
