4024 6198
290 365 391 423 513

1865 356 2112 420 SEBMO
2150 356 2223 417 II.

3687 377 3792 436 514

282 489 434 564 magi
474 488 777 546 venientes
821 487 1282 576 Hierosolymam
1326 489 1640 549 dixerunt:
1676 512 1702 539 α
1736 487 1851 576 Ubi
1887 493 2253 559 est,Aaqua,
2296 487 2528 576 quando
2562 487 2726 576 siccis
2755 489 3000 562 pedibus
3027 491 3349 553 ambulavit
3393 511 3569 572 super
3608 516 3793 576 aquas

282 577 382 652 qui
414 583 584 635 natus
615 582 697 634 est
728 591 837 633 rex
860 574 1196 634 Iudaeorum
1223 580 1443 644 (Matth.
1479 581 1563 645 ιι).
1603 601 1625 626 υ
1666 575 1883 633 Habuit
1915 580 1998 633 te-

283 664 624 725 stimonium
660 665 1023 734 Iudaeorum,
1056 666 1195 738 quia
1224 665 1477 723 Herodes
1498 664 1785 739 principes
1809 680 1996 722 sacer-

281 755 486 813 dotum
542 762 597 811 et
652 754 868 812 scribas
920 753 1121 827 populi
1180 754 1551 823 conveniens,
1605 754 2000 812 sciscitabatur

284 844 357 901 ab
397 844 481 901 eis
535 842 636 901 ubi
678 840 951 899 Christus
1000 848 1364 911 nasceretur;
1427 851 1481 899 et
1533 842 1627 899 illi
1677 842 1995 899 dixerunt:

290 956 316 983 ι
340 931 413 995 In
456 930 798 989 Bethlehem
832 930 1001 988 Judze
1045 932 1250 1000 (Ibid)
1285 956 1309 977 η
1341 929 1556 987 Habuit
1603 932 2001 989 testimonium

284 1021 688 1093 antiquorum,
727 1020 866 1094 quia
905 1018 965 1076 in
1014 1018 1284 1077 manibus
1321 1020 1725 1092 prophetarum
1771 1020 2000 1077 assimi-

284 1112 440 1170 latus
470 1119 556 1170 est
597 1114 737 1184 (Ose.
788 1116 935 1182 XII);
983 1111 1103 1184 ipse
1141 1111 1298 1167 enim
1331 1118 1414 1167 est
1448 1112 1651 1183 Agnus
1683 1111 1902 1168 occisus
1932 1109 2003 1167 ab

283 1200 513 1274 origine
580 1200 783 1258 mundi
852 1201 1039 1271 (Apoc.
1113 1203 1260 1270 XIII).
1334 1199 1553 1256 Habuit
1612 1199 2006 1256 testimonium

284 1286 726 1355 modernorum,
758 1285 912 1342 unde
944 1292 998 1342 et
1027 1285 1149 1358 ipse
1178 1284 1478 1358 discipulis
1506 1285 1694 1358 inquit
1723 1309 1734 1342 :
1772 1313 1788 1333 υ
1831 1283 2007 1342 Eritis

286 1375 439 1432 mihi
468 1380 637 1433 testes
667 1374 729 1431 in
759 1374 1144 1444 Hierusalem,
1189 1381 1244 1432 et
1285 1376 1344 1433 in
1377 1375 1539 1433 omni
1565 1376 1790 1441 Judaaa,
1819 1383 1873 1431 et
1904 1372 2009 1431 Sa-

286 1465 477 1523 maria
508 1471 562 1522 et
595 1480 782 1539 usque
823 1463 895 1521 ad
933 1464 1214 1522 ultimum
1253 1470 1418 1522 terrm
1450 1465 1587 1538 (Act.
1628 1465 1684 1535 I).
1724 1488 1751 1510 ιο
1793 1462 2011 1520 Habuit

274 1552 695 1612 testimonium
766 1552 933 1623 lucis,
993 1552 1133 1626 quia
1185 1552 1414 1610 claritas
1470 1553 1572 1610 Dei
1625 1552 2010 1611 circumfulsit

288 1648 548 1718 pastores
587 1647 737 1712 (Luc.
782 1647 865 1713 II),
917 1648 972 1700 et
1019 1643 1246 1701 claritas
1292 1643 1474 1701 stellae
1527 1643 1837 1701 illustravit
1888 1660 2011 1700 Ina-

285 1750 395 1808 gos
441 1736 661 1805 (Matth.
717 1737 797 1803 II).
850 1732 1274 1791 Testimonium
1330 1734 1699 1791 tenebrarum
1753 1734 1890 1807 quia
1949 1733 2012 1790 in

289 1828 481 1882 morte
529 1821 655 1895 ejus
704 1820 957 1880 tenebrze
1010 1821 1176 1879 facta:
1246 1828 1382 1880 sunt
1445 1836 1619 1893 super
1673 1822 2008 1879 universam

292 1918 505 1968 terram
540 1911 766 1981 (Matth.
800 1920 1013 1977 XXVII;
1043 1912 1218 1966 Marc.
1254 1921 1371 1979 XV;
1400 1911 1529 1966 Luc.
1563 1911 1761 1978 XXIII).
1792 1908 2010 1966 Habuit

289 1999 707 2057 testimonium
727 1998 888 2070 legis,
927 1998 1066 2072 quia
1098 1997 1323 2072 Moyses
1349 1998 1503 2056 dixit
1524 1998 1586 2055 in
1626 1998 1748 2073 lege
1777 2016 1788 2055 :
1824 2021 1850 2052 «
1880 1999 2012 2057 Pro-

289 2091 529 2164 phetam
578 2089 874 2148 suscitabit
917 2088 1081 2155 vobis
1125 2089 1280 2147 Deus
1318 2088 1388 2146 de
1436 2088 1713 2147 fratribus
1763 2089 2007 2158 vestris;

288 2182 491 2256 ipsum
519 2186 793 2254 tanquam
818 2195 910 2237 me
941 2179 1187 2238 audietis
1208 2184 1389 2247 (Deut.
1414 2187 1609 2248 XVIII).
1652 2202 1679 2229 υ
1712 2180 1781 2237 Et
1829 2178 1965 2237 alibi
1995 2198 2008 2238 :

296 2293 318 2322 ι
362 2271 438 2329 Et
477 2271 585 2329 erit
619 2270 735 2328 vita
766 2276 862 2329 tua
900 2270 1158 2345 pendens
1188 2270 1248 2329 in
1282 2270 1474 2342 ligno;
1521 2267 1766 2340 videbis,
1809 2276 1863 2327 et
1896 2285 2011 2327 non

290 2376 608 2434 cognosces
650 2365 828 2430 (Deut.
880 2368 1121 2431 XXVIII).
1161 2388 1187 2410 η
1244 2361 1664 2419 Testimonium
1707 2363 2013 2436 propheta-

295 2464 454 2520 rum,
501 2448 641 2523 quia
681 2449 859 2508 Isaias
896 2450 976 2508 ait
1010 2470 1022 2508 :
1060 2471 1087 2504 «
1123 2450 1466 2523 Egredietur
1506 2453 1665 2525 virga
1711 2452 1780 2508 de
1828 2451 2016 2510 radice

292 2538 479 2610 Iesse,
527 2545 584 2596 et
620 2540 726 2597 ﬂos
766 2541 836 2598 de
886 2540 1075 2599 radice
1114 2540 1239 2613 ejus
1277 2539 1563 2609 ascendet,
1605 2547 1661 2597 et
1699 2540 2018 2615 requiescet

294 2640 478 2698 super
501 2640 634 2683 eum
655 2627 892 2698 spiritus
922 2628 1157 2685 Domini
1187 2632 1337 2696 (Isai.
1363 2631 1425 2695 I).
1464 2650 1483 2677 ν
1517 2628 1586 2685 Et
1614 2627 1790 2686 alibi:
1817 2649 1843 2680 (ι
1876 2626 2019 2685 Ecce

296 2717 470 2789 virgo
500 2719 800 2792 concipiet,
834 2725 889 2777 et
918 2720 1099 2794 pariet
1134 2720 1347 2791 filium,
1388 2729 1443 2777 et
1476 2719 1774 2778 vocabitur
1805 2734 2017 2777 nomen

295 2807 429 2879 ejus
454 2806 798 2866 Emmanuel
829 2810 977 2879 (Isai.
1014 2812 1133 2880 VII).
1162 2829 1189 2861 »
1214 2808 1440 2866 Baruch
1469 2814 1658 2865 autem
1682 2832 1694 2865 :
1719 2806 1852 2865 Post
1871 2808 2015 2878 hmo,

296 2894 517 2967 inquit,
548 2896 607 2953 in
640 2897 806 2955 terris
836 2897 996 2956 visus
1033 2904 1120 2956 est
1153 2904 1208 2955 et
1234 2913 1365 2955 cum
1400 2897 1740 2955 hominibus
1779 2912 2020 2955 conver-

2085 578 2261 641 (Joan.
2296 578 2398 643 VI).
2429 574 2849 635 Testimonium
2879 579 3174 650 perhibuit
3199 598 3317 654 aer,
3349 586 3580 656 quando
3610 574 3797 649 nubes

2086 663 2337 736 suscepit
2366 680 2500 722 eum
2532 665 2604 723 ab
2635 666 2818 723 oculis
2847 683 3067 738 eorum,
3112 670 3328 731 scilicet
3372 673 3794 747 discipulorum

2086 751 2237 841 (Act.
2260 752 2312 824 I).
2353 751 2780 841 Testimonium
2811 756 3107 826 perhibuit
3136 757 3311 832 ignis,
3348 764 3581 834 quando
3616 781 3797 841 ange-

2085 840 2177 898 lus
2213 840 2439 897 Domini
2472 841 2766 899 descendit
2813 843 2883 900 de
2922 844 3085 916 coelo,
3129 854 3183 903 et
3224 849 3582 922 rcsplenduit
3622 840 3798 915 facies

2086 928 2210 1000 ejus
2254 930 2401 987 sicut
2430 929 2628 1004 fulgur
2656 935 2876 999 (Matth.
2907 941 3123 1004 XXVIII)
3149 954 3163 1007 ;
3192 937 3391 1011 fulgur
3422 941 3579 1000 enim
3611 944 3797 1018 ignea;

2090 1024 2311 1075 naturae
2333 1025 2435 1076 est.

2158 1109 2303 1180 Quia
2333 1128 2486 1185 ergo,
2524 1114 2745 1183 fratres,
2791 1115 3126 1191 mysterium
3173 1119 3359 1179 crucis
3398 1122 3599 1181 habuit
3635 1125 3794 1183 testi-

2089 1201 2355 1258 monium
2409 1201 2676 1259 omnium
2727 1204 3157 1276 praedictorum,
3211 1208 3510 1268 erubescat
3556 1212 3800 1274 Judaeus

2089 1289 2317 1360 infelix,
2350 1289 2451 1363 qui
2482 1298 2648 1363 negat
2678 1290 2969 1349 Christum
2999 1292 3068 1350 de
3104 1293 3339 1368 Virgine
3368 1306 3571 1357 natum
3598 1319 3614 1373 ;
3658 1303 3797 1375 quia

2092 1386 2343 1452 pastores
2388 1379 2579 1438 Judzei
2630 1380 2981 1440 invenerunt
3036 1384 3186 1443 sicut
3239 1387 3457 1446 dictum
3512 1398 3631 1449 erat
3681 1391 3800 1451 illis

2094 1472 2235 1539 (Luc.
2286 1471 2342 1539 I).
2396 1468 2802 1528 Confundatur
2877 1473 3130 1546 gentilis,
3201 1476 3305 1550 qui
3388 1479 3525 1537 dicit
3599 1479 3796 1555 ligno:

2098 1583 2122 1605 «ι
2155 1556 2306 1613 Deus
2367 1573 2530 1615 meus
2584 1574 2681 1627 es;
2737 1566 2792 1615 et
2838 1559 3052 1631 lapidi:
3089 1560 3178 1619 Tu
3228 1578 3318 1620 me
3363 1566 3615 1637 genuisti
3671 1570 3796 1641 (Jer.

2096 1654 2155 1716 ll)
2184 1662 2197 1714 ;
2228 1670 2252 1691 ››
2300 1646 2433 1719 quia
2472 1649 2617 1718 magi
2648 1647 2889 1718 gentiles
2920 1650 3107 1721 ipsum
3139 1651 3544 1712 adoraverunt.
3577 1654 3802 1715 Obmu-

2097 1739 2267 1790 tescat
2308 1734 2630 1803 haereticus,
2666 1737 2766 1808 qui
2799 1737 3075 1808 mysterio
3101 1740 3456 1800 contradicit.
3506 1743 3574 1802 Et
3610 1747 3804 1805 omnis

2033 1822 2298 1908 Blingua
2330 1822 2672 1883 confiteatur
2707 1825 2843 1898 quia
2883 1825 3167 1885 Dominus
3208 1839 3399 1888 noster
3427 1831 3596 1892 Jesus
3635 1834 3803 1894 Chri-

2095 1918 2217 1970 stus
2274 1911 2333 1969 in
2382 1911 2563 1985 gloria
2612 1920 2695 1970 est
2733 1912 2837 1970 Dei
2886 1913 3071 1973 Patris
3108 1919 3331 1990 (Philip.
3374 1921 3450 1992 II).
3492 1922 3581 1980 Ad
3627 1940 3804 1998 quam

2088 1998 2340 2073 gloriam
2386 2015 2494 2058 nos
2538 1999 2813 2075 perducat
2856 2002 2976 2075 ipse
3030 2002 3316 2065 Dominus
3368 2016 3560 2068 noster
3613 2012 3804 2084 Jesus,

2096 2089 2197 2162 qui
2251 2104 2384 2145 cum
2435 2089 2509 2147 sit
2551 2090 2820 2163 splendor
2866 2091 3186 2166 luminum,
3236 2097 3340 2155 ﬂos
3398 2099 3626 2173 ﬂorum,
3688 2101 3807 2161 vita

2098 2197 2347 2251 morum,
2380 2182 2573 2240 schola
2604 2182 2902 2253 virtutum,
2935 2191 2988 2242 et
3011 2199 3222 2244 corona
3250 2196 3599 2262 sanctorum,
3632 2208 3807 2268 super

2098 2272 2301 2330 choros
2354 2271 2695 2345 angelorum
2748 2281 2949 2345 regnat
3024 2274 3085 2332 iu
3145 2278 3356 2336 saecula
3435 2282 3807 2343 saeculorum.

2100 2362 2308 2420 Amen.
2730 2356 2737 2363 ’

2779 2453 3026 2514 SERMO
3054 2454 3131 2515 II.

2102 2552 2173 2599 DE
2201 2553 2645 2601 TBANSLATIONE
2678 2557 2724 2600 S.
2760 2556 2981 2603 HILABII
3014 2556 3263 2607 EPISCOPI
3302 2557 3696 2611 PICTAVIENSIS
3734 2564 3805 2612 ET

2565 2626 2948 2674 CONFESSOHIS
2997 2622 3127 2685 (XIV
3168 2626 3342 2688 JAN.).

2174 2715 2566 2790 Gaudeamus,
2607 2725 2663 2777 et
2699 2720 3080 2792 exsultemus,
3129 2722 3510 2799 dilectissimi,
3549 2726 3689 2788 dum
3736 2730 3809 2789 ad

2104 2804 2405 2865 recolenda
2457 2806 2608 2865 beati
2647 2808 2857 2866 Hilarii
2900 2809 3175 2869 sublimia
3219 2813 3424 2872 merita
3475 2816 3813 2877 solemniter

2104 2895 2503 2955 convenimus.
2554 2896 2683 2970 Ipsa
2719 2899 2932 2973 quippe
2979 2915 3081 2957 nos
3131 2901 3376 2975 insignis
3413 2906 3675 2965 vocabuli
3721 2908 3813 2965 di-

301 2990 469 3042 satus
522 2990 606 3042 est
650 2988 904 3057 (Baruch.
954 2988 1052 3059 In).
1105 2986 1371 3045 Ezechiel
1413 2986 1472 3043 in
1519 2987 1647 3058 ejus
1692 2985 2019 3044 teStimonio
2105 2984 2294 3056 gnitas
2347 2992 2634 3057 provocat,
2698 2993 2763 3044 ut
2810 3002 2976 3045 mens
3021 2995 3217 3047 nostra
3272 2991 3561 3063 spirituali
3616 2993 3815 3054 laetitia

300 3075 467 3133 filius
506 3077 827 3150 appellatus
879 3084 964 3137 est
1012 3080 1229 3149 (Ezech.
1276 3084 1358 3147 II).
1404 3076 1607 3135 Daniel
1648 3076 1727 3134 ait
1759 3096 1771 3135 :
1808 3098 1829 3127 ι
1874 3077 2019 3134 Cum
2106 3073 2301 3131 aﬂ‘ecta
2355 3074 2738 3147 plausibiliter
2784 3077 3103 3137 hilarescat.
3146 3078 3550 3141 Nihilominus
3595 3091 3651 3142 et
3706 3085 3814 3144 hoc

298 3166 533 3225 venerit
589 3166 836 3226 Sanctus
883 3174 1236 3237 sanctorum,
1294 3167 1540 3226 cessabit
1578 3167 1777 3225 unctio
1833 3182 1887 3224 ve

2227 3179 2353 3221 Ium
2392 3170 2478 3222 est
2528 3171 2612 3235 ut,
2658 3164 2798 3224 dum
2838 3167 2988 3226 beati
3038 3168 3149 3226 viri
3196 3170 3628 3231 translationem
3674 3175 3816 3233 coli-

295 3260 468 3325 (Dan.
511 3263 617 3327 Ix).
652 3279 681 3311 »
712 3257 885 3317 Oseas
917 3258 976 3315 in
1008 3260 1133 3332 ejus
1163 3257 1491 3316 testimonio
1528 3255 1743 3329 accepit
1771 3271 2017 3313 uxorem
2043 3252 2084 3267 υ
2108 3266 2258 3328 mus,
2298 3252 2406 3327 ipsi
2446 3271 2677 3329 quoque
2724 3263 2943 3314 mentes
2979 3265 3204 3316 nostras
3243 3276 3275 3317 a
3307 3261 3551 3320 terrenis
3590 3263 3817 3323 deside-

296 3345 677 3404 fornicariam
719 3348 862 3416 (Ose.
913 3352 972 3417 I).
1018 3347 1288 3406 Habacuc
1333 3346 1471 3404 dicit
1502 3365 1514 3404 :
1544 3368 1570 3398 «
1605 3344 1833 3403 Cornua
1883 3349 2025 3403 sunt
2107 3341 2210 3400 riis
2242 3342 2313 3400 ad
2359 3342 2612 3401 cmlestia
2658 3346 3092 3417 transferamus,
3130 3354 3208 3416 ut,
3242 3347 3383 3407 dum
3420 3350 3647 3423 glebam
3684 3370 3816 3413 cor—

293 3437 355 3492 in
402 3437 674 3495 manibus
714 3436 841 3509 ejus
876 3439 1107 3505 (Habac.
1144 3442 1251 3505 III).
1286 3458 1312 3489 »
1341 3436 1517 3495 Jonas
1558 3435 1622 3492 in
1668 3439 1866 3492 ventre
1914 3433 2024 3492 ceti
2109 3430 2261 3503 poris
2315 3432 2441 3505 ejus
2491 3439 2847 3506 tenuemque
2899 3433 3295 3507 pulvisculum
3351 3442 3507 3497 tanto
3560 3441 3820 3513 prmierri

295 3526 430 3598 ejus
473 3525 871 3583 testimonium
923 3532 1160 3583 testatus
1214 3531 1298 3584 est
1340 3527 1477 3598 (Jan.
1516 3524 1596 3596 ιι).
1632 3523 1700 3581 Et
1733 3523 1874 3598 quid
1905 3523 2025 3582 dis-
2108 3520 2261 3592 apud
2299 3520 2565 3578 homines
2610 3522 2827 3580 honore
2856 3521 3267 3596 conspicimus,
3299 3531 3585 3598 quantum
3618 3529 3820 3601 gloriae

298 3628 537 3671 curram
593 3629 695 3687 per
734 3612 1006 3685 singula?
1051 3613 1267 3672 Nullus
1323 3614 1733 3687 prOphctarum
1785 3611 2022 3678 exstitit,
2110 3606 2336 3678 pondus
2361 3609 2420 3666 in
2455 3609 2784 3668 cmlestibus
2816 3609 3117 3684 possideat,
3150 3609 3253 3669 ubi
3283 3628 3474 3683 verus,
3506 3620 3561 3672 et
3596 3615 3819 3675 incom-

303 3704 414 3776 qui
467 3704 522 3761 ei
589 3704 994 3763 testimonium
1039 3721 1154 3763 non
1201 3705 1545 3779 perhiberet.
1598 3703 2027 3762 Testimonium
2111 3696 2381 3771 parabilis
2407 3699 2594 3757 honor
2624 3706 2731 3770 est,
2766 3716 2930 3757 mens
2961 3707 3150 3758 nostra
3180 3702 3658 3773 perpendat-.Sed
3683 3704 3825 3765 libet

308 3808 553 3866 regum;
604 3794 759 3852 unde
797 3795 982 3852 David
1014 3811 1113 3853 rex
1150 3816 1161 3852 ε
1199 3820 1221 3843 η
1260 3794 1437 3852 Terra
1473 3802 1667 3853 nostra
1706 3795 1866 3853 dabit
1898 3794 2026 3852 fru—
2106 3787 2227 3861 jam
2259 3788 2652 3846 translationis
2690 3789 2865 3863 hujus
2893 3788 3189 3847 historiam
3219 3790 3505 3850 succincte
3540 3799 3816 3854 transcur-

307 3889 472 3939 ctum
522 3897 695 3939 suum
740 3884 909 3953 (PsaL
958 3887 1238 3950 Lxxxw).
1286 3907 1310 3932 ι)
1345 3883 1417 3940 Et
1459 3883 1601 3940 alibi
1628 3903 1643 3940 :
1670 3905 1696 3935 «
1722 3883 2031 3958 Aperiatur
2115 3892 2259 3946 rere,
2302 3885 2367 3934 ut
2396 3877 2544 3936 nulli
2575 3877 2842 3951 deinceps
2875 3877 2945 3934 de
2975 3878 3268 3951 prmclarae
3298 3878 3679 3941 solemnitatis
3705 3885 3822 3944 hu-

312 3974 486 4039 terra,
516 3978 570 4028 et
599 3970 881 4044 germinet
915 3973 1266 4032 Salvatorem
1299 3976 1448 4029 Psal.
1481 3978 1670 4043 (XLV).
1706 3996 1733 4027 »
1766 3975 1836 4031 Et
1867 3972 1901 4033 S

1729 4000 1733 4020 .
1766 3975 1836 4031 Et
1867 3972 2030 4033 Salo-
2107 3967 2205 4041 jus
2229 3966 2450 4039 origine
2482 3982 2717 4040 prorsus
2743 3965 3010 4038 expediat
3036 3965 3318 4025 dubitare.

312 4077 493 4119 mon:
525 4082 551 4114 ‹‹
580 4061 886 4121 Osculetur
926 4079 1014 4121 me
1060 4065 1258 4122 osculo
1294 4065 1412 4122 oris
1452 4065 1563 4134 sui,
1610 4065 1748 4138 quia
1792 4063 2032 4123 meliora
2184 4055 2360 4113 Porro
2414 4064 2607 4113 autem
2668 4055 2809 4113 dum
2867 4053 3161 4112 confessor
3207 4055 3419 4115 Christi
3473 4056 3820 4122 Fredelinus

309 4158 451 4209 sunt
486 4151 665 4210 ubera
697 4160 791 4211 tua
829 4153 985 4221 vino,
1035 4154 1341 4227 fragrantia
1377 4154 1693 4229 unguentis
1721 4156 1896 4228 optim

2233 4144 2266 4202 ti
2302 4143 2511 4201 Hilarii
2540 4144 2973 4210 monasterium,
3011 4142 3164 4217 quod
3208 4144 3270 4201 in
3309 4145 3653 4207 Pictaviensi
3684 4150 3822 4209 sub-

306 4246 398 4298 et:
433 4260 461 4293 (ι
502 4240 650 4299 Dum
697 4248 845 4299 esset
886 4258 989 4300 rex
1036 4243 1097 4299 iu
1144 4242 1414 4300 accubitu
1461 4258 1586 4313 suo,
1632 4242 1850 4301 nardus
1904 4258 2033 4302 mea
2117 4232 2285 4291 urbio
2330 4232 2507 4290 situm
2557 4240 2661 4303 CSt,
2707 4231 3071 4289 laudabiliter
3106 4239 3327 4306 regeret
3361 4233 3564 4311 ibique
3613 4246 3828 4301 sanctae

306 4327 471 4386 dedit
513 4330 747 4387 odorem
778 4345 954 4388 suum
988 4332 1168 4399 (Cant.
1209 4336 1274 4398 I).
1309 4354 1333 4380 ››
1375 4330 1801 4387 Testimonium
1834 4337 1895 4388 tu

2237 4320 2573 4379 versationis
2646 4320 2981 4393 insignibus
3052 4320 3375 4395 disciplinis
3439 4330 3495 4382 et
3551 4328 3826 4399 praeclara

309 4434 471 4489 rum,
506 4419 661 4476 unde
693 4417 973 4478 dixerunt
1002 4420 1061 4477 in
1111 4420 1514 4491 Evangeliozu
1551 4417 1819 4476 Vidimus
1855 4420 2033 4476 mira-
2120 4425 2348 4468 morum
2397 4411 2694 4469 honestate
2745 4408 3005 4481 polleret,
3055 4409 3257 4468 beatus
3289 4412 3551 4474 Hilarius
3598 4417 3684 4475 illi
3729 4435 3831 4494 per

310 4506 455 4564 bilia
492 4507 664 4565 hodie
694 4512 847 4576 (Luc.
884 4515 968 4577 V).
1006 4534 1030 4559 ι»
1064 4509 1167 4565 Et:
1196 4528 1223 4561 «
1255 4508 1377 4565 Nisi
1403 4515 1551 4565 esset
1579 4508 1675 4565 hic
1696 4524 1729 4564 a
1753 4506 1887 4576 Deo,
1918 4522 2034 4565 non
2056 4498 2409 4577 “Visioncm
2443 4500 2786 4557 manifestus
2812 4498 3096 4573 apparuit,
3129 4506 3185 4557 et
3216 4500 3365 4560 inter
3393 4504 3506 4563 alia
3546 4510 3829 4568 nonnulla

314 4602 508 4668 posset
560 4598 745 4654 facere
794 4598 949 4671 quod
1002 4598 1137 4655 facit
1176 4598 1347 4671 (Joan.
1393 4597 1511 4669 IX):
1552 4619 1571 4646 ι
1604 4602 1832 4669 propter
1883 4611 1903 4653 ε

2269 4587 2359 4645 illi
2398 4589 2650 4661 quadarn
2689 4588 2907 4647 vivacis
2941 4588 3172 4661 imperii
3216 4594 3548 4655 auctoritate
3589 4600 3830 4657 manda-

318 4684 833 4744 voluemmeuam
858 4703 992 4745 eum
1013 4702 1229 4761 rapere,
1253 4693 1307 4744 οι
1328 4701 1518 4760 regem
1545 4685 1917 4757 facepeuoan,
1939 4684 2038 4757 v1).
2125 4677 2229 4747 vit,
2262 4683 2329 4735 ut
2357 4678 2625 4736 videlicet
2662 4679 2783 4752 ipse
2821 4679 2997 4736 simul
3037 4686 3092 4738 et
3131 4680 3504 4743 Pictaviensis
3530 4689 3835 4764 episcopus

318 4772 745 4833 Testimonium
804 4777 1095 4845 vivorum,
1140 4776 1277 4850 quia
1316 4775 1404 4832 illi
1442 4775 1577 4847 duo,
1621 4774 1722 4849 qui
1773 4774 1935 4832 ibant
1978 4774 2041 4831 in
2126 4769 2192 4825 ad
2228 4783 2423 4840 regem
2468 4768 2844 4837 Francorum,
2880 4770 2979 4842 Qui
3027 4776 3166 4828 tunc
3200 4788 3396 4831 rerum
3429 4776 3833 4837 moderabatur

326 4859 635 4934 Emmaus,
671 4870 953 4921 venerunt
976 4872 1031 4921 et
1058 4872 1438 4921 narraverunt
1463 4864 1657 4921 omnia
1690 4878 1823 4936 quae
1846 4862 1928 4920 eis
1956 4878 2047 4920 ac-

327 4950 592 5009 ciderant
622 4955 771 5022 (Luc.
804 4956 997 5026 XXIV).
1032 4954 1459 5013 Testimonium
1487 4962 1871 5023 mortuorum,
1905 4953 2077 5028 quia.

334 5064 363 5089 οι
397 5041 582 5099 multa
638 5057 873 5115 corpora
924 5052 1275 5114 sanctorum,
1338 5045 1439 5117 qui
1487 5043 1863 5113 dormierant,
1914 5059 2045 5101 sur—

330 5135 617 5186 rexerant
666 5137 723 5186 et
779 5138 1173 5203 apparuerunt
1222 5130 1424 5188 multis
1476 5133 1700 5197 (Matth.
1758 5120 1977 5203 XXVII).
2016 5153 2042 5181 υ

331 5216 758 5274 Testimonium
785 5217 1111 5289 brutorum,
1137 5218 1272 5291 quia
1299 5241 1323 5266 «
1352 5217 1622 5290 cognovit
1646 5218 1747 5275 bos
1768 5234 2049 5292 possesso-

334 5320 463 5363 rem
502 5321 696 5375 suum,
734 5314 786 5363 et
818 5306 1020 5365 asinus
1057 5321 1311 5380 praesepe
1350 5305 1581 5363 Domini
1622 5305 1715 5363 sui
1755 5309 1880 5375 (Isa.
1923 5311 1980 5369 I).
2017 5327 2044 5360 »

335 5393 763 5453 Testimonium
822 5391 867 5449 9
913 5394 1070 5461 solis,
1123 5394 1353 5467 quando
1408 5396 1527 5467 ipse
1580 5394 1921 5454 obscuratus
1966 5403 2051 5454 est

338 5484 490 5554 (Luc.
524 5486 716 5557 XXIII).
761 5482 1182 5542 Testimonium
1231 5484 1672 5550 elementorum,
1711 5482 1849 5555 quia
1891 5484 2049 5541 testi-

340 5569 610 5630 monium
642 5570 938 5644 perhibuit
968 5580 1136 5642 terra,
1158 5572 1387 5644 quando
1421 5576 1780 5629 terrtemotus
1806 5586 2052 5646 magnus

342 5657 535 5717 Iactus
578 5666 664 5717 est
709 5660 932 5731 (Matth.
995 5666 1210 5727 XXVII).
1271 5658 1689 5718 Testimonium
1758 5658 2053 5733 perhibuit

2128 4856 2403 4927 habenas,
2455 4857 2860 4916 incunctanter
2895 4858 3245 4928 accederent,
3300 4868 3355 4919 et
3403 4870 3668 4937 sumptus
3712 4869 3828 4924 im-

2129 4948 2325 5022 pendi,
2362 4946 2576 5020 quibus
2624 4947 2891 5020 ampliari
2936 4954 2991 5006 et
3027 4948 3329 5017 augustius
3367 4950 3491 5007 fieri
3543 4961 3836 5015 monaste-

2132 5038 2291 5096 rium
2331 5044 2540 5111 posset,
2583 5035 2933 5095 ﬁducialiter
2964 5036 3333 5108 postularent.
3387 5040 3610 5109 Quibus
3647 5045 3838 5104 verbis

2132 5124 2370 5199 insuper
2413 5124 2635 5183 addidit
2687 5129 2771 5192 ut,
2829 5124 3144 5182 instaurate
3193 5125 3417 5184 noviter
3466 5135 3836 5205 monasterio,

2134 5212 2327 5272 locum
2373 5213 2483 5272 sibi
2535 5220 2767 5271 sanctus
2810 5212 2987 5271 abbas
3024 5228 3344 5283 congruum
3392 5217 3732 5291 provideret,
3774 5222 3839 5280 in

2132 5320 2249 5379 quo
2304 5318 2510 5376 corpus
2582 5305 2725 5377 ejus,
2802 5303 2945 5361 facta
3000 5304 3392 5376 translatione,
3446 5310 3837 5374 recouderent.

2136 5391 2288 5461 Quos
2340 5391 2620 5449 nimirum
2670 5390 2854 5449 felicis
2904 5393 3121 5450 oraculi
3180 5393 3462 5463 legatione
3511 5401 3842 5472 perfunctos

2135 5497 2240 5540 rex
2307 5480 2623 5539 clementer
2693 5497 2759 5540 ac
2837 5481 3086 5557 benigne
3154 5487 3423 5561 suscepit
3477 5488 3676 5565 eisque
3747 5490 3837 5547 10

2138 5569 2446 5644 magnifica
2472 5571 2651 5644 regite
2678 5569 3038 5630 liberalitatis
3068 5589 3309 5633 munera
3348 5579 3611 5637 contulit.

2208 5658 2254 5715 A
2290 5657 2683 5717 fundamentis
2726 5675 2860 5734 ergo
2895 5662 3308 5724 monasterium
3346 5681 3447 5740 per
3488 5666 3749 5741 latomos,
3778 5684 3846 5729 ac
