4024 6198
243 347 349 406 515

866 343 923 402 S.
969 340 1187 402 PETRI
1226 338 1551 399 DAMIANI
1589 339 1745 399 OPP.
1790 336 1981 398 PARS
2024 336 2161 399 SEU
2204 335 2455 397 TOMUS
2495 334 2570 393 II.
2610 366 2677 377 —
2719 330 3134 393 SERMONES.

3636 327 3750 386 516

245 468 647 528 cmmentarios
680 467 872 527 denuo
907 471 1326 538 construentes,
1366 472 1423 524 et
1459 463 2018 539 impollucibiliterA
2042 465 2197 538 quod
2234 463 2386 522 idem
2438 463 2706 537 egregius
2764 459 3023 534 pontifex
3074 474 3327 533 puerum
3385 457 3510 515 sine
3563 456 3753 530 gratia

242 561 634 618 instaurantes
662 555 914 614 ministri
942 555 1179 613 Domini
1213 555 1416 614 tandiu
1449 556 1649 629 coeptis
1679 553 1953 612 indefessi

241 647 537 706 laboribus
600 646 961 717 institerunt,
1015 645 1197 703 donec
1252 660 1366 703 non
1432 645 1600 703 modo
1664 642 1953 718 surgentis

241 744 545 796 structurae
619 735 949 793 machinam
1006 733 1078 793 ad
1133 733 1692 792 consummationem
1772 747 1953 806 usque

245 827 643 900 perducerent,
696 824 794 882 sed
846 822 1021 881 etiam
1059 822 1335 895 utrinque
1380 822 1640 894 parietes,
1695 821 1801 878 hoc
1846 824 1949 898 est,

245 916 403 973 intus
443 921 500 973 et
537 914 918 985 extrinsecus,
959 912 1237 971 radiantis
1278 912 1495 971 musivi
1534 912 1735 969 decore
1776 910 1953 969 vesti-

244 1010 391 1060 rent.
449 1004 513 1061 ln
573 1018 688 1077 quo
746 1001 1015 1059 videlicet
1065 1016 1253 1075 opere,
1314 1000 1417 1057 ubi
1488 999 1631 1073 regii
1695 999 1954 1057 muneris

245 1108 474 1151 summa
512 1093 738 1164 defecit,
788 1092 1088 1166 episcopus
1136 1107 1212 1149 ex
1262 1088 1658 1148 ecclesiasticis
1711 1088 1954 1146 faculta-

247 1182 403 1243 tibus
449 1183 718 1257 SUpplere
764 1182 919 1255 quod
958 1182 1148 1239 deerat
1204 1196 1321 1237 non
1376 1180 1637 1238 cessavit.
1694 1179 1954 1238 Tandem

245 1274 440 1349 itaque
477 1273 823 1332 monasterio
862 1290 977 1332 non
1028 1274 1199 1331 modo
1245 1276 1662 1329 consummata:
1723 1271 1955 1329 fabricze

250 1369 542 1421 structura
580 1363 849 1437 perfecto,
890 1378 1095 1421 verum
1142 1362 1315 1420 etiam
1376 1360 1738 1418 sacerdotalis
1783 1359 1956 1418 ofﬁcii

245 1452 747 1512 benedictionibus
789 1451 1065 1521 dedicato,
1111 1466 1246 1508 mox
1283 1448 1542 1508 demoliti
1580 1456 1715 1507 sunt
1755 1456 1956 1507 tumu-

251 1540 375 1600 lum
421 1542 482 1599 in
521 1556 639 1615 quo
676 1548 940 1599 sanctum
972 1541 1163 1597 fuerat
1201 1554 1409 1611 corpus
1439 1539 1770 1596 humatum.
1805 1538 1958 1593 Con-

252 1632 449 1689 stituto
490 1632 670 1705 igitur
711 1630 824 1701 die,
874 1630 934 1688 in
978 1646 1093 1704 quo
1131 1637 1324 1688 sancta
1376 1629 1635 1687 membra
1692 1628 1954 1686 transfer-

245 1725 392 1792 rent,
458 1720 815 1793 praecedente
874 1725 1059 1791 nocte,
1118 1718 1263 1777 dum
1312 1719 1612 1792 episcopus
1656 1705 1844 1775 'simul
1903 1722 1958 1774 et

2040 552 2487 624 regenerationis
2532 550 2912 619 exstinctum,
2945 564 3058 606 non
3095 546 3266 605 modo
3296 545 3465 604 matri
3494 543 3752 603 resusci-

2040 648 2221 699 tatum
2285 647 2351 697 et.
2394 641 2747 698 incolumem
2817 637 3086 704 reddidit,
3144 637 3241 694 sed
3296 641 3350 693 et
3404 649 3555 691 verte
3610 631 3752 689 fidei

2039 728 2387 786 rudimentis
2429 729 2785 787 instructum
2825 732 3036 784 sanctae
3078 724 3348 783 Ecclesia)
3378 723 3513 782 filiis
3542 738 3752 796 aggre—

2035 817 2209 889 gavit.

2110 910 2250 967 Hzec
2296 911 2494 983 igitur,
2532 915 2585 966 et
2618 910 2731 967 alia
2769 907 2949 965 multa
3001 907 3283 965 virtutum
3322 906 3447 978 ejus
3493 904 3754 978 insignia

2039 1000 2206 1059 nobis
2248 1018 2321 1059 ex
2370 1004 2667 1060 occasione
2718 1001 3068 1059 venerandae
3122 1000 3299 1074 hujus
3351 998 3755 1057 translationis

2037 1103 2371 1167 occurrunt,
2423 1112 2555 1169 quae
2599 1111 2701 1153 nos
2743 1096 2815 1153 ad
2853 1110 3110 1152 amorem
3148 1093 3249 1150 Dei
3290 1101 3344 1150 et
3379 1090 3753 1150 devotionem

2038 1185 2298 1257 praeclari
2357 1187 2531 1259 hujus
2588 1185 2896 1243 sacerdotis
2944 1185 3284 1244 accendunt.
3360 1184 3537 1241 Plane
3607 1198 3754 1241 cum

2041 1274 2359 1332 multorum
2403 1275 2806 1334 translationes
2847 1275 3142 1347 justorum
3195 1281 3391 1331 sancta
3440 1280 3760 1331 veneretur

2041 1360 2313 1432 Ecclesia,
2359 1378 2493 1436 quae
2531 1362 2833 1435 diligentia
2881 1369 3204 1435 procurata)
3246 1368 3381 1420 sunt
3418 1359 3755 1428 hominum,

2039 1455 2256 1523 quanto
2306 1449 2630 1508 devotionis
2682 1450 2876 1508 studio
2917 1450 3043 1506 haec
3082 1456 3165 1508 est
3214 1448 3544 1507 solemniter
3589 1462 3761 1504 reco-

2041 1536 2226 1607 lenda,
2262 1554 2394 1612 quae
2428 1540 2572 1596 facta
2604 1546 2688 1596 est
2728 1539 3005 1596 manibus
3036 1536 3423 1611 angelorum?
3463 1535 3570 1596 Sed
3606 1534 3760 1609 quid

2041 1634 2125 1685 est
2152 1627 2307 1699 quod
2342 1626 2527 1701 Moysi
2558 1643 2768 1701 corpus
2796 1627 2919 1701 ipse
2959 1643 3060 1701 per
3091 1644 3151 1686 se
3180 1626 3465 1685 Dominus
3490 1623 3766 1698 sepelivit

2040 1716 2213 1788 {DeuL
2272 1718 2511 1789 XXXIV),
2545 1725 2599 1775 et
2646 1726 2835 1776 tamen
2876 1717 3207 1791 sepulcrum
3256 1718 3381 1789 ejus
3417 1714 3764 1775 hominibus

246 1810 422 1869 abbas
455 1809 518 1867 in
561 1807 777 1883 vigiliis
805 1814 859 1867 et
888 1807 1248 1867 orationibus
1286 1808 1501 1882 iugiter
1538 1803 2397 1882 pernoctarent,Binnotescere
2442 1804 2650 1864 noluit.
2698 1806 2857 1865 Beati
2915 1821 3050 1864 vero
3107 1805 3313 1863 Hilarii
3368 1820 3574 1877 corpus
3628 1816 3755 1859 non

246 1902 481 1973 repente
526 1898 912 1972 conspiciunt,
964 1898 1120 1972 quod
1158 1897 1307 1955 beati
1346 1896 1534 1970 angeli
1580 1898 1650 1954 de
1706 1895 1953 1967 tumulo,

246 1988 348 2062 qui
382 1988 503 2062 jam
541 1988 863 2045 terebratus
908 1988 1117 2059 fuerat,
1150 1990 1414 2045 sanctum
1444 2002 1653 2059 corpus
1680 1985 1955 2055 educunt,

247 2082 303 2135 et
342 2076 400 2134 in
438 2076 651 2146 locum,
689 2075 788 2149 qui
831 2075 942 2133 sibi
983 2081 1339 2150 prmparatus
1376 2081 1512 2144 erat,
1560 2074 1803 2148 prepriis
1836 2089 1959 2129 ma-

253 2166 427 2225 nibus
467 2166 748 2224 inferunt.
786 2164 893 2222 His
938 2164 1132 2239 itaque
1166 2165 1429 2239 peractis,
1466 2165 1668 2223 beatus
1703 2163 1961 2221 Hilarius

251 2260 514 2313 sanctum
585 2253 959 2311 Fredelinum
1014 2268 1117 2326 per
1169 2252 1451 2310 visionem
1507 2252 1828 2321 admonuit,
1899 2255 1963 2308 ut

252 2344 616 2419 Scotigenam
656 2344 966 2418 quemdam
1017 2343 1128 2402 sibi
1177 2344 1518 2417 cognatione
1570 2344 1961 2417 prepinquum

252 2434 312 2492 in
358 2433 607 2492 cmnobii
638 2434 928 2505 regimine
960 2433 1362 2503 substitueret;
1403 2435 1527 2507 ipse
1565 2449 1701 2491 vero
1725 2433 1793 2490 ad
1824 2432 1961 2489 Gal-

254 2523 523 2583 linariam
567 2523 818 2581 insulam
850 2522 911 2580 in
959 2523 1237 2581 honorem
1275 2522 1532 2597 ejusdem
1572 2522 1719 2580 beati
1752 2521 1960 2579 Hilarii

255 2615 647 2673 aedificaturus
699 2612 1002 2671 ecclesiam
1039 2618 1384 2685 properaret.
1434 2611 1544 2680 Qui
1579 2611 1728 2670 beati
1774 2626 1960 2669 sacer-

251 2704 399 2764 dotis
447 2704 690 2777 Imperio
734 2718 872 2760 mox
914 2701 1214 2760 humiliter
1266 2701 1474 2775 paruit,
1513 2710 1568 2758 et
1613 2717 1727 2759 non
1772 2700 1959 2759 solum

252 2793 401 2853 illud
444 2792 597 2867 quod
632 2792 861 2865 jussum
907 2792 1107 2860 fuerat,
1155 2792 1253 2849 sed
1301 2796 1357 2848 et
1402 2791 1516 2848 alia
1553 2798 1799 2863 quatuor
1845 2806 1963 2849 mo-

256 2882 503 2942 nasteria
571 2880 634 2938 in
686 2880 812 2953 ejus
872 2880 1146 2936 honorem
1200 2879 1545 2937 construxit.
1619 2879 1963 2953 Quanquam

255 2974 406 3033 beati
450 2970 744 3030 Fredelini
783 2971 921 3042 vita,
958 2969 1017 3027 in
1062 2986 1178 3044 qua
1228 2970 1351 3027 haec
1392 2969 1590 3027 referri
1631 2969 1964 3044 perhibetur

258 3062 517 3131 historia,
568 3060 629 3117 in
684 3074 894 3118 manus
950 3064 1173 3118 nostras
1227 3073 1595 3133 nequaquam
1648 3058 1961 3129 devenerit,

255 3156 355 3214 sed
385 3154 538 3230 quod
572 3153 669 3211 hic
696 3152 974 3227 scriptum
1003 3158 1107 3223 est,
1133 3150 1347 3210 indicio
1375 3149 1543 3209 nobis
1573 3150 1841 3209 fraternae
1872 3166 1963 3208 re-

255 3245 485 3304 lationis
504 3243 780 3303 innotuit.

323 3334 464 3391 Haec
513 3332 691 3407 igitur
738 3332 916 3407 hujus
966 3347 1141 3391 sacrae
1193 3330 1575 3390 solemnitatis
1628 3335 1713 3387 est
1769 3344 1959 3399 causa,

254 3426 380 3483 haec
422 3423 753 3482 veneranda
794 3421 1143 3482 celebritatis
1185 3421 1482 3481 hodiernae
1518 3419 1776 3490 materia,
1810 3419 1964 3478 utin

254 3512 627 3570 translatione
699 3512 847 3571 sacri
929 3511 1185 3585 corporis
1248 3511 1451 3570 merito
1504 3509 1748 3583 gaudeat
1801 3507 1964 3581 plebs

254 3603 456 3661 devota
503 3600 788 3677 ﬁdelium,
840 3602 935 3659 cui
984 3600 1255 3674 dependit
1314 3598 1623 3673 exsequias
1672 3596 1964 3655 exercitus

252 3691 612 3765 angelorum.
673 3691 848 3749 Porro
899 3694 1092 3749 autem
1144 3705 1218 3747 ex
1266 3689 1563 3747 occasione
1619 3687 1963 3746 venerandae

255 3778 648 3840 translationis
693 3779 891 3853 hujus,
934 3785 988 3837 et
1018 3784 1223 3837 caetera
1263 3777 1414 3836 beati
1453 3777 1565 3836 viri
1608 3783 1763 3851 gesta
1796 3776 1965 3836 nobis

251 3869 315 3927 in
364 3869 704 3927 memoriam
737 3868 999 3940 redeunt,
1030 3872 1095 3924 ut
1123 3882 1255 3941 quze
1289 3865 1476 3939 longis
1513 3873 1645 3923 ante
1693 3864 1962 3940 tempori—

252 3956 363 4015 bus
390 3961 529 4014 sunt
556 3960 805 4029 peracta,
852 3953 1066 4013 nostris
1106 3968 1263 4012 nunc
1302 3952 1536 4011 reducta
1564 3950 1964 4025 conspectibus

254 4047 681 4122 quodammodo
715 4045 966 4104 recentia
1010 4045 1317 4104 videantur
1344 4049 1399 4100 et
1440 4058 1610 4101 nova.
1641 4040 1779 4099 Mox
1803 4041 1962 4099 enim

255 4143 319 4194 ut
367 4135 664 4209 disputare
710 4134 780 4191 de
831 4131 1181 4192 venerabilis
1235 4130 1364 4189 viri‘
1397 4129 1571 4204 gestis
1628 4128 1961 4202 incipimus,

257 4223 523 4296 protinus
550 4220 803 4280 occurrit
837 4220 1135 4279 memoriae
1163 4236 1337 4294 quam
1371 4219 1824 4292 impenetrabilis
1854 4218 1960 4277 Ec-

251 4312 441 4372 clesiae
493 4327 698 4370 murus
758 4311 1163 4369 haereticorum
1234 4310 1360 4367 telis
1418 4308 1721 4377 obstiterit,
1785 4296 1961 4382 quam

251 4400 664 4474 insuperabilis
697 4399 985 4474 przeliator
1011 4414 1347 4475 perversum
1371 4399 1723 4457 Arianorum
1755 4396 1962 4471 dogma

2046 1894 2214 1951 modo
2254 1910 2446 1951 coram
2497 1894 2834 1953 hominibus
2879 1910 2981 1969 per
3026 1897 3263 1969 angelos
3300 1894 3603 1965 transtulit,
3645 1892 3752 1952 sed

2044 1991 2099 2041 et
2142 1984 2203 2041 in
2245 1983 2383 2041 tanti
2412 1984 2648 2043 honoris
2686 1986 2925 2059 gloriam
2965 1992 3019 2044 et
3065 1986 3242 2045 totius
3282 1984 3550 2045 Ecclesia}
3587 1999 3757 2041 reve-

2044 2075 2299 2143 rentiam.
2325 2075 2682 2134 sublimavit.
2723 2076 2805 2134 De
2853 2077 3046 2152 Moyse
3080 2077 3295 2150 quippe
3326 2074 3597 2149 scriptum
3625 2081 3752 2132 est:
3814 2108 3820 2111 -

2047 2188 2068 2214 ιι
2130 2164 2393 2222 Mortuus
2436 2172 2522 2223 est
2562 2165 2641 2223 ibi
2689 2165 2919 2240 Moyses
2974 2182 3179 2224 servus
3216 2164 3453 2225 Domini
3489 2163 3547 2221 in
3601 2170 3759 2220 terra

2042 2253 2227 2323 Moab,
2266 2252 2506 2327 jubente
2547 2253 2830 2325 Domino;
2885 2261 2941 2311 et
2997 2254 3263 2328 sepelivit
3297 2270 3432 2312 eum
3482 2253 3543 2310 in
3602 2251 3761 2310 valle

2045 2349 2210 2400 terrm
2252 2342 2420 2400 Moab
2468 2349 2666 2400 contra
2714 2341 2970 2417 Phogor;
3013 2351 3069 2402 et
3108 2360 3223 2402 non
3270 2342 3537 2417 cognovit
3578 2342 3759 2399 homo

2043 2434 2375 2507 sepulcrum
2408 2432 2533 2507 ejus
2563 2449 2746 2507 usque
2790 2431 2849 2489 in
2884 2440 3239 2507 praesentem
3276 2433 3428 2491 diem
3473 2433 3669 2505 (ἰδίω.
3719 2456 3753 2479 ›ο

2043 2525 2191 2594 Quid
2235 2533 2319 2584 est
2349 2542 2505 2599 ergo,
2537 2525 2701 2601 quod
2732 2525 2832 2583 ille
2876 2526 3147 2597 nescitur,
3190 2526 3294 2585 iste
3325 2540 3461 2583 vero
3498 2520 3761 2597 quotidie

2047 2631 2183 2673 cum
2242 2621 2395 2673 tanta
2442 2615 2622 2688 gloria
2682 2617 3014 2674 christiana:
3069 2615 3392 2675 devotionis
3440 2611 3761 2672 invisitur?

2045 2704 2195 2774 Quid
2226 2710 2333 2775 est,
2365 2704 2631 2778 inquam,
2664 2705 2821 2779 quod
2849 2705 3073 2779 Moyses
3108 2707 3181 2764 ab
3218 2704 3522 2762 hominum
3552 2700 3761 2760 notitia

2046 2802 2398 2864 removetur,
2443 2794 2556 2852 nisi
2586 2802 2651 2853 ut
2684 2794 2916 2853 tollatur
2954 2794 3195 2865 occasio,
3231 2811 3305 2853 ne
3334 2794 3435 2868 qui
3476 2800 3593 2850 tam
3641 2790 3761 2848 Deo

2046 2884 2256 2941 charus
2304 2889 2359 2940 et
2404 2882 2707 2942 familiaris
2750 2884 3039 2942 exstitisse
3086 2884 3468 2956 cognoscitur,
3521 2879 3761 2938 divinus

2045 2973 2231 3031 honor
2282 2972 2369 3030 illi
2413 2972 2485 3030 ab
2535 2972 2869 3033 Israeliticae
2907 2973 3091 3047 plebis
3120 2973 3361 3047 perfidia
3391 2971 3759 3044 praebeatur?

2047 3062 2439 3136 Reliquorum
2482 3079 2617 3122 vero
2669 3071 2999 3123 sanctorum
3039 3078 3275 3136 corpora
3314 3077 3425 3121 non
3475 3061 3756 3131 celantur,

1985 3158 2111 3240 Gut
2142 3151 2283 3210 dum
2314 3152 2647 3211 christianee
2679 3153 3003 3214 devotionis
3034 3155 3473 3229 frequentantur
3502 3165 3755 3221 accessu,

2048 3248 2104 3299 et
2138 3258 2240 3316 per
2277 3242 2408 3300 illos
2446 3242 2588 3300 fiant
2630 3244 2931 3302 rutilantia
2969 3244 3132 3318 signa
3178 3244 3482 3314 virtutum,
3528 3247 3587 3299 et
3633 3238 3758 3298 istis

2048 3339 2329 3391 accrescat
2356 3332 2620 3391 felicium
2654 3335 2928 3392 cumulus
2956 3335 3317 3394 meritorum.

2122 3421 2403 3480 Praeterea
2444 3423 2713 3481 nonnulli
2754 3423 2950 3481 fideles
2988 3423 3198 3482 idcirco
3227 3428 3354 3497 post
3382 3425 3624 3479 mortem
3662 3425 3753 3477 tu-

2049 3510 2227 3568 mulis
2256 3510 2598 3569 editioribus
2637 3510 3041 3583 includuntur,
3077 3520 3141 3572 ut
3175 3510 3266 3570 sui
3298 3511 3637 3569 memoriam
3664 3508 3748 3564 vi-

2048 3601 2318 3660 ventibus
2366 3602 2629 3675 ingerant
2680 3610 2968 3676 quatenus
3013 3603 3098 3661 eis
3145 3601 3482 3675 impendere
3530 3596 3751 3672 pietatis

2047 3707 2217 3766 opera
2248 3706 2361 3748 non
2397 3691 2683 3750 omittam.
2716 3693 2866 3750 Hinc
2894 3699 2977 3751 est
3004 3692 3158 3765 quod
3185 3691 3479 3765 sepultura
3520 3692 3752 3746 vocatur

2048 3796 2123 3837 ex
2160 3795 2318 3838 more
2354 3780 2652 3850 memoria,
2696 3782 2911 3840 scilicet
2956 3788 3020 3840 ut
3056 3798 3155 3855 per
3198 3795 3326 3839 eam
3364 3780 3752 3837 memorentur

2050 3867 2168 3926 vivi
2194 3876 2251 3926 et
2276 3868 2593 3944 percipiant
2616 3871 2985 3944 refrigerium
3016 3869 3249 3928 mortui.

2120 3956 2230 4016 Sed
2261 3957 2400 4031 quid
2436 3964 2540 4028 est,
2582 3959 2733 4029 quod
2776 3958 3048 4018 nonnulli
3087 3966 3418 4023 sanctorum
3464 3959 3749 4025 tantopere

2046 4046 2395 4103 studuerunt
2468 4046 2589 4103 suis
2672 4046 2975 4119 providere
3049 4048 3307 4119 sepulcra
3381 4038 3748 4118 corporibus?

2045 4134 2337 4192 Abraham
2390 4150 2595 4208 nempe
2635 4136 3080 4209 quadringentis
3108 4136 3330 4208 argenti
3357 4134 3516 4193 siclis
3545 4149 3579 4191 a
3617 4130 3748 4189 filiis

2045 4222 2196 4280 Heth
2250 4220 2587 4294 speluncam
2645 4222 2938 4296 duplicem
3006 4230 3297 4297 comparat
3342 4223 3496 4290 (Gen.
3551 4226 3746 4283 XXIII),

2045 4308 2219 4369 Jacob
2257 4318 2310 4367 et
2348 4310 2555 4384 Joseph
2604 4312 2676 4369 ad
2714 4313 2976 4372 eamdem
3020 4313 3356 4388 speluncam
3404 4319 3584 4369 totum
3631 4310 3748 4382 jam

2043 4400 2227 4459 animi
2278 4401 2629 4459 desiderium
2675 4404 2942 4475 tendunt,
2989 4412 3045 4462 et
3080 4420 3315 4477 corpora
3351 4418 3453 4461 sua
3493 4406 3619 4474 post
3648 4398 3748 4463 ob-

252 4491 434 4585 gratia
466 4490 765 4585 catholicae
798 4491 1054 4585 veritatis
1081 4490 1400 4585 obtriverit.
1441 4490 1558 4585 iflec
1593 4489 1740 4548 illud
1777 4497 1958 4563 vacat,
1985 4489 2197 4585 Ditem
2236 4488 2338 4547 illo
2388 4490 2727 4562 perferenda
2779 4491 3095 4565 deposcunt
3148 4494 3302 4559 (Gen.
3362 4502 3509 4549 XLIX
3566 4495 3621 4546 et
3675 4491 3746 4554 L).

252 4579 406 4656 quod
430 4596 564 4638 cum
594 4580 873 4639 adversus
897 4579 1306 4639 haereticorum
1331 4579 1633 4654 perfidiam
1662 4588 1957 4652 pugnatu-

254 4684 374 4742 rus,
428 4668 746 4727 Seleuciam
806 4667 1044 4727 Isaurize
1102 4667 1379 4741 oppidum
1437 4667 1713 4737 tenderet,
1764 4667 1959 4740 puella

255 4757 489 4833 gentilis
518 4757 808 4816 divinitus
834 4757 1050 4829 edocta,
1083 4757 1225 4815 tanti
1253 4756 1563 4815 sacerdotis
1591 4755 1960 4814 denuntiavit

254 4846 592 4915 adventum‘,
641 4852 816 4919 atque
851 4846 981 4904 ideo
1012 4861 1145 4904 cum
1180 4852 1339 4919 patre
1378 4844 1687 4908 Florentio.
1727 4849 1960 4917 totaque

256 4935 477 4994 familia
533 4934 721 4993 divini
773 4934 1134 5009 baptismatis
1183 4933 1395 4993 meruit
1442 4933 1731 5007 suscipere
1777 4948 1961 4991 sacra-

256 5031 537 5083 mentum.

327 5112 445 5172 Nec
475 5112 621 5172 illud
648 5113 867 5172 excidit
904 5113 1130 5187 insigne
1161 5112 1507 5171 miraculum
1539 5109 1690 5182 quod
1725 5109 1786 5167 in
1822 5110 1960 5169 Gal-

256 5201 463 5260 linaria
494 5201 688 5259 insula
712 5202 1062 5263 immanium
1086 5202 1441 5277 serpentium
1464 5207 1745 5260 venenata
1773 5200 1960 5259 rabies

257 5290 527 5349 virtutem
582 5299 694 5349 tam
748 5293 1007 5365 przeclari
1063 5292 1350 5367 pontificis
1388 5293 1538 5349 ferre
1582 5306 1699 5348 non
1750 5291 1955 5363 potuit,

256 5381 354 5438 sed
386 5388 658 5454 tanquam
691 5382 972 5442 fulmineo
1011 5385 1234 5457 fragore
1271 5383 1588 5458 perterrita,
1621 5380 1754 5439 vilis
1784 5382 1958 5438 etiam

255 5469 445 5527 baculi
496 5476 726 5541 metam,
771 5487 947 5545 quam
996 5472 1119 5547 ipse
1153 5473 1505 5547 praetixerat,
1564 5470 1959 5529 transcendere

256 5572 370 5617 non
412 5559 797 5632 praesumpsit.

327 5646 437 5707 Sed
482 5650 538 5705 et
582 5644 729 5706 illud
779 5649 1074 5710 memoriae
1114 5655 1527 5725 consequenter
1568 5648 1816 5709 occurrit
1867 5646 1953 5702 11

2047 4578 2197 4649 Quid
2229 4594 2363 4651 ergo
2403 4586 2487 4636 est
2529 4580 2683 4651 quod
2711 4581 2894 4638 sancti
2923 4579 3282 4653 patriarchae,
3313 4580 3415 4654 qui
3449 4595 3512 4636 se
3550 4577 3752 4651 pulve-

2047 4687 2167 4729 rem
2202 4677 2258 4729 et
2302 4670 2552 4731 cinerem
2592 4687 2717 4730 esse
2757 4672 3060 4746 perspicue
3094 4672 3420 4745 perhibent,
3463 4668 3567 4743 qui
3606 4672 3753 4725 certe

2045 4776 2280 4833 corpora
2313 4767 2367 4817 et
2405 4760 2723 4834 corporalia
2753 4776 3000 4835 quaeque
3036 4760 3357 4819 C(elestium
3402 4754 3753 4829 contempla-

2049 4848 2201 4906 tione
2229 4847 2571 4921 despiciunt,
2613 4849 2673 4906 in
2713 4848 3172 4907 Chananaeorum
3209 4856 3352 4906 terra
3385 4860 3623 4919 corpora
3651 4856 3754 4900 sua

2045 4936 2340 5013 quiescere
2375 4944 2531 4995 tanto
2574 4936 2858 4996 desiderio
2907 4939 3366 5012 concupiscunt?
3412 4934 3530 4993 Cur
3586 4932 3754 4990 illum

2045 5041 2165 5100 prae
2209 5026 2428 5084 caeteris
2466 5026 2672 5084 mundi
2712 5028 2974 5100 partibus
3012 5027 3200 5101 quieti
3256 5041 3377 5083 suae
3434 5023 3756 5098 praevident

2044 5114 2256 5184 locum,
2315 5114 2428 5172 nisi
2468 5115 2625 5187 quod
2679 5114 2954 5176 humanm
3008 5116 3208 5176 salutis
3259 5116 3569 5173 Auctorem
3635 5111 3756 5169 illic

2047 5211 2325 5263 noverant
2362 5204 2432 5263 de
2465 5220 2569 5263 suo
2598 5205 2819 5264 semine
2860 5205 3267 5266 nasciturum?
3296 5205 3449 5263 Hinc
3478 5208 3564 5261 est
3597 5201 3754 5276 quod

2044 5294 2221 5353 Jacob
2272 5294 2463 5353 ﬁlium
2514 5310 2692 5354 suum
2741 5296 2952 5369 Joseph
3004 5297 3283 5367 obsecrat,
3337 5294 3637 5352 dicens:«
3690 5290 3753 5350 Si

2046 5382 2248 5440 inveni
2283 5382 2524 5455 gratiam
2552 5383 2616 5441 in
2651 5392 2957 5458 conspectu
2986 5391 3103 5453 tuo,
3137 5399 3286 5458 pone
3320 5396 3564 5441 manum
3596 5386 3752 5439 tuam

2045 5470 2154 5530 sub
2204 5472 2420 5532 femore
2481 5488 2629 5543 meo,
2683 5482 2738 5533 et
2786 5475 2958 5533 facies
3005 5475 3151 5533 mihi
3198 5472 3653 5533 misericordiam
3697 5476 3753 5528 et

2046 5560 2365 5631 veritatem,
2406 5569 2472 5620 ut
2508 5578 2627 5621 non
2661 5564 2905 5637 sepelias
2936 5578 3028 5621 me
3060 5564 3125 5621 in
3152 5563 3433 5639 rEgypto;
3469 5562 3569 5620 sed
3615 5560 3748 5618 dor-

2046 5648 2220 5706 miam
2261 5665 2397 5708 cum
2448 5651 2713 5723 patribus
2757 5651 2920 5721 meis,
2964 5658 3020 5710 et
3051 5652 3279 5713 auferas
3323 5666 3418 5711 me
3468 5652 3543 5710 de
3604 5654 3746 5708 terra
