4024 6198
222 293 316 354 517

1762 296 2009 377 saeuo
2047 295 2151 356 III.

3609 305 3716 365 518

223 423 336 491 hac,
372 418 702 494 condasque
740 422 800 478 in
843 420 1105 494 sepulcro
1144 422 1431 496 majorum
1470 439 1734 484 meorum
1767 427 1985 513 (Gen..A
2010 406 2186 482 tionis
2215 424 2403 482 erexit
2428 425 2646 497 (Matth.
2680 430 2758 499 Χ),
2791 433 2855 484 ut
2884 400 3137 500 idipsum
3169 429 3535 502 postmodum
3574 444 3714 488 con-

220 511 414 576 XLVII).
446 528 474 560 »
506 507 620 565 Cur
656 514 852 567 autem
890 509 958 566 ad
1000 510 1412 569 conﬁrmandae
1453 512 1783 585 sponsionis
1826 515 1921 571 in-

219 597 446 665 dicium,
485 596 661 655 Jacob
710 614 950 657 manum
990 598 1097 657 lilii
1145 601 1391 672 supponi
1431 601 1554 659 suis
1608 601 1923 660 femoribus

220 686 390 761 petiit,
435 685 548 743 nisi
587 687 724 760 quia
762 688 955 759 illum,
996 690 1098 763 qui
1141 706 1370 748 summa
1414 688 1505 744 12
1545 692 1756 749 veritas
1812 697 1919 762 est,

217 776 279 833 de
307 774 534 848 proprio
568 776 789 833 semine
818 779 1251 851 propagandum
1292 796 1413 838 esse
1444 770 1754 852 cognovit?
1799 780 1922 837 Illis

216 864 383 937 igitur
410 871 580 922 terrze
612 864 828 924 finibus
866 866 1017 923 beati
1058 867 1167 924 viri
1193 868 1313 940 jam
1356 868 1698 926 medullitus
1736 868 1919 941 aggli-

217 953 461 1022 scebant,
511 968 685 1026 quam
716 969 819 1027 per
848 954 1116 1029 spiritum
1144 957 1266 1029 jam
1306 958 1617 1016 cernebant
1659 956 1919 1016 Salvato-

219 1041 287 1099 ris
326 1041 584 1112 vestigiis
622 1044 813 1115 atteri,
854 1059 1028 1117 quam
1068 1045 1127 1101 in
1169 1046 1543 1105 interioribus
1582 1046 1765 1105 oculis
1800 1047 1918 1121 jam

216 1132 485 1191 videbant
525 1134 773 1207 pretioso
829 1127 1114 1194 Dominici
1155 1140 1407 1213 corporis
1451 1141 1736 1215 sanguine
1780 1158 1919 1215 pur-

176 1222 428 1294 purati,
482 1229 547 1280 ut
596 1224 719 1281 illic
766 1241 966 1283 eorum
1024 1242 1262 1300 corpora
1315 1245 1478 1287 suam
1528 1237 1922 1304 exspectarent

216 1311 710 1383 resurrectionem,
772 1314 872 1371 ubi
927 1324 1384 1376 resurrecturum
1439 1335 1562 1377 esse
1615 1336 1921 1394 cognosce-

218 1400 346 1456 bant
376 1399 572 1473 ipsum
603 1399 785 1458 beatze
812 1402 1250 1461 resurrectionis
1282 1412 1593 1466 auctorem.

278 1488 367 1545 Ad
412 1488 571 1547 hunc
608 1497 664 1547 et
709 1506 831 1561 nos,
882 1492 1264 1563 dilectissimi,
1304 1496 1668 1567 perspicuam
1710 1502 1922 1554 nostra:

216 1580 423 1638 mentis
450 1580 631 1639 aciem
663 1581 1001 1655 dirigamus.
1036 1583 1124 1640 Ad
1158 1584 1335 1653 hunc,
1377 1585 1514 1643 dum
1555 1585 1765 1658 pedum
1798 1602 1925 1658 pro-

215 1668 505 1742 gressione
552 1682 663 1727 non
720 1686 1053 1743 possumus,
1102 1672 1402 1729 aestuantis
1446 1673 1717 1731 desiderii
1762 1674 1921 1731 festi-

2002 520 2218 572 stanter
2241 521 2565 573 ustruerent
2603 517 2757 590 quod
2808 516 3201 577 anxiabantur
3252 524 3421 577 antea
3462 517 3713 578 crudeli-

2002 609 2088 659 ter
2116 602 2481 677 impugnare.
2516 604 2677 673 Quod
2714 605 2940 678 Moyses
2983 613 3116 666 tunc
3146 607 3388 678 mystice
3418 607 3711 681 figuravit,

2000 707 2133 749 cum
2166 692 2451 766 arripiens
2487 692 2741 752 vitulum
2775 710 3044 765 aureum,
3092 695 3226 769 igne
3270 696 3604 767 combussit,
3641 696 3713 755 ad

2004 781 2307 853 pulverem
2348 798 2537 856 usque
2569 783 2843 841 contrivit
2881 783 3270 860 ﬂuctibusque
3307 801 3715 859 conspergens,

2004 870 2389 929 Israeliticum
2418 888 2491 929 ex
2514 888 2581 930 eo
2611 874 2893 947 populum
2920 872 3245 947 prepinavit
3269 874 3465 945 (Exod.
3500 876 3713 946 xxxn).

2011 959 2101 1016 13
2141 962 2290 1031 Quid
2331 967 2415 1019 est
2471 962 2634 1020 enim
2670 979 2770 1037 per
2806 963 3050 1037 ﬁguram
3098 962 3319 1022 vitulus
3358 963 3455 1022 ille
3501 964 3717 1023 conﬂa-

2004 1050 2137 1119 tilis,
2186 1050 2299 1108 nisi
2328 1067 2536 1125 corpus
2571 1051 2811 1123 diaboli,
2865 1053 3127 1110 homines
3166 1051 3380 1110 scilicet
3409 1052 3472 1109 in
3523 1052 3716 1110 omni-

2002 1140 2112 1198 bus
2159 1140 2432 1213 gentibus
2486 1143 2766 1215 perlidiae,
2822 1142 2998 1201 simul
3043 1151 3098 1201 et
3144 1142 3484 1201 idololatriae
3528 1158 3720 1202 errore

2003 1227 2223 1300 decepti
2280 1245 2345 1286 ac
2399 1230 2509 1287 sub
2556 1230 2680 1304 ipso
2736 1246 2843 1289 suo
2898 1232 3163 1305 pestifero
3211 1231 3394 1306 capite
3445 1236 3719 1305 tanquam

2005 1315 2239 1375 diversa
2290 1318 2550 1375 membra
2595 1319 2870 1391 sacrilega
2916 1319 3340 1393 conspiratione
3383 1319 3720 1392 conjuncti?

2009 1402 2194 1477 Super
2247 1420 2393 1478 quos
2443 1405 2726 1465 nimirum
2780 1408 2877 1465 ille
2927 1407 3203 1482 nequitia;
3255 1407 3511 1481 spiritus,
3563 1407 3721 1467 velut

2004 1500 2201 1550 auctor
2265 1494 2600 1567 prmsidens,
2652 1496 2967 1555 insolenter
3022 1498 3284 1570 erigitur,
3332 1504 3387 1554 et
3444 1501 3718 1571 tanquam

2003 1588 2172 1655 caput
2209 1599 2310 1657 per
2351 1585 2715 1658 tyrannidem
2769 1602 2874 1643 suo
2933 1586 3154 1660 corpori
3203 1585 3717 1644 dominatur.'Au-

2004 1688 2138 1730 reus
2188 1681 2384 1731 autem
2426 1674 2645 1731 vitulus
2686 1675 2863 1732 fuisse
2900 1674 3263 1745 describitur,
3316 1675 3453 1749 quia
3493 1674 3722 1735 videtur

218 1760 445 1818 natione
488 1759 816 1831 tendamus,
871 1768 926 1819 et
968 1762 1109 1819 dum
1163 1768 1492 1821 sanctorum
1531 1763 1983 1841 quorumlibetB
2010 1760 2351 1820 idololatriae
2400 1762 2548 1821 ritus
2590 1762 2747 1822 velut
2773 1779 2806 1821 a
2838 1762 3191 1837 sapientibus
3214 1764 3534 1823 institutus.
3562 1764 3724 1822 Auro

219 1848 479 1923 reliquiis
526 1849 719 1924 dignm
756 1850 1079 1909 devotionis
1126 1851 1507 1910 reverentiam
1552 1853 1920 1927 exhibemus,

216 1938 277 1996 ad
322 1938 502 1997 illum
546 1956 732 1999 unum
784 1945 837 1998 et
881 1940 1175 2013 singulare
1220 1957 1427 2015 corpus
1465 1951 1676 2001 nostra:
1716 1946 1926 2004 mentis

219 2028 535 2103 dirigamus
593 2031 883 2102 obtutum,
947 2033 1100 2105 quod
1171 2033 1231 2091 in
1300 2039 1556 2107 paterna)
1610 2036 1927 2111 majestatis

217 2119 392 2192 gloria
412 2119 705 2179 credimus
732 2121 1108 2179 ineﬂabiliter
1131 2122 1529 2183 sublimatum.

278 2207 387 2265 Illa
435 2208 717 2268 nimirum
770 2215 853 2267 est
890 2217 1038 2268 terra
1085 2211 1180 2269 cui
1236 2217 1357 2270 tum
1402 2212 1552 2270 beati
1584 2213 1925 2287 patriarchae

216 2302 387 2368 atque
431 2298 724 2370 propheta)
775 2299 1159 2373 suspirabant,
1212 2299 1352 2357 lacte
1398 2300 1615 2359 scilicet
1660 2310 1715 2359 et
1758 2304 1927 2363 melle

218 2385 497 2443 mananti.
542 2386 654 2445 Lac
692 2387 984 2460 siquidem
1023 2388 1093 2445 de
1129 2390 1316 2447 carnis
1355 2389 1634 2449 uberibus
1672 2394 1923 2466 proﬂuit,

220 2475 321 2532 mel
357 2491 494 2533 vero
538 2475 608 2534 de
657 2478 1048 2551 superioribus
1089 2479 1267 2537 venit.
1320 2479 1391 2537 Et
1420 2481 1557 2554 quia
1606 2481 1928 2540 substantia

215 2563 506 2622 Dominici
560 2565 812 2639 corporis
865 2581 940 2623 ex
1006 2565 1266 2639 Virginis
1322 2566 1644 2626 visceribus
1692 2569 1926 2643 prodiit,

218 2651 496 2712 divinitas
557 2662 750 2714 autem
826 2672 899 2715 ex
971 2663 1205 2730 paterna
1263 2660 1556 2730 majestate
1614 2658 1965 2732 descendit,~

222 2748 367 2801 recte
419 2760 627 2817 corpus
681 2745 997 2805 Salvatoris
1049 2752 1196 2805 terra
1254 2748 1470 2807 dicitur
1529 2750 1923 2822 repromissio-

216 2837 321 2895 nis.
357 2837 506 2907 Quae
540 2838 821 2897 nimirum
850 2843 1001 2896 terra
1043 2838 1204 2910 lacte,
1238 2839 1417 2900 simul
1454 2856 1518 2898 ac
1549 2842 1720 2899 melle
1750 2840 1929 2901 ﬂuere

217 2925 452 2999 dicitur,
492 2928 632 3003 quia
664 2929 723 2987 in
766 2930 1162 3002 Redemptoris
1192 2931 1372 2988 nostri
1404 2944 1659 3003 corpore,
1701 2935 1755 2989 et
1784 2932 1926 2990 sub-

214 3018 422 3074 stantia
455 3034 588 3076 vere
616 3024 673 3076 et
717 3019 961 3078 dulcedo
1005 3023 1095 3076 est
1124 3018 1440 3077 ineﬂ'abilis
1487 3019 1733 3079 deitatis.
1783 3043 1812 3075 «
1859 3021 1944 3079 In.

216 3105 336 3179 ipso
365 3107 547 3178 enim,
584 3109 734 3167 sicut
762 3110 1072 3184 Apostolus
1107 3108 1206 3181 ait,
1248 3109 1468 3167 habitat
1502 3109 1696 3168 omnis
1735 3110 1991 3203 pleni-’0

221 3198 355 3255 tudo
408 3198 728 3257 divinitatis
779 3198 1147 3273 corporaliter
1193 3201 1326 3269 (Col.
1379 3203 1442 3268 II)
1510 3218 1522 3257 :
1576 3220 1604 3252 »
1659 3205 1713 3257 et
1759 3190 1931 3272 alibi,

216 3306 240 3337 α
288 3287 447 3346 Deus
495 3293 616 3346 erat
660 3290 722 3346 in
771 3289 996 3347 Christo
1043 3289 1334 3347 mundum
1383 3288 1763 3348 reconcilians
1814 3289 1927 3349 sibi

2008 1852 2220 1926 quippe
2270 1852 2551 1926 sapientia
2589 1851 2946 1925 designatur,
3006 1854 3155 1913 sicut
3194 1870 3294 1929 per
3351 1852 3724 1913 Salomonem

2007 1943 2259 2001 dicitur:
2311 1964 2339 1997 «
2392 1943 2725 2003 Thesaurus
2764 1942 3160 2002 desiderabilis
3200 1946 3261 2003 in
3304 1960 3403 2004 ore
3448 1944 3720 2018 sapientis

2008 2031 2191 2104 (Prov.
2227 2032 2373 2106 XXI).
2402 2054 2430 2085 »
2467 2035 2697 2092 Aureus
2724 2033 2915 2107 itaque
2942 2033 3054 2092 fuit
3083 2032 3327 2106 vitulus,
3349 2034 3487 2107 quia
3514 2033 3721 2093 mundi

2010 2120 2298 2193 sapientes
2345 2128 2479 2179 ante
2522 2138 2695 2181 novae
2734 2124 2974 2198 gratiam
3012 2121 3145 2180 fidei
3186 2122 3561 2181 dmmoniacze
3592 2123 3722 2182 cul-
3760 2172 3765 2177 .

2009 2217 2160 2269 tura:
2191 2211 2368 2270 fuisse
2413 2211 2729 2285 probantur
2764 2219 3045 2285 auctores,
3084 2211 3153 2269 de
3191 2212 3404 2286 quibus
3441 2211 3722 2271 nimirum

2008 2300 2146 2358 dicit
2207 2301 2560 2375 Apostolus:
2611 2323 2637 2355 «
2681 2301 2825 2370 Quia
2870 2317 3005 2360 cum
3058 2301 3464 2375 cognovissent
3513 2302 3719 2374 Deum,

2008 2403 2124 2445 non
2178 2389 2328 2447 sicut
2407 2389 2592 2447 Deum
2647 2388 3133 2463 glorificaverunt,
3180 2396 3278 2447 aut
3324 2390 3537 2463 gratias
3592 2406 3725 2465 ege-

2010 2484 2187 2548 runt;
2243 2477 2342 2535 sed
2416 2470 2785 2537 evanuerunt
2846 2478 2907 2535 in
2975 2476 3417 2551 cogitationibus
3471 2477 3614 2547 suis,
3671 2484 3726 2538 et
3792 2470 3798 2481 ’

2009 2566 2393 2623 obscuratum
2431 2572 2514 2623 est
2552 2564 2836 2639 insipiens
2873 2580 2969 2623 cor
3009 2580 3231 2637 eorum,
3271 2565 3527 2624 dicentes
3564 2564 3722 2624 enim

2009 2672 2070 2715 se
2122 2672 2243 2715 esse
2295 2656 2603 2729 sapientes,
2652 2655 2812 2714 stulti
2858 2656 2993 2713 facti
3044 2663 3218 2727 sunt;
3250 2662 3305 2713 et
3347 2661 3723 2714 mutaverunt

2009 2746 2255 2820 gloriam
2293 2745 2754 2819 incorruptibilis
2783 2745 2888 2803 Dei
2927 2745 2989 2803 in
3031 2744 3475 2804 similitudinem
3513 2744 3722 2819 imagi-

2009 2839 2103 2895 nis
2138 2836 2536 2910 corruptibilis
2568 2836 2844 2908 hominis,
2888 2843 2944 2894 et
2974 2835 3301 2906 volucrum,
3352 2841 3410 2893 et
3461 2836 3722 2911 quadru-

2010 2928 2227 3001 pedum
2264 2932 2320 2984 et
2362 2926 2716 3000 serpentium
2756 2931 2931 2997 (Rom.
2979 2929 3041 2996 1).
3098 2947 3127 2979 »
3180 2926 3287 2984 Per
3333 2925 3482 2984 banc
3524 2925 3723 2999 itaque

2011 3033 2243 3076 vesanae
2272 3016 2578 3090 sapientize
2602 3017 2916 3076 vanitatem
2936 3025 3137 3091 poetae,
3168 3014 3516 3090 philosophi,
3545 3014 3722 3088 magi,

2020 3109 2275 3167 siderum
2312 3107 2614 3167 rimatores
2639 3108 3022 3179 omniumque
3050 3105 3490 3180 disciplinarum
3520 3106 3725 3165 libera-

2014 3214 2148 3258 rum
2195 3197 2463 3258 instructi
2518 3198 2745 3272 peritia,
2798 3197 3123 3272 prodigiosa
3172 3197 3434 3257 solebant
3486 3197 3725 3256 adorare
3768 3269 3775 3273 .

2013 3289 2292 3365 ﬁgmenta
2322 3290 2771 3349 daemoniorum.
2810 3289 2878 3348 In
2912 3289 3092 3349 vitulo
3122 3290 3300 3364 igitur
3334 3288 3722 3364 signiﬁcatum

213 3375 283 3447 (II
310 3379 433 3435 Cor.
464 3381 543 3448 v).
581 3401 607 3431 »
650 3379 739 3437 Ad
773 3380 923 3438 lianc
961 3379 1287 3438 viventium
1328 3384 1535 3437 terram
1575 3378 1674 3453 ille
1704 3397 1807 3440 nos
1835 3380 1926 3439 di-
2013 3386 2098 3436 est
2146 3386 2331 3438 totum
2376 3396 2605 3453 corpus,
2655 3379 2714 3436 id
2763 3385 2849 3437 est
2893 3379 3084 3438 omnis
3135 3379 3373 3438 societas
3414 3377 3723 3451 gentilium

212 3474 423 3536 gnetur
453 3467 747 3536 inducere,
777 3470 875 3543 qui
919 3475 1085 3526 terrae
1123 3474 1337 3548 nostrae
1374 3468 1637 3527 mortalia
1668 3471 1927 3551 non‘de-
2010 3470 2353 3531 idololatriae
2391 3469 2737 3528 deditorum.
2778 3468 3007 3543 Moyses
3050 3468 3245 3542 itaque
3284 3467 3536 3526 vitulum
3590 3466 3724 3540 igne

216 3556 488 3629 dignatus
516 3564 602 3618 est
645 3560 902 3631 tolerare,
943 3567 1230 3634 quatenus
1259 3560 1341 3619 sic
1378 3559 1460 3617 ibi
1497 3560 1637 3619 lacte
1668 3567 1724 3620 et
1754 3563 1927 3623 melle
2014 3560 2360 3620 combussit:
2409 3561 2545 3633 quia
2590 3558 2939 3632 Redemptor
2979 3563 3192 3628 noster,
3250 3571 3427 3631 quem
3490 3554 3589 3613 ille
3641 3553 3723 3611 si-

217 3662 524 3706 vescamur
568 3654 633 3706 ut
683 3649 994 3708 Salvatoris
1044 3649 1221 3708 nostri
1274 3648 1579 3722 praesentia
1626 3657 1681 3706 et
1732 3650 1925 3710 melli-
2012 3656 2305 3723 gnaverat,
2346 3648 2497 3727 male
2549 3648 2873 3722 conspirata
2918 3646 3087 3705 corda
3128 3644 3437 3719 gentilium
3489 3645 3725 3703 ﬂamma

214 3734 327 3795 ﬂua
384 3737 708 3797 divinitatis
757 3738 884 3813 ejus
923 3740 1228 3799 dulcedine
1276 3739 1570 3798 satiemur.
1626 3740 1737 3810 Qui
1788 3758 1926 3801 cum
2014 3757 2137 3799 suae
2186 3739 2480 3798 cbaritatis
2526 3739 2803 3797 accendit.
2857 3737 3021 3795 Unde
3062 3742 3117 3818 et
3140 3736 3261 3811 ipse
3287 3736 3405 3794 ait:
3443 3758 3464 3784 ι
3521 3734 3724 3809 Ignem

216 3825 330 3885 Deo
392 3827 579 3899 Patre,
637 3836 693 3887 et
746 3830 967 3903 Spiritu
1020 3836 1215 3889 sancto
1263 3830 1429 3902 vivit,
1478 3835 1533 3887 et
1576 3837 1779 3901 regnat
1824 3848 1927 3906 per
2014 3829 2149 3889 veni
2179 3828 2406 3886 mittere
2438 3828 2498 3885 in
2540 3834 2775 3899 terram,
2822 3834 2876 3884 et
2905 3823 3045 3900 quid
3077 3825 3226 3892 volo,
3267 3823 3406 3882 nisit
3425 3830 3489 3883 ut
3517 3839 3721 3882 accen-

217 3918 410 3977 omnia
439 3919 655 3978 saecula
683 3920 1051 3980 saeculorum.
1087 3922 1296 3978 Amen.
2012 3916 2234 3977 datur?
2262 3920 2410 3987 (Luc.
2450 3920 2581 3986 xu.)
2609 3940 2635 3966 ιι
2672 3915 2742 3973 Et
2780 3915 3100 3988 Propheta:
3145 3934 3172 3963 α
3215 3912 3343 3971 Non
3371 3917 3474 3983 est,
3508 3911 3721 3986 inquit,

870 4018 1120 4078 SEBMO
1152 4019 1253 4076 ΙΙΙ.

355 4116 431 4162 DE
462 4116 686 4164 SANCTO
712 4117 1032 4246 amsz‘asm
1078 4116 1363 4244 MONA)CHO
1394 4116 1464 4161 ET
1502 4115 1785 4164 MARTYRE

744 4198 749 4205 '
892 4190 1001 4235 XXI
1040 4189 1220 4235 MART.
1257 4220 1270 4233 .

744 4198 749 4205 '
870 4190 1001 4235 (XXI
1040 4190 1270 4235 MART.).

2013 4007 2116 4081 qui
2158 4022 2218 4064 se
2273 4005 2585 4064 abscondat
2634 4022 2669 4064 a
2717 4005 2905 4064 calore
2949 3994 3077 4080 ejus
3123 4005 3290 4077 (Psal.
3339 4005 3531 4073 XVIII).
3574 4021 3604 4055 η
3653 4000 3724 4059 In

2014 4102 2207 4153 mente
2253 4111 2389 4168 ergo
2427 4094 2735 4169 gentilium
2778 4100 3009 4167 repente
3055 4093 3294 4152 divinus
3335 4091 3487 4164 ignis
3527 4105 3731 4150 accen-

2014 4184 2190 4254 ditur,
2246 4184 2430 4243 utin
2483 4184 2566 4242 eis
2620 4182 3028 4242 irrationabilis
3078 4180 3420 4240 idololatrim
3469 4178 3728 4238 bestialis

282 4264 372 4321 Ad
411 4264 748 4337 pulchrum,
782 4264 983 4323 fratres
1021 4263 1368 4335 cliarissimi,
1410 4264 1791 4323 convenimus
1820 4265 1926 4323 bo-
2015 4273 2199 4330 forma
2228 4271 2503 4329 solvatur.
2538 4272 2749 4331 Totum
2775 4269 2982 4328 deinde
3019 4285 3227 4343 corpus
3251 4266 3421 4326 vituli
3455 4266 3633 4341 hujus
3661 4264 3724 4323 in

213 4351 419 4411 dierna
443 4354 752 4413 festivitate
776 4355 1185 4428 spectaculum,
1216 4369 1353 4411 cum
1383 4352 1698 4412 viderimus
1723 4370 1927 4412 verum
2015 4360 2321 4436 pulverem
2387 4360 2826 4429 comminuitur,
2882 4359 3021 4433 quia
3067 4358 3301 4432 gentilis
3344 4357 3446 4415 illa
3485 4356 3725 4415 societas

211 4440 405 4500 David
447 4451 707 4502 nostrum
746 4445 1001 4518 praedam
1041 4446 1111 4502 de
1159 4443 1382 4502 cruenti
1434 4444 1614 4501 leonis
1656 4444 1989 4523 faucibus“
2018 4450 2318 4509 diaboliCte
2371 4447 2812 4523 conspirationis
2848 4447 2911 4505 in
2964 4463 3151 4506 unum
3188 4453 3308 4505 arte
3354 4446 3617 4515 conﬂata,
3652 4443 3725 4502 ad

210 4531 533 4603 rapientem
592 4535 637 4605 (Ι
686 4538 817 4603 Reg.
876 4534 1039 4605 xvn),
1086 4533 1203 4590 imo
1248 4547 1382 4590 cum
1421 4532 1571 4591 lasso
1627 4548 1806 4609 puero
1856 4531 2347 4597 de”adventum.
2392 4535 2602 4593 Christi
2658 4533 2906 4608 quodam
2957 4532 3115 4591 velut
3165 4532 3369 4590 malleo
3408 4531 3724 4591 salutiferas

211 4620 674 4679 Amalecitarum
734 4622 935 4680 cuneis
1015 4621 1398 4680 invictissime
1472 4621 1926 4696 triumphantem
2016 4624 2393 4698 correptionis
2439 4628 2645 4681 extusa
2684 4628 2857 4694 atque
2900 4636 2934 4677 a
2975 4619 3181 4693 rigoris
3228 4618 3321 4677 sui
3368 4618 3581 4676 duritia
3640 4619 3723 4677 di-

216 4708 260 4777 (I
286 4712 423 4777 Reg.
466 4712 587 4782 xv).
619 4710 820 4769 Beatus
862 4711 1017 4769 enim
1063 4710 1426 4781 Anastasius,
1472 4717 1537 4769 ut
1583 4711 1707 4785 ejus
1756 4716 1927 4768 testa—
2016 4712 2141 4771 vini
2170 4709 2331 4770 verbi
2366 4717 2450 4768 est
2478 4711 2693 4767 virtute
2725 4707 2986 4765 contrita.
3022 4707 3111 4764 Ad
3156 4705 3398 4764 verbum
3434 4704 3724 4778 siquidem

211 4800 312 4851 tur
350 4796 611 4867 historia,
648 4799 805 4872 magi
849 4799 1069 4857 exstitit
1110 4797 1288 4869 illius,
1316 4805 1371 4856 et
1407 4800 1661 4872 paternis
1691 4797 1930 4871 insuper
2018 4799 2273 4859 veritatis
2315 4797 2622 4857 salubriter
2658 4794 3098 4865 comminuitur,
3138 4809 3270 4868 quae
3311 4792 3461 4851 male
3501 4792 3727 4866 integra

216 4879 410 4939 fuerat
448 4885 763 4957 sacrilegiis
800 4886 1118 4945 institutus.
1174 4886 1384 4944 Leonis
1445 4886 1624 4959 igitur
1658 4885 1931 4943 faucibus
2016 4890 2078 4947 in
2136 4889 2429 4963 superbiae
2482 4887 2665 4947 forma
2724 4884 3139 4944 insensibililer
3193 4889 3340 4941 stare
3398 4881 3721 4940 videbatur.

212 4972 542 5044 tenebatur,
573 4989 707 5031 cum
747 4974 1040 5048 sacrilega:
1088 4974 1227 5032 artis
1276 4974 1580 5049 praestigiis
1628 4980 1925 5045 uteretur;
2016 4979 2236 5039 Deinde
2295 4978 2356 5036 in
2406 4992 2619 5051 aquam
2664 4974 2970 5051 spargitur,
3021 4981 3084 5032 ut
3131 4970 3478 5029 Israeliticus
3531 4985 3605 5028 ex
3658 4984 3725 5028 eo

212 5057 315 5115 sed
372 5062 572 5121 fortior
626 5064 1040 5137 superveniens
1080 5065 1217 5123 vicit
1258 5063 1584 5136 inimicum,
1632 5069 1687 5121 et
1734 5062 1932 5122 omnia
2018 5068 2268 5144 populus
2289 5066 2468 5126 bibat.
2493 5067 2900 5125 Comminutus
2922 5061 3172 5133 denique
3190 5060 3408 5118 vitulus
3429 5059 3490 5117 in
3511 5073 3727 5133 aquam

212 5164 404 5221 arma,
427 5151 485 5209 in
508 5152 725 5227 quibus
746 5153 1084 5224 conﬁdebat,
1119 5153 1356 5212 abstulit
1387 5159 1535 5225 (Luc.
1572 5159 1697 5222 X1):
1735 5151 1932 5226 sicque
2018 5158 2282 5227 mittitur,
2334 5157 2471 5231 quia
2501 5155 2845 5214 humiliatus
2889 5150 3122 5224 gentilis
3181 5148 3452 5223 populus,
3498 5148 3728 5207 lavacro

213 5255 393 5300 ovem
438 5254 722 5304 errantem
762 5247 833 5305 ad
862 5248 1014 5305 ovile
1058 5246 1362 5321 prOprium
1412 5244 1721 5321 reportavit
1750 5247 1928 5319 (Joan.
2017 5246 2305 5306 salutiferi
2359 5245 2533 5303 fontis
2581 5258 2812 5303 necesse
2860 5248 2944 5299 est
2988 5238 3276 5297 abluatur.
3322 5239 3503 5307 Quem
3552 5239 3727 5309 proti-

216 5338 302 5401 xl.
338 5335 527 5396 Stulta
557 5339 797 5413 quidem
830 5338 1036 5397 mundi
1064 5337 1236 5412 elegit
1261 5338 1432 5408 Deus,
1463 5343 1527 5395 ut
1554 5337 1933 5396 confunderet
2016 5353 2127 5395 nus
2161 5333 2711 5425 Israelitzebibunt,
2732 5330 2869 5404 quia
2895 5327 3077 5386 sancti
3106 5326 3518 5425 praedicatores
3536 5325 3731 5425 Evan-

215 5424 510 5497 sapientes
551 5432 603 5499 (Ι
647 5430 764 5486 Cor.
816 5432 900 5498 1):
942 5427 1039 5487 sed
1085 5434 1140 5486 et
1183 5427 1232 5485 si
1282 5442 1427 5501 quos
1460 5427 1669 5500 reperit
1711 5427 1931 5500 sapien-
2015 5425 2178 5502 gelii,
2205 5423 2308 5499 qui
2349 5422 2471 5515 veri
2519 5419 2812 5515 Israelilm
2845 5425 3000 5515 sunt,
3051 5432 3195 5515 quos
3243 5416 3325 5515 ad.
3356 5413 3728 5475 Dominicum

218 5522 325 5586 tes,
374 5517 532 5589 prius
558 5535 655 5578 eos
678 5534 711 5577 a
744 5534 892 5579 vano
930 5518 1195 5593 superbae
1225 5516 1522 5593 sapientia:
1558 5533 1681 5577 suas
1712 5523 1934 5577 tumore
2016 5531 2245 5590 corpus,
2285 5512 2440 5587 quod
2478 5516 2563 5570 est
2599 5507 2874 5579 Ecclesia,
2915 5506 3269 5565 transferunt
3311 5506 3375 5565 in
3403 5521 3509 5565 sua
3537 5519 3725 5564 mem-

217 5606 457 5683 dejecit,
487 5627 554 5670 ac
589 5608 861 5685 deinceps
886 5611 949 5671 in
988 5610 1389 5671 auctoritatem
1422 5608 1619 5670 liberte
1653 5607 1933 5684 praedica—
2015 5606 2119 5665 bra
2156 5600 2521 5678 suscipiendo
2562 5597 2727 5676 quasi
2765 5595 3015 5656 bibendo
3055 5600 3419 5656 convertunt.
3460 5593 3722 5664 Quorum
