4024 6198
314 347 420 408 519

932 348 991 410 S.
1032 343 1257 409 PETRI
1296 349 1618 410 DAMIANI
1656 346 1813 410 OPP.
1860 340 2049 409 PARS
2090 340 2228 410 SEU
2268 349 2520 411 TOMUS
2558 344 2636 410 ΙΙ.
2675 381 2744 394 —-
2787 342 3202 409 SERMONES.

3713 341 3823 410 5Ξο

315 477 582 535 videlicet
618 475 1012 535 Israelitarum
1052 477 1236 548 primo
1275 474 1488 535 dictum
1523 482 1646 534 est:
1690 501 1717 526 «
1758 475 1938 533 Macta
1966 476 2081 534 etA
2105 475 2361 533 surrexit
2389 491 2543 534 vera
2572 473 2702 532 fidei
2735 472 3119 543 Christianus,
3163 480 3434 548 tantoque
3461 475 3645 532 sancti
3683 474 3822 549 Spi-

321 565 604 623 manduca
637 565 783 634 (Act.
822 571 906 628 X).
953 587 978 613 υ
1021 562 1180 633 Quod
1225 563 1581 622 tantumdem
1621 572 1704 621 est
1739 579 1804 622 ac
1843 564 1887 621 si
1929 563 2019 620 di-

316 662 577 712 ceretur:
611 653 756 711 Tere
785 659 841 708 et
870 652 1017 710 bibe.
1061 652 1174 723 Sic,
1205 655 1286 711 sic
1319 653 1415 711 ille
1444 654 1664 713 vitulus
1693 670 1794 727 per
1825 655 2017 727 ignem

317 743 446 811 zeli,
495 752 550 801 et
581 743 764 800 aciem
806 742 965 801 verbi
1021 759 1349 819 aquamque
1407 745 1763 817 baptismatis
1809 745 1881 801 ab
1937 746 2020 802 eis

318 831 506 905 potius
548 831 850 904 absorptus
899 839 983 889 est
1031 847 1178 904 quos
1242 839 1483 891 conatus
1525 839 1610 891 est
1671 832 2016 901 absorbere;

313 923 377 980 in
410 938 506 981 eos
556 922 674 996 ipse
706 925 1029 982 transfusus
1069 932 1153 983 est
1180 941 1325 999 quos
1368 926 1427 983 in
1470 941 1593 997 sua,
1631 927 1735 984 hoc
1779 932 1862 984 est
1893 926 2016 984 dia-

312 1010 514 1076 bolica,
560 1017 878 1070 tentaverat
916 1013 1172 1072 membra
1214 1016 1543 1073 transferre.
1581 1015 2017 1083 Verumtamen,

313 1097 451 1171 quia
499 1098 726 1172 Moyses
775 1114 887 1157 non
937 1101 994 1157 in
1052 1101 1161 1159 hoc
1217 1107 1429 1160 metam
1477 1102 1719 1161 ultionis
1758 1102 1906 1170 fixit,
1958 1109 2018 1159 ut

312 1186 534 1245 idolum
573 1190 858 1247 duntaxat
899 1190 1253 1265 infringeret,
1297 1192 1394 1250 sed
1432 1192 1671 1265 insuper
1707 1192 1926 1250 addidit
1957 1199 2021 1249 ut

312 1283 367 1333 et
422 1276 632 1348 viginti
696 1276 799 1334 tria
856 1278 1043 1336 millia
1090 1280 1393 1340 hominum
1451 1282 1758 1339 trucidaret
1814 1283 2014 1351 (Emod.

312 1375 534 1438 XXXII),
564 1368 801 1441 mystice
823 1367 1019 1427 docuit
1042 1386 1411 1444 nequaquam
1441 1369 1534 1424 14
1558 1370 1838 1441 sufﬁcere,
1871 1371 1919 1428 si
1946 1371 2019 1427 ab

310 1453 653 1512 idololatria
694 1456 876 1526 cultu,
919 1457 1009 1514 vel
1062 1459 1342 1530 pravitate
1386 1458 1521 1516 vita
1572 1458 1826 1533 quisque
1876 1476 2015 1517 con-

312 1543 578 1616 vertitur,
637 1543 745 1603 nisi
786 1552 841 1602 et
887 1547 1114 1619 propria
1158 1546 1296 1603 vitia
1336 1546 1527 1619 gladio
1581 1548 1817 1619 spiritus
1862 1564 2017 1605 mor-

313 1631 530 1689 titicare
600 1636 856 1688 conetur.
948 1631 1107 1690 Unde
1182 1640 1238 1691 et
1305 1634 1644 1706 pradicator
1706 1635 2012 1709 egregius:

313 1741 340 1773 ‹‹
384 1718 738 1787 Mortificate,
769 1720 986 1793 inquit,
1020 1722 1279 1780 membra
1321 1728 1525 1782 vestra.
1577 1739 1708 1796 qua
1747 1732 1880 1783 sunt
1919 1742 2017 1784 su-

2101 564 2248 622 ritus
2272 564 2405 635 igne
2435 579 2747 623 succensus
2776 569 2881 631 est,
2914 570 2977 620 ut
3004 562 3066 619 in
3093 563 3219 634 ipso
3254 577 3391 621 mox
3423 579 3543 622 sua
3571 578 3826 623 conver-

2101 654 2280 712 sionis
2322 654 2562 712 exordio
2602 652 2863 725 protinus
2917 652 3258 725 martyrium
3316 653 3531 710 anxius
3588 669 3826 728 quare-

2103 752 2204 813 ret,
2245 745 2315 803 ad
2355 745 2617 818 martyrii
2655 751 2943 803 certamen
2983 744 3115 802 totis
3153 744 3473 803 visceribus
3511 750 3823 803 astuaret.

2102 839 2249 909 Quid
2289 839 2498 911 plura?
2525 838 2778 897 Tandem
2814 837 2883 895 ad
2909 836 3161 910 judicem
3193 842 3424 900 tractus.
3458 836 3628 895 modo
3658 836 3829 893 blan.

2101 929 2261 986 ditiis
2313 934 2647 997 attentatur,
2700 926 2869 984 modo
2918 926 3212 984 minarum
3265 923 3668 998 asperitatibus
3723 923 3826 980 de-

2104 1022 2387 1083 terretur;
2422 1014 2519 1072 sed
2568 1015 2733 1071 miles
2778 1012 3011 1081 Christi,
3058 1013 3156 1086 qui
3206 1027 3385 1083 supra
3432 1012 3658 1068 firmam
3720 1026 3826 1082 pe-

2105 1110 2247 1162 tram
2284 1103 2417 1161 fidei
2457 1118 2579 1160 sua
2624 1101 2997 1160 fundamenta
3034 1107 3318 1173 posuerat,
3361 1098 3514 1157 inter
3553 1099 3829 1157 minaces

2102 1193 2314 1251 ﬂuctus
2369 1199 2423 1250 et
2473 1190 2858 1266 procellarum
2909 1188 3508 1247 circumfrementium
3551 1186 3829 1245 turbines

2102 1280 2424 1339 immobilis
2460 1278 2816 1352 pcrsistebat,
2851 1276 3170 1350 eodemque
3209 1275 3404 1334 animo
3442 1281 3497 1333 et
3530 1275 3828 1348 despicies

2102 1370 2198 1430 bat
2222 1386 2489 1444 prospera
2518 1378 2573 1428 et
2602 1369 2852 1429 calcabat
2879 1367 3156 1438 adversa;
3206 1380 3389 1439 eoque
3428 1365 3599 1424 modo
3631 1364 3827 1422 bella-

2105 1467 2192 1519 tor
2237 1468 2510 1518 strenuus
2550 1458 2796 1532 pellebat
2838 1474 2872 1514 a
2923 1455 3266 1530 pavidorum
3308 1461 3497 1512 mente
3547 1452 3830 1513 formidi-

2104 1566 2260 1615 nem,
2302 1556 2358 1607 et
2403 1550 2572 1607 rudes
2628 1556 2899 1621 tyronum
2943 1544 3170 1602 animos
3212 1542 3283 1600 ad
3337 1558 3579 1616 agonem
3629 1540 3833 1600 divini

2102 1640 2434 1698 certaminis
2477 1637 2841 1695 accendebat.
2879 1634 3041 1705 Quod
3088 1635 3261 1693 etiam
3298 1649 3399 1708 per
3446 1631 3537 1688 15
3574 1631 3831 1705 Moysen

2104 1727 2162 1785 in
2204 1728 2326 1800 lege
2370 1732 2719 1801 praceptum
2766 1732 2851 1782 est
2889 1748 2901 1783 :
2950 1747 2975 1773 α
3026 1722 3555 1796 Appropinquante,
3600 1721 3832 1795 inquit,

313 1826 415 1887 per
452 1817 680 1879 terram,
710 1809 1168 1881 fornicationem,
1202 1810 1660 1884 immunditiam,
1697 1813 2014 1884 luxuriam,
2045 1823 2091 1882 B
2101 1817 2221 1890 jam
2255 1816 2456 1889 pralio
2490 1815 2664 1872 stabit
2694 1812 2956 1871 sacerdos
2990 1818 3121 1870 ante
3158 1812 3364 1878 aciem,
3404 1817 3459 1868 et
3494 1810 3578 1868 sic
3618 1810 3833 1883 loque-

310 1897 832 1973 concupisce‘ntiam
868 1900 1078 1957 malam
1109 1907 1163 1958 et
1191 1900 1516 1971 avaritiam,
1553 1917 1688 1974 qua
1726 1910 1811 1959 est
1838 1900 2019 1961 idolo-

317 2004 445 2047 rum
476 1987 728 2047 servitus
758 1990 890 2058 (Col.
934 1995 1040 2058 Ill).
1080 2010 1107 2042 »

384 2080 455 2137 Et
494 2080 809 2138 notandum
849 2081 987 2153 quia
1024 2081 1173 2140 sicut
1213 2082 1305 2141 hic
1346 2083 1486 2141 vitia
1528 2083 1787 2141 membra
1829 2089 2022 2141 nostra

309 2185 437 2229 esse
474 2170 767 2239 dicuntur,
799 2171 876 2229 ita
915 2178 970 2229 et
1004 2171 1124 2230 illic
1167 2173 1445 2247 perempti
1483 2180 1639 2244 sunt,
1679 2190 1810 2231 cum
1853 2173 2023 2230 inter-

316 2258 631 2318 fectoribus
678 2257 801 2317 suis
839 2260 1283 2333 propinquitatis
1339 2261 1766 2320 necessitudine
1810 2261 2021 2335 junge-

316 2347 548 2405 bantur.
590 2347 750 2406 Sicut
795 2363 893 2421 per
944 2347 1177 2421 Moysen
1211 2350 1422 2408 dictum
1476 2357 1561 2409 est
1599 2374 1610 2408 :
1660 2377 1686 2399 «
1719 2350 1857 2408 Hac
1885 2350 2024 2408 dicit

314 2434 611 2495 Dominus
649 2434 800 2493 Deus
857 2436 1078 2494 Israel:
1144 2437 1324 2496 Ponat
1383 2438 1471 2497 vir
1530 2436 1787 2511 gladium
1850 2455 2028 2509 super-

316 2523 512 2581 femur
535 2538 705 2581 suum
735 2542 750 2593 ;
782 2522 876 2592 ite,
911 2533 965 2581 et
998 2525 1178 2582 redite
1206 2525 1277 2582 de
1307 2533 1466 2599 porta
1495 2542 1680 2600 usque
1713 2527 1777 2583 in
1801 2534 2023 2599 portam

312 2627 413 2686 per
446 2611 702 2669 medium
737 2621 1077 2682 castrorum,
1117 2620 1173 2671 et
1204 2613 1422 2672 occidat
1459 2615 1867 2689 unusquisque
1909 2616 2023 2672 fia-

314 2710 480 2774 trem,
510 2710 565 2761 et
585 2703 835 2761 amicum
859 2712 914 2760 et
940 2706 1273 2776 proximum
1308 2720 1482 2763 suum
1511 2708 1705 2774 (Emod.
1740 2711 1958 2774 XXXII).
1994 2727 2021 2758 »

316 2793 377 2851 Si
424 2809 599 2868 quem
643 2790 777 2867 ergo
815 2794 1055 2852 delectat
1103 2795 1163 2851 in
1225 2812 1384 2853 arma
1444 2812 1812 2870 consurgere,
1862 2797 2025 2871 quis—

318 2880 452 2954 quis
505 2880 738 2939 anhelat
793 2880 1073 2940 advcrsus
1143 2882 1396 2942 hostium
1457 2899 1672 2943 cuneos
1727 2885 2022 2956 dimicare,

321 2976 501 3027 vertat
540 2983 749 3028 manus
776 2968 839 3027 in
870 2984 951 3042 se,
985 2978 1040 3029 et
1074 2970 1195 3030 illic
1234 2973 1429 3045 plures
1459 2973 1715 3032 inveniet
1753 2974 2024 3032 adversa-

314 3060 430 3118 rios
488 3059 934 3130 obtruncandos,
995 3062 1152 3120 unde
1223 3063 1489 3122 videlicet
1545 3071 1669 3137 post
1724 3064 2024 3122 victoriam

2108 1911 2201 1962 tur
2224 1906 2292 1963 ad
2326 1905 2605 1978 populum
2638 1927 2649 1960 :
2681 1902 2856 1970 Audi,
2888 1901 3081 1961 Israel.
3115 1900 3228 1958 Vos
3256 1900 3428 1959 hodie
3467 1906 3670 1957 contra
3709 1898 3833 1956 ini-

2110 1993 2286 2051 micos
2318 2000 2533 2051 vestros
2576 2007 2833 2066 pugnam
2877 1989 3254 2060 committitis,
3300 2005 3416 2047 non
3456 1988 3834 2063 pertimescat

2107 2098 2204 2140 cor
2261 2088 2539 2151 vestrum,
2591 2081 2765 2139 nolite
2836 2087 3114 2149 metuere,
3171 2078 3348 2137 nolite
3426 2076 3647 2146 cedere,
3726 2092 3834 2134 nec

2110 2171 2430 2230 formidetis
2476 2186 2590 2240 eos,
2625 2170 2763 2243 quia
2804 2168 3087 2227 Dominus
3122 2168 3273 2227 Deus
3313 2175 3499 2226 vester
3535 2166 3597 2224 in
3630 2165 3834 2223 medio

2108 2262 2280 2321 vestri
2324 2267 2410 2320 est
2440 2268 2496 2319 et
2544 2276 2643 2333 pro
2676 2259 2835 2319 vobis
2866 2265 3062 2317 contra
3089 2257 3446 2316 adversarios
3493 2254 3832 2324 dimicabit,

2108 2361 2171 2414 ut
2194 2359 2361 2412 eruat
2387 2368 2489 2412 vos
2528 2352 2599 2410 de
2630 2350 2886 2426 periculo
2915 2352 3085 2424 (Deut.
3120 2350 3244 2423 xx).
3288 2370 3316 2403 »

2182 2444 2250 2502 Et
2294 2445 2615 2503 notandum
2646 2441 2799 2517 quod
2832 2441 3113 2511 sacerdos,
3164 2440 3267 2513 qui
3318 2439 3666 2497 imminente
3701 2439 3833 2510 jam

2106 2532 2260 2591 bello
2301 2531 2691 2599 concinnatur,
2746 2545 2863 2589 non
2906 2529 3065 2597 alibi,
3119 2528 3217 2586 sed
3263 2536 3395 2587 ante
3442 2527 3626 2586 aciem
3666 2535 3832 2584 stare

2108 2623 2461 2697 pracipitur,
2491 2626 2553 2679 ut
2582 2618 2845 2678 videlicet
2872 2634 2968 2677 eos
3013 2618 3083 2675 ad
3117 2632 3393 2692 pugnam,
3423 2631 3569 2690 quos
3596 2614 3830 2673 adhor-

2110 2712 2425 2770 tationibus
2450 2716 2739 2783 provocat,
2781 2709 2905 2782 ipse
2944 2723 3174 2781 quoque
3204 2706 3462 2781 pravius
3495 2705 3831 2775 antecedat,

2110 2819 2181 2859 ne
2218 2802 2358 2860 dum
2396 2800 2540 2859 alios
2574 2800 2644 2857 ad
2678 2798 2897 2858 bellum
2939 2797 3236 2871 impellere
3280 2797 3508 2865 nititur,
3550 2794 3674 2868 ipse
3722 2794 3832 2853 de-

2107 2888 2305 2962 generi
2363 2888 2605 2962 torporis
2666 2886 2782 2945 otio
2830 2902 2932 2960 per
2989 2884 3402 2958 negligentiam
3473 2880 3829 2940 resolvatur.

2111 2975 2274 3035 Sicut
2313 2976 2382 3033 de
2426 2975 2773 3049 quibusdam
2823 2989 3030 3046 magna
3060 2972 3295 3047 quidem
3341 2969 3825 3045 pradicantibus,

2108 3066 2206 3124 sed
2249 3064 2531 3145 desidiose
2587 3063 2939 3133 viventibus,
2993 3078 3095 3136 per
3149 3060 3488 3133 Prophetam
3543 3059 3771 3118 dicitur
3814 3079 3828 3118 :

228 3276 233 3281 -
312 3236 502 3311 potius
559 3237 946 3309 triumphator
989 3247 1273 3313 appareat,
1326 3242 1480 3300 unde
1527 3247 1679 3300 certe
1718 3257 1834 3300 non
1888 3256 2023 3299 san-

320 3164 433 3245 non
473 3147 779 3245 homicida
812 3148 1029 3208 t'cedum
1062 3165 1272 3209 nomen
1299 3152 1573 3223 incurrat,
1612 3152 1711 3211 sed
1738 3151 2078 3247 gloriosusc
2112 3186 2138 3209 «
2174 3159 2305 3217 Filii
2344 3159 2593 3233 Ephrem
2637 3158 3001 3216 intendentes
3046 3172 3249 3215 arcum
3288 3164 3342 3215 et
3383 3155 3675 3213 mittentes
3736 3170 3835 3213 sa-

2108 3252 2279 3326 gittas
2294 3268 2426 3310 suas
2451 3250 2708 3309 conversi
2733 3256 2869 3307 sunt
2896 3248 2955 3305 in
2980 3247 3072 3305 die
3094 3247 3228 3305 belli
3254 3248 3476 3319 (Psalm.
3498 3248 3769 3311 LXXVII).
3804 3268 3827 3294 ο

316 3326 522 3384 ctuarii
560 3333 849 3385 mereatur
895 3328 1131 3386 excludi
1170 3328 1494 3400 liminibus,
1534 3330 1634 3388 sed
1684 3344 2026 3389 consuemus
2108 3339 2217 3410 Qui
2270 3340 2426 3398 enim
2465 3338 2742 3397 adversus
2788 3336 3064 3395 vitiorum
3110 3335 3454 3393 mutationes
3496 3332 3570 3390 ad
3608 3331 3833 3390 conﬂi-

315 3416 690 3489 semetipsum
721 3416 984 3489 Domino,
1027 3418 1245 3477 divina
1281 3419 1482 3494 gratia
1530 3418 1973 3478 benedictionibt

2182 3445 2264 3487 1m
2296 3428 2440 3486 alios
2467 3434 2797 3501 provocant,
2838 3424 2937 3483 sed
2961 3425 3268 3496 conﬂigere
3298 3421 3409 3496 ipsi
3439 3421 3551 3479 sub
3573 3419 3834 3494 ignobili

312 3514 623 3578 augeatur;
677 3506 824 3564 Sicut
861 3513 918 3564 et
967 3505 1088 3565 illis
1135 3507 1356 3566 dictum
1395 3515 1510 3566 est:
1558 3531 1583 3558 ιι
1618 3508 2024 3578 COHSBCFaSliS.
2109 3515 2348 3574 desidia
2404 3515 2680 3587 languore
2750 3514 3082 3580 detrectant,
3141 3511 3183 3568 ii
3247 3510 3530 3569 nimirum
3582 3508 3833 3582 sagittas

316 3591 527 3665 inquit,
584 3607 793 3651 manus
843 3601 1060 3653 vestras
1101 3595 1273 3654 hodie
1315 3596 1582 3665 Domino,
1624 3597 2027 3672 unusquisque
2109 3605 2345 3679 quidem
2382 3602 2660 3675 dirigunt,
2714 3601 2811 3659 sed
2854 3606 2976 3674 post
3024 3606 3178 3672 terga
3212 3597 3497 3667 conversi,
3537 3610 3832 3654 consum-

310 3681 373 3738 in
436 3680 557 3739 lilio
613 3690 669 3739 et
729 3684 901 3741 fratre
959 3699 1101 3754 suo;
1156 3689 1219 3742 ut
1268 3684 1437 3744 detur
1492 3685 1655 3744 vobis
1706 3685 1973 3743 benedict:

2182 3700 2281 3750 ita
2317 3691 2571 3749 victoria
2602 3688 2796 3748 titulos
2826 3704 2937 3747 non
2973 3692 3304 3757 merentur;
3338 3700 3442 3743 nec
3473 3684 3556 3743 eis
3586 3683 3835 3757 prodest

314 3770 522 3838 (Ιδίά-ὶο
569 3794 595 3817 ι’
659 3771 823 3840 Quod
864 3779 1061 3829 autem
1100 3772 1141 3830 ii
1182 3773 1282 3847 qui
1326 3773 1460 3831 CiBSi
1507 3780 1642 3832 sunt
1683 3773 1887 3847 Viginti
1922 3773 2029 3831 tria
2110 3784 2265 3858 quod
2298 3783 2444 3840 bene
2482 3785 2791 3853 caperant,
2832 3778 2973 3852 quia
3010 3792 3124 3835 non
3159 3791 3346 3851 usque
3370 3774 3440 3832 ad
3475 3773 3654 3832 finem
3693 3787 3831 3830 ma-

312 3858 495 3916 millla
542 3860 722 3917 misse
768 3861 1165 3934 Perhibent”,
1219 3877 1498 3921 "umerus
1548 3863 1723 3921 trium
1771 3862 2028 3920 millium
2108 3869 2459 3945 gnanimiter
2508 3874 2897 3942 perseverant.
2957 3864 3113 3924 Unde
3162 3871 3218 3922 et
3264 3864 3337 3921 de
3386 3860 3503 3919 illis
3554 3860 3833 3934 protinus

313 3954 741 4020 peremptorum
783 3948 1064 4022 triplicem
1102 3950 1350 4007 formam
1388 3950 1606 4009 indicat
1644 3960 2024 4024 Ρθίῖεθῐονωηο
2108 3959 2409 4033 sequitur:
2459 3980 2485 4004 ‹‹
2532 3954 2656 4013 Non
2701 3953 3102 4012 custodierunt
3153 3958 3561 4010 testamentum
3613 3949 3717 4007 Dei
3772 3955 3833 4008 et

315 4034 500 4094 Omne
548 4035 761 4110 quippe
808 4045 1106 4110 peccatum
1152 4046 1255 4096 aut
1302 4038 1471 4110 facto,
1523 4046 1624 4098 aut
1677 4041 1875 4113 verbo,
1932 4058 1973 4100 ai

2203 4047 2327 4121 lege
2363 4047 2489 4121 ejus
2525 4045 2835 4102 noluerunt
2864 4042 3165 4101 ambulare
3196 4043 3403 4111 (ΠΜ).
3444 4061 3471 4093 »
3512 4043 3597 4097 Ac
3639 4041 3690 4097 si
3730 4039 3833 4097 di-

317 4124 659 4196 cogitatione
707 4125 1143 4183 committimus.
1189 4124 1299 4184 Sed
1344 4127 1623 4200 quoniam
1664 4128 1787 4186 illic
1830 4136 1884 4187 et
1927 4131 2028 4189 de-
2109 4143 2279 4200 ceret,
2340 4138 2720 4206 susceperunt
2767 4132 3002 4205 quidem
3058 4135 3486 4208 testamentum,
3548 4129 3645 4187 sed
3704 4144 3833 4187 non

320 4215 520 4273 uarius
549 4231 831 4277 numerus
856 4218 1201 4290 geminatur,
1230 4218 1673 4292 daturintelligi
1701 4220 1858 4293 quia,
1882 4221 2030 4281 sicut
2109 4225 2504 4284 custodierunt
2533 4241 2546 4292 ;
2578 4228 2898 4297 posuerunt
2928 4222 2989 4278 in
3022 4221 3143 4293 lege
3176 4220 3376 4293 pedem
3420 4234 3519 4292 per
3557 4218 3828 4287 initium,

322 4306 671 4379 Decalogum
710 4315 1124 4382 praceptorum
1163 4309 1331 4384 culpa
1368 4311 1558 4369 carnis
1591 4310 1767 4369 simul
1806 4318 1861 4369 et
1896 4311 2029 4370 ani-

322 4412 436 4454 ma
462 4411 693 4453 servare
725 4399 1196 4470 contempsimus,
1225 4398 1308 4455 sic
1338 4398 1525 4456 etiam“
1548 4397 1852 4474 utriusque
1889 4398 2029 4457 vitia

325 4487 608 4547 virtutum
631 4487 811 4545 armis
839 4493 1079 4546 atterere
1116 4495 1172 4545 et
1202 4490 1548 4548 mortificare
1579 4490 1876 4548 debemus.

388 4575 598 4637 Beatus
646 4574 827 4649 igitur
881 4577 1218 4635 Anastasius
1277 4583 1416 4635 tunc
1468 4593 1691 4651 magus,
1748 4583 2022 4651 tanquam

316 4681 529 4724 aureus
560 4665 782 4723 vitulus
822 4665 1099 4723 contritus
1129 4672 1213 4723 est
1251 4665 1460 4723 malleo
1514 4664 1939 4738 pradicationis
1970 4672 2026 4722 et

322 4757 653 4813 transfusus
690 4760 778 4811 est
812 4753 872 4810 in
907 4754 1166 4811 membra
1192 4754 1446 4827 corporis
1486 4752 1717 4822 Christi,
1754 4767 1889 4809 mox
1919 4768 2025 4810 au-

321 4851 435 4902 tem
470 4850 534 4901 ut
562 4843 746 4901 divini
789 4842 1144 4916 baptismatis
1175 4843 1415 4915 adeptus
1456 4848 1541 4900 est
1579 4848 2022 4912 sacramentum,

322 4932 617 5004 continuo,
660 4931 833 5005 juxta
866 4931 1230 5004 Apostolum,
1276 4946 1392 4989 non
1434 4929 1725 5006 acquievit
1767 4930 1929 4989 carni
1972 4937 2027 4988 et

326 5020 601 5095 sanguini
638 5022 846 5089 (Galat.
890 5025 950 5090 I),
996 5021 1094 5078 sed
1149 5021 1378 5079 fervens
1427 5021 1488 5079 in
1540 5019 1760 5094 Spiritu
1810 5027 2025 5091 sancto,

327 5125 463 5168 vere
505 5110 563 5167 in
608 5125 669 5168 se
716 5107 1151 5167 resurrectionis
1185 5108 1443 5182 insignia
1489 5110 1722 5167 mutatis
1768 5107 2029 5166 moribus

323 5198 675 5257 ostendebat.
711 5197 826 5255 Nec
868 5197 1101 5254 mirum.
1141 5195 1301 5253 Sicut
1330 5195 1489 5253 enim
1530 5194 1687 5267 Seth,
1722 5196 1825 5271 qui
1864 5196 2028 5258 vide-

329 5287 459 5344 licet
498 5286 667 5359 primi
708 5286 894 5343 fuerat
934 5284 1190 5343 hominis
1230 5284 1390 5344 ﬁlius
1428 5287 1581 5355 (Gen.
1628 5292 1710 5355 V),
1756 5287 2034 5346 Hebraice

329 5377 648 5431 resurrectio
692 5373 944 5444 dicitur;
986 5373 1065 5430 ita
1104 5378 1160 5430 et
1196 5374 1539 5431 Anastasius
1585 5375 1656 5433 de
1711 5373 1909 5432 Graca
1972 5374 2033 5431 in

330 5469 583 5519 nostram
625 5462 902 5533 linguam,
943 5465 1353 5520 resurrectionis
1408 5465 1559 5534 ﬁlius
1604 5462 2031 5537 interpretatur.

340 5552 760 5611 tionvenienter
816 5554 1008 5626 itaque
1061 5552 1221 5611 ﬁlius
1288 5553 1725 5612 resurrectionis
1802 5553 2032 5624 dicitur,

334 5640 472 5718 quia
499 5648 763 5701 mortuus
798 5651 883 5701 est
911 5642 972 5699 in
1009 5656 1077 5701 eo
1110 5655 1315 5714 magus
1338 5649 1511 5715 atque
1539 5642 1871 5715 sacrilegus,
1903 5657 2034 5716 pro-

2111 4315 2209 4374 sed
2242 4329 2357 4373 non
2392 4319 2704 4372 tenuerunt
2740 4311 3183 4386 perseverantia
3210 4324 3492 4381 gressum.

2182 4402 2460 4475 Quisquis
2489 4417 2624 4476 ergo
2651 4401 2722 4459 ad
2764 4398 3064 4474 spirituale
3106 4404 3393 4456 certamen
3424 4396 3569 4454 alios
3610 4410 3833 4469 provo-

2111 4500 2221 4561 cat,
2252 4490 2517 4567 quisquis
2547 4490 2619 4548 ad
2647 4489 2868 4548 fortiter
2893 4487 3181 4560 agendum
3217 4485 3621 4560 proximorum
3653 4499 3829 4542 men-

2113 4587 2195 4639 tes
2220 4579 2472 4655 instigat,
2502 4579 2670 4637 debet
2698 4579 2899 4651 utique
2937 4576 3115 4634 vitam
3138 4575 3483 4634 concordare
3517 4589 3656 4633 cum
3708 4574 3833 4631 lin-

2112 4684 2246 4741 gua,
2280 4684 2373 4737 ne,
2413 4668 2556 4725 dum
2594 4667 2725 4725 aliis
2760 4665 3028 4741 proponit
3066 4664 3315 4732 excelsa,
3358 4663 3480 4736 ipse
3516 4668 3837 4721 contentus

2111 4755 2247 4812 imis
2296 4760 2592 4829 prematur
2622 4754 2847 4811 inertia.
2902 4752 3055 4810 Hinc
3094 4758 3180 4809 est
3227 4751 3474 4823 quodin
3520 4750 3645 4823 lege
3670 4763 3836 4823 pra-

2113 4844 2363 4918 cipitur:
2418 4868 2445 4895 α
2496 4843 2621 4902 Non
2669 4843 2909 4912 habetis,
2960 4841 3169 4916 inquit,
3223 4840 3286 4897 in
3316 4838 3542 4898 sacculo
3597 4838 3838 4896 diversa

2114 4933 2385 5007 pondera,
2432 4933 2639 5007 majus,
2693 4938 2750 4990 et
2800 4931 3039 5001 minus;
3090 4944 3197 4987 nec
3239 4928 3347 4987 erit
3402 4929 3465 4986 in
3509 4927 3685 4986 domo
3733 4932 3844 4984 tua

2119 5022 2345 5080 modius
2402 5024 2603 5094 major,
2633 5027 2689 5079 et
2716 5021 2947 5089 minor;
2989 5018 3215 5094 pondus
3248 5017 3471 5076 habetis
3503 5017 3733 5089 justum
3780 5023 3847 5072 et

2118 5123 2343 5176 verum,
2392 5113 2449 5165 et
2492 5106 2724 5164 modius
2767 5106 3009 5180 aqualis
3050 5111 3105 5162 et
3147 5119 3319 5162 verus
3362 5102 3471 5161 erit
3514 5101 3619 5160 tibi
3655 5104 3843 5174 (Deut.

2121 5199 2292 5269 xxv).
2330 5221 2356 5245 ι»
2413 5194 2725 5253 Enimvero
2764 5201 2903 5253 tunc
2932 5194 2996 5250 in
3035 5192 3263 5253 sacculo
3295 5192 3525 5250 diversa
3578 5190 3851 5265 pondera

2121 5305 2234 5346 non
2281 5287 2581 5356 habemus,
2614 5287 2665 5344 si
2704 5287 2856 5343 intra
2893 5289 3175 5342 secretum
3213 5284 3582 5342 conscientia
3619 5287 3850 5341 nostra

2123 5390 2237 5434 non
2284 5374 2450 5433 aliter
2475 5374 2547 5432 de
2586 5372 2754 5431 nobis
2791 5379 2964 5447 atque
3003 5370 3170 5430 aliter
3217 5370 3290 5429 de
3324 5369 3458 5429 aliis
3479 5368 3849 5444 iudicantes,

2123 5465 2353 5524 easdem
2408 5463 2679 5537 legalium
2739 5468 3153 5537 praceptorum
3209 5475 3511 5520 mensuras
3552 5458 3852 5535 appendi-

2124 5562 2277 5614 m‘us.
2312 5554 2625 5623 Nimirum,
2663 5558 2724 5611 ut
2754 5568 2867 5611 non
2896 5549 3028 5609 aliis
3061 5551 3321 5626 regulam
3358 5548 3636 5609 districta
3667 5563 3847 5607 seve-

2133 5643 2319 5701 ritatis
2354 5642 2626 5713 indicere,
2672 5640 3050 5715 nosmetipsos
3083 5654 3216 5699 vero
3252 5638 3590 5698 studeamus
3625 5634 3851 5696 remis-
