4024 6198
361 323 458 376 521

1757 311 1985 367 saeuo
2022 296 2108 364 tv:

3514 303 3620 356 52%

352 433 518 490 sioris
563 432 908 504 indulgentia:
944 433 1060 505 lege
1109 441 1366 489 tractare.
1417 431 1491 486 De
1537 447 1640 502 qua
1686 431 1942 486 videlicet
1966 437 2016 495 Α
2042 433 2129 479 cto
2158 431 2410 492 peccator
2447 424 2608 476 homo
2637 422 2942 492 pertingere
2971 435 3028 475 se
3057 435 3215 491 posse
3245 421 3311 474 ad
3343 422 3620 490 praanium

351 525 543 579 fraude
574 534 630 579 et
658 523 912 579 Salomon
946 524 1076 579 dicit
1108 542 1120 576 :
1157 544 1174 575 ι
1209 523 1552 578 Abominatio
1591 531 1675 576 est
1705 523 1931 576 Domino

349 615 562 686 pondus
603 616 795 686 duplex
829 625 884 671 et
923 625 1124 670 statera
1172 616 1356 671 dolosa
1404 613 1587 684 (Prov.
1631 633 1682 671 xi
1706 615 1744 684 ).
1776 634 1792 664 ι
1831 613 1932 667 Ne-

351 718 506 758 cesse
553 714 636 759 est
684 719 812 774 ergo
853 703 1037 775 fruges
1085 705 1258 770 verbi,
1301 720 1636 774 nequaquam
1677 704 1928 766 diversis,

349 796 445 848 sed
478 795 684 850 eisdem
718 795 896 850 metiri
925 796 1281 864 ponderibus.
1325 805 1383 848 ut
1421 810 1539 864 quae
1578 793 1698 846 aliis
1727 794 1929 861 agenda

350 885 734 953 pra-cipimus,
793 885 890 954 ipsi
938 887 1102 939 etiam
1149 886 1284 940 vivis
1332 887 1588 955 operibus
1639 879 1932 938 eﬁucaciter

351 977 696 1046 impleamus.
721 976 878 1045 Quod
897 977 1142 1049 profecto
1173 979 1362 1034 beatus
1388 988 1592 1048 martyr
1613 977 1931 1031 Anastasius

348 1066 693 1123 laudabiliter
747 1070 895 1134 fecit,
955 1072 1080 1142 quia
1136 1072 1262 1125 dum
1308 1072 1444 1126 alios
1488 1073 1804 1125 adhortatur
1862 1071 1930 1125 ad

349 1171 610 1227 pugnam,
640 1159 754 1228 ipse
784 1161 933 1229 prior
977 1176 1127 1214 arma
1169 1161 1452 1228 corripuit,
1483 1170 1540 1215 et
1579 1161 1629 1214 in
1670 1161 1842 1230 ipsam
1872 1175 1932 1216 se

347 1252 662 1322 constipata:
682 1252 908 1324 legionis
927 1254 1096 1308 aciem
1122 1252 1285 1308 lorica
1305 1254 1425 1309 ﬁdei
1449 1255 1686 1309 immitus
1706 1254 1929 1308 immer-

347 1341 448 1417 sit;
475 1343 712 1411 dumque
733 1343 852 1396 aliis
871 1344 1252 1411 congrediendi
1282 1345 1486 1413 praebet
1505 1345 1825 1413 exemplum,
1844 1343 1930 1397 ille

344 1434 570 1487 sortitur
617 1449 680 1488 ex
736 1435 947 1489 devicto
994 1436 1146 1489 hoste
1203 1436 1561 1506 ll'IlIlleIlllm;
1616 1447 1816 1504 atque,
1871 1443 1932 1488 ut

346 1524 420 1578 ita
453 1523 664 1592 loquar,
687 1526 814 1578 dum
844 1525 1194 1593 sequentibus
1219 1527 1412 1579 sternit
1443 1525 1544 1578 iter
1570 1525 1636 1578 ad
1671 1537 1928 1596 pugnam,

343 1613 460 1684 ipse
511 1631 634 1668 mox
680 1625 900 1684 peracta
935 1616 1158 1670 victoria
1195 1617 1505 1686 perdueitur
1543 1615 1609 1669 ad
1647 1630 1925 1670 coronam.

415 1705 566 1760 Hunc
601 1707 805 1780 itaque,
838 1706 1190 1769 dilectissimi,
1238 1721 1529 1776 sequamur
1568 1705 1925 1760 fortissimum

2038 523 2252 583 sperat,
2302 512 2402 565 nisi
2444 511 2594 580 prius
2627 511 2771 564 hunc
2821 510 3096 577 patientize
3145 510 3295 564 labor
3336 517 3671 606 exerceat?‘

2035 601 2226 658 Omnis
2256 602 2421 671 igitur
2443 601 2644 664 anima,
2677 615 2797 670 quae
2821 600 2904 654 his
2929 600 3164 664 duabus,
3188 600 3454 654 charitate
3473 600 3624 656 sciit-

2033 702 2121 747 cet
2151 701 2204 747 et
2248 692 2536 762 patientia,
2570 691 2717 745 velut
2750 690 3071 760 quibusdam
3099 691 3480 746 sustentaculis
3510 707 3618 746 non

2036 782 2303 845 inniti-tur,
2339 783 2580 836 funditus
2620 780 2848 845 labitur‘,
2890 781 3098 834 etiamsi
3143 782 3356 836 caeteris
3412 783 3615 836 virtuti-

2034 873 2134 930 bus
2157 871 2332 928 fulciri
2387 872 2655 926 videatur.
2705 871 2909 938 Quibus
2969 872 3222 926 nimirum
3282 873 3620 942 virtutibus,

2034 967 2108 1020 ita
2156 966 2242 1021 hic
2289 966 2678 1020 invictissimus
2731 973 2939 1035 martyr
2985 965 3208 1029 enituit,
3254 974 3309 1020 et
3365 975 3620 1034 tanquam

2032 1057 2262 1126 genuinis
2308 1057 2538 1112 libratus
2588 1057 2712 1121 alis,
2756 1070 2877 1110 sese
2923 1055 2990 1108 ad
3030 1054 3270 1109 cmlestia
3320 1057 3618 1134 appetenda

2031 1148 2332 1217 suspendit,
2390 1158 2445 1202 ut
2498 1164 2594 1217 per
2641 1147 2958 1201 eharitatem
3007 1147 3098 1200 Dei
3142 1146 3370 1200 visibilia
3421 1157 3615 1200 cuncta

2032 1236 2355 1304 despiceret,
2401 1253 2497 1306 per
2540 1237 2857 1306 patientiam
2899 1251 3026 1289 vero
3071 1251 3206 1289 nova
3249 1245 3305 1290 et
3347 1237 3617 1305 exquisita

2037 1335 2430 1381 tormentorum
2477 1344 2674 1397 genera
2725 1344 2832 1382 non
2876 1329 3107 1384 timeret.
3141 1329 3245 1384 Per
3291 1329 3615 1383 eharitatem

2031 1417 2192 1487 plane
2235 1421 2587 1490 semetipsum
2639 1420 2747 1474 Deo
2797 1420 3079 1473 suavitatis
3127 1421 3354 1474 hostiam
3391 1420 3616 1483 obtulit;

2033 1525 2128 1578 per
2167 1509 2480 1578 patientiam
2511 1520 2691 1565 autem
2734 1510 2995 1580 quidquid
3040 1511 3331 1574 minarum,
3359 1510 3618 1580 quidquid

2032 1614 2336 1668 poenarum,
2379 1603 2642 1672 quidquid
2702 1602 3026 1664 exitiorum,
3074 1601 3332 1671 quidquid
3384 1602 3619 1670 denique

2033 1691 2288 1744 nimium
2317 1692 2419 1746 sibi
2455 1697 2688 1746 cruenta"
2706 1692 3146 1762 persequentium
3175 1691 3354 1746 rabies
3385 1691 3566 1745 intulit
3596 1731 3613 1755 ,

341 1795 590 1850 videlicet
610 1797 847 1851 emlestis
871 1797 1074 1853 militia:
1094 1797 1432 1861 bellatorem,
1459 1806 1517 1850 ut
1537 1797 1790 1851 vitiorum
1812 1811 1918 1851 cer-

2037 1780 2126 1834 hic
2161 1779 2426 1836 indefessa
2468 1783 2789 1836 constamia:
2832 1781 3278 1852 magnanimitate
3318 1781 3610 1851 percurrit.

342 1895 519 1941 temus
557 1903 774 1957 semper
809 1889 1066 1942 edomare
1107 1887 1445 1958 tyrannides,
1479 1888 1585 1960 16
1615 1897 1668 1941 ut
1696 1888 1926 1945 rebelles

341 1977 719 2032 illecebrarum
752 1978 1051 2033 carnalium
1095 1980 1370 2034 enitamur
1398 1995 1746 2049 compescere
1774 1981 1925 2035 volu-

341 2078 542 2136 ptates,
575 2078 632 2121 ut
668 2068 865 2122 nobilis
897 2069 1110 2122 animus
1155 2069 1384 2124 summis
1415 2084 1632 2138 semper
1657 2069 1919 2136 intentus,

339 2159 582 2214 caelestia
630 2158 868 2214 fervidus
909 2169 1165 2230 appetat,
1209 2169 1422 2216 terrena
1471 2173 1811 2228 contemnant,
1867 2175 1927 2219 ut

337 2251 566 2305 adversa
605 2252 811 2322 perpeti
853 2268 952 2321 pro
979 2253 1210 2307 veritate
1260 2270 1366 2308 non
1413 2257 1617 2319 timeat,
1653 2265 1710 2309 ut
1753 2257 1922 2310 solam

337 2337 618 2394 Creatoris
651 2343 732 2394 sui
768 2342 998 2412 gratiam
1035 2345 1333 2412 promereri
1375 2345 1680 2400 medullitus
1718 2362 1922 2402 concu.

334 2433 533 2502 piscat.
563 2432 702 2488 Ilinc
734 2435 879 2488 enim
911 2437 993 2489 vir
1021 2437 1232 2490 Domini
1264 2438 1454 2492 beatus
1483 2440 1824 2505 Anastasius,
1865 2452 1929 2495 ut‘

336 2523 403 2576 de
430 2523 676 2591 pluribus
719 2540 888 2593 pauca
925 2527 1310 2594 perstringam,
1355 2543 1602 2583 carceres
1637 2529 1921 2584 horrificos

333 2613 582 2683 pertulit,
629 2614 810 2679 famis,
844 2617 982 2680 sitis,
1022 2615 1240 2687 frigoris
1288 2620 1640 2690 omniumque
1684 2623 1920 2677 necessi-

337 2713 507 2759 tatum
558 2707 794 2776 inepiam
845 2709 1117 2778 toleravit,
1168 2712 1390 2766 verbera
1419 2715 1768 2784 contempsit,
1802 2725 1922 2770 tau-

337 2793 569 2864 demque
611 2807 731 2865 post
773 2798 1027 2852 immania
1078 2815 1382 2870 pinnarum,
1421 2803 1920 2875 suppliciorumque

338 2892 632 2951 tormenta,
666 2889 718 2941 in
763 2886 981 2945 Iluiniue
1031 2902 1255 2946 necatus
1293 2892 1568 2956 occubuit,
1618 2898 1919 2964 eodemque

335 2977 605 3032 elemento
652 2980 814 3033 vitam
867 2983 1050 3037 carnis
1091 2984 1274 3038 amisit
1311 3000 1418 3054 quo
1462 2984 1712 3040 videlicet
1756 2996 1916 3041 antea

335 3069 458 3122 vita:
506 3078 723 3123 aeterna:
763 3080 1105 3127 sacramenta
1147 3083 1492 3145 perceperat.
1546 3075 1690 3130 Bene
1733 3076 1916 3146 itaque

333 3176 544 3231 magus,
578 3163 703 3232 quia
747 3163 802 3216 in
834 3165 1004 3235 magis
1042 3168 1227 3221 mundi
1269 3167 1598 3240 Redemptor
1621 3170 1914 3228 adVeuieus
1944 3174 1990 3237 C

332 3251 456 3306 ﬁdei
487 3268 598 3306 sua:
637 3255 906 3322 primitias
928 3250 1216 3312 dedicavit.

402 3341 709 3396 Notandum
737 3356 940 3410 autem,
982 3347 1341 3413 dileCtissimi,
1371 3350 1496 3418 quia
1548 3359 1689 3404 inter
1717 3362 1914 3407 caatera

329 3434 694 3501 spiritualium
722 3437 863 3491 dona
893 3438 1147 3492 virtutum
1197 3441 1563 3508 qna-rentibus
1604 3443 1768 3497 Deum
1798 3446 1916 3498 dum

329 3525 650 3593 propensius
678 3528 998 3582 necessaria:
1026 3529 1324 3597 probantur
1349 3546 1471 3585 esse
1504 3533 1754 3599 virtutes,
1777 3536 1911 3589 cha-

330 3615 466 3668 ritas
507 3617 758 3672 videlicet
786 3633 848 3672 ac
875 3620 1154 3688 patientia,
1192 3631 1251 3674 ut
1299 3639 1395 3691 per
1424 3640 1546 3693 qua:
1578 3628 1910 3683 reconciliati

327 3720 521 3782 sumus
549 3709 784 3778 gratuito
813 3706 1010 3766 divina:
1039 3712 1428 3768 misericordia:
1457 3731 1699 3777 munere.
1727 3734 1824 3788 per
1847 3734 1910 3773 ea

327 3797 672 3866 potissimum
701 3814 1143 3855 consummemur
1170 3819 1234 3856 ex
1274 3805 1481 3874 proprii
1520 3822 1735 3876 quoque
1765 3808 1911 3862 arbi-

328 3890 420 3944 trii
449 3890 720 3946 libertate.
755 3893 860 3946 Per
911 3895 1232 3950 charitatcm
1275 3897 1472 3968 quippe
1517 3899 1610 3954 Dei
1646 3899 1814 3957 Filius
1841 3902 1908 3957 ad

326 3989 516 4035 nostra
571 3982 876 4050 descendit;
924 3999 1022 4055 per
1069 3988 1383 4056 patientiam
1420 4006 1549 4046 vero
1599 4004 1906 4064 susceptam

326 4079 530 4126 nostra:
558 4073 871 4130 substantiae
900 4075 1184 4132 veritatem
1228 4079 1435 4135 calcato
1463 4084 1652 4138 mortis
1681 4085 1908 4156 imperio

325 4164 394 4218 ad
419 4174 702 4234 paternam
730 4167 958 4237 gloriam
994 4169 1326 4227 sublimavit.
1356 4167 1418 4226 Et
1444 4175 1572 4244 quia
1602 4191 1698 4246 per
1726 4180 1908 4232 chari-

327 4247 493 4310 tatem
541 4258 608 4310 ad
640 4274 739 4312 nos
777 4259 1256 4317 consubstantialis
1302 4262 1478 4320 Patris
1517 4265 1684 4322 Filius
1719 4271 1906 4325 venire

326 4345 582 4417 dignatus
611 4360 710 4409 est.
743 4345 938 4406 sufﬁcit
974 4367 1135 4406 unum
1165 4352 1388 4409 Joannis
1437 4359 1764 4428 exemplum,
1797 4376 1905 4430 quo

326 4437 443 4490 ait:
475 4457 493 4490 ι
524 4438 580 4492 In
628 4439 731 4494 hoc
778 4442 1026 4510 apparuit
1069 4445 1308 4498 charitas
1357 4445 1451 4500 Dei
1493 4447 1547 4500 in
1563 4450 1731 4522 nobis
1769 4466 1902 4520 quo-

323 4531 472 4585 niam
509 4529 707 4584 Filium
755 4547 910 4587 suum
954 4535 1102 4588 misit
1145 4535 1201 4588 in
1253 4537 1532 4602 mundum,
1566 4521 1629 4592 ut
1660 4541 1902 4596 vivamus
1929 4521 1983 4582 θ

324 4635 424 4692 per
446 4636 570 4676 eum
600 4621 651 4693 (I
682 4622 844 4678 Joan.
874 4624 969 4695 Iv).
1002 4645 1020 4678 ι
1053 4626 1204 4692 Quod
1230 4639 1410 4682 autem
1441 4628 1603 4683 homo
1633 4630 1806 4685 factus
1837 4633 1903 4686 ad

325 4713 541 4768 Patrem
578 4729 675 4783 per
710 4717 1026 4784 patientiam
1074 4719 1253 4782 rediit,
1287 4727 1396 4774 tota
1441 4721 1770 4790 dispensatio
1799 4723 1901 4776 hu-

325 4807 609 4860 manitatis
653 4802 948 4877 assumpta:
987 4809 1188 4878 liquido
1226 4813 1535 4866 confitetur.
1567 4814 1703 4880 Quid
1731 4814 1899 4879 enim,

324 4907 385 4950 ut
411 4912 441 4950 a
463 4897 734 4968 principio
757 4909 1022 4968 repetam,
1054 4901 1198 4957 aliud
1237 4901 1336 4958 Iuil
1387 4905 1440 4958 in
1475 4903 1715 4974 virginali
1749 4913 1904 4958 utero

325 4987 559 5056 concipi,
591 4995 775 5042 natum
811 4989 866 5043 in
897 4991 1157 5059 praesepio
1188 4992 1458 5059 reclinari,
1489 4995 1682 5048 vilibus
1710 4993 1904 5063 pannis

324 5077 545 5142 involvi,
586 5079 901 5149 parentibus
929 5080 1204 5135 humiliter
1232 5081 1410 5146 subdi,
1448 5085 1789 5139 contumeliis
1823 5082 1903 5138 af-

327 5172 433 5236 ﬁci,
468 5182 745 5242 postremo
788 5173 1030 5245 crucifigi
1058 5183 1112 5227 et
1157 5176 1328 5230 mori?
1357 5175 1513 5242 Quid,
1564 5178 1805 5246 inquam,
1845 5178 1899 5232 in

327 5262 411 5317 his
435 5263 712 5328 omnibus,
761 5263 863 5317 nisi
914 5265 1171 5336 majestas
1217 5267 1754 5344 inviclze'patientia:
1790 5270 1899 5324 ela-

329 5355 457 5416 ruit,
497 5368 593 5423 per
635 5368 796 5422 quam
844 5354 1049 5411 Auctor
1087 5359 1210 5412 vita:
1259 5359 1494 5413 moriens
1529 5361 1720 5415 mortis
1749 5365 1898 5432 prin-

325 5446 496 5515 cipem
550 5434 945 5518 triumphavit?
1004 5449 1060 5504 Si
1121 5466 1251 5521 ergo
1303 5451 1398 5506 Dei
1466 5449 1738 5519 Verbum,
1800 5470 1898 5524 per

327 5540 465 5605 quod
499 5537 640 5594 facta
675 5551 802 5595 sunt
843 5542 1022 5597 omnia
1045 5541 1226 5613 (Ιοιηι.
1258 5545 1324 5612 1),
1355 5545 1562 5602 unitum
1591 5545 1692 5599 sibi
1726 5545 1901 5602 homi-

328 5641 470 5692 nem,
494 5640 784 5699 antequam
825 5643 993 5685 totum
1035 5633 1307 5700 patientia:
1348 5635 1582 5690 stadium
1618 5651 1899 5706 percurre‘

330 5729 428 5789 tot,
460 5723 660 5782 intrare
684 5727 735 5780 in
767 5741 918 5780 suam
944 5726 1170 5796 gloriam
1202 5747 1342 5796 non“
1358 5731 1626 5802 permisit,
1658 5747 1764 5802 quo
1800 5749 1896 5803 pa-

725 5841 994 5898 I’ntmL.
1040 5846 1312 5908 CXLIV.

2097 1871 2402 1942 Sequemur
2427 1874 2626 1942 itaque,
2656 1871 3026 1936 dilectissimi,
3070 1872 3213 1926 hunc
3236 1869 3610 1926 admirabilem

2025 1963 2201 2018 virum
2236 2004 2252 2030 ,
2298 1965 2525 2035 ejusque
2576 1967 2823 2034 vestigia,
2880 1965 2935 2020 in
2976 1972 3236 2034 quantum
3287 1978 3610 2035 possumus,

2025 2052 2322 2119 imitemur,
2361 2066 2654 2126 quatenus,
2682 2058 2809 2111 dum
2857 2057 3002 2111 hunc
3033 2055 3187 2110 nobis
3213 2055 3373 2110 modo
3407 2070 3608 2124 propo-

2026 2144 2206 2200 nimus
2248 2147 2316 2201 ad
2359 2147 2686 2217 exetnplum,
2748 2146 2863 2216 ejus
2909 2147 3249 2216 postmodum
3299 2146 3403 2216 17
3441 2146 3610 2216 parti-

2023 2235 2222 2305 cipium
2277 2238 2536 2308 appellari
2593 2247 2898 2295 mereamur
2941 2239 3006 2294 ad
3058 2239 3359 2307 praemium,
3412 2249 3472 2294 ut
3515 2240 3608 2310 qui

2023 2327 2225 2382 sanctis
2284 2330 2617 2399 martyribus
2671 2329 2903 2386 reddidit
2941 2330 3150 2400 justitia
3213 2331 3454 2386 dictante
3506 2347 3603 2386 co-

2023 2429 2254 2481 ronam,
2305 2420 2464 2475 nobis
2510 2422 2886 2490 peccatoribus
2939 2421 3128 2477 saitem
3176 2421 3292 2476 solo
3337 2437 3448 2476 sua:
3505 2421 3609 2476 mi—

2023 2507 2335 2562 sericordiae
2389 2525 2613 2565 munere
2675 2511 3000 2582 propitiatus
3059 2511 3334 2581 indulgeat
3393 2510 3608 2565 veniam

2021 2592 2179 2648 Jesus
2220 2595 2472 2652 Christus
2501 2599 2762 2654 Dominus
2812 2610 3016 2664 noster,
3065 2603 3158 2670 qui
3193 2615 3314 2655 cum
3349 2599 3513 2658 Patre
3549 2609 3609 2656 et

2024 2679 2230 2752 Spiritu
2257 2697 2448 2742 sancto
2474 2689 2606 2744 vivit
2629 2699 2685 2744 et
2711 2699 2902 2762 regnat
2923 2691 3064 2746 Deus
3085 2705 3183 2762 per
3202 2690 3384 2746 omnia
3405 2691 3604 2747 saecula

2021 2775 2366 2832 seculorum.
2392 2779 2586 2834 Amen.

2552 2984 2754 3044 FEBR
2764 2985 2862 3046 UA
2872 2984 3072 3046 RIUS.

2022 3078 2072 3139 l.
2117 3080 2326 3141 Sermo
2360 3081 2431 3141 de
2455 3084 2520 3143 S.
2573 3083 2794 3145 Severo
2830 3086 3118 3164 episcopo
3172 3085 3518 3146 Ravennate
3546 3092 3606 3146 et

2102 3184 2471 3261 confessore.

2096 3281 2307 3342 Sermo
2339 3283 2644 3344 secundus
2669 3283 2740 3344 de
2767 3283 2996 3346 eodem.

2019 3381 2192 3441 XIV.
2236 3383 2447 3442 Sermo
2503 3384 2576 3444 de
2603 3384 2666 3445 S.
2711 3385 3096 3448 Eleuchadt'o
3148 3388 3438 3469 episcopo
3480 3391 3592 3449 Ra.

2097 3487 2350 3540 vanitate
2377 3490 2432 3540 et
2466 3484 2834 3561 confessam.

2619 3583 2852 3642 SERMO
2888 3586 2974 3642 IV.

2015 3686 2054 3725 I.
2100 3685 2166 3724 DE
2193 3687 2240 3725 5.
2276 3688 2478 3728 δενειιο
2509 3690 2754 3730 ΕΡ150οΡ0
2794 3693 3107 3735 RAV'ENNATE
3137 3697 3205 3736 ΕΤ
3241 3698 3592 3740 εοΝεεεεοιιε.

2664 3753 2704 3814 (ι
2732 3753 2911 3818 rana.)

2082 3829 2345 3897 Gloriam,
2380 3843 2436 3888 ct
2466 3835 2722 3891 honorem
2757 3839 2862 3892 Deo
2895 3849 3100 3907 nostro,
3125 3843 3419 3898 secundum
3447 3845 3596 3901 Psal-

2012 3922 2272 3988 miSIam,
2318 3923 2456 3979 laetis
2508 3927 2776 3982 mentibus
2823 3929 3113 3987 aﬂ‘er..mus
3157 3931 3327 4003 (Psul.
3377 3938 3594 4005 xxviii),

2012 4013 2213 4070 fratres
2254 4017 2586 4084 charissimi,
2617 4021 2742 4090 quia
2784 4021 2909 4075 dum
2960 4023 3249 4079 oblationis
3299 4025 3594 4083 Dominica:

2009 4105 2418 4163 celeberrimam
2435 4123 2810 4180 exspectamus
2831 4114 3247 4182 solemnitatem,
3264 4118 3316 4172 iu
3340 4123 3593 4190 praesenti

2009 4195 2173 4250 etiam
2209 4197 2265 4252 8.
2307 4198 2496 4254 Severi
2542 4203 2739 4272 egregii
2773 4206 3070 4262 sacerdotis
3101 4211 3462 4267 venerabilem
3499 4229 3591 4268 co-

2007 4287 2166 4344 limus
2213 4294 2656 4363 assmuptionem.
2715 4298 2952 4354 Delectet
3007 4302 3169 4355 corda
3230 4301 3578 4362 festivitatem

2006 4378 2280 4437 celebrare
2307 4394 2656 4451 praesentem,
2683 4398 3000 4457 exspectare
3040 4392 3203 4446 etiam
3232 4393 3486 4450 alacriter
3522 4396 3586 4451 li-

2007 4469 2131 4524 beat
2162 4469 2546 4528 imminentem.
2575 4475 2667 4530 llla
2698 4493 2796 4533 nos
2833 4477 3100 4534 festivitas
3121 4475 3465 4553 Redemptori
3491 4502 3589 4541 no-

2006 4570 2122 4614 stro
2149 4560 2354 4616 referre
2375 4565 2577 4633 gratias
2601 4566 2822 4632 doceat;
2851 4570 2952 4624 ista
2976 4586 3104 4625 vero
3133 4571 3200 4626 ad
3224 4588 3463 4629 amorem
3489 4591 3587 4631 nos

2007 4650 2199 4719 patria:
2236 4651 2474 4707 ctelcstis
2494 4655 2777 4710 accendat.
2835 4657 2888 4712 In
2921 4659 3012 4714 illa
3066 4660 3338 4716 discamus
3386 4676 3587 4733 quanta

2007 4741 2149 4798 Deus
2179 4758 2277 4812 pro
2319 4745 2539 4802 homine
2591 4748 2841 4817 pertulit;
2895 4751 2947 4804 in
3003 4752 3103 4806 ista
3159 4755 3583 4824 perpendamus,

2009 4833 2170 4887 homo
2202 4848 2298 4904 per
2347 4835 2515 4890 Deum
2561 4827 2643 4891 ad.
2675 4848 2935 4908 quantum
2989 4841 3322 4898 celsitudinis
3371 4845 3583 4901 culmen

2010 4924 2273 4979 ascendit.
2328 4925 2386 4980 In
2416 4925 2505 4981 illa
2555 4927 2753 4999 quippe
2788 4929 3084 4986 festivitate
3131 4933 3438 5002 unigenitus
3485 4934 3578 4993 Dei

2008 5013 2179 5070 Filius
2205 5016 2258 5070 in
2287 5019 2485 5097 templo
2514 5033 2596 5085 est
2643 5021 2916 5078 humiliter
2960 5032 3345 5094 pmsentatus;
3374 5025 3426 5081 in
3479 5027 3584 5084 ista

2008 5105 2350 5164 beatissimus
2377 5107 2495 5176 eius
2523 5111 2753 5168 famulus
2781 5115 2847 5167 ad
2888 5115 3008 5169 coeli
3045 5114 3300 5184 palatium
3332 5124 3414 5172 est
3453 5133 3577 5173 cum

2008 5196 2174 5266 gloria
2227 5199 2564 5254 sublimatus.
2623 5201 2679 5255 lu
2721 5203 2809 5256 illa
2868 5201 3282 5274 Redemptoreln
3334 5215 3579 5264 nostrum

2005 5298 2258 5356 parentes
2286 5288 2403 5356 ejus
2429 5291 2480 5348 in
2511 5291 2868 5359 Hierusalem,
2898 5303 2955 5348 ut
2999 5295 3255 5350 sisterent
3295 5312 3420 5352 eum
3473 5299 3578 5355 Do-

2005 5375 2174 5440 mino,
2205 5377 2514 5432 detulerunt
2539 5378 2690 5449 (Luc.
2722 5379 2816 5452 n);
2866 5383 2918 5439 in
2945 5383 3047 5442 ista
3099 5385 3393 5441 beatissimi
3441 5405 3576 5444 cou-

2005 5464 2226 5519 fessoris
2275 5467 2530 5531 animam,
2580 5479 2637 5521 ut
2679 5484 2799 5524 eam
2835 5471 3029 5526 divinae
3071 5471 3364 5541 majestatis
3407 5478 3577 5532 vultui

2001 5567 2414 5626 praesentareut,
2445 5558 2510 5610 ad
2538 5559 2811 5615 cmlestem
2839 5561 3176 5619 Hierusalem
3199 5567 3370 5620 sancti
3400 5569 3576 5638 angeli

2001 5657 2372 5718 portaverant.
2406 5649 2460 5704 In
2495 5651 2581 5705 illa
2610 5653 2952 5710 solemnitate
2982 5655 3244 5712 Mediator
3273 5659 3366 5714 Dei
3401 5670 3456 5714 et
3479 5661 3551 5714 ‘no
3637 5719 3645 5726 ,

2001 5740 2228 5798 minum.
2260 5740 2598 5812 abjcctojam
2648 5747 2828 5801 carnis
2868 5750 3150 5816 praeputio,
3198 5748 3451 5817 parvulus
3487 5757 3574 5803 est

2991 5861 3060 5916 I7
