4070 6198
386 304 493 362 5‘25

1040 304 1096 359 S.
1142 301 1344 357 PETRI
1385 299 1671 356 DAMIANI
1695 300 1843 357 OPP.
1877 300 2054 355 PARS
2093 298 2220 354 SEU
2256 299 2491 356 TOMUS
2528 300 2590 354 ll.
2623 329 2691 340 -—
2726 298 3114 356 SERMONES.

3550 304 3651 362 ωδ

386 429 601 481 oblat-ts
657 440 719 478 In
767 423 1058 491 templum;
1113 420 1165 473 in
1218 419 1319 473 ista
1384 418 1665 472 confessor
1719 417 1968 487 egregius
1995 424 2046 478 Α
2074 414 2318 485 inopem,
2349 415 2609 468 virtutum
2640 414 2846 469 divitiis
2890 415 3232 486 locupletem.
3279 420 3518 475 Audistis
3564 422 3654 476 ho-

386 516 632 586 deposito
665 516 864 570 terreni
912 510 1157 579 corporis
1184 508 1425 578 pondere
1464 507 1603 562 liber
1628 508 1872 565 ascendit
1915 506 1967 559 in

323 627 337 671 ',
389 608 607 662 caelum.
647 608 704 659 lu
734 604 827 657 illa
861 604 908 656 is
941 600 1031 670 qui
1062 600 1162 671 legi
1190 599 1320 653 nihil
1344 599 1577 653 debebat
1610 597 1744 669 legis
1770 596 1967 652 tributa

384 695 670 765 persolvit;
698 694 881 747 inista
912 690 1072 744 inerti
1100 688 1365 743 obnoxius
1393 687 1518 758 jura
1550 686 1743 741 mortis
1770 686 1964 740 evasit.

386 787 477 841 ille
507 787 572 841 de
599 793 773 839 matre
799 784 1072 839 nascendo
1099 781 1353 852 dignatus
1381 789 1465 835 est
1505 794 1629 835 esse
1681 778 1964 843 mortalis;

385 877 485 931 iste
519 891 681 930 carne
714 874 997 928 moriendo
1051 871 1168 926 ﬁeri
1218 870 1417 925 meruit
1469 867 1811 923 immortalis.
1864 866 1966 921 Ve-

384 969 582 1023 uicudo
610 968 752 1022 Deus
782 966 833 1019 in
879 965 1139 1019 mundum
1172 961 1425 1017 servilem
1473 959 1647 1013 induit
1694 957 1963 1028 speciem;

386 1058 691 1129 recedenth
729 1056 964 1111 Severus
1012 1055 1080 1108 de
1122 1053 1321 1107 mundo
1363 1050 1431 1104 ad
1483 1049 1786 1120 angelicam
1843 1064 1967 1119 pro-

375 1159 569 1205 vectus
598 1157 686 1203 est
739 1148 1078 1217 dignitatem.
1132 1143 1239 1199 Sed
1285 1143 1390 1197 nisi
1443 1142 1532 1196 ille
1576 1141 1961 1204 descendisset,

380 1245 483 1295 iste
539 1241 847 1296 nullatenus
899 1238 1252 1293 ascendisset.
1306 1234 1420 1289 Nisi
1478 1234 1619 1289 Deus
1671 1234 1963 1291 humanam

378 1336 683 1404 susciperet
713 1332 978 1396 formam,
1030 1342 1307 1398 nunquam
1358 1328 1521 1381 homo
1570 1326 1636 1379 ad
1684 1324 1963 1379 cmlestcm

378 1427 713 1497 pcrtingcret
742 1423 988 1492 gloriam.
1043 1419 1153 1474 Nisi
1204 1419 1341 1472 Deus
1392 1415 1771 1471 humiliaretur
1820 1413 1963 1468 infra

382 1534 467 1583 se,
500 1532 841 1588 nequaquam
869 1516 1031 1569 homo
1062 1512 1394 1567 exaltaretur
1420 1524 1581 1578 super
1628 1523 1708 1562 sc.
1737 1507 1805 1562 Et
1834 1506 1963 1576 quid

382 1611 612 1680 amplius
640 1607 850 1663 dicam?
894 1604 1006 1659 Nisi
1033 1603 1193 1675 paulo
1235 1601 1415 1657 minus
1446 1600 1516 1655 ab
1545 1597 1754 1669 angelis
1785 1597 1963 1652 mino-

381 1711 532 1755 ratus
560 1708 704 1755 esset
735 1698 878 1753 Deus
902 1697 1062 1749 homo
1090 1691 1264 1763 (Psal.
1287 1699 1431 1757 vin),
1462 1705 1742 1759 nunquam
1779 1702 1962 1758 mqua-

2072 508 2271 561 minem
2295 507 2434 576 apud
2465 507 2712 562 homines
2742 506 2794 561 in
2830 506 3015 561 humili
3048 508 3165 563 loco
3206 499 3466 579 positum,
3512 518 3653 583 apud

2072 601 2242 654 Deum
2274 614 2403 653 vero
2444 599 2498 652 in
2534 599 2719 653 arduae
2766 597 3116 655 sublimitatis
3166 616 3292 655 arce
3343 605 3651 657 sulminnu.

2067 690 2312 744 Audistis
2343 686 2516 743 virum
2564 687 2820 758 pannosis
2875 688 3094 760 quidem
3144 692 3385 747 vestibus
3426 694 3649 753 ftcdum.

2067 782 2162 836 sed
2211 780 2468 850 pratclara
2514 796 2724 835 morum
2773 781 3059 838 honestate
3108 785 3478 853 conspicuum.
3553 785 3649 840 L’bi

2066 882 2193 926 sunt
2225 872 2298 925 illi
2330 872 2420 941 qui
2455 869 2641 926 dicunt
2668 889 2679 924 :
2711 870 2819 926 Nos
2850 873 2945 927 Dei
2973 884 3241 945 praacepta
3285 891 3506 930 scrvare
3546 894 3650 931 nun

2065 974 2371 1028 possumus,
2402 959 2530 1028 quia
2568 968 2836 1014 terrenam
2864 963 3222 1017 substantiam
3273 965 3336 1017 ad
3383 978 3512 1019 usus
3554 982 3649 1019 ne-

2066 1052 2334 1106 cessarios
2366 1067 2470 1106 non
2502 1050 2796 1107 habemus?
2829 1051 2931 1108 Ubi
2959 1062 3106 1119 sunt,
3139 1054 3378 1124 inquam,
3399 1051 3496 1125 qui
3524 1058 3651 1111 dum

2067 1137 2377 1193 hominibus
2408 1153 2468 1193 se
2500 1154 2766 1194 excusare
2809 1140 3075 1206 nituntur,
3123 1144 3232 1198 Dco
3263 1159 3319 1198 sc
3348 1145 3519 1198 multo
3554 1147 3653 1198 dc-

2067 1232 2237 1287 terius
2289 1231 2685 1287 incxcusabiles
2729 1234 2997 1288 reddunt?
3044 1234 3322 1291 Accedant
3366 1247 3422 1291 et
3466 1254 3532 1291 ex
3586 1237 3648 1291 Β.

2068 1323 2256 1380 Severi
2294 1326 2610 1397 magisterio
2649 1328 2793 1381 veris
2842 1329 3123 1383 abundare
3172 1330 3375 1387 divitiis
3415 1331 3647 1395 discant,

2066 1432 2153 1481 ne,
2179 1417 2303 1471 dum
2342 1417 2501 1472 rebus
2525 1429 2652 1472 sunt
2680 1419 2852 1484 vacui,
2882 1420 2990 1474 sint
3029 1421 3174 1475 vitiis
3212 1420 3367 1491 'pleui
3421 1433 3474 1478 et
3518 1443 3652 1495 puu-

2066 1509 2293 1577 pertatis
2328 1510 2573 1565 caminus
2601 1511 2645 1565 si
2671 1526 2776 1565 non
2805 1513 3058 1566 vitiormn
3085 1513 3386 1584 rubiginem
3435 1529 3647 1588 purgat,

2064 1597 2319 1651 vitio~um
2351 1599 2625 1653 metallum
2651 1597 2718 1652 ad
2756 1600 2933 1655 inanis
2972 1603 3160 1656 scoria:
3190 1602 3466 1674 fuliginem
3524 1623 3647 1659 vt-r-

2066 1694 2163 1740 tat.
2197 1683 2335 1742 Ecce
2362 1688 2505 1742 enim
2538 1689 2886 1744 beatissimus
2926 1691 3026 1745 iste
3073 1691 3153 1745 vir
3182 1693 3283 1748 sub
3313 1698 3650 1763 pauperta‘is

379 1794 447 1848 lis
492 1792 697 1862 angelis
739 1791 891 1845 tieret
926 1802 1092 1858 purus
1141 1787 1323 1840 homo.
1373 1784 1543 1851 Quam
1591 1781 1962 1853 aequalitatem
1996 1762 2039 1820 Β
2070 1792 2181 1831 sua:
2215 1792 2379 1832 onere
2406 1778 2612 1848 positus
2663 1789 2717 1834 et
2758 1782 2951 1836 divina:
3001 1782 3134 1853 legis
3182 1795 3449 1853 prmcepta
3494 1791 3647 1841 sum-

380 1898 474 1953 per
503 1883 848 1950 semetipsum
873 1880 925 1934 in
955 1878 1247 1949 Evangelio
1289 1876 1559 1948 promittit
1599 1876 1835 1941 Veritas,
1885 1874 1966 1929 di-

379 1992 510 2031 cens
545 1994 558 2031 :
603 1993 621 2025 ι
669 1975 723 2029 lu
756 1974 1157 2029 resurrectione
1189 1979 1373 2026 autem
1417 1984 1593 2039 neque
1640 1967 1843 2025 nubent
1871 1981 1966 2021 ne-

380 2078 488 2138 que
515 2069 809 2131 nubentur,
840 2067 934 2121 sed
982 2066 1089 2136 ιε
1122 2075 1288 2120 erunt
1333 2063 1475 2117 sicut
1526 2060 1703 2132 angeli
1757 2059 1850 2113 Dei
1910 2059 1962 2112 in

378 2155 963 2230 omlo(.ilauh.xxu).i
1013 2157 1096 2212 Ad
1147 2156 1306 2226 hujus
1332 2153 1661 2209 felicissimae
1687 2150 1966 2222 dignitatis
2012 2203 2022 2211 ,

377 2251 611 2316 culmen,
652 2265 686 2304 ο
718 2250 901 2313 homo,
933 2248 976 2302 si
1010 2256 1065 2302 te
1091 2246 1372 2302 desideras
1396 2243 1643 2314 provehi,
1677 2241 1804 2295 totis
1830 2239 1963 2294 nisi-

375 2344 478 2398 bus
498 2350 686 2411 satage
713 2354 854 2394 vera:
880 2336 1203 2392 humilitatis
1233 2334 1543 2405 dejectione
1582 2329 1850 2401 prosterni
1875 2345 1889 2392 ;
1919 2327 1964 2381 si

376 2433 603 2490 exaltari
626 2431 779 2501 cupis
801 2431 856 2485 in
878 2429 1116 2491 Christo,
1143 2426 1377 2496 dejicere
1399 2426 1550 2496 prius
1578 2424 1631 2478 in
1656 2422 1961 2491 temetipso,

378 2525 624 2596 deprime
661 2520 971 2590 superbiam
1032 2518 1217 2573 carnis
1244 2556 1260 2581 ,
1311 2525 1368 2570 et
1403 2516 1471 2571 ad
1511 2513 1854 2568 altitudinem
1912 2522 1965 2564 te

377 2617 598 2674 subleva
636 2612 938 2675 Creatoris,
979 2609 1174 2664 cohibe
1200 2608 1464 2679 quidquid
1491 2605 1760 2660 tumidum
1794 2602 1966 2673 surgit

377 2711 432 2764 in
469 2717 541 2771 te,
569 2714 625 2761 et
655 2718 780 2759 mox
834 2701 1068 2771 erigeris
1119 2699 1273 2755 valde
1325 2698 1539 2754 eminus
1586 2696 1727 2750 ultra
1767 2704 1838 2749 te.
1898 2693 1965 2747 Et

377 2808 527 2854 certe
557 2796 699 2851 altus
725 2803 808 2849 est
834 2794 999 2856 Deus,
1035 2791 1144 2846 imo
1191 2790 1506 2845 altissimus.
1554 2788 1660 2844 Sed
1705 2789 1748 2843 si
1806 2796 1856 2842 te
1908 2787 1963 2839 in

378 2897 589 2942 tantum
616 2883 991 2941 tetenderisnt
1017 2880 1182 2936 etiam
1215 2895 1453 2949 rumpas,
1493 2879 1598 2933 huc
1629 2887 1807 2932 tamen
1856 2892 1951 2946 pa-

376 2988 466 3035 cto
496 2979 562 3032 ad
600 2975 719 3045 ejus
754 2972 1131 3030 celsitudinem
1174 2986 1280 3039 non
1327 2971 1570 3041 aspiras;
1619 2970 1726 3023 ima
1759 2983 1866 3037 quo
1912 2976 1963 3020 te

379 3071 600 3141 propius
636 3067 936 3124 accendere
976 3065 1238 3131 aestimas,
1271 3078 1336 3119 eo
1366 3064 1433 3117 ad
1459 3060 1715 3116 inferiora
1745 3057 1961 3129 propul-

542 3123 799 3230 eiongas.
852 3155 991 3211 Audi
1022 3154 1148 3224 quid
1173 3123 1459 3208 Psalmista
1485 3152 1629 3206 dicat
1661 3170 1674 3206 :
1715 3123 1963 3208 «'Ex-ccl-
1992 3123 2033 3183 Ο

378 3268 472 3308 sus
506 3248 767 3305 Dominus
825 3244 1045 3302 humilia
1076 3244 1315 3314 respicit,
1346 3251 1402 3297 et
1424 3241 1533 3296 alta
1574 3259 1604 3295 a
1653 3240 1814 3312 longe
1871 3258 1961 3297 co-

380 3341 595 3414 gnoscit
640 3338 815 3412 (Psal.
867 3335 1131 3407 cxxxvn).
1171 3354 1190 3388 ι
1225 3334 1455 3389 Attende
1501 3333 1667 3389 etiam
1724 3332 1963 3401 qualiter

379 3433 507 3488 huic
558 3429 845 3487 sententia:
880 3427 1093 3482 Veritas
1128 3427 1243 3497 ipsa
1295 3426 1636 3486 concordat:
1677 3446 1694 3477 ‹
1752 3424 1961 3491 Omnis,

378 3522 579 3592 inquit,
608 3520 699 3590 qui
728 3535 786 3574 se
816 3517 1039 3583 exaltat,
1062 3500 1468 3581 humiliabitur;
1502 3525 1556 3569 et
1587 3512 1678 3584 qui
1710 3529 1768 3570 se
1786 3515 1965 3570 humi-

378 3613 494 3677 liat,
528 3609 859 3665 exaltabitur
882 3607 1035 3677 (Luc.
1071 3608 1257 3677 ινιιι).
1304 3626 1323 3659 ι

448 3704 585 3759 Hinc
613 3711 721 3765 est,
748 3700 891 3771 quod
920 3698 1113 3753 beatus
1160 3701 1263 3754 iste
1306 3705 1362 3753 et
1401 3697 1651 3769 egregius
1696 3697 1960 3768 pontifex,

376 3794 531 3863 cujus
577 3793 739 3848 hodie
783 3791 1014 3863 gloriosa
1061 3789 1321 3844 solemnia
1373 3788 1722 3859 frequentare
1765 3791 1965 3860 gaude-

376 3900 517 3948 mus,
546 3891 601 3938 et
633 3884 684 3937 in
727 3883 826 3936 hac
859 3882 967 3933 vita
1013 3879 1195 3935 sedem
1246 3878 1447 3932 meruit
1473 3878 1837 3948 episcopalem
1867 3894 1961 3934 su-

380 3978 616 4048 scipere,
652 3983 707 4030 et
739 3983 859 4043 post
882 3971 1096 4027 felicem
1128 3968 1336 4025 obitum
1359 3970 1513 4041 regni
1543 3970 1788 4026 ctelestis
1821 3971 1961 4026 atria

375 4076 683 4137 penetrare.
724 4063 853 4129 Sed,
885 4071 945 4116 ut
980 4063 1154 4116 virtus
1203 4059 1535 4116 humilitatis
1585 4059 1704 4130 ejus
1759 4060 1963 4116 clarius

378 4159 701 4220 innotescat,
735 4153 941 4224 aliquid
990 4168 1057 4207 ex
1089 4153 1203 4221 ipsa
1245 4161 1522 4221 gestorum
1554 4151 1698 4208 illius
1730 4152 1961 4207 historia

378 4248 536 4304 nobis
564 4246 846 4317 praelibare
895 4261 1001 4299 non
1033 4245 1229 4315 pigeat.
1254 4242 1479 4316 Legitur
1507 4244 1649 4298 enim
1681 4244 1806 4314 quia
1826 4258 1962 4315 qua-

380 4337 504 4392 dam
535 4336 642 4399 die,
677 4335 801 4390 dum
844 4332 1109 4388 lanisterii
1140 4342 1284 4388 esset
1308 4343 1604 4404 occupatus
1645 4331 1821 4388 oliicio
1843 4374 1856 4398 ,
1888 4334 1965 4387 ait

385 4429 454 4483 ad
501 4425 784 4498 conjugem
818 4442 830 4479 :
868 4425 1095 4489 Vadam,
1126 4433 1181 4478 et
1211 4424 1405 4479 videbo
1430 4424 1693 4478 visionem
1738 4424 1957 4479 mirabi-

2066 1868 2274 1922 cienter
2296 1868 2566 1937 implevit;
2598 1880 2674 1933 et,
2701 1873 2827 1941 quia
2857 1872 3000 1928 aliud
3029 1890 3135 1928 non
3173 1875 3425 1938 habebat.
3476 1896 3601 1932 sem-
3623 1909 3650 1923 -

2067 1958 2264 2029 tipsum
2313 1961 2365 2014 in
2406 1975 2499 2015 ara
2542 1975 2745 2017 sanctae
2776 1966 3156 2033 simplicitatis,
3205 1970 3350 2022 velut
3400 1986 3646 2041 inaguam

2064 2052 2300 2123 aliquam
2332 2053 2660 2121 columbam,
2682 2057 3148 2126 opulentissimum
3182 2061 3292 2115 Deo
3321 2063 3645 2117 sacrificium

2064 2143 2288 2207 obtulit;
2317 2154 2391 2209 et,
2423 2146 2548 2215 quia
2576 2146 2627 2200 in
2658 2148 2899 2203 moribus
2939 2148 3185 2203 columba
3215 2151 3333 2215 fu.t,
3387 2153 3649 2209 columba:

2067 2249 2264 2288 munus
2290 2234 2540 2305 accipere
2571 2236 2791 2292 meruit.
2833 2234 3103 2310 Egestatis
3142 2242 3341 2311 quippe
3387 2257 3647 2313 angusta-

2069 2334 2153 2379 tus
2182 2325 2384 2394 inopia,
2412 2343 2518 2381 non
2554 2329 2621 2382 ad
2651 2328 3055 2399 obsequendum
3099 2333 3383 2402 cujuslibet
3429 2336 3647 2389 domum

2064 2415 2300 2484 potentis
2328 2415 2568 2479 intravit,
2609 2433 2714 2472 non
2743 2419 2949 2474 adulari
2983 2421 3257 2488 divitibus,
3292 2423 3397 2494 19
3434 2434 3493 2479 ut
3536 2443 3649 2479 mes

2064 2514 2148 2560 est
2191 2509 2774 2576 pauperum,studuit,
2802 2529 2907 2566 non
2952 2512 3236 2569 ambitiosa
3284 2517 3648 2585 negotiatione

2066 2610 2263 2664 augere
2291 2597 2547 2664 pecunias
2588 2598 2882 2666 anhelavlt,
2924 2617 3031 2656 non
3081 2602 3393 2672 periculosa:
3444 2606 3650 2660 militi-.0.

2065 2700 2184 2755 quae
2226 2686 2343 2741 sine
2396 2699 2621 2757 peccato
2671 2691 2896 2761 bajulari
2953 2708 3058 2747 non
3113 2703 3288 2763 potest
3323 2697 3647 2766 stipendium

2065 2777 2375 2847 concupivit
2397 2819 2410 2840 ,
2445 2781 2538 2833 sed
2573 2781 2823 2836 muliebri
2868 2793 3154 2840 contentus
3191 2785 3409 2853 ofﬁcio,
3440 2789 3648 2856 simpli-

2064 2880 2181 2919 cem
2215 2868 2414 2921 victum
2452 2883 2614 2923 manu
2658 2879 2713 2924 et
2756 2875 2874 2926 art'e
2921 2875 3221 2943 quaerebat,
3246 2885 3319 2940 et,
3348 2879 3645 2931 secundum

2064 2955 2364 3012 Psalmistae
2386 2973 2593 3027 vocem,
2625 2959 2839 3017 labores
2862 2979 3115 3017 manuum
3140 2980 3360 3020 suarum
3391 2957 3652 3025 innocens

2068 3051 2622 3123 mandurabat(Psal.
2667 3060 2893 3120 cxxvn).
2948 3056 3049 3125 Qui
3098 3059 3298 3113 idcirco
3340 3059 3645 3130 hujusmndi

2067 3151 2241 3195 artem
2266 3141 2493 3213 elegisse
2529 3159 2640 3214 pra:
2665 3146 2879 3200 caneris
2923 3162 3028 3201 non
3065 3148 3333 3202 immerito
3382 3150 3644 3211 creditur,

2067 3241 2127 3285 ut
2157 3232 2297 3286 inter
2336 3250 2559 3288 uxorem
2615 3245 2670 3291 et
2702 3238 2875 3290 virum
2908 3239 3079 3308 major
3109 3251 3308 3294 nmtuae
3332 3236 3341 3241 ’
3363 3240 3647 3296 charitatis

2065 3323 2279 3377 occasio
2318 3324 2671 3392 praeberetur,
2700 3343 2787 3391 ne,
2827 3328 2871 3380 si
2895 3330 3200 3382 essetinter
3233 3344 3327 3384 eos
3370 3331 3647 3400 iamquali-

2071 3420 2153 3469 tas
2204 3414 2533 3481 ofliciorum,
2583 3418 2891 3488 subriperet
2942 3421 3304 3493 (subreperet)
3358 3424 3647 3493 aliquando

2066 3506 2229 3561 etiam
2261 3508 2544 3564 diversitas
2575 3511 2902 3579 animorum,
2943 3529 2998 3569 ct
3037 3529 3103 3569 ex
3149 3520 3282 3572 artis
3333 3520 3648 3572 exercendae

2073 3597 2329 3651 distantia
2361 3600 2600 3655 oriretur
2630 3602 2856 3658 forsitan
2897 3606 2950 3658 in
2980 3607 3274 3662 domestica
3298 3624 3429 3679 pace
3449 3612 3647 3664 scissu-

2066 3702 2147 3753 ra,
2180 3688 2275 3743 sed
2314 3692 2439 3745 dum
2469 3692 2557 3746 uni
2604 3693 2753 3763 operi
2783 3695 3064 3767 utriusque
3110 3699 3458 3754 exhiberetur
3489 3701 3639 3756 indu-

2066 3780 2224 3847 stria,
2255 3797 2382 3836 vere
2409 3793 2553 3838 esset
2579 3785 2631 3839 in
2679 3795 2926 3856 utroque,
2957 3789 3098 3844 sicut
3134 3790 3199 3844 de
3231 3792 3501 3859 primitiva
3542 3793 3645 3848 Ευο

2065 3871 2226 3929 clesia
2256 3873 2452 3945 legitur
2481 3895 2493 3930 :
2530 3896 2548 3928 ‹
2575 3873 2681 3932 Cor
2710 3894 2895 3945 unum,
2928 3889 2982 3951 et
3011 3884 3189 3937 anima
3212 3900 3314 3937 una
3345 3887 3482 3956 (Acr.
3503 3901 3596 3957 tv).
3622 3907 3639 3939 ι

2064 3961 2201 4018 Hinc
2243 3970 2330 4019 est
2352 3967 2537 4032 etiam,
2582 3970 2724 4036 quod
2755 3970 2881 4024 dum
2914 3971 3003 4026 illa
3052 3973 3423 4030 beatissimum
3467 3978 3641 4032 virmn

2063 4052 2394 4126 objurgaret,
2430 4056 2702 4126 irrideret,
2730 4061 2910 4116 verbis
2940 4064 3285 4121 mordacibus
3313 4066 3643 4138 increparet,

2065 4141 2155 4197 ille
2185 4144 2331 4199 mitis
2362 4161 2425 4200 ac
2447 4146 2689 4216 placidus
2709 4165 2816 4204 non
2839 4151 2893 4204 in
2920 4151 3054 4205 iram
3085 4156 3351 4224 prorupit,
3377 4173 3483 4211 non
3510 4175 3642 4213 con-

2063 4237 2342 4292 tumeliosa
2377 4239 2539 4293 verba
2563 4242 2983 4312 respoudit,uon
3016 4245 3081 4298 ad
3106 4245 3470 4302 ulciscendum
3500 4265 3559 4304 se
3591 4253 3641 4304 iu

2065 4330 2393 4400 uxorcmjus
2414 4331 2611 4387 debitae
2649 4336 2932 4403 potestatis
2958 4340 3222 4393 exercuit.
3252 4338 3489 4398 Servans
3519 4339 3645 4397 illud

2064 4420 2306 4489 Apostoli
2339 4440 2353 4475 :
2392 4440 2410 4473 ι
2449 4421 2601 4490 Viri,
2629 4421 2835 4496 diligite
2877 4444 3076 4484 uxores
3118 4438 3344 4496 vestras,
3377 4440 3431 4484 et
3483 4433 3647 4487 nolite

378 4517 507 4581 lem,
533 4484 789 4570 videlicet
830 4514 1098 4584 quomodo
1129 4513 1375 4569 columba
1404 4514 1470 4568 de
1512 4513 1649 4571 ccelo
1676 4514 1876 4578 veniat,
1904 4523 1959 4568 et
1993 4484 2040 4542 ο
2065 4511 2237 4563 amari
2267 4527 2387 4568 esse
2411 4513 2479 4566 ad
2515 4513 2632 4570 illas
2674 4513 2811 4586 (Col.
2856 4516 2976 4587 Ill);
3016 4537 3035 4570 ι
3070 4528 3124 4573 et
3154 4522 3280 4590 quia
3325 4520 3463 4577 idem
3517 4523 3647 4577 dicit

381 4623 545 4678 super
597 4605 756 4661 electi
800 4612 965 4676 caput
995 4603 1155 4660 solito
1204 4616 1354 4660 more
1393 4603 1692 4683 consident.
1743 4602 1956 4673 Conjux

376 4716 506 4755 vero
534 4697 649 4768 ejus
695 4697 859 4767 ccepit
892 4711 1015 4751 eum
1048 4696 1384 4769 subsannare
1426 4703 1481 4749 et
1514 4695 1818 4766 increpare,
1878 4694 1959 4749 di-

379 4807 549 4848 cens:
585 4789 689 4846 Sed
730 4789 817 4851 hic
844 4789 1050 4853 labora,
1082 4788 1189 4843 noli
1218 4789 1425 4844 otiosus
1452 4796 1618 4843 stare.
1649 4788 1777 4844 Sive
1815 4789 1959 4845 enim

380 4882 530 4949 ieris,
562 4881 676 4936 sive
699 4896 804 4935 non
831 4880 979 4945 ieris,
1006 4887 1058 4934 te
1103 4877 1412 4950 pontificem
1442 4877 1672 4949 populus
1718 4894 1826 4934 non
1874 4895 1962 4935 ora

380 4973 608 5029 dinabit.
641 4971 708 5026 Et
737 4970 827 5027 ille
863 4988 876 5024 :
910 4969 1038 5025 Sine
1073 4984 1183 5034 me,
1226 4969 1419 5040 inquit,
1448 4978 1507 5023 ut
1542 4969 1756 5025 vadam.
1811 4968 1964 5026 Tunc

381 5064 471 5119 illa
514 5063 732 5118 mentiri
766 5078 824 5118 se
854 5072 1073 5133 putans,
1104 5060 1212 5131 sed.
1243 5060 1557 5132 ignoranter
1586 5076 1713 5117 vera
1759 5062 1962 5117 denun-

382 5156 549 5220 tians,
574 5157 685 5210 ait:
721 5155 886 5220 Vade,
911 5154 1035 5224 quia
1065 5168 1171 5223 qua
1208 5153 1340 5207 hora
1377 5153 1527 5218 ieris,
1570 5155 1753 5209 statim
1782 5155 1962 5224 ponti-

384 5248 474 5302 fex
500 5246 861 5302 ordinabcris.
894 5246 959 5300 Et
1003 5245 1160 5315 paulo
1187 5253 1307 5315 post
1350 5244 1597 5300 subditur
1629 5263 1641 5298 :
1691 5246 1817 5315 quia
1866 5261 1964 5315 pro

390 5324 733 5394 deformitate
772 5337 999 5408 squalidi
1030 5339 1361 5403 vestimenti,
1406 5354 1512 5407 quo
1557 5347 1676 5392 erat
1723 5337 1960 5403 indutus,

386 5430 668 5485 abscondit
703 5445 760 5484 se
792 5442 911 5498 post
945 5427 1162 5498 j'muam
1189 5429 1359 5498 ipsius
1374 5425 1506 5492 loci,
1534 5428 1622 5483 ubi
1650 5437 1805 5483 erant
1849 5445 1965 5484 om-

386 5536 482 5577 ncs
496 5530 715 5576 orantes
732 5538 746 5586 ;
761 5521 1032 5590 etexpleta
1049 5521 1314 5585 oratione,
1340 5520 1522 5577 statim
1548 5520 1695 5574 venit
1714 5521 1961 5577 columba

386 5622 443 5669 et
466 5611 726 5680 requievit
756 5627 920 5679 super
946 5621 1106 5680 caput
1135 5611 1249 5680 ejus
1276 5620 1395 5679 post
1420 5610 1644 5680 januam
1676 5611 1959 5667 latitantis.

456 5702 718 5770 Audistis,
752 5701 945 5758 fratres
975 5702 1308 5765 charissimi,
1338 5703 1505 5757 vitam
1535 5702 1773 5759 hominis
1800 5703 1962 5759 rebus

2063 4602 2351 4673 Apostolus
2392 4624 2405 4658 :
2459 4626 2478 4658 ι
2520 4605 2617 4661 Vir
2665 4624 2771 4663 non
2819 4609 2981 4665 habet
3026 4623 3349 4681 potestatem
3404 4615 3646 4685 corporis

2062 4696 2166 4760 sui,
2194 4697 2288 4752 sed
2314 4697 2508 4753 mulier
2529 4697 2581 4779 (ζ
2615 4696 2739 4781 βυτ.
2768 4702 2895 4774 vn);
2933 4722 2951 4755 ι
2986 4703 3155 4761 donec
3178 4708 3246 4762 ab
3276 4723 3338 4763 ea
3371 4709 3643 4763 licentiam

2065 4803 2177 4843 sua:
2203 4791 2484 4859 petitionis
2531 4793 2788 4860 extorsit,
2818 4794 2897 4850 ire
2923 4810 2988 4850 ex
3021 4795 3241 4869 propria
3278 4798 3554 4855 voluntate
3582 4800 3644 4854 ad

2068 4879 2388 4935 miraculum
2428 4896 2535 4936 non
2559 4884 2917 4954 praesumpsit.

2138 4968 2387 5037 Pensate,
2416 4971 2612 5030 fratres
2657 4976 2783 5042 mei,
2838 4977 3054 5047 quando
3084 4988 3186 5034 Iste
3240 4979 3292 5034 in
3347 4981 3645 5051 quemlibet

2069 5073 2243 5113 Vtrum
2276 5074 2395 5115 esse
2437 5072 2726 5119 contumax
2768 5067 2962 5137 potuit,
2992 5069 3084 5138 qui
3136 5078 3190 5124 et
3227 5069 3483 5141 subjectae
3531 5089 3644 5125 mu-

2066 5150 2187 5208 lieri
2229 5165 2337 5211 tam
2366 5154 2648 5214 humiliter
2676 5160 2949 5217 obcdivit?
2977 5164 3192 5232 quando
3236 5165 3644 5220 adversantibus

2071 5244 2305 5302 inimicis
2333 5248 2535 5302 malum
2559 5265 2656 5319 pro
2692 5251 2832 5306 malo
2855 5254 3106 5321 reddidit,
3140 5256 3230 5333 qui
3267 5265 3321 5310 et
3362 5272 3474 5311 suae
3522 5272 3644 5309 uxu~

2071 5337 2145 5392 ris
2171 5336 2393 5404 injurias
2430 5350 2536 5393 tam
2569 5342 2943 5411 :cquanimiter
2967 5342 3255 5399 toleravit?
3280 5345 3386 5399 Ant
3430 5344 3644 5415 quando

2067 5427 2150 5483 vir
2203 5431 2301 5484 iste
2331 5431 2685 5487 contumelias
2736 5435 2985 5503 proximo
3017 5437 3362 5505 prtesumpsit
3417 5436 3639 5500 inferre,

2065 5520 2155 5589 qui
2183 5530 2235 5574 et
2263 5518 2463 5574 illatam
2493 5522 2614 5585 sibi,
2648 5538 2769 5577 cum
2802 5526 2989 5594 utique
3024 5527 3297 5595 potuisset,
3335 5529 3503 5581 noluit
3524 5528 3640 5581 vin-

2066 5610 2281 5665 dicare?
2310 5631 2327 5662 ι
2359 5611 2554 5666 Beatus
2584 5611 2850 5683 siquidem
2874 5616 2976 5681 vir,
3009 5618 3096 5686 qui
3122 5618 3295 5688 potuit
3320 5618 3640 5688 transgredi,

2065 5708 2116 5754 et
2139 5708 2341 5757 nonest
2361 5710 2753 5773 transgressus,
2778 5704 2958 5763 facere
2980 5708 3137 5773 mala,
3156 5718 3209 5762 et
3225 5725 3327 5762 non
3343 5708 3466 5763 fecit
3484 5724 3498 5774 ;
3524 5708 3641 5762 ideo
