4018 6202
327 350 432 403 525

1716 362 1731 371 ο
1820 335 2051 392 SERMO
2091 333 2175 387 ιγ.

3512 335 3615 390 515

324 460 560 515 smmum
585 468 717 514 sum
760 457 900 514 bona
924 460 1069 516 imus
1098 459 1152 514 εη
1191 460 1418 515 pompm
1443 457 1633 524 (Ετειί,
1677 458 1853 527 χχχι).
1894 472 1912 502 ι
1952 462 1994 519 Α
2027 446 2178 502 Unde
2207 460 2266 501 se
2282 458 2614 517 exaggerare
2633 446 2870 501 aestimat
2893 447 3131 503 dolorem
3158 449 3461 515 vulnerum,
3491 453 3619 509 inde

394 551 501 606 Sed
515 551 647 622 quid
663 559 749 606 est
763 550 884 615 hoc,
903 551 1102 607 fratres
1115 551 1242 615 mei,
1259 551 1400 616 quod
1413 552 1758 620 omnipotens
1781 548 1925 603 Deus

324 646 529 700 electos
558 658 706 708 suos,
738 658 875 712 quos
904 651 1014 697 tam
1057 644 1252 698 charos
1281 643 1383 697 sibi
1416 643 1469 696 in
1501 650 1762 696 aeternum
1789 656 1920 695 con-

323 735 504 805 spicit,
537 745 649 788 tam
684 734 1037 789 vehementer
1063 734 1219 803 quasi
1254 733 1556 801 despiciens
1582 730 1805 802 aiiligit?
1857 731 1926 786 Et

324 826 566 895 nudique
637 824 692 879 in
747 825 851 879 hoc
902 824 1101 879 suacqu
1148 825 1538 878 adversitatum
1604 821 1923 876 verberibus

323 915 516 983 cingit,
552 929 691 983 quos
721 923 848 969 ante
893 913 1088 970 saacula
1127 915 1194 968 ad
1227 912 1500 969 ineffabile
1544 913 1798 984 gaudium
1831 928 1922 967 su-

322 1020 507 1074 pernae
534 990 806 1060 felicitatis
827 1005 1021 1077 elegit?
1045 1003 1157 1060 Nisi
1188 1007 1290 1060 hoc
1312 1005 1455 1074 quod
1475 1004 1663 1074 pietati
1687 1002 1922 1058 fidelium

322 1106 493 1166 patet,
521 1100 775 1164 quoniam
803 1097 1005 1151 idcirco
1030 1097 1226 1152 siccos
1249 1097 1448 1167 premit
1474 1096 1528 1149 in
1553 1095 1775 1161 infimis,
1795 1096 1924 1165 quia

323 1190 475 1242 videt
502 1189 773 1256 quomodo
803 1198 1111 1243 remaneret
1136 1189 1191 1243 in
1211 1188 1479 1243 summis?
1504 1189 1570 1242 Et
1591 1187 1725 1243 foris
1749 1202 1924 1257 usque

322 1284 393 1336 ad
425 1282 682 1351 chpecta
714 1281 898 1350 dejicit
918 1321 932 1346 ,
963 1282 1088 1350 quia
1118 1282 1263 1336 intus
1290 1297 1463 1352 usque
1512 1284 1580 1337 ad
1613 1281 1923 1349 incompre-

322 1372 615 1428 hensibilia
628 1374 893 1443 perducit.
911 1373 1050 1429 Hinc
1071 1389 1222 1444 ergo,
1247 1374 1372 1429 hinc
1394 1374 1761 1444 unusquisque
1775 1372 1927 1429 colli—

320 1475 413 1534 gat
467 1466 595 1533 quid
656 1465 732 1519 illi
780 1474 907 1521 sunt
967 1466 1181 1535 passuri
1229 1482 1365 1537 quos
1421 1467 1694 1536 reprobat,
1750 1466 1795 1520 si
1841 1466 1928 1521 hic

322 1564 476 1607 tanta
505 1556 796 1609 severitate
819 1556 1025 1609 cruciat
1045 1570 1183 1625 quos
1207 1566 1370 1610 amat.
1397 1556 1537 1610 Ecce
1570 1556 1714 1611 enim
1739 1556 1929 1611 beatus

319 1642 560 1699 Severus
603 1647 766 1700 rebus
789 1648 1109 1702 necessariis
1131 1648 1464 1711 destituitur,
1490 1646 1749 1702 deformis
1772 1647 1929 1702 indu-

322 1735 762 1805 mentisqualore
782 1736 1034 1799 findatur.
1060 1738 1182 1793 vilis
1206 1737 1467 1793 lanisterii
1493 1738 1678 1793 labore
1706 1738 1928 1793 confici-

2025 537 2106 592 eis
2155 549 2343 591 contra
2372 540 2723 608 semetipsum
2770 540 3011 610 suggerit
3041 555 3192 595 arma
3224 543 3500 598 virtutum.
3535 544 3613 600 Et

2025 614 2206 683 verbis
2235 637 2413 682 autem
2447 628 2585 684 male
2628 630 2971 699 eut'ripientis
3007 632 3191 686 uxoris
3217 672 3233 698 ,
3280 632 3617 690 dilectissimi

2025 720 2247 786 fratres,
2297 720 2528 775 solerter
2573 720 2835 777 debemus
2891 722 3160 793 inspicere
3187 727 3332 795 quod
3364 727 3618 797 antiquus

2025 811 2371 866 adversarius
2400 826 2504 865 non
2528 811 2701 867 solum
2735 827 2831 881 per
2858 814 3230 884 semetipsum,
3272 817 3366 873 sed
3388 834 3487 888 per
3523 835 3619 875 eos

2025 905 2188 958 etiam
2238 896 2331 973 qui
2384 904 2539 960 nobis
2567 904 2867 972 adhaerent,
2918 916 3118 962 statum
3169 911 3367 983 satagit
3414 924 3617 969 nostra:

2027 998 2226 1053 mentis
2276 997 2554 1053 inclinare.
2603 998 2737 1053 Cum
2768 1000 2915 1054 enim
2962 1015 3057 1056 cor
3081 1012 3326 1058 nostrum
3373 1004 3618 1061 lubricus

2028 1104 2253 1160 serpens
2278 1105 2375 1145 sua
2426 1091 2778 1160 persuasione
2809 1108 2915 1147 non
2964 1094 3197 1160 subruit,
3230 1096 3296 1150 ad
3327 1098 3430 1152 hoc
3461 1100 3626 1154 nimi-

2030 1196 2149 1233 rum
2217 1196 2315 1250 per
2360 1181 2568 1251 linguas
2617 1182 3006 1238 adliarreutium
3058 1185 3214 1256 repit.
3271 1168 3410 1243 llinc
3449 1192 3621 1245 ‘cnim

2030 1269 2293 1338 scriptum
2324 1280 2445 1324 est:
2477 1272 2559 1324 «Α
2575 1270 2699 1325 filiis
2730 1272 2999 1338 tuiscave,
3031 1285 3085 1328 et
3114 1290 3145 1328 a
3175 1275 3488 1333 domesticis
3517 1282 3623 1336 tuis

2031 1361 2248 1414 attende
2298 1361 2490 1432 (Eccli.
2555 1364 2727 1433 xxxii)
2758 1385 2776 1415 ι
2813 1364 2948 1419 llinc
2993 1381 3092 1435 per
3131 1368 3446 1437 prophetam
3490 1373 3624 1427 dici-

2031 1460 2152 1504 tur:
2176 1472 2192 1502 ι
2217 1450 2600 1523 Unusquisque
2630 1470 2687 1509 se
2713 1472 2742 1508 a
2774 1457 3020 1524 proximo
3047 1474 3144 1512 suo
3172 1463 3460 1528 custodiat,
3485 1475 3540 1518 ot
3570 1466 3622 1520 in

2031 1543 2177 1597 omni
2195 1544 2360 1597 fratre
2386 1560 2485 1599 suo
2510 1561 2613 1599 non
2638 1546 2834 1601 habeat
2863 1548 3116 1604 fiduciam
3140 1551 3271 1619 (Jer.
3310 1555 3409 1625 ix).
3433 1576 3451 1607 ι
3485 1556 3623 1612 llinc

2035 1652 2250 1690 rursum
2272 1637 2531 1707 scriptum
2547 1650 2659 1695 est:
2690 1660 2707 1691 ι
2730 1640 2938 1695 inimici
2957 1642 3190 1698 hominis
3203 1648 3483 1702 domestici
3506 1647 3624 1717 ejus

2036 1724 2223 1795 (Xiclt.
2244 1743 2347 1792 vn;
2369 1728 2558 1783 Matth.
2575 1730 2653 1801 x).
2676 1751 2693 1783 ι
2713 1730 2993 1803 Improbus
3016 1750 3252 1805 namque
3276 1740 3625 1796 adversarius

321 1834 506 1889 tur,et
525 1827 670 1894 quod
689 1828 940 1883 onmihus
968 1836 1054 1883 est
1080 1827 1508 1894 intolerabilius,
1535 1829 1923 1884 subsaunantis

2027 1832 2152 1873 cum
2198 1833 2229 1872 a
2270 1819 2535 1874 honorum
2586 1822 2841 1879 cordibus
2870 1824 3053 1894 repelli
3100 1841 3159 1881 se
3187 1821 3476 1898 conspicit,
3506 1847 3622 1898 eos,

318 1916 510 1971 uxoris
525 1917 888 1973 derisionihus
908 1930 1248 1988 perurgetur.
1272 1919 1543 1989 Antiquus
1553 1923 1698 1973 enim
1724 1920 1936 1985 hostis,-

316 2024 486 2077 quem
539 2022 644 2063 non
672 2010 741 2064 de
769 2011 1103 2080 paupertatis
1128 2011 1335 2082 inepia,
1372 2028 1478 2067 non
1508 2012 1576 2066 de
1604 2012 1807 2067 assidui
1834 2012 1914 2066 la—

317 2098 473 2153 boris
510 2096 820 2167 afﬂictione,
846 2116 950 2155 non
962 2101 1029 2156 de
1056 2102 1467 2157 inhonestarum
1483 2103 1715 2158 vestium
1737 2103 1917 2158 defor-

319 2191 515 2244 mitate
541 2206 843 2261 provocare
865 2193 932 2247 ad
985 2193 1379 2263 impatientiam
1425 2194 1631 2264 potuit,
1683 2195 1751 2249 ad
1778 2195 1918 2251 irro-

317 2285 557 2353 gaudam
591 2286 879 2340 verborum
922 2285 1305 2340 contumeliam
1334 2296 1573 2341 mentem
1612 2286 1799 2341 uxoris
1827 2302 1919 2341 ac-

317 2374 528 2439 cendit,
554 2387 609 2428 et
641 2374 759 2443 ejus
788 2375 1027 2447 iinguam
1064 2376 1130 2430 ad
1153 2376 1406 2446 injuriam
1437 2377 1709 2432 mordacis
1734 2376 1920 2447 objur-

318 2467 562 2537 gationis
590 2468 844 2532 exacuit;
891 2482 987 2525 cor
1039 2468 1285 2523 mulieris
1332 2469 1613 2525 consuetis
1641 2483 1754 2525 sua:
1794 2485 1919 2542 sug-

317 2558 586 2627 gestionis
679 2559 882 2614 aculeis
950 2559 1162 2627 incitat,
1228 2570 1285 2615 et
1371 2560 1607 2632 linguam
1673 2559 1793 2629 ejus
1862 2563 1917 2616 in

317 2650 610 2705 audaciam
690 2651 835 2708 male
902 2652 1087 2708 liberae
1157 2654 1600 2725 praesumptionis
1662 2653 1917 2720 etfrenat,

317 2750 595 2809 quatenus
643 2741 813 2796 virilis
843 2743 1079 2803 animus.
1135 2744 1231 2813 qui
1287 2743 1356 2798 ad
1402 2744 1799 2815 impatientiam
1853 2761 1922 2800 ex

319 2831 513 2885 mundi
547 2832 881 2887 adversitate
930 2848 1036 2887 neu
1088 2831 1342 2895 ﬂectitur,
1374 2835 1565 2890 saltem
1621 2851 1689 2891 ex
1737 2838 1922 2892 uxoris

320 2919 525 2987 injuria
552 2923 618 2974 ad
643 2923 980 2977 iracundiam
1018 2933 1359 2993 provocetur,
1394 2926 1504 2996 20
1529 2935 1584 2981 et
1624 2928 1923 2984 munitissi-

320 3026 474 3064 mum
535 3010 735 3067 Christi
791 3012 988 3082 vallum
1014 3052 1031 3078 ,
1088 3020 1233 3083 quod
1295 3015 1628 3072 circumfusa
1688 3018 1922 3074 hostium

321 3103 619 3159 multitudo
663 3120 768 3158 non
812 3114 1083 3175 penetrat,
1142 3115 1335 3162 exorta
1373 3108 1703 3165 intrinsecus
1730 3110 1925 3165 seditio

2015 1908 2108 1978 qui
2132 1907 2656 1967 abillisfamiliarius
2670 1913 3261 1988 diliguntur,exquirit,
3285 1930 3341 1976 ct
3364 1939 3457 1979 eos
3481 1940 3624 1995 ssepe

2015 2000 2083 2055 ad
2110 1998 2447 2056 inferendam
2465 2001 2716 2071 injuriam
2739 2005 2995 2070 concitat,
3015 2018 3281 2077 quatenus
3293 2014 3467 2068 sancti
3495 2016 3622 2069 viris

2016 2092 2145 2147 dum
2174 2108 2384 2159 eorum,
2400 2111 2430 2149 a
2444 2096 2643 2165 quibus
2657 2098 2892 2152 maxime
2909 2104 3155 2156 venerari
3170 2103 3486 2167 debuerant,
3505 2122 3625 2174 per-

2016 2186 2275 2240 versitate
2304 2186 2614 2242 lacerantur
2636 2229 2653 2254 ,
2675 2204 2863 2244 eorum
2923 2207 3078 2247 mens
3103 2194 3396 2264 proclivius
3426 2196 3495 2251 ad
3519 2198 3624 2252 ira-

2015 2276 2268 2330 cundiam
2300 2288 2644 2346 provocetur.
2679 2279 2787 2336 Sed
2831 2296 2960 2337 ecce
3008 2284 3227 2355 iniquas
3270 2286 3443 2344 hostis
3504 2290 3624 2345 ubi.

2017 2380 2126 2435 que
2154 2365 2445 2439 frangitur,
2477 2371 2678 2441 ubique
2707 2383 3020 2443 superatur.
3087 2375 3446 2435 Bellatoribus
3469 2381 3615 2435 enim

2018 2456 2226 2514 Christi
2259 2473 2355 2527 per
2380 2467 2576 2515 cuncta
2612 2458 2728 2529 jam
2753 2464 3117 2519 tentatiunum
3148 2478 3467 2539 argumenta
3490 2486 3609 2526 suco

2020 2548 2229 2615 cubuit,
2281 2549 2374 2620 qui
2419 2550 2552 2606 illud
2596 2567 2755 2607 suum
2781 2553 3052 2611 familiare
3081 2558 3333 2613 solatium
3360 2562 3526 2617 etiam
3555 2563 3623 2618 de

2021 2638 2249 2694 muliere
2292 2638 2590 2701 frustratus
2630 2644 2833 2699 amisit.
2866 2643 2958 2701 Sic
3008 2648 3153 2702 enim
3190 2659 3248 2705 et
3300 2652 3496 2710 beatus
3516 2654 3621 2711 Job

2020 2741 2307 2801 pOStquam
2337 2744 2531 2787 cuncta
2562 2746 2683 2802 qua:
2733 2736 3053 2805 possederat
3080 2741 3421 2808 abstulisset,
3471 2757 3596 2815 post

2022 2835 2184 2889 quam
2217 2820 2391 2891 ipsum
2442 2819 2558 2890 ejus
2605 2839 2804 2895 corpus
2837 2827 2988 2898 gravi
3029 2828 3211 2886 ulcere
3265 2832 3621 2902 vulnerasset,

2023 2910 2151 2979 quia
2204 2910 2518 2968 vulneribus
2566 2916 2746 2969 carnis
2787 2918 2855 2972 ad
2891 2920 3089 2975 mentis
3121 2923 3310 2977 vulnus
3338 2927 3624 2994 pervenire

2026 3013 2133 3053 non
2156 2999 2345 3065 valuit,
2377 3002 2541 3057 etiam
2567 3004 2871 3075 conjuncta:
2891 3008 3137 3066 mulieris
3165 3012 3398 3083 linguam
3421 3020 3625 3085 quaesi-

2026 3090 2126 3157 vit,
2158 3098 2212 3146 et
2237 3093 2366 3162 quia
2398 3106 2589 3164 aperto
2631 3099 2930 3156 certamine
2978 3106 3220 3172 superari
3248 3121 3308 3162 se
3335 3108 3525 3178 doluit,
3557 3113 3624 3168 de

320 3195 501 3251 civilis
555 3197 807 3265 aperiat;
855 3198 1000 3266 quod
1030 3197 1331 3253 obsidentis
1372 3198 1647 3255 exercitus
1705 3189 1998 3270 impactiC
2029 3198 2126 3238 ονε
2176 3186 2421 3257 coniugis
2470 3186 2709 3257 Ῑίιοιηυιη
2767 3195 2923 3263 quasi
2989 3197 3055 3252 de
3105 3198 3320 3257 illSidiiS
3379 3206 3622 3263 intorsit.

332 3290 529 3342 arietes
588 3288 806 3342 diruere
837 3299 1134 3360 nequeunt,
1167 3290 1469 3347 domestica
1508 3292 1747 3347 scissura
1779 3307 1925 3361 prte-

329 3390 490 3437 aente
526 3381 735 3435 aditum
766 3382 1035 3453 capiatur.
1074 3384 1143 3453 “in
1197 3383 1309 3439 alto
1355 3385 1555 3455 quippe
1591 3385 1678 3439 vir
1704 3394 1928 3440 sanctus

324 3474 531 3528 mentis
558 3473 846 3528 aedilicium
879 3476 1094 3539 tixerat,
1124 3487 1180 3530 et
1223 3474 1429 3530 idcirco
1457 3475 1585 3531 illuc
1621 3475 1929 3545 irrumpere

324 3563 558 3637 hostiles
611 3563 848 3634 impetus
890 3580 997 3619 non
1049 3565 1316 3621 valebant.
1359 3565 1632 3634 Quaeritur
1682 3581 1813 3637 ergo
1857 3566 1928 3622 ab

322 3656 670 3720 adversario,
695 3656 820 3725 quia
861 3656 978 3712 haec
995 3660 1210 3713 excelsa
1240 3659 1471 3714 munitio
1491 3659 1927 3731 inexpugnabilis

323 3746 598 3814 cernitur,
622 3748 818 3818 quibus
844 3748 914 3803 ad
939 3761 1060 3803 eam
1084 3750 1341 3819 gradibus
1365 3740 1719 3805 ascendatur.
1735 3749 1926 3805 Vicina

322 3853 408 3894 est
436 3854 623 3894 autem
668 3856 799 3895 vero
852 3839 1047 3896 mulier
1072 3849 1237 3911 atque
1264 3840 1572 3910 subjuncta.
1604 3840 1712 3897 Cor
1762 3841 1928 3912 igitur

324 3933 578 3986 mulieris
610 3932 800 3997 tenuit,
853 3941 912 3986 et
940 3932 1099 4001 quasi
1153 3933 1384 3997 scalam,
1441 3949 1548 4001 qua
1588 3933 1655 3988 ad
1701 3947 1797 3987 cor
1826 3932 1926 3988 viri

324 4024 631 4079 ascendere
681 4024 971 4093 potuisset,
1033 4024 1265 4079 'nvenit.
1319 4024 1622 4094 Occupavit
1683 4024 1926 4078 animuin

324 4113 581 4183 conjugis
604 4115 751 4170 scala
796 4115 979 4169 mariti
1005 4132 1020 4181 ;
1053 4116 1148 4172 sed
1190 4116 1321 4170 nihil
1351 4117 1455 4171 hac
1480 4125 1599 4172 arte
1626 4115 1926 4186 pratvaluit,

324 4207 459 4277 quia
519 4205 604 4258 vir
650 4203 807 4261 fortis
871 4207 1145 4276 patientia:
1200 4216 1413 4262 scutum
1462 4206 1754 4262 verborum
1805 4207 1927 4263 telis

322 4295 606 4367 opposuit,
645 4306 701 4351 et
729 4312 793 4352 ea
824 4312 924 4366 pro
961 4297 1130 4352 nihilo
1182 4298 1469 4369 deputans,
1515 4299 1663 4354 velut
1702 4299 1929 4356 audiens

326 4402 439 4441 non
469 4385 700 4440 audivit.
728 4386 958 4457 Dignum
1000 4400 1196 4456 nempe
1224 4398 1344 4441 erat
1394 4397 1455 4443 ut
1489 4388 1732 4444 mulieris
1761 4393 1927 4445 verba

325 4478 509 4533 virilis
570 4479 782 4534 animus
832 4493 939 4533 non
1002 4479 1333 4545 admitteret,
1393 4495 1517 4535 cum
1564 4480 1811 4550 profecto
1856 4482 1922 4537 de

2028 3272 2176 3330 Dixit
2215 3277 2360 3332 enim
2388 3278 2518 3333 illa:
2572 3298 2591 3331 ι
2620 3283 2812 3339 Adhuc
2836 3300 3126 3355 permanes
3166 3291 3220 3345 in
3269 3294 3622 3365 simplicitate

2029 3367 2132 3437 21
2175 3370 2304 3423 tua?
2350 3370 2585 3457 Benedic
2630 3374 2763 3440 Deo,
2814 3387 2870 3430 et
2918 3380 3294 3453 morere(Job
3343 3389 3490 3457 11).»
3528 3390 3622 3445 Sic

2027 3468 2084 3513 et
2113 3460 2306 3515 beatus
2353 3453 2549 3519 Tobias
2601 3476 2887 3537 postquam
2934 3471 3006 3525 'ad
3051 3473 3232 3530 nimia:
3277 3453 3617 3549 paupertatis

2026 3566 2351 3618 arumnam,
2376 3554 2488 3610 Deo
2529 3557 2873 3628 disponente,
2900 3561 3141 3631 devenit,
3175 3577 3462 3639 postquam
3486 3590 3618 3631 ccu-

2026 3641 2202 3696 lorum
2234 3642 2417 3700 lumen
2442 3646 2650 3712 amisit,
2710 3652 2835 3718 quia
2873 3650 3022 3706 illum
3067 3655 3338 3727 malignus
3382 3662 3611 3731 spiritus

2027 3732 2164 3786 vidit
2184 3749 2449 3804 corporeo
2469 3735 2674 3793 lumine
2702 3753 2809 3794 non
2838 3732 3135 3809 videntem,
3188 3747 3372 3803 divino
3429 3762 3611 3810 autem

2027 3826 2314 3895 splendore
2340 3829 2572 3887 interius
2596 3844 2997 3904 coruscantem,
3023 3836 3157 3895 foris
3187 3844 3348 3898 rebus
3362 3860 3611 3913 vacuum,

2028 3916 2358 3976 intrinsecus
2399 3923 2511 3977 Deo
2538 3923 2778 3994 plenum,
2808 3927 2876 3982 ad
2901 3928 3062 4009 sqlita
3092 3946 3244 3987 arma
3271 3940 3512 3994 cucurrit
3559 3953 3616 3998 et

2029 4012 2216 4068 uxoris
2243 4012 2483 4085 linguam
2521 4016 2588 4070 ad
2626 4007 2968 4076 inferendum
3001 4023 3491 4086 vehementissima‘
3519 4036 3618 4090 ob‘

2021 4101 2349 4173 jurgationis
2372 4107 2722 4177 opprobrium
2738 4112 3053 4169 concitavit.
3077 4114 3208 4184 Qute
3223 4117 3391 4175 dixit:
3426 4142 3444 4174 ι
3480 4122 3618 4180 Vere

2030 4205 2165 4246 vana
2195 4190 2333 4248 facta
2354 4204 2439 4249 est
2462 4210 2587 4265 spes
2609 4204 2724 4264 tua,
2753 4199 3113 4275 eleemosyna:
3141 4215 3248 4262 tua:
3271 4212 3430 4267 modo
3452 4229 3619 4285 appa‘

2028 4297 2254 4379 ruerunt
2280 4285 2359 4357 (Τ
2361 4286 2442 4341 ob.
2475 4298 2574 4360 it).
2611 4310 2631 4343 ι
2667 4286 2737 4345 Et
2784 4294 2928 4350 sicut
2958 4296 3059 4353 iste
3103 4315 3371 4370 perversae
3400 4307 3614 4379 COnjttgi

2030 4376 2164 4470 uniti
2187 4380 2483 4470 respondit,
2516 4383 2612 4438 sed
2635 4382 2834 4452 injecto
2863 4388 2966 4443 sibi
2998 4391 3278 4450 diabolica:
3311 4376 3614 4470 suggestio-

2030 4467 2117 4521 nis
2161 4468 2287 4534 telo,
2320 4485 2445 4525 mox
2488 4473 2557 4527 ad
2587 4475 2853 4531 orationis
2900 4493 3087 4546 arma,
3138 4467 3416 4554 Scriptura
3457 4498 3610 4550 teste.

324 4570 453 4641 ipso
518 4571 696 4640 primo
757 4571 911 4642 lapsu
979 4571 1199 4625 Imma";
1267 4541 1483 4643 géneﬁs
1545 4541 1727 4629 ,ξοεεει
1776 4577 1920 4643 quod
1953 4541 2455 4629 Deucurrit(Tob.
2489 4560 2696 4631 iu),sic
2734 4575 2790 4619 et
2836 4566 3182 4626 beatissimus
3231 4541 3314 4626 vir
3367 4574 3609 4631 Severus

324 4666 533 4720 docere
565 4665 759 4720 mulier
787 4674 935 4720 recta
984 4665 1237 4721 nesciret.
1273 4665 1423 4722 Unde
1456 4665 1594 4722 bene
1632 4669 1794 4723 etiam
1825 4683 1923 4737 per

325 4754 563 4809 Paulum
618 4756 860 4811 dicitur:
923 4773 941 4807 ί
979 4754 1185 4812 Docere
1233 4768 1415 4812 autem
1471 4757 1750 4811 mulierem
1815 4772 1921 4811 non

323 4847 595 4917 permitto
619 4844 673 4917 (I
708 4844 837 4898 Tim.
857 4846 935 4915 It).
971 4865 990 4900 ι
1019 4846 1155 4914 Quia
1189 4849 1445 4902 nimirum
1477 4846 1770 4917 aliquando
1797 4863 1922 4903 cum

324 4936 543 4999 docuit,
569 4954 599 4988 a
628 4938 907 5005 sapientia:
946 4937 1165 4992 tramite
1222 4937 1476 4992 deviavit.
1530 4938 1799 5008 Antiquos
1826 4939 1927 4992 ita-

324 5046 441 5098 que
520 5029 691 5082 liostis
744 5029 814 5081 ab
868 5030 1040 5083 Adam
1100 5030 1154 5083 in
1217 5028 1429 5084 oiﬁcina
1492 5028 1754 5084 lanisterii
1799 5043 1922 5099 per-

323 5120 471 5172 didit
524 5119 616 5187 qui
674 5121 842 5173 Adam
907 5122 960 5174 in
1017 5121 1269 5191 paradiso
1313 5122 1582 5190 superavit
1629 5118 1920 5192 (ϐιαιως

284 5199 295 5210 ’
323 5222 499 5276 atque
523 5207 840 5277 aitjutricem
868 5226 1023 5265 suam
1052 5212 1355 5277 mulierem,
1383 5214 1510 5267 dum
1537 5214 1604 5267 ad
1644 5221 1925 5268 contume-

324 5303 462 5356 liam
492 5317 695 5357 amarte
718 5304 1078 5372 correptionis
1104 5306 1370 5368 ascendit,
1392 5305 1459 5359 ad
1488 5305 1797 5374 exemplqu
1826 5320 1925 5374 po—

327 5394 446 5447 tius
522 5392 795 5447 discenda:
842 5395 1116 5463 patientia:
1165 5395 1415 5450 nesciens
1493 5395 1817 5460 destinavit;
1873 5404 1930 5450 et

326 5487 463 5538 dum
497 5484 643 5540 illam
688 5501 942 5556 perversa
994 5503 1115 5556 qua:
1163 5487 1380 5543 doceret
1406 5488 1641 5552 edocuit,
1680 5488 1747 5541 ad
1780 5488 1933 5542 scho-

327 5580 449 5632 lam
486 5577 829 5632 rectitudinis
872 5577 1051 5644 misit;
1109 5587 1165 5633 et
1215 5594 1339 5648 quae
1390 5580 1623 5634 excitata
1664 5580 1841 5633 fuerat
1873 5587 1933 5632 ut

326 5669 613 5739 perderet,
628 5669 834 5722 erudita
859 5677 941 5724 est
963 5686 1029 5724 ne
1050 5670 1271 5739 periret.
1293 5669 1401 5735 Sic,
1429 5671 1508 5725 sic
1535 5684 1567 5723 a
1595 5668 1792 5723 nostris
1807 5667 1938 5722 viris

329 5759 575 5817 fortibus
619 5761 791 5817 hostis
835 5763 1134 5831 percutitur
1162 5804 1177 5829 ,
1210 5774 1270 5818 ut
1308 5778 1403 5819 sua
1426 5762 1474 5818 ei
1504 5761 1607 5818 tela
1631 5761 1932 5832 rapiantur.

2028 4649 2356 4716 respomlere
2408 4651 2475 4704 ad
2519 4653 2709 4708 uxoris
2743 4656 2907 4710 verba
2951 4664 3311 4732 contempsit;
3347 4666 3414 4719 ad
3467 4672 3613 4722 arci~

2028 4739 2280 4806 pieadum
2308 4755 2438 4795 vero
2468 4739 2527 4796 S.
2567 4741 2806 4813 Spiritus
2819 4749 3041 4815 donum,
3074 4752 3262 4806 eodem
3291 4770 3615 4828 suggerente

2028 4830 2245 4917 spiritu,
2275 4833 2531 4889 nesciens
2551 4838 2884 4906 properavit.
2917 4838 2975 4895 Si
3005 4853 3189 4897 autem
3228 4846 3426 4901 divinae
3449 4847 3611 4917 justi-

2031 4896 2119 4976 ὕει
2146 4924 2390 4983 ordinem
2415 4896 2599 4982 subtili
2652 4896 3005 4988 meditatione
3057 4896 3467 5006 perpeting
3479 4896 3612 4998 115..

2030 5014 2148 5069 sine
2184 5031 2349 5071 causa
2379 5021 2787 5079 sanctos‘viros
2832 5040 3062 5081 uxorum
3106 5028 3333 5088 alllictos
3365 5033 3613 5091 molesti]

2033 5109 2357 5179 reperimus.
2389 5111 2526 5179 Quia
2546 5115 2693 5190 enim
2724 5118 2808 5172 vir
2844 5120 3000 5174 uxori
3051 5122 3193 5177 male
3222 5128 3617 5187 conscntiendo

2031 5197 2309 5257 Creatoris
2335 5205 2417 5259 sui
2437 5218 2704 5278 praecepta
2726 5220 3147 5282 contempserat,
3157 5215 3507 5291 jam,dignum
3532 5232 3618 5279 est

2033 5302 2149 5348 uta
2180 5296 2295 5349 viro
2326 5297 2523 5353 mulier
2560 5300 2929 5360 dissentiendo
2982 5307 3139 5363 duris
3162 5325 3287 5366 eum
3318 5314 3610 5372 verborum

2034 5387 2376 5442 contumeliis
2424 5389 2771 5447 vehementer
2817 5395 3037 5466 afﬂigat.
3073 5400 3192 5467 Quo
3219 5403 3366 5459 enim
3400 5408 3616 5465 mulieri

2037 5476 2177 5532 male
2199 5479 2459 5535 obediens
2512 5485 2715 5550 paruit,
2744 5500 2810 5541 eo
2847 5486 3128 5546 Conditori
3173 5509 3274 5549 suo
3300 5496 3618 5556 inobediens

2036 5565 2157 5651 fuit.
2190 5569 2462 5642 Scriptum
2486 5575 2683 5646 quippe
2715 5585 2832 5632 est:
2867 5598 2886 5630 ι
2920 5578 3067 5636 Tulit
3112 5584 3308 5640 mulier
3340 5588 3407 5641 de
3436 5588 3618 5646 fructu

2037 5670 2093 5717 et
2112 5665 2371 5729 comedit,
2395 5666 2651 5737 deditque
2674 5670 2791 5724 viro
2812 5685 2912 5726 suo
2929 5674 3022 5742 qui
3045 5674 3317 5743 comedit;
3348 5686 3403 5732 et
3438 5684 3612 5750 aperti

2038 5768 2165 5814 sunt
2190 5758 2332 5814 oculi
2357 5760 2641 5817 amborum
2668 5760 3035 5838 (Geticam).
3062 5786 3081 5821 ι
3127 5768 3207 5823 Ex
3247 5783 3311 5825 ea
3338 5770 3410 5841 igi
3436 5787 3503 5827 ur
3547 5772 3618 5828 ab
