4070 6198
443 359 545 413 5‘27

1046 354 1102 408 S.
1131 352 1330 407 PETRI
1368 353 1649 407 DAMIANI
1689 352 1836 408 ΟΡΡ.
1870 354 2046 410 PARS
2088 354 2216 410 SEU
2245 353 2480 409 TOMUS
2523 353 2586 408 ll.
2628 382 2696 396 --
2729 354 3119 413 SERMONES.

3599 360 3705 422 528

438 474 678 528 Auctore
701 469 973 525 feriendus
1007 478 1145 533 erat,
1181 483 1342 537 quam
1383 483 1575 523 errans
1601 468 1826 523 Auctori
1879 483 2014 537 prze-
2043 481 2093 538 Α
2189 468 2347 524 Libet
2374 479 2577 534 autem,
2615 469 2977 536 dilectissimi,
3015 473 3080 526 ad
3113 471 3242 527 illud
3271 474 3558 544 pulchrum
3590 493 3709 547 spe.

439 572 714 634 posuerat,
743 571 802 615 ut
830 561 971 615 unde
992 561 1152 614 homo
1174 559 1388 630 culpam
1412 574 1516 614 non
1544 560 1724 614 timuit
1748 563 2014 629 superbus

441 657 745 714 admittere,
780 653 902 706 inde
954 666 1167 720 pcenam
1217 651 1572 721 corrigendus
1623 652 1910 706 inveniret.
1949 653 2020 707 Et

439 755 587 800 tanto
616 744 774 797 citius
825 742 1116 812 respiceret
1147 743 1212 796 ad
1245 743 1395 796 illum
1448 759 1607 813 quem
1657 745 2018 814 superbiendo

435 835 777 905 contempsit,
804 843 1004 904 quanto
1030 835 1408 891 amaritudinis
1437 836 1652 906 plenam
1715 851 1840 893 esse
1889 845 2020 893 c‘on-

436 927 671 996 spiceret
699 927 782 980 eui
810 925 1205 980 delectabiliter
1229 926 1493 980 obedivit.

507 1018 894 1072 Verumtamen
926 1031 1034 1069 non
1096 1017 1300 1071 idcirco
1351 1018 1454 1071 ista
1487 1018 1738 1094 dicimus,
1771 1027 1829 1071 ut
1874 1018 2016 1073 beati

433 1110 531 1164 viri
557 1125 778 1163 uxorem
809 1109 1034 1178 periisse
1068 1124 1189 1163 eum
1224 1110 1474 1178 reprobis
1503 1109 1824 1165 mulieribus
1865 1125 2015 1164 asse-

435 1215 634 1254 ramus.
659 1197 716 1253 Si
744 1199 889 1253 enim
921 1199 990 1252 ab
1031 1199 1322 1254 electorum
1376 1209 1522 1254 sorte
1571 1200 1850 1254 exclusam
1898 1215 2018 1255 esse

433 1301 808 1362 cognosceret,
836 1307 1179 1362 nequaquam
1215 1293 1296 1346 vir
1318 1301 1509 1347 sancto
1541 1293 1779 1362 repletus
1807 1290 2015 1362 Spiritu

417 1399 596 1446 unum
629 1399 749 1437 cum
779 1399 840 1438 ea
871 1383 1175 1452 sepulcrum
1204 1384 1407 1438 habere
1438 1384 1711 1439 voluisset.
1755 1383 2014 1440 Commu-

431 1474 514 1528 nis
542 1474 705 1544 igitur
725 1474 1000 1544 sepultura
1023 1474 1532 1542 corporumindicat
1561 1474 1704 1544 quod
1730 1474 2012 1528 beatorum

430 1564 717 1634 eonjugum
739 1567 948 1620 animas
977 1567 1292 1622 meritorum
1319 1567 1555 1620 varietas
1577 1582 1681 1620 non
1707 1565 2008 1629 discernat;

429 1663 483 1710 et
509 1655 635 1709 dum
659 1655 742 1708 vir
772 1656 926 1712 uxori
956 1656 1008 1709 in
1049 1666 1224 1711 morte
1247 1670 1304 1710 se
1332 1657 1568 1710 libenter
1602 1657 1858 1720 associat,
1883 1671 2013 1710 con-

425 1755 534 1802 stat
565 1747 748 1816 utiqne
767 1748 891 1816 quia
925 1749 978 1801 in
1005 1748 1090 1801 illa
1126 1748 1230 1802 vita
1256 1750 1541 1817 utriusque
1568 1749 1711 1802 inter
1734 1763 1794 1802 se
1819 1750 2009 1810 merita

2119 558 2389 614 ctaculum
2439 567 2580 612 totos
2616 559 2933 614 interiorum
2971 560 3235 616 luminum
3270 564 3450 618 radios
3473 563 3709 636 diligen-

2121 658 2203 703 ter
2250 648 2577 716 expandere,
2635 659 2691 703 et
2737 660 3078 719 omnipotens
3110 653 3249 708 Dens
3277 669 3441 723 quam
3491 656 3708 712 diverso
3760 717 3767 724 ,

2119 738 2280 792 modo
2307 739 2374 792 ab
2401 739 2709 795 hominibus
2741 741 2971 810 judicet,
2996 742 3048 796 in
3077 754 3340 813 quantum
3376 747 3504 801 mihi
3531 751 3707 817 possi-

2119 826 2225 880 bile
2247 835 2354 891 est,
2382 829 2623 882 studiose
2653 831 3263 898 pensare.C0nveniunt
3293 837 3531 892 universi
3558 839 3706 892 cives

2119 917 2185 971 ad
2209 919 2532 979 oratorium,
2565 921 2843 974 descendit
2865 921 3099 991 Spiritus
3129 934 3349 979 sanctus
3374 927 3424 980 in
3441 927 3705 983 columba:

2119 1007 2298 1076 specie
2347 1023 2513 1078 super
2557 1010 2810 1079 populum
2841 1024 3250 1083 congregatum.
3290 1016 3451 1071 Multa
3482 1019 3706 1074 inferius

2118 1102 2302 1166 corda,
2336 1117 2475 1156 llllllS
2500 1097 2732 1173 desuper
2756 1103 3048 1174 inspector.
3075 1105 3566 1164 Prwstolanturisti
3592 1127 3704 1165 nia-

2118 1204 2284 1259 gnum
2317 1191 2550 1260 aliquem
2582 1208 2648 1247 ex
2673 1193 2931 1248 divitibus
2950 1194 3110 1265 eligi;
3136 1199 3445 1253 considerat
3467 1200 3554 1255 ille
3582 1202 3702 1270 quis

2115 1272 2180 1333 ex
2217 1281 2470 1335 omnibus
2494 1282 3089 1339 maximevaleatdives
3118 1286 3410 1342 virtutibus
3446 1289 3699 1345 inveniri.

2115 1369 2206 1424 lsti
2239 1371 2380 1440 apud
2435 1385 2494 1426 se
2524 1370 2820 1440 praeferunt
2848 1373 3118 1428 eruditam
3165 1374 3430 1447 linguam,
3463 1378 3705 1434 luculen-

2117 1469 2227 1514 tum
2256 1476 2598 1527 sermonem;
2645 1462 2737 1517 ille
2781 1474 2964 1518 autem
3010 1466 3250 1520 animum
3298 1468 3596 1538 simplicem
3647 1481 3699 1525 et

2115 1550 2292 1605 cordis
2313 1550 2462 1620 eligit
2485 1553 2798 1620 puritatem.
2831 1552 2968 1608 Hinc
2998 1555 3226 1624 populus
3282 1558 3398 1612 visu
3461 1558 3699 1629 plebeios

2113 1643 2376 1712 praeterit,
2406 1643 2473 1696 ad
2496 1643 2756 1712 primates
2777 1659 2929 1708 vero,
2954 1645 3077 1713 quis
3097 1661 3281 1701 eorum
3330 1649 3564 1702 maxime
3605 1650 3671 1704 eli
3689 1678 3703 1687 ο

2113 1743 2293 1804 gatur,
2327 1735 2598 1799 attendit;
2629 1735 2755 1790 inde
2785 1743 2966 1790 autem
2998 1756 3017 1788 ι
3045 1738 3294 1792 excelsus
3323 1740 3579 1795 Dominus
3605 1743 3700 1795 hu-

427 1851 532 1890 non
555 1836 788 1906 elongat.
814 1837 970 1893 Credi
1007 1839 1204 1908 quippe
1232 1854 1335 1892 non
1363 1839 1636 1892 immerito
1659 1847 1854 1908 potest,
1880 1840 1997 1910 quia

2111 1824 2256 1878 milia
2325 1825 2572 1894 respicit,
2610 1835 2667 1880 et
2700 1824 2808 1879 alta
2872 1841 2902 1879 a
2960 1826 3120 1896 longe
3167 1831 3445 1899 cognmcit
3512 1829 3697 1899 (Psal.

425 1936 712 1997 postquam
744 1928 938 1982 mulier
983 1929 1352 1982 beatissimum
1383 1928 1557 1982 virum
1591 1928 1849 1982 divinitus
1897 1929 2006 1984 ele-

421 2028 566 2074 ctum
598 2021 663 2074 ad
699 2020 1008 2089 pontiﬁcale
1035 2019 1310 2090 fastigium
1342 2030 1532 2074 contra
1592 2035 1748 2074 suam
1793 2020 2007 2089 opinio-

420 2123 545 2164 nem
577 2109 729 2173 vidit,
757 2125 878 2165 mox
914 2111 1180 2165 maculam
1203 2112 1286 2164 sui
1314 2119 1497 2166 reatus
1513 2111 1750 2181 agnovit,
1776 2110 2002 2166 confusa

416 2200 658 2266 erubuit,
696 2201 1070 2268 paenitentiam
1102 2201 1230 2270 egit.
1277 2210 1332 2254 et
1362 2201 1442 2255 sie
1469 2201 1534 2255 de
1569 2210 1769 2256 caetero
1797 2203 2002 2257 studio-

421 2289 534 2343 sius
555 2302 612 2343 se
635 2288 688 2342 in
712 2289 1004 2344 virtutibus
1033 2297 1236 2344 sancta:
1262 2292 1692 2346 conversationis
1733 2293 1998 2347 exercuit.

426 2379 575 2434 Unde
602 2380 764 2434 etiam
790 2382 854 2434 de
885 2380 969 2434 illa
1002 2380 1261 2450 scriptum
1291 2389 1376 2434 est
1405 2381 1530 2449 quia
1559 2389 1846 2451 postquam
1874 2382 2000 2437 bea-

416 2471 663 2526 tissimus
695 2472 778 2525 vir
802 2472 1087 2543 episc0pus
1138 2472 1315 2526 factus
1332 2483 1435 2537 est,
1464 2473 1741 2528 admirans
1770 2490 2002 2546 congra-

417 2562 691 2618 tulabatur
720 2565 790 2617 ei.

491 2654 824 2719 Vosantem,
874 2655 1206 2710 dilectissimi
1256 2655 1453 2712 fratres
1495 2657 1621 2723 mei,
1677 2658 1767 2728 qui
1800 2658 1866 2712 ad
1898 2675 1998 2714 au-

419 2747 610 2802 dienda
635 2746 769 2798 tanti
799 2747 896 2800 viri
928 2748 1221 2816 przeconia,
1257 2748 1366 2803 Deo
1391 2765 1488 2804 vos
1516 2749 1835 2818 inspirante,
1880 2751 1998 2806 dili-

417 2838 932 2904 gentcrintenditis,
961 2839 1280 2907 patientiam
1328 2839 1585 2906 laudatis,
1637 2841 1994 2897 humilitatem

416 2933 694 2999 extollitis,
723 2942 995 2988 tantarum
1019 2933 1275 2988 virtutum
1305 2935 1529 3004 insignia
1556 2935 1607 2988 in
1630 2951 1759 2989 usus
1789 2945 1998 2990 vestros

417 3027 700 3089 assumite,
727 3025 947 3094 etquod
982 3024 1127 3077 illum
1155 3022 1321 3078 fuisse
1346 3023 1579 3079 libenter
1622 3025 1843 3091 auditis,
1891 3025 1992 3096 ipsi

416 3118 579 3173 etiam
629 3116 744 3170 fieri
795 3131 894 3186 per
917 3116 1010 3170 Dei
1057 3116 1285 3186 gratiam
1318 3117 1560 3170 studiose
1597 3125 1803 3171 curate.
1828 3117 1997 3171 Eritis

2109 1916 2376 1988 cxxxvn).
2418 1937 2436 1968 ι
2467 1916 2602 1971 Hinc
2649 1917 2803 1972 multi
2831 1917 3204 1989 sibimetipsis,
3254 1921 3384 1976 illud
3421 1939 3590 1978 sacra:
3618 1926 3701 1978 di-

2109 2009 2331 2079 gnitatis
2357 2009 2568 2064 culmen
2615 2020 2896 2081 exoptant,
2944 2022 3000 2068 et
3049 2014 3270 2084 garrulo
3315 2015 3530 2070 silentio
3560 2017 3698 2071 intra

2109 2102 2498 2156 conscientiam
2543 2102 2812 2158 clamant:
2847 2104 2890 2159 Ο
2941 2107 2986 2160 si
3033 2106 3280 2162 columba
3328 2110 3510 2163 veniat
3538 2126 3699 2180 super

2109 2209 2214 2258 me,
2249 2209 2282 2248 ο
2312 2194 2356 2248 si
2390 2195 2532 2250 Deus
2554 2195 2719 2266 eligat
2740 2199 2856 2252 me!
2880 2197 3050 2252 Putas
3075 2213 3174 2269 ego
3196 2213 3290 2254 ero
3311 2200 3556 2255 electus?
3590 2202 3696 2256 Pn-

2109 2293 2194 2340 tas
2228 2286 2359 2340 mihi
2382 2287 2602 2342 dabitur
2623 2288 3160 2359 episcopatus?lnde
3195 2302 3374 2347 autem
3418 2293 3508 2348 ille
3544 2311 3697 2350 scru-

2109 2387 2258 2432 tatur
2292 2393 2451 2434 renes
2478 2388 2534 2433 et
2559 2381 2721 2435 corda
2755 2381 2808 2452 (1
2829 2380 2959 2436 Par.
2986 2398 3187 2447 xxvnt;
3221 2382 3369 2439 Psal.
3390 2385 3503 2455 vn),
3540 2407 3558 2439 ι
3603 2389 3695 2457 qui

2107 2469 2562 2541 finxitsigillatim
2613 2474 2776 2529 corda
2810 2489 3020 2538 eorum,
3081 2478 3174 2546 qui
3226 2479 3477 2552 intelligit
3513 2482 3693 2536 omnia

2102 2577 2264 2630 ope-ra
2295 2578 2483 2618 eorum
2516 2561 2703 2633 (Paul.
2765 2569 2976 2638 xxx").
3017 2589 3034 2619 ›
3096 2569 3162 2623 Et
3212 2571 3429 2639 quidem
3464 2573 3694 2628 aderant

2104 2653 2175 2707 ibi
2211 2653 2384 2717 multi,
2420 2663 2608 2724 utpote
2637 2656 2689 2710 in
2717 2659 2931 2727 egregia
2959 2659 3200 2727 civitate,
3228 2661 3319 2715 alii
3343 2663 3558 2732 quidem
3587 2663 3697 2718 fre-

2104 2745 2362 2797 mentium
2418 2761 2683 2814 equorum
2738 2747 3055 2817 glomeratis
3102 2753 3379 2822 gressibus
3437 2755 3687 2812 incedere

2102 2835 2267 2901 soliti,
2301 2836 2581 2892 aliiclaris
2606 2838 2862 2894 natalium
2899 2841 3068 2898 titulis
3114 2845 3381 2916 insigniti,
3431 2847 3522 2902 alii
3571 2866 3691 2919 pre-

2105 2925 2366 2980 tiosarum
2383 2928 2623 2991 ,vestium
2645 2929 2824 2986 nitore
2847 2934 3150 3004 conspicui,
3179 2936 3268 2990 alii
3299 2939 3503 2993 ur-ebris
3526 2942 3685 2995 obse-

2100 3014 2381 3082 quentium
2429 3017 2659 3072 militum
2703 3021 2892 3076 cuneis
2925 3025 3238 3094 constipati,
3296 3028 3384 3080 alii
3433 3031 3682 3086 omnibus

2104 3106 2189 3160 bis
2226 3107 2408 3161 mundi
2436 3111 2752 3166 muneribus
2783 3113 3156 3190 multipliciter
3180 3118 3418 3188 prmditi,
3447 3121 3536 3174 alii
3571 3123 3689 3192 qui-

412 3227 650 3281 namque
680 3211 820 3280 (μιοά
853 3218 954 3276 (εει,⁹
1007 3209 1052 3266 si
1105 3197 1428 3264 comemlitis
1476 3221 1531 3264 et,
1569 3210 1669 3281 ipsi
1699 3225 1818 3265 esse
1848 3210 1993 3280 quod
2022 3204 2067 3266 C
2100 3199 2326 3256 busdam
2353 3215 2451 3270 pro
2478 3217 2573 3257 sua
2602 3204 2962 3273 possibilitate
2991 3210 3181 3265 dotali.
3207 3211 3318 3267 Sed
3344 3216 3685 3285 omnipotens

410 3301 531 3357 fuit.
567 3302 619 3355 In
651 3301 806 3369 hujus
827 3302 990 3372 igitur
1012 3301 1466 3370 peregrinationis
1493 3302 1685 3357 itinere
1716 3301 1860 3356 nulla
1896 3318 1993 3358 vos

408 3394 784 3464 prosperitatis
815 3391 1032 3447 suadela
1061 3393 1318 3462 decipiat,
1363 3394 1506 3447 nulla
1563 3395 1777 3449 irruens
1801 3396 1994 3450 adver-

409 3486 542 3540 sitas
565 3484 806 3555 frangat,
828 3500 933 3540 non
963 3493 1200 3539 mentem
1232 3494 1469 3540 vestram
1502 3487 1836 3557 paupertatis
1875 3487 1993 3542 ino-

408 3578 498 3647 pia
525 3577 808 3648 deprimat,
845 3591 949 3630 non
978 3591 1103 3646 spes
1151 3577 1492 3632 abundantia:
1530 3577 1842 3647 temporalis
1884 3579 1992 3648 22

409 3670 654 3738 extollat,
682 3685 788 3724 non
823 3669 967 3723 illata
1013 3685 1080 3724 ex
1124 3683 1220 3724 ore
1263 3671 1494 3739 proximi
1547 3669 1875 3726 contumelia
1923 3670 1992 3724 ad

312 3776 326 3787 '
409 3762 746 3816 iracundiam
773 3769 1052 3831 provocet,
1074 3775 1179 3816 non
1211 3762 1278 3815 ad
1307 3743 1675 3816 ulciscendum
1703 3776 1794 3816 vos
1828 3761 1992 3816 liber-

409 3867 495 3911 tas
525 3856 806 3925 permissae
837 3857 890 3908 in
915 3854 1211 3925 quemlibet
1234 3855 1520 3924 potestatis
1541 3855 1779 3926 instiget,
1804 3863 1994 3924 quate-

406 3966 510 4004 nus
538 3949 628 4018 qui
661 3963 804 4002 nunc
827 3947 1082 4000 imitanda
1114 3946 1173 4000 Β.
1220 3946 1408 4001 Severi
1434 3945 1658 4016 vestigia
1694 3947 1886 4001 tenetis
1936 3947 1992 4001 in

411 4041 541 4106 vita,
574 4057 694 4094 cum
724 4040 815 4094 illo
839 4039 1182 4110 postmodum
1207 4039 1273 4093 de
1297 4049 1512 4093 aeterna:
1535 4038 1813 4094 felicitatis
1858 4054 1992 4109 pra:-

413 4129 526 4185 mio
555 4131 790 4200 gaudere
833 4129 1058 4182 valeatis
1108 4128 1161 4180 in
1192 4127 1393 4197 patria,
1424 4127 1717 4182 auxiliante
1763 4129 1994 4183 Domino

406 4228 597 4277 nostro
616 4221 743 4275 Jesu
765 4219 1004 4285 Christo,
1031 4219 1122 4288 qui
1146 4234 1267 4274 eum
1301 4219 1460 4274 Patre
1489 4231 1545 4273 et
1568 4218 1772 4290 Spiritu
1798 4228 1988 4275 sancto

410 4313 548 4368 vivit
583 4321 637 4367 et
669 4311 937 4382 gloriatur
993 4308 1258 4382 [regnat]
1282 4323 1379 4379 per
1409 4308 1618 4364 infinita
1655 4309 1852 4365 saecula
1891 4326 1995 4366 sa:-

407 4404 674 4460 culorum.
700 4403 891 4457 Amen.

1028 4512 1261 4569 SEBMO
1299 4514 1364 4568 V.

2100 3288 2263 3354 Deus,
2293 3292 2383 3360 qui
2414 3294 2578 3348 corda
2610 3297 2852 3350 omnium
2877 3299 3150 3354 subtiliter
3185 3301 3512 3368 intendebat,
3545 3307 3684 3373 quod

2097 3380 2225 3435 olim
2254 3398 2350 3452 per
2373 3385 2691 3454 prophetam
2711 3387 2944 3453 dixerat,
2972 3391 3091 3446 sine
3119 3391 3299 3462 aliquo
3351 3390 3514 3450 vocis
3549 3407 3686 3451 stre-

2097 3471 2210 3540 pitu
2238 3473 2434 3528 iterum
2484 3478 2794 3547 repetebat:
2829 3497 2848 3531 ι
2907 3479 3082 3551 Super
3120 3498 3303 3553 quem,
3355 3487 3550 3556 inquit,
3603 3504 3685 3543 re-

2096 3561 2337 3629 quiescet
2364 3562 2600 3634 Spiritus
2627 3581 2799 3634 meus,
2827 3569 2928 3624 nisi
2955 3586 3119 3640 super
3154 3576 3503 3642 humilem,et
3535 3582 3688 3650 quie-

2099 3660 2232 3718 tum,
2265 3663 2320 3708 et
2343 3662 2664 3711 trementem
2683 3673 2966 3716 sermones
2991 3664 3099 3734 23
3111 3667 3295 3721 meos?
3317 3675 3333 3719 ι
3353 3668 3486 3739 (Ira.
3514 3673 3681 3741 uvt.)

2098 3743 2324 3800 Videbat
2371 3749 2602 3818 populus
2645 3751 2699 3805 in
2762 3764 2951 3823 aperto
2986 3757 3101 3812 loco
3130 3759 3433 3816 columbam
3474 3765 3683 3820 caelitus

2096 3849 2521 3908 exspectantem.
2552 3843 2866 3913 Aspiciebat
2894 3847 2980 3900 illa
3014 3848 3270 3906 Severum
3295 3857 3677 3924 pauperculam

2095 3939 2215 4000 post
2237 3930 2458 4000 januam
2483 3933 2808 3991 latitantem.
2849 3939 3112 4011 Quienim
3145 3958 3205 3998 se
3231 3945 3534 4003 hominibus
3556 3951 3679 4003 abs-

2097 4031 2377 4095 condebat,
2439 4033 2634 4089 divina:
2657 4035 2956 4105 majestatis
2981 4039 3236 4094 intuitum
3268 4042 3540 4099 declinare
3574 4060 3677 4098 non

2096 4128 2326 4190 poterat.
2367 4123 2504 4189 Quid
2529 4126 2757 4191 eSthoc,
2803 4127 2860 4181 S.
2891 4128 3126 4185 Severe?
3156 4140 3264 4186 tam
3313 4149 3536 4204 pauper,
3571 4146 3674 4191 tam

2096 4211 2282 4266 dives?
2319 4221 2424 4268 tam
2457 4215 2691 4281 humilis,
2747 4227 2856 4272 tam
2887 4221 3170 4276 sublimis?
3221 4233 3329 4278 tam
3381 4239 3673 4294 pertaesus,

2097 4310 2204 4356 tam
2257 4304 2561 4374 gloriosus?
2609 4310 2750 4378 apud
2793 4311 2994 4379 judicia
3042 4314 3276 4368 humana
3308 4315 3568 4384 deiectus,
3611 4336 3671 4375 ex

2095 4391 2275 4445 divina
2308 4396 2642 4463 providentia
2674 4398 3022 4455 invisibiliter
3052 4404 3423 4462 sublimatus?
3469 4407 3580 4462 Cur
3622 4417 3672 4464 te

2097 4481 2428 4537 abscondere
2453 4485 2663 4552 niteris,
2694 4489 2784 4556 qui
2811 4491 2878 4543 ad
2910 4491 3012 4546 hoc
3038 4495 3356 4561 proveheris
3386 4506 3444 4551 ut
3464 4499 3529 4550 ad
3561 4497 3671 4552 viro

407 4624 467 4663 ﬂ.
510 4623 576 4660 DE
612 4620 818 4660 sumo
855 4553 1695 4662 δεγηξῖιξίξέονξΜῪΕΝΝΠΒ
1732 4618 1803 4659 ΕΤ
1856 4618 1984 4658 eo»
2022 4553 2067 4614 θ
2098 4573 2224 4626 tutis
2253 4575 2555 4644 exemplum
2580 4580 2818 4634 omnium
2846 4582 3016 4637 oculis
3040 4589 3396 4654 proponaris?
3417 4588 3526 4643 Cur
3551 4590 3671 4643 vul-

968 4689 1213 4729 ressoae.
1254 4674 1292 4745 (ι
1316 4675 1488 4745 rana).

481 4765 742 4830 Audistis,
777 4764 977 4820 fratres
1024 4765 1354 4830 charissimi,
1389 4780 1455 4820 ex
1504 4765 1568 4820 Β.
1615 4767 1828 4832 Severi,
1859 4769 1984 4822 dum

408 4857 698 4927 legeretur,
731 4855 976 4916 historia,
1010 4854 1245 4924 qualiter
1276 4854 1424 4908 illum
1465 4855 1608 4909 Deus
1655 4857 1722 4909 de
1763 4855 1982 4911 lanificii

406 4948 732 5018 ergodochio
755 4946 991 5009 sustulit,
1021 4962 1180 5016 quam
1229 4947 1550 5000 mirabiliter
1583 4946 1730 5001 illum
1760 4965 1864 5003 non
1894 4965 1983 5004 so-

406 5037 514 5092 lum
528 5046 724 5107 praeter
747 5037 1054 5105 opinionem
1075 5037 1314 5090 omnium
1332 5037 1551 5102 civium,
1580 5039 1675 5092 sed
1689 5039 1850 5093 etiam
1878 5040 1984 5106 sui,

409 5129 476 5180 ad
505 5142 685 5182 arcem
707 5124 1053 5195 pontiﬁcatus
1080 5124 1262 5193 elegit.
1306 5126 1548 5182 Audistis
1597 5130 1982 5198 pauper-culum

409 5217 679 5272 hominem
707 5217 863 5271 alieo
885 5216 1069 5271 mundi
1097 5217 1352 5272 divitibus
1381 5218 1600 5273 auferri.
1625 5219 1864 5276 Audistis
1892 5222 1982 5276 de-

400 5307 608 5376 jectum
661 5307 961 5380 [abjectum
1003 5306 1104 5380 ]et
1158 5308 1414 5362 humilem
1459 5326 1619 5380 supra
1669 5319 1982 5379 potentatus

408 5400 664 5454 nobilium
689 5415 812 5455 eum
853 5400 1022 5472 gloria
1074 5402 1374 5459 sublimari.
1424 5405 1664 5459 Audistis
1718 5405 1977 5476 Spiritum

408 5504 653 5548 sanctum
678 5494 949 5562 sapientes
969 5496 1146 5549 szeculi
1185 5504 1641 5561 contemnentem,
1676 5498 1978 5567 simplicem

406 5579 679 5636 heminam
706 5581 1011 5651 eligentem,
1041 5592 1263 5638 ornatos
1279 5586 1519 5640 vestibus
1537 5587 1977 5651 transvolantem,

407 5674 459 5725 in
495 5687 792 5741 pannosum
824 5685 877 5728 et
905 5675 1230 5742 squalidum,
1256 5677 1406 5743 quasi
1468 5677 1520 5730 in
1550 5678 1783 5733 amicum
1815 5679 1976 5735 fami-

406 5761 597 5817 liarem
622 5773 675 5819 et
694 5763 824 5819 olim
854 5764 955 5819 sibi
980 5765 1319 5818 notissimum
1351 5767 1784 5822 descendentem.

2097 4672 2183 4717 tus
2206 4665 2483 4720 hominum
2514 4670 2811 4736 erubescis,
2838 4674 2929 4742 qui
2975 4677 3172 4732 divinae
3223 4680 3520 4747 maiestatis
3543 4699 3674 4738 con-

2093 4755 2296 4822 spectui
2347 4771 2456 4824 pra:
2505 4759 2756 4814 omnibus
2805 4760 3092 4830 placuisti?
3152 4769 3414 4824 Videlicet
3467 4772 3668 4827 idcirco

2093 4842 2464 4909 absconderis,
2485 4857 2543 4899 ut
2575 4848 2778 4916 videas,
2815 4864 2870 4906 et
2903 4867 3010 4909 non
3038 4858 3306 4923 videaris;
3331 4861 3514 4916 videas
3566 4863 3666 4917 sci-

2091 4931 2218 4986 licet
2238 4933 2541 4988 columbam
2565 4951 2662 5004 pro
2685 4939 3074 5009 admiratione;
3104 4959 3210 5000 non
3235 4947 3466 5003 videaris
3487 4962 3662 5005 autem

2089 5039 2186 5093 pro
2209 5024 2434 5078 vestium
2468 5025 2728 5082 finditate.
2753 5029 2996 5101 Agrum)
3032 5035 3312 5091 manifesta
3335 5047 3384 5091 te
3412 5041 3461 5092 in
3490 5040 3664 5109 publi-

2089 5131 2235 5180 eum,
2263 5117 2496 5184 procede
2525 5119 2577 5172 in
2609 5121 2865 5186 medium,
2899 5133 2955 5178 et
2975 5124 3300 5183 Christianae
3329 5129 3546 5186 familia:
3575 5150 3613 5186 s:
3636 5161 3661 5174 -

2086 5204 2235 5274 scipe
2265 5204 2579 5260 villicatum.
2614 5207 2782 5263 Exeat
2805 5214 3100 5281 margarita
3132 5216 3198 5271 de
3222 5219 3582 5288 sterquilinio,
3609 5237 3656 5277 ut

2085 5295 2140 5350 in
2161 5297 2354 5351 summi
2382 5300 2527 5369 regis
2549 5299 2748 5370 fulgeat
2775 5315 3117 5361 ornamento.
3167 5307 3285 5364 Non
3335 5309 3499 5365 lateat
3537 5311 3669 5366 ultr-

2091 5386 2205 5442 rins
2239 5388 2456 5442 lucerna
2483 5391 2582 5444 sub
2603 5393 2802 5457 modio,
2829 5397 2923 5449 sed
2959 5413 3123 5466 super
3154 5402 3537 5457 candelabrum
3573 5419 3667 5472 po-

2081 5479 2207 5542 sita,
2236 5495 2444 5543 omnes,
2471 5482 2560 5551 qui
2602 5483 2654 5537 in
2701 5485 2858 5540 domo
2905 5499 3053 5555 sunt,
3083 5492 3386 5561 splendoris
3433 5495 3512 5549 sui
3545 5494 3656 5548 luce

2080 5569 2366 5639 perfundat
2397 5571 2622 5641 (Manli.
2646 5575 2728 5644 v).
2757 5575 2928 5633 Pasce
2959 5580 3122 5650 igitur
3155 5584 3491 5641 Dominieum
3538 5602 3656 5658 gre-

2081 5678 2224 5731 gem,
2256 5672 2310 5717 et
2339 5679 2502 5732 super
2515 5665 2655 5720 ovile
2668 5667 2868 5724 Christi
2892 5686 3078 5728 curam
3091 5676 3287 5732 exhibe
3308 5679 3650 5749 pastoralem.

2083 5752 2202 5807 Tibi
2231 5751 2478 5809 Christus
2502 5754 2798 5812 Ecclesiam
2813 5774 2964 5816 suam
2988 5764 3325 5821 committere
3345 5767 3454 5838 jam
3471 5767 3656 5823 decre-
