4070 6198
329 270 439 328 £29

1818 284 2049 344 SERMO
2082 286 2151 343 V.

3501 285 3609 343 530

331 368 432 430 νίῑν
458 381 622 437 quam
656 367 1018 424 inmslimnbili
1048 370 1132 424 sui
1184 371 1668 444 sanguinispretio
1695 389 1917 446 compa-
1950 396 1996 452 Α
2026 380 2366 435 beatissimus
2401 380 2481 435 vir
2503 380 2648 436 omni
2671 384 2892 436 carebat
2931 381 3114 438 livoris
3140 381 3520 444 amaritudine,
3551 397 3608 437 et

326 460 491 514 tavit.
527 458 754 531 Suscipe
782 462 1015 534 egregia:
1049 465 1540 521 administrationis
1582 466 1839 532 oﬁicium,
1873 478 1930 524 ut

328 554 394 605 de
417 553 691 607 commissi
714 537 903 611 talenti
935 554 1147 610 fmno're
1175 565 1396 611 auctum
1452 558 1660 613 referas
1693 557 1925 614 lucrum.

327 638 439 695 Nec
467 656 800 711 expavescas
827 644 1187 715 ignorantiam
1224 645 1550 711 litterarum,
1580 664 1688 704 non
1717 646 1929 706 dubites

326 732 395 786 de
421 733 908 803 lncompositorum
940 737 1266 793 enormitate
1295 753 1631 805 sermonum,
1662 742 1791 811 quia
1837 742 1925 797 ille

326 821 418 890 qui
452 831 733 891 promovet
764 833 836 890 te,
866 825 984 882 sine
1011 825 1223 898 legendi
1254 827 1438 885 labore
1461 830 1693 886 instruet
1715 840 1798 896 te;
1829 833 1923 902 qui

325 911 420 964 tibi
456 914 719 970 doctrinae
745 918 1039 972 committit
1076 917 1332 999 pﬁicium,
1361 920 1589 977 docendi
1618 924 1922 997 etiamsug-

323 1016 477 1077 geret
507 1010 924 1066 incrementum.
969 1012 1254 1069 Summum
1285 1015 1486 1086 quippe
1531 1026 1617 1073 est
1656 1018 1914 1082 Verbum,

325 1100 470 1166 quod
498 1100 591 1154 tibi
616 1103 923 1158 seminandi
954 1104 1105 1160 verbi
1134 1104 1358 1161 exhibet
1398 1106 1780 1167 ministerium.
1811 1106 1924 1162 Hoc

318 1188 549 1246 Verbum
603 1193 716 1258 tibi,
767 1195 981 1265 tuisque
1033 1195 1133 1269 [f.,
1200 1197 1420 1271 tuique]
1479 1198 1752 1254 similibus
1817 1214 1916 1269 per

322 1285 682 1355 semetipsum
709 1286 875 1343 dicit:
910 1307 928 1340 ι
964 1289 1097 1345 Cum
1115 1291 1376 1347 steteritis
1397 1300 1522 1346 ante
1555 1305 1730 1362 reges,
1756 1290 1923 1346 nolite

321 1377 567 1447 cogitare
592 1380 863 1447 quomodo
894 1366 1482 1452 autquidioquamini;
1517 1383 1734 1439 dabitur
1774 1383 1919 1438 enim

324 1465 482 1519 vobis
511 1466 563 1520 in
588 1467 675 1520 illa
699 1468 829 1522 liora
867 1470 999 1539 quid
1052 1470 1344 1541 loquamini
1380 1472 1607 1544 (Manli.
1669 1475 1761 1543 ιι).
1802 1492 1821 1523 ι
1857 1471 1922 1526 Et

324 1559 565 1613 iterum:
602 1578 619 1609 ι
651 1559 766 1616 Non
794 1577 888 1617 vos
917 1564 1071 1627 estis,
1097 1564 1186 1633 qui
1214 1564 1520 1634 loquimini,
1546 1565 1641 1620 sed
1682 1563 1920 1635 Spiritus

323 1648 509 1704 Patris
548 1652 733 1714 vestri,
757 1653 847 1721 qui
877 1653 1121 1722 loquitur
1153 1655 1205 1709 in
1234 1654 1388 1709 vobis
1413 1654 1647 1725 (Ibid.).
1687 1673 1702 1706 ι

2034 471 2087 525 in
2116 482 2302 527 sancta
2335 472 2544 528 vivebat
2572 474 2833 543 simplicis
2885 474 3049 529 animi
3079 476 3333 545 puritate.
3368 475 3505 529 Ecce
3545 473 3609 528 li-

2030 564 2193 632 quido
2224 564 2605 620 manifestatur
2631 566 2774 635 quod
2800 579 2898 636 per
2923 565 3288 638 apostolorum
3304 566 3603 636 principem

2028 655 2257 710 dicitur:
2294 674 2313 707 ι
2346 654 2481 722 Quia
2507 671 2614 711 non
2637 664 2721 711 est
2746 671 3096 727 personarqu
3128 656 3381 727 acceptor
3438 656 3603 718 Deus,

2026 747 2120 803 sed
2146 745 2196 801 in
2223 746 2368 802 omni
2395 755 2585 815 gente,
2613 748 2704 817 qui
2755 748 2910 802 timet
2935 747 3108 813 illum,
3154 758 3209 803 et
3234 757 3492 817 operatur
3510 746 3603 817 ju-

2026 838 2251 902 stitiam,
2282 847 2537 908 acceptus
2561 849 2645 894 est
2674 838 2746 894 illi
2773 838 2921 909 (Act.
2954 838 3042 906 ι).
3068 858 3087 891 ›
3115 839 3247 894 Illud
3270 840 3435 894 etiam
3459 854 3606 893 nunc

2026 932 2078 984 in
2131 929 2395 985 electione
2443 928 2743 986 beatissimi
2777 929 2937 1000 hujus
2978 930 3081 985 viri
3111 945 3207 1000 per
3254 930 3603 998 semetipsum

2024 1021 2201 1075 divina
2223 1021 2559 1092 providentia
2596 1020 2890 1078 custodivit
2929 1021 3072 1091 quod
3103 1020 3233 1075 olim
3276 1034 3377 1075 nos
3415 1021 3606 1073 obser-

2025 1128 2152 1168 vare
2177 1128 2273 1182 per
2291 1112 2353 1168 Β.
2386 1110 2649 1169 Iacobum
2674 1114 2908 1169 monuit.
2928 1113 3019 1167 Ait
3047 1112 3192 1168 enim
3222 1113 3361 1167 inter
3382 1118 3601 1165 caetera:

2029 1224 2046 1257 ι
2082 1204 2298 1262 Fratres
2326 1207 2455 1270 mei,
2481 1207 2648 1262 nolite
2689 1208 2743 1261 in
2768 1220 3125 1276 personarum
3161 1204 3478 1273 acceptione
3511 1201 3610 1255 ba—

2022 1296 2153 1353 bere
2173 1296 2334 1353 ﬁdem
2372 1298 2584 1354 Domini
2614 1297 2786 1355 nostri
2813 1295 2943 1353 Jesu
2968 1295 3170 1352 Christi
3224 1293 3411 1366 glorias
3450 1290 3606 1361 (Jac.

2022 1388 2108 1460 ιι).
2134 1409 2152 1442 ι
2173 1389 2375 1445 Deinde
2400 1388 2709 1462 subiungit:
2732 1409 2750 1443 ι
2781 1389 2997 1445 Etenim
3017 1388 3064 1443 si
3092 1385 3361 1443 introierit
3388 1385 3443 1439 in
3470 1397 3606 1438 con-

2020 1489 2241 1536 ventum
2261 1489 2505 1537 vestrum
2536 1480 2622 1536 vir
2649 1494 2875 1535 aureum
2892 1477 3152 1533 annulum
3167 1476 3375 1532 habens
3390 1473 3445 1529 in
3459 1480 3610 1527 veste

2020 1572 2250 1628 candida
2274 1591 2287 1627 :
2313 1573 2587 1629 introierit
2617 1583 2798 1628 autem
2822 1579 2880 1629 et
2908 1585 3115 1642 pauper
3158 1570 3213 1624 in
3264 1566 3485 1623 sordido
3512 1566 3609 1620 ha-

2021 1662 2158 1729 bitu,
2186 1672 2242 1719 et
2269 1663 2565 1719 intendatis
2590 1663 2642 1718 in
2673 1678 2823 1727 eum,
2850 1662 2941 1732 qui
2967 1661 3443 1716 indutusestveste
3473 1669 3610 1724 prae.-

393 1741 535 1808 Qnid
568 1742 754 1812 plura?
778 1742 1017 1800 Tandem
1048 1746 1484 1810 venitcolumba,
1506 1750 1573 1802 et
1594 1748 1918 1802 mirantibus
1952 1771 1998 1831 Β
2023 1754 2190 1819 clara,
2215 1763 2271 1809 et
2292 1754 2542 1810 dixeritis
2570 1754 2652 1809 ei:
2683 1753 2762 1808 Tu
2793 1754 2921 1808 sede
2952 1752 3043 1807 hic
3070 1752 3241 1817 bene;
3266 1747 3490 1819 pauperi
3514 1761 3611 1801 au-

321 1835 536 1889 cnnctis
563 1834 816 1890 dilectum
844 1836 946 1891 sibi
974 1845 1135 1906 caput
1164 1838 1365 1893 invisit.
1390 1838 1460 1893 Et
1486 1849 1636 1894 certe
1647 1837 1762 1907 jam
1778 1838 1918 1908 ,olim

324 1927 378 1982 in
408 1927 527 1994 ejus
559 1937 776 1998 pectore
806 1930 1148 1988 invisibiliter
1168 1941 1311 2001 erat,
1335 1932 1391 1988 in
1413 1933 1568 2003 cujus
1610 1950 1755 1990 nunc
1793 1950 1919 1990 ver-
1958 1984 1963 1991 .

325 2025 488 2079 ticem
518 2025 881 2095 corporaliter
904 2026 1292 2085 descendebat.
1324 2026 1435 2084 Sed
1466 2028 1595 2098 quid
1619 2026 1734 2098 jam
1778 2028 1920 2101 fugi-

325 2115 473 2173 tivus
504 2116 598 2170 Dei
637 2115 1006 2184 faceret?Quo
1033 2133 1091 2173 se
1115 2119 1384 2174 verteret?
1409 2118 1561 2186 Quod
1591 2120 1695 2176 sibi
1721 2119 1921 2176 latibu-

328 2207 441 2261 lum
475 2208 643 2263 tutius
680 2209 983 2265 inveniret?
1041 2210 1084 2264 A
1141 2220 1436 2283 conspectu
1461 2212 1704 2275 omnium
1756 2212 1915 2283 fugit,

326 2295 517 2350 valvas
556 2300 829 2367 opposuit,
881 2300 947 2353 ad
992 2301 1282 2356 videndum
1334 2301 1438 2356 sibi
1488 2301 1635 2357 solas
1679 2303 1916 2373 postium

329 2384 558 2441 rimulas
587 2386 898 2456 dereliquit.
932 2387 1037 2445 Sed
1069 2390 1160 2459 qui
1191 2391 1457 2447 humanos
1478 2400 1732 2463 aspectus
1757 2407 1917 2448 aver-

331 2487 448 2532 tere
469 2479 667 2548 potuit,
698 2480 991 2535 columbini
1018 2496 1247 2538 acumen
1287 2482 1514 2538 intuitus
1561 2500 1669 2540 non
1718 2486 1912 2540 evasit.

328 2569 492 2625 Videt
518 2585 580 2626 se
610 2571 1042 2640 deprehensum;
1102 2574 1455 2643 conqueritur
1486 2575 1630 2631 intra
1678 2590 1738 2633 se
1779 2577 1917 2632 nihil

323 2660 427 2716 sibi
456 2659 728 2730 profuisse
755 2662 1087 2734 confugium.
1123 2662 1508 2721 Verumtamen
1533 2666 1713 2722 adhuc
1740 2665 1918 2736 suspi-

324 2762 484 2806 catur
505 2752 786 2823 deceptam
817 2769 1004 2809 errare
1017 2753 1345 2819 columbam,
1374 2770 1477 2811 nec
1495 2770 1653 2826 posse
1682 2755 1735 2812 in
1765 2736 1914 2813 tanta

328 2844 613 2901 hominum
649 2844 992 2902 multitudine
1018 2854 1227 2902 certam
1251 2847 1482 2918 eligendi
1511 2858 1699 2903 notare
1724 2864 1913 2919 perso-

328 2951 479 2991 nam.
510 2934 699 2993 Tertio
726 2936 893 3008 igitur
945 2937 1013 2992 ad
1044 2952 1104 2992 se
1134 2937 1450 3016 volitantem
1482 2938 1706 3009 agitatis
1742 2939 1915 2993 mani-

328 3026 430 3083 bus
461 3027 681 3097 repulit,
716 3037 770 3084 et
791 3029 873 3085 sic
903 3029 958 3085 in
982 3030 1215 3091 nomine
1238 3030 1599 3087 sanctissima:
1631 3030 1915 3088 Trinitatis

324 3115 763 3174 benedictionem
779 3134 901 3174 'snze
928 3120 1361 3183 consecrationis
1385 3121 1613 3192 accepit.

396 3205 443 3262 Ο
477 3221 699 3273 novum,
740 3216 796 3264 et
826 3207 1128 3265 inauditum
1162 3211 1523 3281 promotionis
1574 3208 1851 3267 ordinem!
1882 3228 1915 3265 o

331 3296 708 3354 admirabilem
751 3299 955 3370 egregii
1009 3298 1286 3369 pontiﬁcis
1341 3286 1662 3372 dignitatem
1708 3302 1721 3355 !
1778 3298 1915 3357 Nam

328 3388 456 3458 quid
489 3388 633 3444 aliud
669 3388 792 3455 fuit,
823 3389 875 3444 in
928 3399 1089 3460 caput
1116 3390 1416 3446 beatissimi
1448 3391 1550 3446 viri
1602 3390 1912 3448 columbam

329 3481 494 3535 tertia
520 3479 641 3536 vice
662 3479 1015 3545 descendere,
1042 3481 1145 3536 nisi
1166 3490 1414 3552 patenter
1445 3481 1593 3536 illum
1616 3480 1670 3535 in
1714 3480 1912 3545 Patris,

327 3578 384 3626 et
416 3570 564 3636 Filii,
590 3580 646 3627 et
689 3570 924 3642 Spiritus
980 3571 1156 3627 sancti
1200 3572 1419 3627 nomine
1445 3572 1811 3627 consecrare?
1850 3571 1917 3625 Et

325 3662 457 3736 quid
487 3663 631 3718 aliud
657 3651 759 3718 fuit
787 3663 1032 3720 eamdem
1062 3662 1367 3718 columbam
1394 3677 1424 3717 a
1471 3678 1530 3718 se
1556 3663 1913 3727 exturbando,

325 3755 586 3810 manibus
617 3764 861 3825 tangere,
884 3754 988 3809 nisi
1017 3753 1398 3809 ecclesiastica:
1428 3752 1786 3808 institutionis
1822 3768 1916 3808 or-

324 3845 473 3911 dine,
502 3846 557 3900 in
588 3847 720 3916 ipsis
748 3842 874 3919 24·
904 3843 1156 3900 manibus
1188 3842 1366 3898 oleum
1416 3851 1617 3901 sanctae
1647 3841 1918 3899 unctionis

326 3938 613 4007 accipere?
638 3935 772 3991 Nam
806 3938 947 4009 quod
972 3936 1220 3993 columba
1250 3938 1302 3993 in
1338 3935 1669 3994 sanctissimi
1697 3934 1796 3990 viri
1827 3948 1920 3990 ca-

326 4040 424 4100 put
460 4030 652 4100 illapsa
703 4030 1004 4096 descendit,
1042 4029 1276 4087 oﬁicium
1319 4044 1514 4085 manus
1558 4025 1918 4098 impositionis

329 4122 594 4192 implevit.
626 4120 779 4189 Quod
801 4130 981 4178 autem
1020 4123 1288 4178 sacris-se
1314 4121 1566 4177 manibus
1609 4119 1757 4190 tangi
1784 4120 1918 4189 per-

2028 1856 2134 1902 tem
2157 1848 2378 1903 dicatis:
2410 1847 2488 1902 Tu
2513 1856 2595 1903 sta
2625 1847 2752 1911 illic,
2778 1846 2861 1902 vel
2884 1847 3010 1902 sede
3030 1846 3132 1901 sub
3153 1843 3390 1900 scabello
3413 1842 3609 1913 pedum

2025 1953 2302 2005 meorum,
2335 1954 2515 1994 nonne
2528 1938 2786 2007 iudicatis
2814 1938 2956 2007 apud
2981 1935 3359 2005 vosmetipsos,
3386 1942 3444 1989 et
3477 1931 3608 1987 facti

2023 2028 2156 2083 estis
2170 2027 2380 2098 judices
2398 2028 2782 2098 cogitationum
2807 2026 3111 2096 iniquarum
3136 2024 3160 2077 ?
3189 2043 3207 2076 ι
3244 2021 3418 2095 (Ibid.
3435 2020 3454 2093 )
3472 2019 3610 2075 Nam

2023 2119 2067 2175 si
2093 2119 2195 2175 hoc
2216 2120 2411 2176 beatus
2453 2118 2731 2190 apostolus
2773 2118 2841 2173 de
2878 2116 3211 2187 quotidianis
3257 2111 3607 2171 consessibus

2023 2210 2280 2281 loquitur,
2314 2209 2438 2280 quis
2460 2225 2567 2264 non
2592 2218 2659 2264 de
2684 2208 2999 2277 acceptione
3028 2219 3383 2276 personarum
3405 2204 3458 2259 in
3491 2201 3609 2259 cul-

2021 2317 2144 2373 pam
2180 2301 2476 2373 sepissime
2530 2300 2751 2366 labitur,
2785 2300 2891 2355 nisi
2937 2315 3060 2354 cum
3090 2298 3230 2368 apud
3252 2297 3604 2367 semetipsum

2024 2393 2248 2450 forsitan
2280 2395 2354 2448 ita
2396 2393 2620 2463 iudicat.
2674 2401 2735 2447 ut
2781 2391 2895 2457 ille,
2930 2391 3018 2447 cui
3060 2391 3320 2446 honorem
3359 2389 3602 2452 exhibet,

2023 2496 2173 2543 tanto
2201 2488 2250 2543 ei
2281 2486 2494 2554 melior,
2515 2497 2721 2557 quanto
2754 2492 2814 2540 et
2840 2483 3003 2538 ditior
3026 2483 3273 2538 videatur
3301 2481 3324 2535 ?
3355 2479 3460 2535 Sed
3492 2480 3609 2535 haec

2021 2578 2317 2649 apostolica
2376 2575 2645 2632 sententia
2679 2586 2809 2630 tunc
2838 2574 3043 2629 rectius
3073 2569 3410 2641 intelligitur,
3442 2569 3486 2625 si
3515 2568 3605 2622 illa

2020 2666 2240 2723 sedendi
2266 2681 2328 2722 ac
2349 2665 2528 2722 standi
2552 2665 2813 2720 distantia
2840 2663 2907 2719 ad
2942 2663 3179 2718 honores
3201 2659 3606 2716 ecclesiasticos

2021 2758 2310 2811 referatur.
2344 2754 2460 2812 Non
2497 2755 2643 2810 enim
2674 2754 2791 2810 leve
2810 2754 3018 2809 crimen
3049 2766 3171 2807 esse
3194 2750 3493 2822 putandum
3519 2759 3604 2805 est

2019 2845 2319 2916 quemlibet
2344 2845 2566 2901 divitem
2592 2844 2660 2899 ad
2687 2841 3043 2900 ecclesiastici
3075 2840 3354 2911 regiminis
3392 2838 3604 2895 culmen

2018 2938 2210 3004 evehi;
2244 2951 2540 3007 pauperem
2588 2951 2719 2992 vero
2771 2933 3101 2990 sanctiorem
3134 2940 3190 2987 et
3237 2931 3538 2987 doctiorem
3566 2946 3601 2985 ιι

2019 3029 2349 3104 suscipiendi
2398 3028 2619 3084 honoris
2665 3027 2930 3099 dignitate
2961 3025 3173 3098 repelli.
3221 3023 3374 3079 Fecit
3419 3022 3605 3091 itaque
3641 3096 3650 3107 _

1940 3126 1986 3188 Ο
2019 3119 2282 3175 mirabilis
2332 3121 2386 3175 in
2435 3120 2643 3175 sanctis
2691 3119 2805 3174 suis
2852 3118 3197 3188 omnipotens
3226 3114 3368 3171 Deus
3417 3110 3604 3186 (Paul.

2019 3228 2162 3267 van
2180 3214 2221 3281 ),
2246 3213 2388 3282 quod
2421 3212 2536 3267 ﬁeri
2559 3211 2759 3267 debere
2778 3225 2877 3281 per
2898 3207 3198 3280 apostolum
3221 3221 3376 3262 suum
3401 3204 3602 3263 docuit.

2018 3303 2236 3373 quando
2276 3302 2475 3372 spretis
2527 3300 2785 3356 divitibus
2836 3313 3093 3370 magnum
3139 3297 3282 3352 hunc
3310 3308 3601 3366 pauperem

2018 3393 2283 3464 squalidis
2336 3393 2581 3447 indutum
2615 3391 2856 3452 vestibus
2893 3389 2960 3444 ad
3002 3385 3366 3459 episcopalem
3416 3384 3600 3439 cathe-

2019 3485 2173 3540 dram
2200 3482 2523 3537 mirabiliter
2546 3479 2879 3537 sublimavit.
2906 3478 3010 3547 Qui
3037 3484 3293 3546 suscepto
3314 3473 3600 3545 pontiﬁca-

2020 3588 2106 3632 tus
2132 3573 2309 3630 oﬁicio
2335 3588 2442 3628 non
2479 3573 2655 3643 magis
2673 3587 2743 3627 ex
2776 3570 2966 3627 ordine
2999 3567 3386 3626 ecclesiastica:
3422 3565 3603 3636 digni—

2020 3667 2148 3724 tatis
2169 3667 2416 3724 ascendit
2441 3680 2607 3735 quam
2628 3664 2683 3719 in
2703 3677 2888 3719 arcem
2928 3675 3152 3733 quoque
3203 3672 3432 3715 summas
3480 3671 3607 3712 san-

2019 3758 2505 3817 ctitatisexcrevit.

2089 3850 2339 3907 Nonnulli
2361 3849 2508 3905 enim
2535 3861 2662 3903 cum
2685 3844 2965 3917 regiminis
2984 3858 3172 3899 curam
3187 3840 3512 3912 suscipiunt,
3537 3836 3607 3892 ad

2018 3943 2341 4000 lacerandos
2365 3941 2614 3998 subditos
2649 3938 2900 4009 protinus
2929 3936 3302 3999 inardescunt,
3341 3945 3606 3989 terrorem

2018 4036 2301 4108 potestatis
2311 4034 2591 4099 exhibent,
2604 4040 2663 4088 et
2674 4031 2868 4102 quibus
2881 4030 3139 4101 prodesse
3151 4028 3468 4092 debuerant,
3488 4039 3607 4080 ma-

2019 4124 2103 4197 gis
2133 4133 2347 4189 nocent,
2365 4130 2432 4217 et'
2445 4121 2571 4192 quia
2588 4119 2876 4175 charitatis
2905 4118 3112 4174 viscera
3144 4116 3198 4171 in
3222 4115 3364 4171 ﬁlios
3384 4130 3490 4170 non
3507 4114 3608 4169 ha-

2019 4220 2171 4281 bent,
2200 4208 2609 4272 domini‘videri
2636 4220 2914 4284 appetunt,
2942 4219 3126 4281 patres
3148 4226 3208 4266 se
3237 4224 3358 4265 esse
3385 4209 3610 4263 minime

2020 4304 2540 4378 recognoscunt;25
2560 4303 2881 4361 humilitatis
2903 4303 3078 4358 locum
3109 4303 3161 4357 in
3194 4302 3481 4358 elationem
3513 4301 3611 4355 do-

330 4214 517 4280 misit,
572 4214 721 4284 ipsas
779 4228 973 4270 manus
1025 4214 1200 4270 sancti
1246 4213 1487 4285 Spiritus
1537 4211 1792 4268 unctione
1844 4209 1919 4265 si-

329 4305 538 4374 gnavit.

398 4392 523 4449 Jam
553 4408 685 4449 vero
713 4392 841 4448 illud
870 4403 1086 4464 quantae
1110 4392 1320 4463 gratiae,
1349 4400 1672 4462 quantaeque
1697 4402 1781 4446 eSt
1823 4402 1919 4443 ex-

2023 4396 2335 4452 minationis
2359 4397 2674 4459 immutant,
2692 4405 2745 4449 et
2760 4393 3246 4463 semetipsosquasi
3280 4392 3498 4461 quidam
3524 4401 3607 4461 ty-

331 4483 620 4549 cellentiaa,
653 4480 915 4554 Spiritum
938 4491 1185 4538 sanctum
1216 4483 1271 4537 in
1305 4481 1395 4536 illa
1424 4482 1596 4554 ﬁgura
1621 4479 1916 4550 suscipere,

2024 4489 2180 4544 ranni
2198 4490 2250 4543 in
2263 4485 2793 4559 superbiaicornibus
2806 4484 3044 4539 exaltant
3057 4483 3168 4540 et.si
3180 4483 3397 4553 quando
3408 4483 3612 4537 extrin-

328 4574 385 4629 in
412 4588 521 4644 qua
543 4580 759 4630 constat
788 4589 950 4644 super
978 4573 1149 4643 ipsum
1178 4572 1465 4629 Dominum
1501 4581 1768 4639 nostrum.
1798 4568 1912 4625 ΜΘ·-
2013 4592 2189 4651 secus.
2202 4576 2569 4637 blandiuntur,
2601 4573 2928 4629 intrinsecus
2942 4573 3189 4628 saeviunt.
3220 4571 3502 4641 Dequibus
3514 4585 3613 4642 per

330 4665 598 4722 diatorem
655 4665 910 4721 videlicet
953 4665 1048 4720 Dei
1095 4673 1151 4719 et
1189 4665 1490 4731 hominum,
1522 4661 1915 4720 descendisse?
2014 4666 2361 4736 semetipsam
2394 4665 2608 4721 Veritas
2627 4666 2757 4723 dicit
2788 4685 2802 4721 :
2840 4684 2859 4717 ί
2891 4665 3125 4722 Veniunt
3150 4667 3218 4723 ad
3239 4681 3335 4722 vos
3365 4666 3420 4721 in
3444 4665 3612 4721 vesti-

331 4752 562 4821 Hlault.
595 4756 715 4828 tu.)
760 4752 824 4811 Et
872 4764 1023 4811 certe
1062 4771 1385 4827 quocunque
1432 4757 1591 4812 modo
1652 4753 1913 4824 Spiritum

332 4861 579 4906 sanctum
610 4850 735 4920 quis
761 4847 1014 4919 accipiat,
1042 4848 1222 4918 magni
1253 4848 1542 4914 admodum
1572 4845 1747 4902 meriti
1798 4850 1914 4910 est;

332 4941 383 4996 in
403 4940 494 4995 illa
524 4949 708 4997 autem
739 4938 936 5012 ﬁgura,
964 4940 1017 4995 in
1042 4955 1148 5010 qua
1174 4948 1229 4995 et
1252 4940 1364 5009 ipse
1394 4939 1702 5011 unigenitus
1739 4937 1916 4992 Patris

331 5032 524 5098 Filius,
547 5033 795 5102 accipere
824 5026 1087 5104 Spiritum
1118 5040 1389 5097 sanctum,
1412 5040 1638 5088 summa:
1665 5037 1749 5086 est
1787 5044 1915 5109 san-

332 5125 536 5181 ctitatis
584 5124 864 5183 indicium.
918 5123 1095 5196 Super
1147 5125 1295 5196 ipsos
1358 5139 1593 5194 namque
1647 5122 1921 5193 apostolos

335 5215 571 5288 Spiritus
595 5225 818 5273 sanctus
844 5217 899 5272 in
929 5217 1099 5288 igneis
1127 5216 1328 5286 linguis
1356 5214 1636 5286 apparuit(
1659 5215 1773 5269 Act.
1808 5230 1844 5269 ιι
1866 5216 1919 5284 );

332 5323 493 5380 super
522 5307 741 5364 beatum
762 5293 892 5363 vero
917 5307 1176 5365 Severum
1188 5322 1295 5364 non
1311 5306 1362 5361 in
1378 5307 1516 5379 ignis
1546 5305 1931 5387 itnagine,non‘

333 5399 384 5455 in
412 5400 720 5471 linguarum
742 5398 1093 5466 diversitate;
1114 5400 1231 5466 sed,
1246 5399 1387 5455 sicut
1411 5413 1573 5471 super
1592 5397 1922 5467 baptizatum

335 5490 646 5556 Dominum,
679 5490 735 5545 in
762 5489 1026 5546 columba:
1063 5490 1213 5546 visus
1237 5499 1321 5546 est
1342 5489 1524 5559 specie
1552 5486 1780 5558 (Matth.
1805 5502 1863 5542 in
1882 5487 1922 5557 );

334 5587 390 5632 ut
414 5578 660 5650 profecto
683 5580 992 5638 ostenderet
1016 5581 1142 5652 quia
1169 5582 1310 5637 sicut
1327 5581 1576 5637 columba
1602 5577 1828 5648 simplex
1846 5586 1928 5635 est

336 5670 538 5725 animal
583 5678 746 5743 atque
771 5670 841 5727 ab
867 5671 1228 5729 amaritudine
1280 5671 1418 5728 fellis
1467 5672 1729 5736 alienum,
1758 5671 1828 5724 ita
1874 5679 1927 5725 et

2019 4759 2218 4813 mentis
2248 4756 2452 4825 ovium,
2494 4756 3039 4821 intrinsecusautem
3077 4766 3203 4814 sunt
3232 4758 3341 4829 lupi
3384 4771 3613 4827 rapaces

2019 4846 2235 4920 (Matth.
2274 4847 2391 4918 vn).
2426 4866 2447 4901 ι
2484 4847 2544 4904 in
2572 4848 2913 4906 vestimentis
2938 4849 3135 4920 quippe
3158 4850 3339 4905 ovium
3363 4849 3609 4911 veniunt,

2021 4940 2149 5011 quia
2180 4938 2352 4996 vellus
2381 4938 2601 5010 quidem
2630 4939 2950 4997 innocentiae
2983 4942 3035 4995 in
3067 4942 3353 5012 superﬁcie
3376 4948 3608 5011 praeten-

2023 5031 2185 5095 dunt,
2214 5029 2309 5086 sed
2330 5028 2442 5100 lupi
2472 5032 2693 5102 rapaces
2724 5042 2885 5098 sunt,
2916 5031 3044 5102 quia
3069 5030 3284 5087 malitia:
3308 5043 3523 5085 morsus
3552 5027 3603 5083 in

2022 5119 2236 5176 occulto
2260 5120 2440 5176 cordis
2476 5118 2766 5184 exacuunt,
2791 5136 2898 5175 non
2928 5121 3267 5175 attendentes
3292 5119 3421 5175 illud
3462 5119 3607 5190 quod

2026 5211 2291 5266 Dominus
2339 5209 2620 5280 discipulis
2669 5211 2782 5265 suis
2813 5210 2943 5266 dicit
2977 5226 2989 5264 :
3024 5229 3041 5260 ι
3082 5210 3238 5274 Ecce,
3284 5209 3476 5280 inquit,
3507 5222 3610 5278 ego

2026 5306 2186 5361 mitto
2230 5320 2328 5361 vos
2367 5306 2509 5361 sicut
2550 5319 2720 5377 agnos
2761 5305 2903 5361 inter
2954 5305 3106 5377 lupos
3153 5304 3305 5375 (Luc.
3339 5306 3421 5376 ι).
3453 5324 3471 5357 ι
3501 5304 3606 5373 Qui

2028 5396 2173 5452 enim
2202 5395 2378 5451 locum
2407 5393 2809 5463 praedicationis
2832 5395 3079 5467 suscipit,
3102 5397 3244 5453 maia
3274 5397 3475 5455 inferre
3502 5413 3609 5456 non

2030 5488 2209 5551 debet,
2240 5486 2333 5541 sed
2379 5485 2631 5552 tolerare,
2684 5495 2742 5539 ut
2781 5499 2845 5539 ex
2896 5487 3009 5558 ipsa
3060 5503 3155 5543 sua
3201 5491 3612 5547 mansuetudine

2031 5577 2171 5634 iram
2205 5577 2541 5633 saevientium
2566 5579 2803 5651 mitiget,
2847 5590 2904 5635 et
2932 5590 3277 5651 peccatorum
3309 5583 3529 5639 vulnera
3564 5588 3624 5640 in

2034 5671 2154 5727 aliis
2183 5672 2298 5741 ipse
2321 5670 2703 5728 afﬂictionibus
2747 5673 3058 5729 vulneratus
3088 5686 3260 5729 sanet.
3295 5676 3463 5741 Quem
3522 5685 3626 5732 ets:
