4070 6198
432 180 445 207 δ’

468 282 563 337 551

1104 288 1162 344 S.
1198 289 1399 346 PETRI
1442 290 1726 346 DAMIANI
1765 289 1915 347 ΟΡΡ.
1942 286 2122 345 PARS
2151 291 2281 346 SEU
2316 290 2549 347 TOMUS
2573 293 2634 346 ll.
2676 324 2744 333 —
2785 290 3178 348 SERMONES.

3630 292 3735 347 5'52

467 400 683 464 quando
725 399 872 455 zelus
901 401 1244 458 rectitudinis
1282 404 1451 475 exigit
1496 414 1554 459 ut
1602 422 1729 479 erga
1780 406 2051 475 subjectos
2079 413 2126 471 Α
2155 405 2356 475 apertis
2389 404 2609 460 vocibus
2629 404 2864 459 clamant
2895 412 3155 474 quantum
3178 416 3412 472 priorem
3439 402 3603 457 vitam
3629 418 3737 458 me—

466 488 671 551 satviat,
704 488 856 544 furor
880 491 992 562 ipse
1023 492 1088 547 de
1118 508 1303 549 amore
1324 495 1437 575 sit,
1477 510 1580 550 non
1606 496 1672 550 de
1706 497 2046 566 crudelitate,

464 588 733 646 quatenus
754 578 944 650 etjura
970 580 1266 650 disciplina:
1280 584 1554 650 exhibeat,
1578 596 1631 640 et
1659 587 1802 643 intus
1824 598 2046 658 paterna

465 670 665 736 pietate
716 669 904 740 diligat
953 687 1091 740 quos
1140 672 1274 729 foris
1317 676 1470 744 quasi
1534 678 1882 747 insequendo,
1919 680 2046 753 [sat-

418 778 423 842 ί
469 757 684 830 viendo]
712 761 964 832 castigat.
994 762 1117 816 Mali
1141 773 1321 818 autem
1351 775 1594 835 pastores
1616 784 1722 824 non
1754 763 1895 826 sient
1922 772 2046 842 agni

411 847 423 915 ζ
466 847 607 901 inter
635 847 822 918 lupos,
872 852 966 907 sed
1006 854 1186 924 potius
1212 856 1355 911 sicut
1394 856 1501 928 lupi
1535 858 1676 913 inter
1698 877 1865 930 agnos
1900 873 2042 929 sunt,

462 938 612 1003 quia,
644 939 769 992 dum
797 954 827 994 a
867 942 1097 998 subditis
1142 943 1244 999 sibi
1296 945 1500 1001 nullum
1544 948 1865 1021 plerumque
1908 968 2046 1008 mor-

460 1044 578 1082 sum
614 1030 850 1088 lmsionis
871 1034 1183 1105 excipiunt,
1213 1037 1313 1107 ipsi
1338 1039 1392 1094 in
1420 1054 1514 1096 eos
1546 1043 1747 1113 rapinae
1777 1060 1888 1100 suae
1909 1046 2042 1102 den-

464 1129 542 1173 tes
573 1120 865 1177 crudeliter
888 1124 1078 1196 figunt.

529 1212 780 1269 Nonnulli
804 1231 929 1273 vero
949 1227 1235 1291 antequam
1266 1221 1427 1279 cilicii
1457 1226 1803 1282 sacerdotalis
1831 1228 2042 1285 culmen

457 1307 744 1377 attingant,
778 1309 938 1366 mites
961 1327 1019 1367 se
1048 1319 1102 1367 et
1129 1314 1362 1371 humiles
1391 1317 1443 1371 in
1479 1318 1730 1375 omnibus
1757 1320 2040 1389 exhibent,

457 1406 776 1455 exerescere
825 1401 877 1455 in
935 1403 1228 1460 virtutibus
1281 1408 1539 1472 student,
1591 1410 1746 1466 bonis
1801 1413 2042 1470 moribus

461 1487 684 1556 pollent,
718 1499 781 1571 et
819 1492 871 1545 in
907 1495 1051 1548 omni
1093 1510 1152 1550 se
1199 1497 1483 1554 honestate
1524 1510 1725 1557 sanctae
1756 1518 2043 1560 conversa-

463 1576 628 1631 tionis
650 1589 926 1645 exercent,
962 1581 1099 1636 mala
1125 1585 1255 1639 nulli
1283 1586 1574 1657 aliquando
1601 1590 1860 1660 inferunt,
1891 1593 2036 1650 illata

453 1679 586 1722 vero
612 1669 880 1737 patienter
904 1671 1106 1736 ferunt,
1139 1689 1359 1731 carnem
1388 1693 1539 1733 suam
1581 1680 1795 1737 assidue
1814 1682 2038 1751 jejuniis

2152 497 2253 552 rita
2287 496 2589 567 posteriora
2624 497 3028 553 transcendant.
3165 568 3176 579 .

2221 587 2357 644 Nam
2389 604 2551 658 quam
2584 588 2904 660 prrcclarum
2925 630 2940 654 ,
2972 588 3311 646 dilectissimi
3354 587 3556 644 fratres
3605 586 3735 654 mei,

2149 695 2311 750 quam
2353 681 2677 751 stupendum
2708 679 2810 735 fuit
2838 680 2966 735 illud
2996 680 3206 751 insigne
3252 679 3601 747 miraculum,
3628 694 3739 750 quo

2150 771 2403 826 videlicet
2426 773 2568 826 inter
2592 773 2706 843 ipsa
2738 773 3026 827 missarum
3056 771 3317 826 solemnia
3345 771 3524 827 subito
3561 771 3613 825 in
3643 786 3742 826 ex-

2150 862 2307 916 tasim
2344 869 2549 930 raptus,
2595 876 2691 931 per
2732 860 2979 933 spiritum
3014 860 3319 916 Mutinense
3358 862 3609 931 oppidum
3636 874 3740 930 pe-

2147 949 2255 1014 tiit,
2287 949 2525 1011 defuncti
2562 949 2745 1005 fratris
2769 958 2824 1004 et
2853 949 3156 1020 coepiscOpi
3187 949 3295 1004 Deo
3324 951 3559 1007 animam
3581 962 3739 1005 com-

2146 1040 2445 1106 mendavit,
2479 1055 2677 1109 corpus
2711 1040 2763 1094 in
2794 1040 3045 1109 sepulcro
3064 1041 3270 1111 posuit,
3302 1050 3357 1095 et
3384 1055 3545 1094 omne
3575 1039 3737 1095 fune-

2145 1129 2324 1184 brium
2348 1129 2730 1198 exscquiarum
2757 1128 2992 1183 cilicium
3022 1129 3376 1198 perordiuem
3401 1128 3735 1184 celebravit!

2143 1220 2188 1277 0
2217 1238 2380 1292 quam
2411 1236 2609 1275 novum
2640 1221 3007 1291 spectaculum
3037 1229 3350 1295 quantaque
3379 1220 3743 1275 admiratione

2142 1313 2545 1383 dignissimum,
2576 1313 2620 1368 si
2660 1320 2833 1367 totum
2866 1313 2997 1369 illud
3040 1313 3200 1368 simul
3248 1311 3495 1366 mortalis
3541 1326 3741 1381 capere

2140 1405 2409 1476 potuisset
2434 1405 2692 1463 intuitus!
2719 1406 2924 1461 Aderat
2951 1406 3217 1475 siquidem
3244 1404 3584 1475 congregatis
3606 1403 3742 1459 iide-

2141 1496 2286 1554 libus
2321 1501 2541 1564 absens,
2570 1499 2783 1554 aberat-
2803 1515 2933 1555 vero
2977 1514 3236 1569 praesens,
3287 1498 3548 1553 Nimirum
3586 1513 3613 1550 a
3646 1511 3739 1551 se-

2139 1589 2373 1660 metipso
2417 1590 2581 1644 etiam
2628 1589 2790 1660 longe
2832 1589 3063 1659 positus,
3109 1588 3198 1645 hic
3255 1586 3563 1641 viventibus
3606 1586 3741 1641 ﬁliis

2141 1680 2448 1735 commissa:
2495 1679 2786 1751 pastoralis
2832 1693 2979 1734 cura;
3029 1676 3287 1733 reddebat
3319 1676 3579 1739 debitum,
3621 1673 3741 1728 illic

454 1766 507 1812 et
540 1761 872 1818 orationibus
912 1765 1186 1831 edomant,
1230 1776 1287 1821 et
1328 1780 1552 1825 cunctos
1584 1771 1634 1824 in
1674 1787 1745 1840 se,
1783 1774 2036 1830 vitiorum
2072 1777 2113 1834 Β
2143 1769 2398 1824 defuncto
2424 1769 2578 1824 fratri
2601 1769 2703 1840 pie
2726 1768 3080 1827 humanitatis
3109 1766 3451 1836 impendebat
3471 1764 3735 1819 oliicium.

456 1859 636 1906 motus
658 1867 886 1909 censura
922 1856 1107 1927 rigidae
1149 1860 1458 1916 severitatis
1498 1836 1745 1917 frenant:
1769 1863 1875 1919 Sed
1916 1882 2040 1921 cum

461 1946 749 2013 pastoralis
769 1949 1030 2004 custodiae
1050 1950 1175 2019 jura
1198 1953 1521 2021 suscipiunt,
1558 1955 1818 2024 quidquid
1842 1948 2047 2012 sancti-

451 2034 581 2088 tatis
607 2034 927 2104 habuerant,
957 2046 1015 2091 ut
1034 2039 1134 2103 ita,
1162 2042 1298 2110 proh
1327 2042 1516 2096 dolor!
1560 2044 1758 2108 dicam,
1789 2062 2043 2102 concam-

451 2125 544 2180 bio
577 2128 789 2184 miserae
814 2133 1229 2198 permutationis
1264 2136 1542 2200 amittunt,
1587 2141 1747 2192 omne
1774 2140 1915 2207 quod
1958 2141 2043 2209 pie

449 2217 697 2272 vixerant
725 2220 1152 2300 obliviscuntur,
1182 2233 1237 2278 et
1259 2225 1660 2280 decurrentium
1695 2246 1844 2284 more
1868 2228 2043 2284 ﬂumi-

452 2323 601 2373 num,
643 2309 710 2363 ad
743 2310 849 2365 ima
884 2311 1089 2382 absque
1134 2312 1243 2393 ullo
1288 2317 1608 2370 retentionis
1636 2319 1919 2373 obstaculo
1948 2319 2043 2375 ὁθ-

449 2404 761 2472 volvuntur,
789 2417 844 2462 et
867 2408 1013 2463 velut
1048 2409 1173 2465 mali
1204 2411 1455 2483 remiges,
1485 2427 1606 2467 cum
1635 2414 1702 2468 ad
1732 2414 1839 2469 alta
1866 2415 2035 2488 pelagi

450 2506 616 2551 vento
654 2496 964 2568 impellente
995 2501 1309 2565 deveniunt,
1363 2504 1579 2572 quando
1608 2505 1816 2560 scilicet
1846 2507 2039 2577 majori

451 2588 738 2643 conamine
763 2604 897 2659 opus
919 2599 1025 2656 est,
1050 2591 1104 2645 in
1131 2606 1379 2647 somnum
1428 2608 1488 2648 se
1532 2595 1810 2650 mortifera
1838 2598 2039 2652 securi-

451 2687 562 2732 tate
591 2680 897 2747 resolvunt;
941 2681 1026 2737 vel
1072 2683 1251 2753 potius
1298 2700 1422 2739 cum
1476 2686 1840 2755 gubernanda:
1884 2687 2037 2742 navis

452 2769 665 2823 clavum
711 2772 1034 2840 suscipiunt,
1065 2773 1155 2842 qui
1187 2774 1338 2843 prius
1382 2788 1503 2829 cum
1553 2778 1765 2831 castoris
1816 2786 2038 2834 strenue

452 2859 859 2927 navigaverant,
885 2861 998 2931 jam
1046 2862 1098 2915 in
1147 2863 1458 2934 magisterio
1488 2864 1646 2934 positi
1681 2865 1733 2920 in
1763 2866 2038 2938 negligen-

452 2952 540 3013 tia:
570 2966 629 3007 se
659 2961 874 3022 torpore
901 2954 1189 3025 dejiciunt,
1224 2964 1280 3010 et
1303 2971 1410 3011 non
1442 2958 1615 3013 solum
1643 2958 1780 3014 alios
1805 2975 1911 3014 non
1943 2975 2037 3015 cu-

451 3040 713 3106 Stmlitlnl,
746 3045 838 3097 sed
876 3044 1195 3113 semetipsos
1241 3044 1404 3098 etiam
1451 3044 1740 3100 infeliciter
1780 3048 2033 3121 perdunt.

2146 1859 2251 1915 Sed
2293 1870 2349 1916 et
2390 1878 2552 1931 quam
2601 1861 2739 1923 leve,
2785 1875 2949 1929 quam
2994 1859 3151 1914 velox
3199 1857 3507 1912 vehiculum
3547 1865 3736 1911 noster

2143 1952 2425 2022 episcopus
2457 1953 2670 2015 habuit,
2703 1952 2819 2022 qui,
2851 1967 2959 2007 non
2992 1951 3169 2005 dicam
3201 1957 3420 2018 puncto,
3465 1962 3570 2002 non
3610 1961 3729 2002 mo-

2143 2052 2347 2107 mento,
2392 2043 2485 2097 sed
2525 2041 2578 2096 in
2615 2041 2920 2096 brevissimi
2962 2039 3223 2109 temporis
3263 2038 3370 2093 ictu
3413 2046 3526 2092 tam
3574 2036 3730 2109 longa

2144 2143 2408 2187 terrarum
2434 2133 2606 2204 spatia
2636 2133 3022 2187 trausmeavit?
3051 2131 3229 2186 Nescit
3257 2144 3389 2184 sane
3412 2143 3606 2184 currus
3634 2128 3726 2183 ille

2142 2224 2351 2278 viarum
2382 2224 2781 2293 aSperitatibuS'
2800 2221 3051 2292 reprimi,
3117 2222 3329 2292 ignorat
3372 2218 3727 2288 oppositionis

2142 2315 2446 2371 sufﬂamine
2484 2315 2771 2371 retardari.
2800 2313 3187 2369 Verumtamen
3234 2314 3337 2368 hoc
3360 2316 3481 2365 ‘tam
3527 2309 3730 2383 grande

2142 2408 2487 2472 miraculum,
2512 2418 2620 2477 quo
2642 2405 2712 2460 ab
2727 2406 2908 2475 aliquo
2934 2413 3244 2460 sanctorum
3267 2411 3539 2458 ostensum
3561 2400 3732 2455 fuisse
3812 2452 3825 2457 κ

2140 2501 2318 2555 rarius
2359 2499 2601 2566 auditur,
2648 2514 2713 2555 eo
2757 2501 2825 2552 ab
2865 2498 2971 2562 his,
3013 2498 3104 2567 qui
3145 2512 3249 2551 non
3276 2496 3503 2551 credunt
3547 2493 3729 2549 omnia

2138 2590 2414 2660 possibilia
2437 2606 2556 2645 esse
2580 2589 2845 2654 credenti,
2872 2588 3104 2644 fortasse
3134 2586 3407 2642 diﬂicilius
3428 2586 3689 2641 creditur.

2209 2681 2349 2749 Quid
2384 2682 2527 2737 enim
2557 2681 2755 2745 rarius,
2780 2680 2909 2749 quid
2942 2679 3299 2735 admiratione
3321 2677 3538 2749 dignius
3564 2691 3726 2746 quam

2137 2789 2332 2845 purum
2372 2773 2622 2843 spiritum
2650 2786 2847 2841 corpus
2874 2768 3235 2841 corporaliter
3264 2767 3530 2838 sepelire’
3551 2767 3635 2830 Et,
3669 2775 3729 2819 ut

2140 2865 2210 2919 ita
2232 2865 2482 2927 dixerim,
2500 2865 2738 2918 animam
2765 2862 3052 2917 visibiliter
3066 2862 3302 2916 animam
3326 2858 3729 2914 commendare?

2139 2952 2247 3009 Sed
2275 2955 2341 3008 ad
2370 2954 2474 3009 hoc
2499 2952 2829 3010 credendum
2856 2954 2963 3008 cito
2993 2953 3233 3008 animum
3258 2951 3528 3007 ﬂectimus
3549 2991 3565 3016 ,
3597 2951 3641 3004 si
3673 2958 3728 3002 ct

2141 3046 2247 3102 alia
2274 3047 2468 3102 divinae
2494 3046 2713 3102 virtutis
2737 3060 2904 3115 opera
2927 3044 3168 3101 studiose
3200 3057 3508 3114 pensamus.
3534 3040 3722 3110 Liquet

525 3132 631 3187 Sed
672 3133 801 3203 quid
851 3134 951 3189 ista
988 3136 1054 3190 de
1099 3135 1346 3206 reprobis
1386 3135 1696 3205 pastoribus
1740 3137 2032 3208 loquimur,
2063 3126 2107 3188 C
2138 3140 2384 3212 profecto
2408 3140 2534 3211 quia
2575 3139 2875 3195 mobilioris
2917 3147 3126 3193 natura;
3161 3146 3246 3192 est
3272 3128 3518 3207 spiritus,
3560 3150 3723 3203 quam

450 3241 574 3287 eum
599 3236 655 3281 et
680 3227 783 3297 ipsi
810 3244 1034 3284 summa:
1054 3229 1361 3284 sanctitatis
1387 3228 1486 3282 viri
1509 3238 1756 3300 suscepto
1779 3244 1923 3285 curae
1945 3246 2038 3301 pa-

453 3319 669 3377 storalis
694 3321 890 3387 otllcio,
920 3332 975 3378 et
1002 3323 1047 3378 si
1072 3322 1139 3377 ad
1178 3322 1336 3386 mala,
1369 3322 1511 3391 quod
1538 3322 1700 3387 absit,
1729 3322 2037 3379 nullatenus

448 3423 738 3492 proruunt,
765 3432 906 3486 smpe
940 3425 1118 3472 tamen
1151 3432 1217 3471 ex
1247 3416 1359 3487 ipsa
1388 3416 1515 3471 boni
1561 3416 1916 3487 perfectione,
1943 3430 2040 3469 ne-

453 3505 707 3568 cessitate
734 3516 962 3578 cogente
997 3506 1387 3577 aliquantulum
1416 3506 1772 3561 minuuntur?
1799 3505 1933 3561 Hinc
1954 3514 2037 3559 est

454 3600 596 3666 quod
628 3597 688 3651 Β.
724 3613 862 3668 papa
912 3596 1074 3669 Greg.
1121 3599 1171 3651 in
1221 3597 1419 3668 prioris
1456 3598 1578 3651 vitre
1626 3596 2037 3652 conversatione

455 3668 690 3742 visibilia
713 3703 941 3757 qua'que
969 3668 1452 3743 seitranscendisse
1479 3687 1762 3756 gloriatur,
1800 3694 2038 3756 postmo-

456 3776 584 3830 dum
617 3791 746 3831 vero
774 3777 922 3830 curis
947 3775 1308 3832 exterioribus
1347 3776 1612 3847 implicari
1657 3776 1744 3844 pia
1777 3775 2038 3829 lamenta-

456 3868 603 3921 tione
627 3865 976 3935 conqueritur
997 3865 1187 3936 (Gnsc.
1213 3867 1265 3920 in
1288 3867 1438 3936 praef.
1470 3866 1559 3920 lib.
1586 3883 1601 3920 ι
1627 3864 1881 3937 Dialog.).
1902 3865 2038 3920 Hinc

455 3967 540 4009 est
569 3957 732 4012 etiam
764 3959 906 4026 quod
949 3958 1016 4012 de
1059 3956 1118 4010 Β.
1152 3955 1385 4012 Martino
1432 3956 1734 4010 'l‘uronensi
1783 3955 2037 4025 episcopo

456 4049 674 4121 legitur,
705 4050 830 4125 quia
854 4047 1027 4117 major
1050 4048 1099 4102 ei
1117 4048 1292 4102 virtus
1321 4057 1447 4102 ante
1469 4047 1835 4117 episcopatum
1863 4046 2038 4100 fuerat

458 4153 620 4204 quam
638 4147 758 4206 post
774 4137 1141 4207 episcopatum
1164 4135 1383 4206 (Ssvsn.
1410 4135 1654 4213 Summ,
1679 4134 1799 4189 Vita
1821 4132 1879 4189 S.
1899 4134 2038 4188 Mar-

458 4230 580 4294 tini,
602 4228 694 4282 lib.
728 4245 790 4291 ιι,
818 4244 936 4297 cap.
965 4228 1038 4299 5).
1070 4228 1388 4296 Quanquam
1414 4227 1599 4297 procul
1627 4227 1791 4281 dubio
1812 4228 2043 4282 creden-

453 4321 581 4373 dmn
636 4320 705 4375 sit
752 4321 876 4389 quia
922 4321 1127 4375 sanctis
1174 4319 1616 4389 praedicatoribus
1654 4319 1912 4389 quitquid
1941 4334 2037 4389 pro

457 4413 688 4467 aliorum
713 4413 958 4478 custodia
989 4413 1054 4466 de
1071 4413 1289 4482 propria
1321 4411 1652 4482 perfectione
1681 4412 2034 4477 subtrahitur,

452 4504 623 4560 multo
651 4504 881 4575 largius,
913 4505 1191 4572 multoque
1220 4503 1330 4577 26
1357 4503 1574 4557 uberius
1613 4503 1665 4558 in
1695 4502 2037 4572 acquirendis

451 4595 788 4653 eatulitorum
822 4596 985 4652 lucris
1013 4604 1257 4669 augetur.

522 4687 848 4760 Perpendite
881 4704 1039 4760 ergo,
1088 4687 1283 4743 fratres
1312 4687 1638 4761 charissimi,
1676 4701 1836 4756 quam
1866 4686 2028 4742 mira-

451 4781 575 4834 bilis
598 4781 683 4835 vir
712 4779 877 4834 fuerit
899 4781 1089 4836 beatus
1117 4779 1352 4835 Severus
1376 4820 1390 4843 ,
1419 4780 1505 4835 cui
1535 4779 1837 4833 sanctitatis
1867 4779 2029 4832 meri-

453 4882 566 4926 tum
596 4872 830 4942 suscepti
856 4886 984 4927 cura
1017 4871 1296 4939 regiminis
1332 4869 1540 4923 addidit
1588 4869 1731 4937 quod
1772 4868 1892 4922 aliis
1936 4883 2027 4922 ex.

451 4965 853 5020 ccllentlssimis
890 4964 1054 5018 etiam
1102 4963 1232 5017 viris
1276 4962 1521 5032 minuere
1561 4962 1860 5016 consuevit.
1891 4960 2022 5015 Nam

451 5057 595 5126 quod
624 5055 743 5110 aliis
770 5069 910 5123 srcpe
932 5053 1300 5108 descensionis
1324 5059 1408 5107 est
1435 5066 1620 5114 causa,
1658 5051 1761 5104 hoc
1791 5049 1866 5104 illi
1901 5066 2025 5120 pro-

452 5146 717 5219 ver-tionis
749 5145 1012 5213 probatur
1040 5144 1313 5198 exstitisse
1341 5143 1602 5206 materia;
1651 5150 1707 5196 et
1753 5142 1880 5196 inde.
1920 5140 2020 5195 sibi

387 5294 391 5299 ,
433 5237 797 5305 perfectionis
824 5235 1034 5290 culmen
1061 5242 1145 5291 est
1172 5242 1413 5297 auctum,
1442 5234 1585 5287 unde
1605 5243 1658 5286 et
1686 5232 2019 5302 perfectissi—

453 5327 556 5380 mis
608 5327 740 5381 viris
796 5325 1108 5395 plerumque
1161 5341 1267 5379 non
1315 5323 1606 5392 ambigitur
1656 5323 2017 5376 imminutum.

451 5416 589 5470 Ecce
619 5416 760 5470 enim
795 5425 918 5471 ante
945 5416 1248 5471 commissae
1276 5414 1606 5486 praeiationis
1651 5412 1884 5468 oliicium
1918 5414 2024 5466 vir-

450 5514 621 5558 tutum
651 5506 865 5576 quidem
898 5507 1059 5561 vitam
1090 5507 1309 5561 duxisse
1357 5506 1723 5576 cognoscitur,
1764 5505 2023 5559 virtutum

448 5604 630 5648 tamen
663 5595 813 5665 signa
847 5612 1187 5665 nequaquam
1213 5595 1407 5650 fecisse
1432 5596 1770 5666 perhibetur,
1800 5605 1919 5665 post
1941 5611 2025 5647 nr-

448 5685 779 5742 diuationem
813 5702 940 5742 vero
963 5687 1102 5741 facta
1137 5703 1231 5757 per
1257 5687 1406 5739 illum
1445 5686 1829 5742 miraculorum
1867 5688 2018 5755 signa

2139 3245 2358 3303 corpus,
2408 3242 2464 3285 et
2509 3240 2684 3296 certe,
2729 3229 3012 3299 Scriptura
3052 3235 3209 3292 teste,
3252 3226 3522 3291 novimus,
3581 3224 3723 3293 quod

2137 3323 2399 3393 propheta
2432 3321 2682 3378 Habacuc
2716 3337 2783 3377 ex
2809 3320 2992 3377 Iudaea
3023 3319 3359 3383 sublevatus,
3389 3325 3613 3387 repente
3639 3326 3725 3369 est

2138 3409 2194 3464 in
2223 3410 2525 3467 Chald'eam
2557 3427 2678 3466 cum
2707 3411 2937 3485 prandio
2968 3410 3299 3480 deportatus.
3334 3406 3451 3473 Quo
3480 3405 3725 3460 videliret

2137 3501 2367 3571 prandio
2397 3501 2668 3556 Danielem
2708 3503 3025 3571 prophetam
3058 3499 3268 3565 refecit,
3292 3512 3518 3568 seseque
3546 3496 3599 3555 in
3626 3495 3722 3550 Ju-

2139 3596 2251 3648 daea
2286 3594 2482 3648 iterum
2531 3594 2737 3649 invenit
2785 3593 2947 3661 (Dan.
2976 3591 3111 3654 xw).
3145 3590 3202 3646 Si
3235 3591 3398 3662 igitur
3429 3598 3534 3643 tam
3568 3587 3723 3657 longe

2139 3683 2393 3741 Habacuc
2439 3684 2618 3755 potuit
2659 3684 2760 3739 sub
2806 3691 3081 3739 momento
3136 3681 3494 3752 corporaliter
3543 3679 3624 3733 ire
3668 3688 3723 3732 et

2141 3773 2425 3845 prandium
2470 3773 2702 3837 deferre,
2739 3773 2870 3847 quid
2914 3773 3112 3827 mirum
3161 3771 3207 3833 si
3251 3770 3443 3825 beatus
3488 3769 3721 3823 Severus

2140 3868 2392 3931 obtinuit,
2423 3877 2689 3936 quatenus
2714 3881 2811 3935 per
2830 3867 3077 3934 spiritum
3100 3865 3225 3928 iret,
3256 3871 3312 3918 et
3337 3863 3589 3917 defuncto
3618 3860 3720 3913 fra-

2142 3960 2208 4015 tri
2237 3958 2444 4014 funeris
2473 3956 2704 4013 ofﬁcium
2741 3956 3059 4013 exhiberet?
3091 3954 3160 4011 Ut
3189 3957 3331 4010 sicut
3352 3955 3439 4009 ille
3477 3954 3543 4008 ad
3574 3950 3719 4006 defev

2140 4053 2364 4108 rendum
2416 4052 2692 4122 prophetae
2735 4051 2914 4107 cibum
2945 4050 3191 4120 corporis
3216 4048 3575 4117 corporaliter
3599 4062 3717 4115 pcr-

2142 4144 2304 4206 rcxit,
2339 4142 2413 4197 ita
2448 4144 2551 4197 iste
2606 4142 2671 4195 ad
2719 4141 3204 4197 commendandum
3262 4139 3374 4193 Deo
3421 4136 3716 4193 beatissimi

2141 4235 2378 4290 hominis
2408 4233 2656 4303 spiritum
2691 4232 3013 4302 spiritaliter
3038 4239 3307 4301 pergeret.

2210 4329 2331 4384 Jam
2380 4342 2509 4382 vero
2538 4326 2667 4381 illud
2715 4335 2935 4396 quantae
2980 4325 3198 4379 virtutis
3246 4323 3368 4387 fuit,
3399 4329 3719 4391 quantaeque

2070 4471 2114 4530 D
2142 4418 2420 4492 potentiae,
2469 4418 2611 4488 quod
2656 4416 2732 4472 illi
2776 4417 2962 4471 aridus
3008 4416 3147 4471 cinis
3172 4415 3301 4469 olim
3338 4415 3449 4484 jam
3482 4412 3715 4468 defuncti

2142 4512 2421 4570 cadaveris
2463 4511 2665 4586 paruit,
2694 4519 2749 4566 et
2777 4510 2843 4564 ad
2882 4507 3031 4563 vocis
3068 4506 3187 4581 ejus
3215 4507 3499 4581 imperium
3529 4506 3715 4558 exani-

2141 4610 2286 4656 mata
2317 4601 2503 4656 uxoris
2532 4615 2684 4665 caro,
2726 4609 2786 4653 ut
2812 4599 2989 4660 locum
3033 4597 3156 4655 filia:
3198 4598 3432 4660 cederet,
3468 4596 3521 4649 in
3553 4611 3718 4665 angu-

2138 4708 2279 4753 stum
2320 4712 2378 4755 se
2415 4695 2704 4766 sepulturae
2756 4686 3011 4763 angulum
3061 4691 3392 4747 coarctavit?
3419 4689 3526 4759 27
3565 4687 3717 4745 Justo

2137 4789 2334 4859 quippe
2382 4787 2478 4841 Dei
2512 4787 2738 4856 judicio,
2777 4784 2991 4849 mulier,
3032 4799 3152 4855 qua:
3188 4781 3314 4837 olim
3356 4781 3501 4835 illum
3531 4780 3584 4834 in
3615 4779 3716 4833 hac

2137 4880 2242 4932 vita
2291 4877 2671 4935 subsannando
2719 4876 3058 4945 despexerat,
3089 4873 3224 4942 jam,
3255 4881 3458 4928 mutata
3499 4881 3717 4925 senten-

2135 4971 2227 5036 tia,
2257 4968 2376 5037 ejus
2415 4977 2683 5044 praecepta
2732 4967 3011 5022 humiliter
3052 4965 3395 5021 observabat.
3446 4962 3714 5017 Nimirum

2130 5074 2290 5127 quem
2321 5065 2541 5113 nentem
2576 5057 2811 5112 stamina
2843 5057 2896 5110 in
2928 5056 3116 5110 humili
3141 5054 3438 5124 ergasterio
3478 5067 3715 5120 pauper-

2129 5148 2310 5201 culum
2340 5155 2583 5209 noverat,
2610 5144 2723 5213 jam
2749 5154 2879 5199 tune
2904 5145 2955 5199 in
2981 5144 3100 5198 aula
3125 5142 3341 5213 superni
3368 5141 3531 5212 Regis
3549 5154 3714 5211 quam

2129 5251 2356 5298 magnus
2392 5246 2611 5290 senator
2645 5242 2813 5297 esset,
2858 5234 2964 5298 his,
3007 5232 3101 5311 qui
3142 5232 3254 5286 falli
3284 5247 3389 5285 non
3437 5239 3713 5299 poterant,

2128 5325 2301 5380 oculis
2330 5324 2659 5380 attendebat.
2695 5324 2801 5379 Sed
2830 5333 2884 5379 et
2914 5326 3016 5379 hoc
3060 5322 3374 5378 incredibile
3403 5321 3525 5391 quis
3554 5319 3717 5375 forsi-

2130 5423 2218 5469 tan
2242 5414 2469 5483 judieat,
2497 5415 2745 5483 quamvis
2779 5414 3166 5478 venerabilem,
3210 5421 3265 5468 et
3308 5412 3717 5467 sanctissimum

2128 5508 2326 5569 virum,
2349 5506 2525 5573 adhuc
2547 5514 2726 5560 tamen
2751 5506 2803 5558 in
2834 5505 2933 5560 hac
2958 5504 3297 5574 corruptibili
3324 5518 3489 5558 carne
3507 5504 3717 5571 degens

2126 5606 2257 5662 tem,
2309 5595 2674 5650 insensibilem
2726 5596 2964 5664 potuisse
3007 5595 3283 5665 pulverem
3336 5593 3449 5648 suis
3500 5592 3717 5658 legibus

2126 5686 2376 5747 subdere,
2409 5685 2564 5752 cujus
2591 5684 2824 5738 animam
2853 5693 3066 5738 constat
3086 5681 3417 5751 adilludjam
3441 5683 3713 5738 invisibile

3782 752 3797 781 \
