4070 6198
334 294 440 349 553

1765 300 1997 359 SERMO
2044 302 2128 357 Vl.

3507 311 3608 366 ὄπι

328 398 593 471 jmlicinm
647 400 1101 471 transmrgrasse?
1152 400 1264 457 Hoc
1322 410 1501 457 tamen
1550 404 1712 460 etiam
1770 406 1927 464 facile
1957 417 2003 472 Α
2033 412 2099 465 de
2133 410 2373 467 fontibus
2402 412 2699 471 Salvatoris
2746 395 2881 486 (Μ.
2920 416 3041 487 xu).
3074 417 3219 473 Illam
3251 421 3522 487 videlicet,
3547 423 3615 480 de

337 494 598 556 creditur,
622 493 666 547 si
698 491 891 547 collata
918 493 1228 549 hominibus
1253 494 1431 549 divina
1460 497 1631 566 gratia
1660 499 1951 554 subtiliter

339 586 647 653 indagetur.
679 582 933 654 Nunquid
953 585 1098 639 enim
1130 584 1326 640 Petrus
1358 586 1409 639 in
1440 585 1540 641 ista
1565 588 1742 644 adhuc
1764 606 1928 645 carne

336 692 445 730 non
473 685 613 738 erat,
644 676 732 743 qui
760 690 827 729 ex
849 690 945 729 ore
976 674 1234 731 Veritatis
1256 678 1511 731 audiebat
1541 696 1554 731 :
1590 696 1609 729 α
1640 678 1930 745 Quodcun-

342 779 444 834 que
473 764 729 834 ligaveris
750 780 916 834 super
937 773 1138 819 terram
1168 766 1274 820 erit
1306 765 1528 837 ligatum
1561 778 1617 822 et
1647 769 1700 823 in
1728 769 1883 825 caelis
1911 788 1924 824 :

336 866 392 909 et
420 856 782 925 quodcunque
809 856 1040 911 solveris
1069 871 1234 927 super
1252 867 1452 913 terram
1478 861 1582 914 erit
1607 860 1841 915 solutum
1877 871 1933 917 et

337 947 393 1001 in
421 946 618 1002 oculis?
648 966 666 998 ι
692 946 908 1019 (Matth.
928 949 1064 1019 xvr.)
1088 949 1252 1017 Cujus
1277 967 1419 1007 nunc
1442 952 1613 1007 vicem
1639 955 1690 1008 in
1712 954 1931 1026 ligando

341 1050 398 1094 ct
423 1039 682 1095 solvendo
709 1042 989 1111 possident
1016 1043 1325 1115 quicunque
1355 1045 1532 1101 locum
1572 1049 1745 1103 sancti
1790 1049 1931 1120 regi-

339 1130 506 1183 minis
547 1129 653 1184 fide
692 1139 748 1185 et
787 1132 1034 1187 moribus
1085 1141 1289 1188 tenent.
1332 1133 1439 1190 Sed
1468 1144 1528 1191 ut
1576 1144 1725 1191 tanta
1754 1137 1933 1192 valeat

340 1222 506 1277 homo
545 1224 613 1279 de
657 1232 820 1286 terra,
877 1225 1001 1279 caeli
1031 1236 1085 1280 et
1117 1235 1278 1283 teme
1324 1226 1587 1283 Conditor
1631 1222 1700 1283 in'
1731 1239 1929 1285 terram

341 1314 545 1368 venite
569 1314 737 1381 cmlo;
770 1323 934 1385 atque
970 1326 1031 1372 ut
1068 1315 1320 1386 judicare
1351 1335 1480 1373 caro
1514 1335 1621 1377 non
1653 1320 1824 1375 solum
1868 1322 1933 1377 de

340 1423 530 1474 carne,
565 1410 658 1464 sed
688 1410 854 1464 etiam
909 1412 980 1466 de
1006 1413 1289 1483 spiritibus
1313 1416 1505 1483 possit,
1546 1417 1648 1471 hoc
1670 1416 1717 1472 ei
1750 1416 1931 1485 largiri

340 1500 593 1570 dignatus
622 1510 706 1556 est
733 1503 909 1558 factus
950 1519 1050 1574 pro
1090 1507 1398 1561 bominilms
1434 1508 1575 1562 Deus
1614 1522 1763 1563 caro.
1796 1507 1932 1583 Quia

341 1590 469 1644 inde
491 1594 735 1647 surrexit
760 1593 898 1648 ultra
932 1611 989 1650 se
1014 1596 1302 1653 infirmitas
1327 1608 1541 1662 nostra,
1577 1602 1718 1656 unde
1748 1601 1848 1655 sub
1877 1617 1935 1658 se

340 1681 613 1738 infirmata
637 1694 722 1739 est
743 1686 967 1742 firmitas
994 1688 1109 1744 Dei.

2029 517 2139 571 qua
2182 503 2297 571 ipse
2329 503 2381 556 in
2429 503 2719 573 Evangelio
2758 505 2936 559 dicit:
2971 526 2990 558 ι
3032 506 3130 573 Qui
3177 507 3377 565 biberit
3418 526 3614 580 aquam

2030 605 2192 659 quam
2225 607 2324 661 ego
2348 593 2433 655 do,
2467 592 2555 648 fiet
2584 594 2638 647 in
2664 608 2731 648 eo
2763 594 2882 649 fons
2908 611 3061 666 aquze
3101 598 3344 654 salientis
3372 601 3422 654 in
3450 599 3614 655 vitam

2029 693 2285 738 aeternam
2316 682 2498 754 (Joan.
2526 678 2623 755 1v).
2653 705 2671 737 ι
2708 685 2771 739 Et
2795 686 2987 741 iterum
3017 688 3214 743 clamat
3244 691 3466 746 dicens:
3504 712 3521 743 ι
3557 691 3615 747 Si

2030 775 2152 844 quis
2182 776 2315 840 sitit,
2348 776 2529 830 veniat
2569 777 2636 831 ad
2667 790 2770 842 me,
2798 787 2853 832 et
2889 777 3056 840 bibat,
3096 789 3150 835 et
3180 782 3245 835 de
3281 794 3470 837 ventre
3499 784 3618 854 ejus

2030 868 2198 923 fluent
2232 885 2385 938 aqua:
2414 870 2546 924 vit-te
2588 869 2772 938 (Joan.
2800 870 2917 940 vn).
2965 889 2983 922 ι
3024 871 3218 937 Quanti
3262 884 3389 927 sunt
3435 875 3617 935 hodie.

2031 960 2122 1030 qui
2154 961 2197 1015 si
2231 970 2438 1030 petram
2470 960 2637 1022 illam,
2669 974 2733 1014 ex
2762 976 2867 1030 qua
2895 962 2947 1016 in
2987 970 3227 1031 tempore
3253 962 3450 1035 Moysis
3477 980 3618 1033 aqua

2032 1053 2291 1122 producta
2332 1062 2434 1119 est,
2467 1066 2694 1108 cernere
2718 1054 3042 1123 potuissent,
3074 1053 3281 1108 lucrum
3316 1070 3422 1109 non
3460 1055 3621 1109 mini-

2002 1150 2179 1198 ‘mum
2210 1142 2561 1212 deputarent?
2588 1144 2680 1199 Isti
2728 1145 2909 1213 itaque
2963 1161 3106 1199 nunc
3144 1146 3285 1199 beati
3318 1146 3507 1200 Severi
3538 1147 3619 1202 in-

2033 1236 2347 1306 grediantur
2375 1236 2683 1302 ecclesiam,
2710 1247 2765 1292 et
2792 1237 2844 1291 in
2874 1238 3055 1292 multis
3090 1238 3251 1292 simul
3285 1238 3400 1293 ﬁeri
3427 1239 3619 1309 lapidi-

2032 1328 2134 1382 bus
2165 1326 2400 1389 videant,
2435 1327 2578 1396 quod
2609 1327 2661 1381 in
2694 1344 2802 1382 uno
2851 1327 3019 1384 fuisse
3055 1327 3255 1382 factum
3303 1329 3487 1384 laetitia
3517 1329 3625 1399 piae

2034 1420 2334 1477 devotionis
2373 1419 2663 1475 exsultant.
2713 1418 2829 1475 Hoc
2871 1421 3035 1475 etiam
3083 1422 3431 1491 superaddito
3477 1422 3622 1491 quod

2034 1525 2171 1579 aqua
2203 1508 2288 1562 illa
2313 1508 2459 1563 sitim
2486 1508 2825 1563 solummodo
2844 1509 3155 1564 bibentibus
3184 1510 3484 1575 auferebat,
3518 1513 3623 1569 ista

2034 1599 2198 1653 etiam
2229 1597 2472 1653 diversas
2517 1598 2887 1668 languentium
2916 1599 3267 1669 aegritudines
3310 1610 3485 1655 curat.
3530 1600 3624 1658 Illa

2036 1693 2162 1747 dum
2192 1693 2487 1759 biberctur,
2518 1692 2779 1762 simplicis
2803 1709 2955 1764 aquze
2978 1695 3116 1749 dese
3143 1695 3305 1751 dabat
3330 1696 3619 1763 indicium,

418 1776 525 1831 Sed
560 1793 659 1831 cur
686 1778 788 1833 ista
822 1780 887 1835 de
924 1781 1163 1850 antiquis
1187 1781 1248 1836 B.
1280 1780 1464 1838 Severi
1498 1784 1775 1841 miraculis
1803 1784 1938 1842 dici-
1965 1771 2011 1831 Β
2042 1784 2143 1838 ista
2177 1783 2302 1839 dum
2334 1783 2601 1850 medetur,
2631 1784 2969 1839 diversorum
2992 1796 3297 1841 aromatum
3323 1798 3379 1842 et
3408 1788 3625 1844 medici-

340 1882 487 1930 mns,
529 1883 651 1922 eum
696 1869 877 1925 hodie,
909 1887 1017 1924 non
1064 1887 1234 1941 pauca
1264 1873 1629 1944 prodigiorum
1682 1877 1833 1946 signa
1877 1878 1932 1932 in

340 1958 643 2012 venerabili
689 1960 979 2028 sepultura:
1018 1977 1131 2017 sua:
1176 1962 1400 2019 basilica
1450 1965 1564 2019 fieri
1612 1964 1935 2034 frequenter

341 2054 671 2109 audiamus?
701 2053 857 2122 Nam,
900 2066 958 2110 ut
996 2056 1064 2111 de
1095 2058 1309 2113 caeteris
1337 2058 1552 2127 sileam,
1598 2059 1727 2114 illud
1769 2076 1932 2114 unum

342 2147 566 2215 quantis
599 2157 684 2202 est
713 2149 998 2217 przeconiis
1043 2150 1263 2221 dignum
1305 2161 1619 2220 quantaque
1655 2151 1836 2207 laetitia
1866 2153 1933 2206 ad

343 2241 545 2294 divinze
572 2241 978 2310 omnipotentire
1007 2242 1230 2312 gloriam
1266 2242 1631 2307 referendum,
1663 2243 1804 2313 quod
1836 2244 1934 2298 sub

346 2330 467 2401 ipso
490 2331 652 2385 altari
711 2332 1064 2387 sacratissimi
1105 2333 1186 2387 sui
1214 2336 1457 2404 corporis
1484 2335 1785 2390 clarissima
1812 2351 1935 2392 sen-

345 2425 450 2478 sim
478 2434 874 2495 emanataqua,
892 2426 1121 2480 diversis
1149 2423 1518 2497 languentium
1536 2423 1936 2482 valetudinibus

345 2513 669 2585 profutura!
705 2514 837 2568 Nam
875 2515 917 2569 si
967 2516 1099 2569 fides
1129 2515 1428 2572 bibentium
1470 2517 1671 2588 exigat,
1722 2532 1843 2571 mox
1876 2525 1935 2571 ut

342 2619 466 2658 eam
501 2614 716 2673 pectora
738 2615 937 2675 tegrota
967 2607 1293 2675 percipiunt,
1334 2607 1581 2676 protinus
1608 2606 1674 2660 de
1708 2606 1938 2661 infirmi-

345 2711 458 2752 tate
486 2699 552 2752 ad
582 2697 810 2753 salutem
842 2699 1124 2767 pristinam
1175 2698 1577 2753 convalescunt.
1616 2698 1705 2762 Et,
1735 2705 1793 2751 ut
1834 2696 1939 2751 mi-

344 2790 575 2843 rabilem
608 2804 718 2843 rem
751 2790 865 2842 fieri
897 2787 1215 2841 mirabiliter
1239 2788 1461 2850 audias.
1497 2802 1600 2840 non
1627 2787 1679 2841 in
1701 2784 1937 2840 vernalis

345 2881 692 2935 inclementia
724 2879 1002 2948 temporis,
1033 2896 1135 2932 non
1167 2880 1217 2933 in
1250 2878 1574 2933 autumnalis
1606 2876 1937 2931 inundantia:

342 2972 570 3042 pluviis,
616 2986 720 3024 non
770 2972 821 3024 in
855 2970 1147 3024 imbrifera:
1178 2969 1449 3040 algoribus
1474 2970 1683 3033 hiemis,
1716 2969 1936 3039 quando

346 3080 413 3117 cx
469 3062 699 3116 diversis
748 3077 999 3116 saxorum
1050 3061 1281 3115 molibus
1325 3063 1463 3116 solet
1510 3075 1650 3130 aqua
1701 3060 1937 3114 tenuiter

344 3152 640 3219 eXSudare,
669 3153 760 3205 sed
786 3153 838 3205 in
864 3153 978 3220 ipso
1004 3150 1220 3222 fervida;
1239 3152 1444 3205 test-Ais
1472 3150 1668 3205 ardore
1695 3164 1814 3204 eam
1840 3165 1936 3203 no-
1962 3132 2007 3192 (ἶ

344 3248 498 3299 veris
537 3260 602 3299 ex
636 3245 787 3298 arida
827 3228 975 3299 calce
1025 3253 1079 3297 et
1107 3243 1259 3297 duris
1287 3242 1551 3312 lapidibus
1579 3240 1822 3297 ebullire.
1869 3239 1939 3295 Ut

343 3335 605 3391 videlicet
650 3335 866 3404 quando
899 3335 1070 3404 major
1096 3333 1361 3388 incumbit
1390 3334 1685 3388 necessitas
1720 3332 1941 3402 aegritu-

345 3428 564 3491 dinum,
613 3439 742 3480 tunc
787 3426 1128 3495 potissimmn
1167 3425 1409 3479 conferat
1451 3423 1727 3478 miseratio
1756 3423 1937 3476 divina

346 3518 673 3579 remedium,
704 3527 758 3570 et
781 3517 1030 3570 humauze
1054 3515 1383 3581 infirmitati,
1403 3531 1523 3586 qua:
1550 3523 1679 3569 tunc
1704 3530 1766 3569 ex
1798 3514 1938 3584 ignei

345 3608 549 3661 caloris
577 3608 812 3679 gignitur
856 3607 1013 3671 vitio,
1046 3606 1379 3662 medicorum
1412 3621 1594 3671 more,
1635 3607 1743 3661 vim
1791 3622 1944 3660 cura-

349 3701 521 3754 tionis
550 3716 616 3754 ex
645 3700 924 3755 contrario
947 3700 1170 3770 objiciat
1198 3701 1484 3755 elemento.
1513 3700 1611 3755 Cui
1649 3699 1780 3755 illud
1812 3714 1943 3754 con-

347 3791 482 3845 ferri
526 3791 847 3845 miraculum
898 3792 1033 3845 satis
1081 3790 1479 3846 rationabiliter
1531 3799 1743 3861 potest,
1796 3790 1942 3861 quod

348 3882 608 3937 similiter
646 3881 800 3937 Nilus
841 3882 1056 3954 IEgypti
1089 3882 1283 3937 ﬂuvius
1322 3896 1427 3937 non
1455 3881 1584 3945 alio,
1624 3882 1724 3937 nisi
1746 3883 1938 3938 aestivo

349 3987 597 4046 tempore
617 3991 735 4030 sese
763 3975 813 4029 in
844 3974 1117 4030 cumulum
1145 3974 1345 4039 elevat,
1376 3973 1537 4044 plana
1564 3988 1794 4045 qumque
1816 3974 1943 4029 hinc

352 4071 480 4125 inde
517 4086 614 4139 per
641 4070 926 4124 circuitum
960 4069 1169 4139 irrigat,
1206 4077 1259 4123 et
1299 4077 1567 4122 terrarum
1607 4081 1770 4123 venas
1792 4066 1943 4137 largo

352 4178 467 4217 suae
494 4162 865 4217 inundationis
884 4162 1106 4215 madore
1134 4162 1408 4216 fecundat.
1428 4160 1507 4217 Ne
1523 4162 1689 4235 igitur
1704 4163 1937 4217 humana

352 4253 606 4308 vecordia
644 4252 841 4308 divina:
882 4253 1100 4308 virtutis
1136 4268 1300 4323 opera
1348 4263 1557 4309 natura:
1591 4255 1796 4309 viribus
1837 4253 1939 4306 tri-

290 4344 303 4349 “
349 4347 502 4410 bunt,
533 4344 723 4399 saltem
755 4360 821 4398 ex
866 4344 1000 4414 ipso,
1037 4357 1145 4413 quo
1192 4342 1348 4408 fiunt,
1389 4353 1653 4413 tempore,
1687 4344 1771 4397 cui
1815 4342 1942 4411 jure

353 4436 702 4505 deputentur,
727 4434 969 4489 addiscat
991 4451 1004 4501 ;
1033 4443 1088 4489 ct
1114 4442 1259 4489 tanto
1284 4434 1517 4490 alacrius
1539 4434 1606 4489 ad
1631 4432 1942 4489 referendas

354 4525 600 4579 Creatori
634 4540 732 4579 suo
763 4525 967 4593 gratias
993 4531 1202 4594 surgat,
1238 4533 1438 4593 quanto
1467 4530 1523 4575 et
1549 4522 1691 4591 ipsas
1720 4532 1943 4575 natura-

354 4632 475 4669 rum
506 4616 655 4671 vices
684 4625 919 4671 mutatas
939 4632 1048 4671 sua:
1075 4615 1326 4670 utilitatis
1350 4615 1522 4686 gratia
1546 4630 1650 4669 non
1676 4616 1906 4686 ignorat.

429 4706 569 4760 Ecce
598 4708 741 4760 enim
769 4707 1113 4777 omnipotens
1162 4707 1303 4762 Deus
1345 4706 1565 4776 antiqua
1611 4690 1946 4777 operationis

355 4813 468 4852 sure
516 4798 777 4853 miracula
832 4799 1067 4869 repetit,
1128 4812 1253 4853 ecce
1305 4798 1499 4852 iterum
1557 4814 1655 4868 per
1705 4798 1937 4853 alterum

356 4886 576 4960 Moysen
601 4889 873 4957 aquamde
898 4896 1047 4957 petra
1065 4885 1521 4957 producit(Exod.
1546 4887 1712 4959 xvu);
1738 4888 1951 4943 lsraeli-

358 4984 524 5036 licttm
552 4981 663 5052 28
693 4982 848 5037 nobis
869 4982 1125 5037 saeculum
1150 4991 1398 5043 renovat,
1425 4997 1534 5053 quo
1554 4998 1650 5052 per
1671 4984 1945 5038 exteriora

355 5073 645 5137 beneficia,
677 5081 865 5141 utpote
891 5088 1080 5127 verum
1111 5073 1277 5129 Israel
1304 5076 1685 5139 ,ad‘amorem
1713 5092 1813 5130 nos
1836 5091 1948 5132 suae

359 5165 588 5220 visionis
638 5165 920 5220 accendat.
976 5166 1117 5222 Ecce
1166 5166 1233 5222 de
1262 5166 1563 5232 beatissimi
1616 5167 1947 5224 confessoris

358 5260 437 5312 sui
474 5257 718 5314 Ecclesia
758 5259 985 5313 alterum
1018 5258 1173 5314 nobis
1203 5258 1602 5328 quodammodo
1633 5261 1945 5330 paradisum

360 5353 621 5415 restituit,
649 5350 805 5420 cujus
830 5350 1192 5406 saluberrimo
1231 5343 1382 5408 fonte
1413 5365 1611 5408 nostra:
1641 5355 1948 5424 fragilitatis

364 5452 562 5498 terram
589 5443 883 5498 clementer
904 5442 1155 5534 infundit.
1262 5501 1297 5534 .

431 5534 674 5605 Agamus
714 5535 897 5604 igitur,
944 5520 1305 5599 dilectissimi,
1339 5535 1542 5605 gratias
1574 5536 1819 5591 Creatori
1852 5551 1951 5592 no-

364 5637 502 5691 stro,
546 5625 639 5697 qui
670 5626 873 5682 idcirco
909 5622 1088 5692 adhuc
1134 5624 1385 5694 producit
1432 5642 1628 5696 aquam
1680 5627 1745 5682 de
1797 5639 1949 5696 petra

364 5719 535 5790 rupis,
563 5728 624 5774 ut
648 5732 744 5785 per
772 5718 911 5774 hanc
933 5715 1096 5772 etiam
1122 5714 1437 5775 bauriamus
1465 5736 1661 5791 aquam
1678 5720 1730 5774 in
1754 5720 1951 5790 gaudio

1969 4481 2019 4540 Ι)

2037 1876 2238 1930 nalium
2270 1875 2572 1945 specierum
2606 1876 2789 1946 implet
2814 1875 3068 1932 olIicium.

2108 1966 2233 2021 Hace
2268 1967 2432 2038 igitur
2459 1976 2540 2023 tot
2573 1976 2629 2022 et
2655 1977 2763 2022 tam
2806 1969 3063 2037 przeclara
3097 1970 3386 2035 miracula,
3430 1971 3627 2028 fratres

2036 2058 2367 2123 charissimi,
2386 2058 2453 2112 ad
2482 2072 2629 2113 verte
2652 2059 2905 2114 utilitatis
2930 2059 3080 2115 lucra
3104 2062 3427 2128 convertite,
3456 2073 3510 2118 et
3529 2079 3627 2133 per

2034 2149 2305 2204 exteriora
2330 2149 2494 2203 divini
2517 2150 2764 2205 muneris
2786 2149 3073 2215 beneﬁcia,
3098 2153 3164 2207 ad
3194 2154 3451 2207 interiora
3488 2171 3624 2225 quo-

2035 2255 2142 2310 que
2166 2239 2475 2294 medullitus
2519 2240 2792 2295 anhelate.
2840 2241 2981 2308 Quid
3004 2243 3149 2296 enim
3180 2243 3399 2313 prodest
3420 2246 3626 2300 caduca

2036 2330 2152 2384 haec
2173 2338 2229 2385 et
2253 2329 2564 2385 transitoria
2589 2328 2732 2385 bona
2770 2331 3139 2401 temporaliter
3162 2347 3227 2387 ex
3256 2333 3433 2387 divina
3467 2334 3623 2389 beni-

2036 2423 2243 2493 gnitate
2278 2422 2577 2495 percipere,
2608 2422 2653 2477 si
2680 2437 2785 2477 non
2813 2423 3172 2494 contingatad
3192 2424 3380 2478 teterni
3406 2439 3624 2494 quoque

2037 2514 2163 2568 boni
2233 2514 2575 2583 suscipienda
2635 2514 2857 2584 praemia
2915 2514 3233 2585 pervenire?
3299 2514 3628 2571 Mementote

2036 2605 2166 2675 quid
2204 2606 2408 2661 Judaeis
2437 2606 2502 2660 de
2533 2606 2771 2677 antiquis
2798 2592 2987 2662 eorum
3016 2608 3261 2677 patrihus
3293 2607 3507 2662 Veritas
3539 2607 3625 2662 di-

2038 2697 2155 2751 xit:
2196 2714 2215 2748 ι
2247 2696 2462 2762 Patres,
2500 2698 2696 2768 inquit,
2720 2697 2884 2752 vestri
2919 2698 3382 2753 manducaverunt
3421 2714 3622 2753 manna

2039 2788 2093 2842 in
2124 2789 2358 2853 deserto,
2399 2798 2456 2843 et
2495 2790 2693 2843 mortui
2724 2797 2849 2843 sunt
2880 2789 3060 2860 (Joan.
3108 2790 3203 2861 v1).
3243 2809 3260 2842 ι
3301 2788 3626 2861 Perpendite

2038 2881 2202 2935 etiam
2232 2888 2434 2950 quanta
2461 2880 2531 2933 sit
2566 2879 2621 2933 in
2664 2879 2816 2935 cozlis
2843 2889 3155 2935 sanctorum
3188 2879 3376 2950 gloria,
3429 2882 3628 2951 quibus

2039 2982 2226 3026 contra
2258 2980 2467 3026 natura:
2495 2986 2606 3026 sua:
2625 2971 2870 3026 ordinem
2906 2972 3019 3041 ipsa
3050 2973 3101 3025 in
3116 2972 3275 3026 terris
3299 2970 3628 3026 famulantur

2040 3072 2095 3116 et
2116 3061 2379 3117 obediunt
2411 3062 2698 3117 elementa.
2735 3061 2875 3129 Quid
2909 3062 3052 3117 enim
3086 3073 3397 3117 sanctorum
3428 3065 3622 3120 anima

2039 3154 2154 3208 sive
2185 3153 2238 3207 in
2267 3152 2427 3216 etelo,
2451 3154 2567 3208 sive
2593 3152 2647 3207 in
2682 3160 2855 3217 terra,
2880 3151 2995 3207 sive
3018 3152 3181 3206 ctiam
3217 3152 3268 3207 in
3293 3153 3491 3223 abysso
3518 3169 3625 3208 non

2040 3251 2288 3315 possunt,
2315 3243 2405 3313 qui
2437 3259 2559 3299 cum
2589 3243 2726 3312 ipso,
2764 3243 2853 3313 qui
2883 3242 3130 3298 omnibus
3156 3243 3427 3312 praesidet,
3459 3260 3625 3298 unum

2041 3334 2201 3390 sunt?
2228 3334 2310 3388 Ad
2340 3334 2484 3387 illam
2518 3333 2711 3403 igitur,
2744 3331 3111 3397 dilectissimi,
3137 3340 3304 3386 tantae
3334 3333 3518 3403 gloriae
3546 3332 3630 3386 di-

2042 3426 2300 3496 gnitatem
2346 3425 2472 3478 totis
2526 3422 2731 3477 nisibus
2786 3422 3016 3485 tendite;
3068 3421 3133 3475 ad
3192 3422 3337 3476 illam
3378 3422 3628 3490 quotidie

2043 3526 2355 3572 sanctarum
2389 3516 2649 3570 virtutum
2677 3524 2733 3570 et
2759 3515 2859 3584 piae
2882 3514 3314 3568 conversationis
3352 3513 3628 3585 gressibus

2042 3615 2349 3679 properate.
2387 3607 2793 3662 Cuntemncnda
2828 3606 3027 3677 quippe
3068 3614 3193 3659 sunt
3236 3605 3391 3660 vobis
3433 3614 3625 3660 cuncta

2043 3712 2165 3766 qua:
2193 3696 2437 3759 cernitis,
2464 3696 2508 3751 si
2539 3696 2605 3750 ad
2635 3711 2697 3751 ea
2719 3694 2883 3749 vultis
2906 3694 3210 3764 pertingere
3231 3710 3351 3764 qua:
3373 3694 3624 3763 speratis.

1990 3836 1997 3841 .
2044 3788 2353 3843 Attestante
2392 3786 2593 3843 etenim
2626 3787 2786 3841 beato
2822 3783 3011 3850 Paulo,
3058 3799 3164 3839 non
3218 3799 3503 3855 possumus
3542 3784 3631 3838 hic

2043 3879 2281 3952 gaudere
2316 3880 2382 3933 de
2412 3877 2633 3941 sarculo,
2662 3883 2714 3931 et
2753 3875 2862 3932 illic
2897 3889 3128 3945 regnare
3150 3890 3272 3929 eum
3302 3875 3413 3929 Deo
3447 3872 3627 3943 (Rom.

2044 3974 2177 4042 xu).
2234 3970 2337 4039 Qui
2393 3970 2590 4024 iterum
2658 3967 2840 4023 dicit:
2894 3984 2913 4018 ι
2959 3964 3077 4022 Non
3135 3965 3627 4035 contemplantibus

2045 4063 2204 4120 nobis
2250 4077 2372 4135 quas
2404 4062 2679 4128 videntur,
2717 4059 2812 4116 sed
2863 4075 2984 4130 quae
3037 4075 3144 4114 non
3191 4060 3462 4115 videntur.
3497 4058 3631 4126 Quae

2044 4155 2188 4210 enim
2237 4153 2521 4216 videntur,
2563 4152 2876 4221 temporalia
2915 4158 3070 4215 sum,
3124 4164 3245 4221 qua:
3293 4158 3472 4205 autem
3517 4165 3624 4205 non

2043 4246 2316 4309 videntur,
2364 4252 2580 4297 aeterna
2608 4250 2733 4297 sunt
2784 4240 2871 4313 (Η
2918 4238 3041 4295 Cor.
3092 4240 3187 4311 tv).
3228 4260 3247 4294 ι
3306 4240 3474 4295 Fluxa
3529 4242 3629 4311 igi-

2044 4345 2140 4390 tur
2161 4344 2216 4391 et
2234 4335 2537 4390 seductoria
2565 4334 2825 4388 immundi
2860 4331 3018 4401 hujus
3046 4332 3229 4387 tmtndi
3264 4332 3632 4388 blamlimenta

2045 4427 2328 4496 despicite,
2379 4425 2553 4479 minas
2595 4427 2713 4495 ejus
2769 4425 2935 4478 animi
2995 4424 3310 4479 fortitudine
3359 4434 3628 4495 superate.

2047 4515 2515 4586 surgentiacarnis
2544 4513 2809 4567 incentiva
2839 4512 3134 4584 [incendia]
3160 4514 3453 4582 reprimite,
3483 4529 3633 4568 men—

2050 4618 2129 4662 tes
2159 4616 2395 4669 vestras,
2428 4604 2724 4657 auxiliante
2776 4604 2906 4667 Deo,
2956 4603 3007 4656 in
3050 4602 3339 4657 virtutibus
3385 4603 3632 4669 dilatate,

2049 4697 2285 4766 torpuris
2311 4705 2366 4750 et
2411 4692 2750 4764 negligentia
2772 4692 2943 4763 frigus
2965 4694 3031 4747 de
3045 4694 3298 4747 cordibus
3321 4693 3514 4746 vestris
3539 4708 3639 4747 ex-

2050 4788 2360 4860 pellite,~ad
2385 4788 2510 4842 illud
2538 4783 2807 4841 ineffabile
2834 4800 3080 4854 supernae
3111 4784 3459 4839 beatitudinis
3497 4800 3633 4852 gau-

2051 4883 2198 4935 dium
2250 4879 2525 4934 tlammato
2557 4878 2756 4932 mentis
2794 4876 3066 4932 desiderio
3103 4877 3304 4947 jngiter
3342 4876 3634 4944 suspirate.

2050 4970 2185 5026 Nam
2212 4970 2521 5041 speculator
2549 4966 2866 5040 [spectator]
2893 4967 3003 5031 ille,
3037 4968 3128 5036 qui
3159 4968 3321 5021 corda
3352 4975 3533 5021 vestra
3566 4968 3633 5021 ad

2050 5079 2109 5120 se
2136 5064 2338 5120 directa
2369 5060 3011 5130 delectabiliter-inspicit,
3039 5059 3266 5113 libenter
3287 5061 3449 5114 etiam
3482 5058 3637 5113 vobis

2049 5173 2160 5212 suae
2209 5156 2486 5212 societatis
2532 5153 2757 5222 januam
2813 5153 2997 5222 pandit
3021 5151 3176 5206 Jesus
3227 5151 3473 5206 Christus
3527 5151 3637 5226 29

2050 5254 2313 5309 Dominus
2335 5257 2539 5310 noster,
2564 5249 2652 5318 qui
2681 5263 2802 5302 cum
2829 5246 2991 5300 Patre
3016 5256 3069 5301 et
3096 5245 3300 5315 Spiritu
3332 5252 3525 5299 sancto
3548 5246 3631 5298 vi-

2051 5345 2126 5399 vit
2154 5355 2210 5400 et
2244 5349 2436 5414 regnat
2458 5342 2511 5395 in
2543 5340 2736 5394 saecula
2764 5339 3102 5394 smeulorum.
3132 5338 3325 5391 Amen.

2659 5449 2892 5506 SERMO
2941 5448 3027 5504 Vl.
3109 5471 3112 5474 ’

2119 5568 2186 5607 DE
2221 5565 2423 5606 διαςτο
2462 5562 2825 5610 Ειιιῖυειιλυιο,
2864 5561 3114 5605 EPISCOPO
3154 5565 3471 5604 ΒᾹΥΕΝΝΛἸΈ
3510 5566 3578 5604 ΕΤ

2502 5633 2851 5695 conressoas.
2892 5619 3002 5695 (XIV
3038 5620 3217 5691 rana.)

2124 5713 2396 5771 Hodierna
2431 5711 2712 5775 festivitas,
2744 5709 2942 5765 fratres
2972 5712 3304 5777 charissimi,
3354 5710 3632 5783 geminum
