4070 6198
463 266 563 320 ⁸535

1065 266 1120 319 S.
1166 265 1370 321 PETRI
1412 268 1697 325 DAMIANI
1741 270 1892 325 OPP.
1930 271 2109 327 PARS
2152 272 2281 330 SEU
2320 275 2554 331 TOMUS
2582 276 2641 330 ll.
2683 309 2752 316 ——
2791 277 3181 334 SEllMON’ZCS.
3617 283 3717 339 536

456 390 659 433 sancta:
685 377 951 432 devotioni
984 379 1326 444 vestrae,imo
1353 391 1547 436 nostra;
1568 383 1819 453 gaudium
1853 400 2039 439 cumu-
2067 388 2114 446 Α
2143 385 2496 443 confunderet
2546 389 2817 458 sapientes
2869 391 2921 459 (1
2972 392 3093 445 Cor.
3130 395 3188 459 ι).
3238 397 3409 463 Atque
3455 406 3515 449 ut
3561 400 3724 467 magis

461 469 557 527 lat.
588 469 713 538 quia
742 469 866 522 dum
903 469 1192 522 venerandi
1230 469 1562 526 confessoris
1600 472 1919 528 Eleuchadii
1956 490 2043 529 so-

459 560 655 615 lemnia
712 558 1087 621 celebramus,
1144 562 1457 616 necessario
1506 578 1629 617 mox
1680 564 1845 619 etiam
1896 565 2042 621 beati

460 651 866 720 triumphatoris
894 649 1097 704 Christi
1120 651 1447 718 Apollinaris
1466 654 1532 708 ad
1561 656 1876 710 memoriam
1911 672 2045 726 prae-

459 741 600 795 clara
628 751 775 810 gesta
807 740 1135 795 reducimus.
1183 741 1319 808 Quia
1351 744 1517 809 enim,
1548 754 1607 799 ut
1633 745 1885 801 Salomon
1924 747 2040 813 ait,

461 850 479 881 σ
515 830 682 899 gloria
715 828 884 897 patris
920 838 1003 884 est
1039 830 1181 885 filius
1230 834 1447 902 sapiens
1480 835 1667 897 (Prov.
1692 852 1724 889 Χ
1754 838 1939 906 ειειν)
1967 877 1982 900 ,
2018 857 2037 890 ι

455 922 533 974 sic
555 920 781 974 alterius
808 935 974 976 causa
1004 922 1202 990 pendet
1226 937 1293 976 ex
1323 923 1518 988 altero,
1543 935 1599 978 ut
1619 926 1864 996 quisquis
1886 928 2045 985 unius

456 1011 639 1065 laudes
690 1011 851 1080 digne
903 1010 1170 1076 retulerit,
1206 1012 1432 1067 alterius
1474 1015 1639 1069 etiam
1668 1015 1876 1086 insigne
1906 1032 2046 1086 pra:-

454 1103 675 1157 conium
728 1114 908 1156 tacere
958 1119 1064 1157 non
1118 1104 1311 1172 possit.
1348 1105 1413 1159 Et
1447 1107 1579 1175 quia
1618 1106 1831 1164 Veritas
1870 1110 2041 1165 dicit:

453 1213 470 1237 ι
514 1192 630 1247 Νοιι
660 1203 833 1263 potest
864 1193 1007 1248 filius
1040 1194 1238 1259 facere,
1274 1196 1377 1249 nisi
1425 1197 1568 1267 quod
1609 1198 1806 1255 viderit
1834 1210 2042 1271 patrem

452 1282 743 1338 facientem
776 1283 957 1354 (Joan.
1000 1284 1053 1354 ν)
1087 1304 1100 1339 :
1142 1305 1159 1337 ι
1189 1287 1268 1341 sic
1297 1287 1397 1341 iste
1422 1288 1613 1345 beatus
1640 1291 1892 1347 ahnnnus
1918 1294 2046 1350 sub-

454 1384 673 1429 St‘CttlllS
727 1385 809 1428 est
847 1385 1071 1445 paterna
1119 1378 1367 1446 vestigia,
1400 1379 1472 1434 ita
1513 1395 1655 1434 verte
1685 1382 1807 1438 ﬁdei
1852 1384 2045 1453 prsidi-

455 1468 630 1520 cando
664 1476 863 1520 rectam
924 1467 1094 1521 tenuit
1149 1466 1371 1534 lineam,
1398 1470 1478 1523 sic
1526 1470 1775 1541 religiose
1818 1474 2045 1529 vivendo

454 1570 646 1615 sancto
692 1563 1007 1632 prreceptori
1065 1578 1360 1617 consonam
1412 1564 1658 1619 exhibuit
1694 1564 2038 1629 clientelam,

454 1660 513 1704 ut
552 1652 598 1705 ei
630 1652 826 1706 merito
852 1654 1169 1707 succederet
1215 1654 1266 1707 in
1306 1655 1569 1725 regimen,
1622 1654 1773 1724 cuius
1804 1657 2044 1711 imitator

2145 485 2387 545 stupeas,
2438 479 2584 548 ipsos
2616 480 2864 549 imperite
2905 482 3181 549 sapientes
3214 499 3241 536 a
3288 499 3429 539 vano
3482 489 3725 555 superbae

2142 570 2425 638 sapientiae
2453 585 2563 626 sua:
2593 580 2803 626 tumore
2833 572 3044 640 deiecit,
3078 590 3141 628 ac
3169 576 3427 645 deinceps
3458 578 3510 629 in
3542 590 3727 633 aucto-

2145 660 2359 713 ritatem
2413 659 2596 714 libelve
2656 662 3053 729 praedicationis
3110 665 3327 726 erexit,
3385 675 3443 717 ut
3500 667 3725 734 idipsum

2144 749 2487 817 postmodum
2537 761 2851 805 constanter
2885 760 3195 807 astruerent
3229 754 3371 823 quod
3427 758 3727 812 anxiabau-

2145 848 2235 894 tur
2265 851 2391 895 ante
2431 841 2726 896 crudeliter
2765 843 3100 911 impugnare.
3159 846 3311 911 Quod
3361 845 3573 917 Moyses
3603 858 3729 903 tunc

2140 934 2373 1003 mystice
2420 932 2710 1004 figuravit,
2758 950 2880 988 cum
2931 936 3200 1005 arripiens
3230 937 3456 991 vitulum
3507 955 3728 993 aureum

2145 1023 2268 1091 igne
2296 1024 2614 1087 combussit,
2646 1025 2711 1078 ad
2736 1024 3009 1094 pulverem
3048 1042 3216 1096 usque
3252 1028 3528 1093 contrivit,
3554 1029 3730 1083 flucti-

2144 1114 2353 1183 busque
2400 1129 2763 1185 conspergens
2818 1115 3177 1172 lsraeliticusn
3230 1134 3296 1172 ex
3345 1134 3413 1173 eo
3470 1120 3731 1189 populum

2144 1203 2454 1272 propinavit
2478 1203 2679 1273 (Exod.
2704 1205 2900 1270 xxxu).
2934 1205 3072 1271 Quid
3103 1213 3187 1259 est
3213 1206 3359 1261 enim
3380 1221 3477 1275 per
3497 1208 3728 1276 figuram

2146 1293 2347 1348 vitulus
2376 1294 2465 1348 ille
2491 1292 2780 1349 conﬂatilis
2804 1335 2819 1359 ,
2852 1295 2953 1349 nisi
2980 1310 3181 1363 corpus
3206 1295 3445 1350 diaboli?
3474 1296 3735 1352 Homines

2145 1384 2351 1439 scilicet
2398 1385 2450 1438 in
2490 1386 2745 1440 omnibus
2802 1386 3075 1455 perfidizc,
3131 1386 3292 1441 simul
3331 1397 3387 1442 et
3420 1387 3734 1444 idololatria:

2144 1490 2332 1529 errore
2355 1475 2588 1544 decepti,
2621 1491 2684 1531 ac
2715 1476 2817 1531 sub
2845 1477 2961 1546 ipso
2981 1492 3081 1531 suo
3107 1477 3366 1547 pestifero
3404 1480 3581 1547 capite
3610 1490 3734 1534 tan-

2144 1579 2304 1634 quam
2333 1566 2546 1619 diversa
2593 1566 2856 1631 membra,
2886 1567 3150 1637 sacrilega
3172 1567 3574 1636 conspiratione
3603 1584 3735 1623 con-

2139 1649 2337 1718 juncti,
2373 1668 2534 1721 super
2576 1669 2714 1722 quos
2772 1656 3026 1709 nimirtun
3066 1657 3152 1710 ille
3193 1657 3448 1725 nequitia:
3484 1659 3733 1727 spiritus.

450 1742 738 1796 exstiterat
769 1743 1078 1797 sanctitate.
1109 1741 1263 1800 Sicut
1285 1745 1429 1799 enim
1457 1746 1646 1803 beatus
1672 1747 1866 1802 Petrus
1896 1750 2041 1817 prin-
2076 1732 2119 1790 Β
2147 1741 2292 1797 velut
2316 1753 2526 1809 auctor,
2567 1746 2864 1813 praesidens
2914 1746 3207 1802 insolenter
3234 1748 3481 1818 erigitur,
3508 1756 3564 1803 et
3615 1758 3737 1801 tau-

454 1850 582 1904 ceps
616 1836 893 1904 apostolici
924 1846 1144 1893 senatus
1169 1846 1280 1893 tres
1312 1839 1452 1893 inter
1471 1850 1702 1896 caeteros
1721 1842 2044 1897 eminentio-

458 1944 547 1983 res
583 1928 929 1997 cognoscitur
975 1929 1231 1984 habuisse
1277 1930 1591 2001 discipulos,
1625 1934 1717 2003 qui
1763 1933 1864 1988 sibi
1898 1944 2040 2003 post-

456 2018 675 2072 modum
713 2019 764 2072 in
795 2018 1148 2089 pontificatus
1192 2036 1318 2077 arce
1360 2036 1458 2094 per
1483 2023 1730 2079 ordinem
1762 2040 2041 2082 successe-

456 2119 605 2175 runt,
621 2110 797 2181 primo
819 2111 1069 2167 videlicet
1084 2110 1268 2176 Linus,
1285 2114 1479 2169 deinde
1493 2114 1697 2179 Cletus,
1715 2116 1906 2171 tertius
1927 2116 2046 2177 Cle-

458 2215 635 2270 mens,
662 2202 735 2255 ita
768 2203 1120 2258 nihilominus
1157 2212 1214 2258 et
1239 2204 1431 2258 beatus
1450 2204 1778 2275 Apollinaris
1809 2217 2045 2276 quatuor

453 2293 699 2363 egregios
730 2294 1022 2363 discipulos
1043 2295 1252 2362 habuit,
1290 2304 1412 2364 post
1439 2293 1652 2353 felicem
1685 2298 1929 2369 martyrii
1959 2298 2041 2353 sui

453 2382 679 2453 gloriam
693 2385 913 2440 sibimet
933 2387 988 2440 in
1003 2387 1375 2443 ecclesiastico
1392 2385 1652 2456 regimine
1665 2389 2043 2455 succedentes,

455 2475 738 2530 Aderitum
772 2476 1022 2544 scilicet,
1075 2487 1131 2533 et
1181 2478 1403 2533 beatum
1448 2476 1630 2540 hunc,
1682 2476 1768 2530 cui
1806 2491 2047 2546 praesens

451 2581 632 2622 sermo
651 2568 1006 2623 famulatnrns
1028 2578 1131 2633 est,
1149 2568 1552 2632 Eleuchadium,
1570 2568 1801 2625 subinde
1824 2570 1905 2623 Ma
1915 2572 2046 2625 rtia-

456 2672 609 2723 num,
648 2667 925 2727 postremo
954 2659 1296 2715 Calocerum.

523 2746 657 2803 Erat
682 2757 862 2803 autem
892 2748 1258 2803 Eleuchadius
1289 2749 1391 2804 iste
1416 2748 1791 2820 philosophus,
1820 2748 1959 2804 sicut
1991 2749 2044 2803 in

454 2837 572 2908 ipsa
612 2838 757 2895 beati
789 2838 1034 2910 magistri
1065 2848 1322 2895 narratur
1369 2841 1614 2896 historia.
1649 2840 1913 2911 Superata
1961 2850 2046 2897 est

356 2959 373 2963 -
453 2943 585 3001 ergo
629 2930 896 2999 sapientia
944 2929 1185 2986 Platonis
1209 2946 1240 2985 a
1270 2931 1537 3002 discipulo
1568 2932 1874 3000 piscatoris.
1900 2932 2047 2987 Misit

454 3031 571 3078 rete
625 3021 778 3076 verbi
828 3021 882 3076 in
932 3021 1256 3089 profundam
1318 3023 1645 3092 salsuginem
1710 3022 2041 3078 Ravennatis

2148 1850 2309 1911 quam
2344 1844 2505 1904 caput
2554 1852 2651 1905 per
2703 1837 3045 1907 tyrannidem
3086 1853 3186 1892 suo
3221 1839 3435 1919 corpori
3479 1839 3735 1892 domina-

2150 1928 2273 1978 tur?
2317 1926 2528 1979 Aureus
2568 1935 2747 1979 autem
2787 1926 2985 1981 vitulus
3015 1927 3184 1981 fuisse
3212 1928 3565 1993 describitur,
3604 1929 3735 1997 quia

2146 2018 2363 2074 videtur
2393 2017 2712 2073 idololatriae
2745 2019 2881 2073 ritus
2924 2019 3070 2073 velut
3095 2034 3124 2071 a
3154 2019 3490 2089 sapientibus
3521 2020 3739 2073 institu-

2149 2118 2250 2164 tus.
2304 2112 2450 2163 Auro
2505 2110 2705 2179 quippe
2760 2110 3025 2179 sapientia
3070 2110 3407 2181 designatur,
3452 2111 3592 2165 sicut
3637 2124 3738 2179 per

2147 2198 2493 2255 Salomonem
2528 2199 2755 2254 dicitur:
2784 2218 2800 2249 ι
2825 2198 3134 2254 Tltesaurus
3156 2200 3529 2254 desiderabilis
3560 2200 3614 2252 in
3639 2212 3738 2252 ore

2146 2290 2404 2359 sapientis
2445 2286 2812 2363 (Prov.ut).i
2839 2288 3053 2343 Aureus
3116 2290 3298 2359 itaque
3346 2288 3448 2343 fuit
3504 2290 3735 2353 vitulus,

2145 2378 2270 2447 quia
2303 2379 2483 2432 mundi
2515 2378 2787 2447 sapientes
2829 2386 2959 2432 ante
3005 2393 3153 2432 novae
3187 2381 3415 2448 gratiam
3454 2378 3576 2432 fidei
3619 2381 3735 2433 dae-

2146 2469 2409 2522 moniaca:
2438 2468 2663 2527 culturae
2693 2467 2863 2524 fuisse
2886 2470 3188 2538 probantur
3216 2481 3483 2525 auctores.
3516 2469 3588 2524 De
3614 2471 3739 2540 qui-

2143 2564 2245 2619 bus
2270 2563 2524 2617 nimirum
2569 2563 2702 2616 dicit
2746 2562 3081 2632 Apostolus:
3114 2582 3131 2613 ι
3170 2563 3303 2630 Quia
3353 2579 3476 2616 cum
3530 2578 3740 2633 cogno-

2143 2659 2351 2711 vissent
2379 2659 2572 2721 Deum,
2604 2672 2710 2711 non
2750 2656 2895 2710 sicut
2928 2656 3095 2710 Deum
3127 2655 3588 2725 glorificaverunt,
3641 2665 3739 2709 aut

2143 2749 2353 2819 gratias
2390 2756 2654 2815 egerunt,
2686 2730 2778 2801 sed
2818 2755 3158 2801 evanuerunt
3199 2746 3251 2799 in
3308 2746 3739 2814 cogitationibus

2143 2841 2279 2905 suis,
2312 2850 2367 2894 et
2393 2840 2743 2894 obscuratum
2778 2847 2864 2892 est
2892 2838 3153 2907 insipiens
3181 2851 3279 2890 cor
3304 2851 3513 2901 eorum,
3544 2836 3740 2889 dicen-

2146 2940 2227 2986 tes
2261 2933 2404 2989 enim
2430 2947 2489 2986 se
2517 2946 2639 2985 esse
2678 2930 2974 2998 sapientes,
3000 2929 3146 2983 stulti
3179 2927 3304 2982 facti
3335 2935 3491 2991 sunt,
3521 2937 3575 2980 et
3608 2945 3738 2981 Iuli-

2145 3032 2395 3078 taveruut
2418 3022 2644 3092 gloriam
2678 3020 3100 3089 incorruptibilis
3125 3021 3214 3074 Dei
3242 3020 3291 3073 in
3320 3019 3736 3073 similitudinem

452 3112 665 3174 oceani,
700 3122 757 3167 et
792 3112 1042 3182 tuagliam
1094 3123 1338 3168 auratam
1386 3114 1453 3169 ad
1502 3114 1623 3168 fidei
1672 3113 1823 3168 littus
1853 3115 2036 3169 traxit.
2066 3081 2113 3144 δ
2143 3114 2393 3183 imaginis
2457 3113 2823 3182 corruptibilis
2880 3112 3153 3175 hominis,
3210 3120 3265 3163 et
3305 3111 3623 3174 volucrum,
3685 3119 3741 3166 et

450 3203 623 3259 Porro
651 3202 805 3272 cujus
829 3204 1086 3273 magister
1113 3204 1241 3259 olim
1274 3215 1497 3261 noverat
1517 3218 1709 3263 cuncta
1732 3226 1828 3280 per
1849 3222 2039 3282 stagna

452 3294 757 3349 naviculam
812 3312 1017 3368 regere,
1075 3298 1401 3367 discipulum
1451 3301 1636 3356 docuit
1674 3319 1797 3357 cum
1847 3315 2039 3376 arguta

451 3388 858 3444 dialecticorum
896 3382 1133 3443 versutia
1168 3390 1480 3459 disputare;
1509 3394 1727 3456 docuit,
1778 3395 2036 3465 inquam,

452 3479 775 3549 discipulum
803 3480 949 3535 aeris
991 3480 1192 3551 ingenii
1220 3491 1273 3535 et
1301 3490 1472 3537 acuta:
1501 3483 1763 3539 facundia:
1794 3486 2042 3542 homines

452 3567 683 3635 simplici
713 3582 964 3624 sermone
985 3569 1333 3634 concludere,
1362 3571 1456 3641 qui
1479 3572 1546 3625 ad
1571 3572 1922 3630 includendos
1945 3591 2041 3647 per

452 3659 718 3729 profunda
748 3659 921 3730 pelagi
942 3660 1119 3729 pisces
1140 3661 1266 3716 vilia
1286 3672 1645 3719 consueverat
1673 3665 1811 3721 retia
1836 3667 2039 3725 subno-

452 3751 605 3805 dare.
643 3750 808 3805 Plane
856 3761 1141 3821 postquam
1175 3755 1543 3811 navicularius
1591 3757 1765 3828 pelagi
1805 3759 2036 3815 clavicu-

453 3839 622 3895 larius
674 3842 1004 3897 constitutus
1045 3850 1132 3896 est
1185 3842 1342 3909 cmli;
1396 3844 1644 3915 discipuli
1705 3847 2038 3916 piscatorum

453 3931 699 4001 magistri
748 3932 875 3988 facti
923 3943 1052 3997 sunt
1097 3942 1410 3999 oratorum;
1439 3946 1495 3993 et
1537 3937 1807 4008 sapientia
1856 3940 2038 3995 mundi

454 4028 599 4078 victa
639 4034 722 4080 est
748 4043 777 4079 a
809 4025 1159 4097 simplicitate
1190 4026 1412 4097 Christi,
1443 4028 1568 4099 quia
1622 4030 1767 4085 enim
1793 4072 1809 4097 ,
1860 4040 1922 4087 ut
1963 4033 2042 4087 ait

454 4117 765 4184 Apostolus.
817 4133 923 4172 non
979 4120 1232 4189 cognovit
1280 4120 1510 4175 mttndus
1567 4136 1663 4190 per
1720 4124 2039 4192 sapientiam

458 4205 644 4270 Deum,
663 4207 859 4276 placuit
884 4208 993 4263 Deo
1006 4225 1106 4279 per
1125 4211 1407 4265 stultitiam
1440 4214 1840 4282 praedicationis
1864 4216 2042 4271 salvos

453 4295 633 4351 facere
673 4299 957 4353 credentes
1002 4299 1051 4371 (1
1091 4298 1215 4354 Cor.
1269 4299 1329 4370 ι).
1365 4301 1476 4357 Hac
1510 4303 1857 4372 simplicitate
1901 4304 2040 4359 Pau-

452 4386 559 4453 lus,
584 4389 673 4457 qui
723 4404 780 4443 sc
805 4391 1016 4459 judicat
1065 4393 1211 4446 inter
1237 4392 1552 4450 Corinthios
1583 4396 1715 4451 nihil
1740 4398 1899 4461 scire,
1935 4399 2035 4453 nisi
2064 4425 2118 4484 Β

451 4479 725 4535 Christum
773 4481 979 4549 .lesnm,
1010 4493 1065 4539 et
1120 4486 1266 4541 hunc
1311 4487 1635 4543 crucifixum
1680 4489 1731 4560 (1
1763 4489 1886 4544 Cor.
1930 4496 1991 4564 it)
2019 4532 2034 4558 ,

451 4574 730 4641 superavit
777 4573 1092 4646 Dionysium
1148 4577 1529 4650 AreOpagitam
1586 4582 1725 4649 apud
1772 4581 2036 4637 Athenas.

456 4662 569 4717 Hac
596 4664 943 4734 simplicitate
982 4668 1251 4735 conclusit
1281 4670 1471 4724 beatus
1499 4671 1835 4741 Apollinaris
1880 4673 2038 4727 Eleu-

450 4753 703 4810 chadium
736 4756 1109 4825 philosophum
1140 4759 1191 4813 in
1224 4761 1358 4821 urbe
1389 4762 1677 4827 Ravenna;
1705 4764 1795 4831 qui
1829 4774 1885 4817 et
1924 4764 2038 4833 ipse

453 4845 731 4899 consultus
760 4847 826 4900 de
871 4849 1213 4903 curationum
1246 4852 1463 4917 peritia,
1494 4855 1773 4923 respondit
1804 4854 1935 4908 nihil
1980 4870 2039 4910 se

459 4935 604 4991 scire
652 4936 768 4990 sine
800 4939 1016 4991 nomine
1064 4937 1213 4993 Iesu.
1239 4939 1626 4997 Verumtamen
1652 4945 1868 5013 utrique
1913 4946 2039 5001 huic

454 5025 749 5094 prudenter
780 5027 1008 5096 simpl‘.ci
1036 5028 1225 5083 beatus
1266 5029 1459 5084 Petrus
1492 5031 1771 5099 sapientiae
1798 5033 2041 5088 testimo-

459 5116 610 5170 nittm
648 5119 934 5183 perhibet:
966 5135 1087 5174 nam
1130 5121 1193 5176 de
1235 5120 1404 5175 Paulo
1451 5122 1567 5177 ait:
1597 5122 1747 5177 Sicut
1789 5125 2040 5179 charissi-

452 5221 568 5260 mus
594 5206 760 5275 frater
803 5219 977 5263 noster
1024 5209 1224 5264 Paulus
1271 5213 1555 5266 secundum
1577 5212 1688 5283 30
1725 5214 1906 5267 datam
1940 5215 2040 5268 sibi

453 5296 763 5363 sapientiam
787 5300 989 5366 scripsit
1016 5300 1152 5355 vobis
1178 5300 1262 5372 (11
1288 5299 1433 5356 Petr.
1461 5303 1567 5373 nl).
1592 5304 1885 5373 Apollinari
1913 5320 2039 5359 vero

455 5386 587 5440 dicit
623 5404 634 5441 :
677 5406 695 5438 ι
744 5389 880 5444 Ecce
908 5392 1153 5448 eruditus
1190 5409 1250 5450 es
1278 5394 1343 5450 de
1369 5396 1621 5450 oumibus
1650 5411 1769 5465 qua:
1797 5396 1920 5450 fecit
1944 5396 2036 5452 Je-

455 5494 566 5535 SIIS.
618 5503 635 5533 ι

529 5570 635 5625 Sed
658 5575 746 5640 qui
772 5574 880 5629 Deo
899 5578 1171 5646 sapientes
1200 5584 1357 5632 erant
1382 5579 1580 5633 mundo
1608 5592 1668 5632 se
1690 5578 1836 5633 velut
1862 5578 2039 5634 fatuos

463 5664 812 5721 exhibebant.
847 5667 1027 5747 Stulta
1069 5670 1332 5740 siquidem
1374 5671 1555 5727 niundi
1603 5670 1766 5742 elegit
1794 5670 1953 5736 Deus,
1982 5683 2040 5726 ut

2141 3203 2553 3275 quadrupedum
2601 3210 2654 3255 et
2693 3202 3023 3271 serpentium
3058 3200 3237 3271 (llam.
3271 3202 3333 3271 ι).
3377 3220 3395 3251 ι
3434 3200 3536 3254 Per
3586 3202 3738 3258 hanc

2140 3296 2325 3364 itaque
2362 3310 2573 3349 vesanae
2624 3294 2902 3362 sapientia:
2935 3294 3225 3346 vanitatem
3267 3304 3459 3362 poctze,
3491 3293 3739 3361 philoso-

2140 3388 2253 3458 phi,
2288 3387 2451 3457 magi,
2487 3387 2726 3440 siderum
2773 3386 3061 3438 rimatores
3107 3385 3457 3453 omniumque
3485 3385 3738 3454 discipli-

2142 3494 2333 3532 narum
2362 3477 2663 3532 liberalium
2690 3477 2938 3530 instructi
2962 3476 3497 3546 peritia,prodigiosa
3513 3476 3726 3532 dmino-

2142 3569 2353 3623 Iiorum
2382 3567 2627 3624 solebant
2659 3568 2887 3621 adorare
2917 3566 3187 3635 figmenta.

2211 3660 2269 3716 In
2299 3659 2465 3714 vitulo
2497 3659 2664 3728 igitur
2690 3658 3054 3726 significatum
3082 3666 3165 3711 est
3190 3666 3361 3712 totum
3404 3672 3603 3727 corpus
3628 3698 3646 3721 ,
3682 3658 3735 3712 id

2141 3762 2245 3818 est,
2275 3753 2454 3808 omnis
2478 3753 2711 3807 societas
2736 3749 3018 3821 gentilium
3050 3749 3366 3803 idololatria-
3395 3750 3731 3804 deditorum.

2148 3844 2360 3916 Moyses
2397 3846 2580 3915 itaque
2604 3843 2829 3898 vitulum
2860 3843 2983 3915 igne
3009 3842 3307 3897 combussit
3341 3843 3466 3911 quia
3493 3842 3735 3898 Redem-

2141 3950 2265 4011 ptor
2308 3948 2517 4001 noster,
2549 3952 2709 4007 quem
2748 3935 2836 3991 ille
2882 3935 3215 4005 signaverat,
3245 3935 3384 3989 male
3413 3935 3732 4005 conspirata

2142 4027 2209 4101 [Ῑ.
2241 4024 2635 4100 conspirantia]
2666 4026 2829 4082 corda
2867 4023 3146 4095 gentilium
3175 4023 3389 4078 flamma
3434 4038 3547 4078 sua:
3592 4025 3735 4077 cha-

2144 4120 2321 4174 ritatis
2366 4120 2631 4175 accendit.
2679 4117 2836 4174 Unde
2882 4127 2936 4172 et
2965 4117 3079 4188 ipse
3111 4116 3276 4170 dicit:
3314 4134 3333 4167 ι
3387 4115 3567 4187 ignem
3598 4116 3732 4170 veni

2142 4213 2360 4266 mittere
2392 4212 2445 4263 in
2474 4219 2697 4275 terram,
2732 4219 2786 4262 et
2811 4208 2937 4277 quid
2981 4207 3101 4261 volo
3128 4207 3229 4260 nisi
3263 4216 3320 4260 ut
3351 4207 3734 4259 accendatur?

2144 4302 2298 4373 (Luc.
2329 4299 2425 4373 xu)
2457 4320 2475 4353 ι
2516 4301 2583 4356 Ει
2609 4300 2879 4369 Propheta
2910 4318 2922 4353 :
2953 4318 2971 4349 ι
3010 4299 3124 4353 Νοιι
3151 4310 3267 4364 est,
3297 4298 3499 4367 inquit,
3548 4300 3644 4367 qui
3673 4314 3735 4352 se

2143 4394 2443 4448 abscondat
2463 4410 2491 4446 a
2515 4392 2697 4447 calore
2717 4390 2835 4458 ejus
2853 4389 3025 4460 (Psal.
3046 4389 3225 4459 xvnt).
3258 4410 3277 4441 ›
3307 4389 3361 4442 In
3390 4398 3568 4443 mente
3592 4404 3735 4459 ergo

2141 4486 2420 4556 gentilium
2451 4494 2669 4555 repente
2704 4485 2917 4539 divinus
2938 4484 3075 4554 ignis
3112 4482 3446 4545 accenditur,
3479 4481 3614 4534 utin
3648 4482 3736 4535 eis

2141 4576 2532 4632 irrationabilis
2586 4575 2904 4630 idololatriae
2945 4572 3188 4657 bestialis
3239 4570 3411 4625 forma
3460 4570 3733 4627 solvatur.

2142 4667 2335 4722 Totum
2363 4668 2559 4722 deinde
2588 4682 2785 4736 corpus
2813 4665 2961 4719 vituli
2995 4665 3152 4734 hujus
3187 4664 3237 4717 in
3264 4663 3539 4733 pulverem
3576 4677 3735 4716 com-
3792 4720 3802 4727 ,

2141 4757 2420 4820 minuitur,
2455 4757 2581 4826 quia
2612 4755 2830 4824 gentilis
2860 4755 2951 4809 illa
2999 4755 3233 4809 societas
3282 4753 3561 4809 diabolica:
3588 4769 3733 4807 con—

2141 4846 2453 4915 spirationis
2503 4845 2557 4898 in
2609 4861 2771 4899 unum
2833 4853 2951 4898 arte
3003 4842 3277 4902 conflata,
3328 4842 3394 4895 ad
3430 4841 3733 4895 adventum

2144 4937 2342 4994 Christi
2385 4939 2617 5007 quodam
2646 4937 2792 4992 velut
2819 4935 3012 4993 malleo
3048 4932 3339 4989 salutiferae
3362 4932 3734 5001 correptionis

2142 5038 2332 5083 extusa
2370 5037 2533 5097 atque
2583 5045 2610 5081 a
2646 5029 2838 5099 rigoris
2873 5028 2954 5082 sui
3001 5025 3201 5080 duritia
3250 5024 3415 5077 divini
3460 5024 3611 5076 verbi
3642 5034 3737 5077 est

2092 5118 2103 5121 “
2144 5123 2344 5175 virtute
2372 5122 2626 5175 contrita.
2675 5120 2751 5173 Ad
2784 5120 3004 5174 verbum
3050 5118 3313 5185 siquidem
3342 5116 3585 5169 veritatis
3633 5131 3734 5168 sa-

2143 5214 2370 5269 lubriter
2416 5214 2836 5276 comminuitur,
2881 5228 3001 5281 qure
3057 5209 3198 5264 male
3252 5210 3461 5277 integra
3513 5207 3567 5259 in
3625 5223 3735 5260 su-

2144 5306 2345 5374 perbim
2398 5322 2508 5360 suae
2553 5305 2722 5359 forma
2775 5302 3166 5359 insensibiliter
3218 5314 3365 5355 stare
3416 5299 3732 5351 videbatur.

2144 5396 2347 5451 Deinde
2380 5397 2431 5449 in
2458 5412 2651 5465 aquam
2684 5394 2976 5465 spargitur,
3004 5402 3062 5447 ut
3087 5392 3415 5447 lsracliticns
3440 5407 3503 5444 ex
3538 5405 3601 5443 eo
3626 5405 3725 5457 po-

2144 5488 2301 5559 pulus
2335 5487 2504 5542 bibat.

2212 5580 2589 5634 Comminntus
2621 5577 2854 5647 denique
2894 5576 3092 5631 vitulus
3125 5576 3177 5630 in
3222 5590 3417 5647 aquam
3464 5570 3731 5629 mittitur,

2143 5671 2266 5740 quia
2292 5670 2608 5724 humiliatus
2632 5668 2849 5740 gentilis
2889 5668 3116 5739 populus
3145 5668 3364 5722 lavacro
3389 5663 3490 5735 31
3522 5661 3726 5717 salut:-
