4070 6198
338 259 434 311 537

1761 264 1990 321 SEIIMO
2043 264 2128 318 VI.

3479 275 3594 330 558

337 373 428 428 feri
482 373 646 428 fontis
697 389 921 430 necesse
973 386 1059 430 est
1112 375 1380 432 abluatur.
1431 377 1602 445 Quem
1657 378 1904 450 protinus
1932 383 1981 440 Α
2009 389 2302 432 auctorem.
2333 377 2399 432 Et
2444 378 2538 448 qui
2575 387 2699 435 tunc
2743 379 2921 435 sidera
2958 383 3110 438 radio
3151 384 3384 440 fortasse
3423 396 3588 440 uota-

333 465 584 519 Israelitzn
634 465 856 530 bibunt,
905 453 1032 536 quia
1071 467 1246 522 sancti
1298 468 1681 538 prmdicatores
1730 467 1906 522 Evan-

331 557 472 626 gelii,
506 557 597 625 qui
626 572 750 612 vere
795 557 1051 613 Israelitae
1097 567 1244 624 sunt,
1276 575 1410 629 quos
1455 560 1520 614 ad
1570 559 1937 614 Dominicum-

329 661 565 715 corpus,
622 647 762 716 quod
811 658 896 702 est
949 648 1192 703 Ecclesia
1220 690 1235 714 ,
1297 649 1666 714 transferunt,
1704 650 1780 703 in‘
1809 665 1906 703 sua

329 739 569 794 membra
593 741 932 809 suscipiendo
957 741 1112 809 quasi
1143 742 1376 796 bibendo
1401 749 1742 796 convertunt.
1759 739 1905 807 Quo-

327 843 448 883 rum
481 829 731 883 videlicet
758 827 1125 884 Israelitarum
1157 831 1332 899 primo
1361 831 1562 885 dictum
1595 839 1714 885 est:
1753 849 1772 882 ι
1798 829 1909 884 Ma-

325 929 414 976 cta
460 929 516 975 et
567 922 831 975 manduca
883 920 1019 991 (Act.
1055 925 1142 990 x);
1191 940 1210 973 ι
1250 923 1390 992 quod
1444 923 1776 977 tantumdem
1825 931 1910 977 est

325 1027 392 1066 ac
429 1012 787 1066 si-diceretur
829 1030 842 1065 :
894 1031 910 1063 ι
953 1011 1122 1076 Tere,
1175 1022 1230 1067 et
1281 1013 1424 1068 bibe.
1466 1033 1485 1066 ›
1534 1013 1646 1078 Sic,
1692 1014 1773 1068 sic
1818 1012 1908 1068 ille

324 1102 528 1155 vitulus
555 1117 650 1171 per
686 1103 862 1172 ignem
895 1100 1016 1166 zeli,
1071 1110 1126 1156 et
1157 1103 1330 1156 aciem
1358 1103 1548 1167 verbi,
1602 1117 1907 1172 aquamque

325 1191 669 1260 baptismatis
693 1191 761 1246 ab
790 1193 870 1247 eis
915 1192 1096 1261 potius
1127 1192 1416 1262 absorptus
1443 1200 1525 1246 est
1564 1206 1700 1262 quos
1736 1207 1905 1246 cona-

326 1294 415 1340 tus
439 1295 522 1339 est
548 1286 837 1340 absorbere
866 1304 878 1339 :
914 1286 965 1338 in
1011 1298 1104 1339 eos
1134 1285 1249 1354 ipse
1291 1272 1596 1339 transfusus
1635 1292 1737 1348 est,
1771 1299 1908 1352 quos

325 1375 378 1429 in
418 1389 538 1439 sua,
568 1375 670 1429 hoc
697 1384 782 1429 est
808 1373 1095 1440 diabolica,
1127 1383 1429 1428 tentaverat
1459 1373 1698 1429 membra
1732 1381 1908 1428 trans-

322 1464 491 1520 ferre.
990 1499 1000 1508 ι
1868 1536 1873 1541 _

396 1555 782 1610 Verumtamen
825 1557 952 1626 quia
982 1555 1196 1628 Moyses
1239 1572 1346 1611 non
1379 1557 1433 1611 in
1461 1556 1564 1612 hoc
1595 1565 1793 1612 metam
1820 1557 1905 1611 ul-

322 1647 491 1700 tionis
523 1647 658 1710 ﬁxit,
692 1657 749 1700 nt
781 1647 981 1701 idolum
1015 1647 1277 1701 duntaxat
1315 1646 1651 1717 infringeret,
1681 1649 1775 1703 sed
1821 1648 1907 1702 in-

2008 478 2179 534 verat,
2231 485 2374 524 nunc
2426 470 2547 526 coeli
2599 472 2904 526 machinam
2956 489 3077 528 cum
3129 475 3400 531 sideribus
3453 477 3592 531 volvi

2009 559 2433 630 gratulabundus
2462 567 2723 630 aspectat.
2773 561 3037 618 Nimirum
3089 567 3179 634 qui
3213 569 3364 635 prius
3411 566 3591 622 fuerat

2007 650 2356 721 philosophus
2391 653 2663 717 veritatis,
2705 669 3002 710 conversus
3029 657 3094 710 ad
3126 657 3410 711 Dominum
3455 674 3594 728 prae-

2009 741 2221 795 dicator
2257 741 2365 811 32
2413 741 2592 796 factus
2631 752 2716 796 est
2759 744 3036 810 veritatis;
3094 747 3283 800 tertius
3321 747 3527 801 scilicet
3561 765 3592 802 a

2009 828 2165 884 beato
2191 829 2350 884 Petro
2387 831 2630 900 apostolo
2661 831 2715 885 in
2757 833 2948 887 ordine
2981 833 3357 902 discipulatus,
3400 838 3596 892 tertius

2005 919 2168 974 etiam
2193 920 2543 976 nihilominus
2570 938 2600 976 a
2625 921 2784 976 beato
2807 923 3103 994 Apollinari
3129 927 3179 979 in
3215 941 3343 982 arce
3378 928 3594 996 pontiﬁ-

2006 1021 2183 1067 catus.
2213 1013 2278 1066 Et
2305 1029 2662 1083 personarum
2711 1016 2930 1084 quidem
2969 1016 3103 1070 ordo
3147 1017 3466 1085 productus,
3498 1019 3592 1072 sed

2006 1103 2195 1157 eadem
2228 1103 2349 1158 ﬁdei
2381 1105 2606 1174 puritas,
2633 1119 2752 1174 qua:
2773 1119 2839 1158 ex
2878 1106 2992 1175 ipso
3014 1121 3232 1160 summo
3255 1115 3310 1161 et
3341 1107 3591 1176 originali

2007 1191 2152 1247 fonte
2181 1204 2541 1264 processerat,
2572 1209 2668 1264 per
2697 1196 2958 1250 devexam
2989 1196 3127 1251 alvei
3169 1199 3365 1251 seriem
3399 1199 3594 1251 decur-

2007 1284 2178 1356 rebat.
2203 1282 2336 1336 Nam
2373 1299 2403 1336 a
2435 1283 2652 1338 Christo
2701 1285 2754 1338 in
2794 1285 3042 1350 Petrum,
3071 1302 3100 1339 a
3138 1285 3302 1341 Petro
3337 1287 3390 1341 in
3430 1287 3596 1356 Apol-

2005 1373 2254 1438 linarem,
2283 1375 2351 1428 ab
2382 1375 2679 1449 Apollinari
2712 1377 2763 1430 in
2795 1377 3180 1431 Eleuchadium
3213 1378 3450 1433 cmlestis
3479 1379 3593 1433 elo-

2007 1461 2116 1530 quii
2172 1462 2366 1517 ﬂuvius
2412 1465 2715 1530 emanavit;
2757 1475 2816 1520 ut
2851 1467 2980 1520 illud
3029 1467 3330 1521 Psalmistae
3385 1483 3592 1538 ριωρο-

2008 1554 2156 1607 nium
2206 1553 2570 1622 impleretur:
2627 1574 2646 1607 ι
2700 1555 2802 1622 Qui
2855 1557 3057 1611 emittit
3111 1557 3385 1626 eloquium
3438 1574 3595 1612 suum

2010 1651 2189 1708 teme,
2215 1644 2477 1699 velociter
2519 1647 2693 1701 currit
2721 1662 2902 1702 sermo
2932 1648 3048 1717 ejus
3079 1647 3255 1718 (Paul.
3305 1650 3530 1719 cum).
3572 1669 3591 1701 ι

321 1753 490 1806 super
535 1738 740 1792 addidit
791 1746 849 1791 ut
904 1747 958 1792 et
1010 1737 1197 1808 viginti
1251 1738 1354 1793 tria
1404 1739 1570 1793 millia
1620 1739 1898 1793 hominum
1933 1734 1977 1794 Β
2005 1728 2152 1788 Beati
2183 1735 2416 1805 denique
2453 1735 2694 1792 cultores
2723 1747 2776 1792 et
2817 1737 3095 1806 adjutores
3127 1738 3355 1805 Christi,
3387 1738 3598 1808 Apolli-

321 1829 648 1892 trucidaret,
687 1829 914 1900 mystice
943 1828 1144 1893 docuit,
1189 1843 1527 1898 nequaquam
1562 1828 1833 1895 sufﬁcere,
1858 1829 1904 1883 si

321 1922 392 1974 ab
450 1920 767 1974 idololatriae
823 1919 994 1982 cultu,
1045 1919 1128 1976 vel
1181 1921 1445 1988 pravitate
1499 1920 1622 1974 vitae
1674 1920 1905 1989 quisque

321 2012 677 2075 convertitur,
732 2012 832 2065 nisi
892 2021 947 2065 et
993 2011 1212 2079 pr0pria
1269 2011 1395 2064 vitia
1454 2011 1632 2082 gladio
1682 2011 1905 2081 spiritus

323 2100 658 2155 mortiﬁeare
707 2111 952 2155 conetur.
985 2099 1140 2155 Unde
1170 2110 1224 2154 et
1259 2102 1582 2171 praedicator
1613 2102 1903 2172 egregius:

332 2213 352 2244 ι
389 2192 741 2254 Mortiﬁcate,
779 2193 978 2262 inquit,
1008 2193 1252 2248 membra
1280 2203 1484 2257 vestra,
1513 2209 1631 2262 qua:
1663 2203 1788 2248 sunt
1817 2209 1908 2247 su-

320 2299 424 2352 per
457 2292 678 2347 terram,
703 2281 1139 2346 fornicationem,
1166 2283 1583 2349 immunditiam,
1610 2283 1905 2349 luxuriam,

321 2371 819 2442 concupiscentiam
853 2373 1049 2427 malam
1079 2382 1135 2428 et
1159 2373 1464 2438 avaritiam,
1492 2387 1612 2441 qua:
1633 2381 1715 2427 est
1740 2371 1909 2428 idolo-

320 2483 449 2522 rum
472 2467 706 2521 servitus
757 2464 896 2534 (Col.
946 2469 1053 2537 ιιι).
1094 2487 1114 2518 ι
1149 2467 1216 2520 Et
1263 2469 1558 2522 notandum
1591 2467 1715 2537 quia
1767 2467 1908 2521 sicut

321 2561 416 2616 hic
445 2561 574 2614 vitia
607 2561 845 2614 membra
883 2570 1066 2615 nostra
1117 2575 1238 2615 esse
1287 2562 1561 2624 dicuntur,
1599 2561 1673 2614 ita
1715 2569 1770 2616 et
1800 2561 1909 2616 illic

319 2655 416 2725 qui
446 2652 713 2724 perempti
745 2660 890 2717 sunt,
919 2669 1043 2706 cum
1073 2653 1514 2708 interfectoribus
1546 2651 1660 2707 suis
1689 2653 1908 2722 propin-

319 2746 554 2817 quitatis
576 2745 976 2799 necessitudine
994 2743 1388 2813 jungebautur,
1404 2744 1541 2798 sicut
1567 2759 1663 2814 per
1687 2741 1903 2812 Moysen

321 2837 532 2890 dictum
587 2846 718 2888 est:
761 2853 778 2884 ι
833 2834 957 2888 llaec
1011 2834 1142 2888 dicit
1188 2834 1448 2888 Dominus
1503 2835 1642 2887 Deus
1695 2831 1902 2886 Israel:

319 2927 496 2982 Ponat
525 2928 606 2980 vir
634 2927 868 2997 gladium
902 2941 1063 2996 super
1095 2924 1270 2980 femur
1307 2943 1496 2990 suum;
1533 2927 1626 2989 ite,
1658 2936 1712 2980 et
1737 2926 1907 2980 redite

319 3015 390 3070 de
423 3027 576 3086 porta
618 3033 787 3085 usque
821 3017 874 3071 in
925 3026 1131 3087 portam
1166 3033 1263 3086 per
1293 3017 1530 3072 medium
1579 3027 1902 3080 castrorum,

2012 1825 2162 1880 naris
2212 1835 2270 1880 et
2331 1827 2730 1895 Eleuchadius;
2794 1839 2948 1898 pater
3000 1830 3253 1886 videlicet
3303 1841 3357 1887 et
3410 1831 3598 1896 ﬁlius,

2007 1918 2267 1990 magister
2295 1927 2455 1990 atque
2482 1919 2798 1990 discipulus,
2823 1921 2984 1975 unius
3005 1922 3186 1990 operis
3211 1923 3596 1990 ministerium,

2007 2010 2187 2076 unius,
2217 2020 2275 2064 ut
2307 2011 2378 2065 ita
2404 2012 2616 2082 loquar,
2649 2014 2764 2083 agri
2789 2013 3035 2077 fundum,
3061 2014 3220 2069 unius
3243 2025 3600 2084 susceperunt

2008 2100 2178 2155 vineae
2201 2101 2530 2156 colonatum.
2556 2103 2648 2157 Ille
2679 2103 2959 2168 nimirum,
2987 2113 3042 2157 ut
3075 2105 3307 2159 obscura
3337 2105 3599 2160 silvarum

2007 2192 2278 2246 condensa
2293 2191 2628 2258 succideret;
2650 2193 2748 2246 iste
2762 2209 2890 2247 vero
2914 2202 2971 2246 ιιι
2989 2194 3233 2250 residuos
3253 2195 3599 2248 arbustorum

2010 2288 2230 2334 truncos
2257 2291 2311 2334 et
2341 2271 2772 2335 horrescentium
2805 2282 3048 2351 veprium
3078 2281 3297 2336 dumeta
3331 2281 3597 2336 radicitus

2011 2372 2360 2440 exstirparet.
2394 2369 2507 2435 Ille,
2537 2380 2596 2423 ut
2623 2379 2782 2424 acuto
2818 2370 2962 2424 verbi
2996 2385 3216 2424 vomere
3257 2370 3393 2424 dura
3428 2385 3595 2438 squa-

2011 2463 2172 2517 lentis
2203 2461 2401 2516 deserti
2437 2477 2559 2514 rura
2593 2461 2999 2530 proseinderet;
3027 2461 3130 2515 iste
3164 2473 3226 2514 ut
3245 2461 3602 2514 nihilominus

2008 2562 2210 2609 sanctae
2254 2552 2656 2623 praedicationis
2708 2552 2923 2608 sarculo
2973 2553 3297 2609 tumentium
3338 2553 3599 2607 vitiorum

2007 2653 2131 2715 post
2178 2660 2300 2699 eum
2352 2643 2536 2712 glebas
2591 2642 2908 2714 elfringeret
2958 2654 3014 2699 et
3069 2646 3334 2700 bonorum
3375 2659 3602 2714 cperum

2009 2731 2256 2805 frugibus
2291 2733 2503 2788 novalia
2536 2733 2830 2803 diligenter
2864 2734 3083 2788 exculta
3113 2735 3358 2788 vestiret.
3391 2733 3508 2797 Ille,
3540 2741 3603 2786 ut

2009 2839 2132 2877 cum
2164 2823 2331 2877 Paulo
2361 2823 2665 2893 plantaret;
2718 2823 2821 2877 iste
2851 2834 2910 2878 ut
2937 2839 3061 2878 cum
3097 2823 3349 2893 Apolline
3398 2824 3604 2893 rigaret
3678 2889 3682 2893 ἓ

2011 2911 2060 2982 (I
2083 2909 2206 2964 Cor.
2240 2911 2347 2982 ιιι).
2378 2912 2556 2980 Atque
2579 2919 2638 2964 ut
2678 2911 2840 2964 altius
2865 2922 3130 2981 repetam,
3156 2913 3246 2966 ille
3272 2928 3395 2967 cum
3423 2911 3606 2982 Moyse

2010 3002 2260 3072 populum
2287 3003 2492 3057 Domini
2521 3003 2694 3057 diviso
2722 3004 2856 3057 mari
2885 3003 3072 3058 Rubro
3096 3004 3149 3058 in
3175 3004 3388 3058 deserta
3415 3012 3599 3058 trans-

254 3167 264 3174 _
319 3120 380 3164 et
406 3111 620 3166 occidat
644 3109 1012 3178 unusquisque
1042 3107 1286 3174 fratrem,
1308 3117 1362 3164 et
1391 3108 1623 3164 amicum
1651 3118 1704 3162 et
1728 3109 1907 3179 proxi-

2012 3095 2194 3165 posuit
2226 3093 2428 3164 (Exod.
2465 3097 2604 3165 xw);
2641 3094 2743 3149 iste
2773 3111 2896 3149 cum
2926 3093 3112 3160 Josue,
3139 3095 3396 3165 magistro
3419 3108 3606 3149 succe-

322 3218 477 3256 nium
513 3217 669 3255 suum
704 3200 897 3271 (Exod.
935 3199 1132 3271 xxx").
1175 3219 1194 3252 ι
1233 3198 1289 3254 Si
1317 3214 1476 3268 quem
1517 3214 1644 3269 ergo
1674 3198 1909 3277 delectat

319 3292 378 3346 in
434 3307 584 3344 arma
636 3305 1012 3361 consurgere,
1077 3289 1325 3360 quisquis
1371 3287 1590 3342 anhelat
1652 3289 1910 3342 adversus

319 3382 564 3436 hostium
612 3396 814 3436 cuneos
860 3381 1138 3444 dimicare,
1178 3389 1358 3434 vertat
1388 3395 1580 3432 manus
1610 3379 1662 3432 in
1709 3393 1767 3434 se
1792 3420 1808 3444 ,
1856 3388 1910 3432 et

280 3459 282 3461 ’
320 3472 436 3526 illic
461 3471 644 3539 plures
684 3470 920 3526 inveniet
947 3471 1287 3525 adversarios
1315 3469 1737 3534 obtruncandos,
1773 3468 1911 3523 unde

319 3561 580 3616 videlicet
609 3570 730 3631 post
758 3561 1040 3616 victoriam
1073 3575 1182 3614 non
1221 3559 1508 3614 homicida:
1559 3559 1760 3614 ﬁedqu
1812 3574 1909 3613 no-

321 3666 452 3706 men
503 3651 790 3717 incurrat,
840 3650 935 3705 sed
992 3649 1263 3721 gloriosus
1310 3650 1492 3719 potius
1551 3649 1912 3717 triumphator

323 3750 614 3814 appareat,
639 3743 778 3797 unde
821 3753 970 3798 certe
1007 3757 1112 3797 non
1160 3743 1457 3798 sanctuarii
1509 3750 1781 3797 mereatur
1817 3757 1912 3796 ex-

322 3833 470 3890 cludi
500 3833 797 3898 liminibus,
816 3834 910 3886 sed
936 3848 1264 3888 consecrans
1287 3831 1637 3903 semetipsum
1663 3831 1909 3898 Domino,

323 3924 529 3978 divina:
551 3923 736 3994 gratiae
758 3923 1226 3979 benedictionibus
1251 3933 1534 3995 augeatur,
1555 3923 1696 3978 sicut
1723 3929 1775 3976 et
1806 3921 1912 3976 illis

323 4014 536 4070 dictum
579 4021 706 4068 est:
745 4031 763 4064 ι
801 4013 1193 4079 Consecrastis,
1227 4015 1424 4086 inquit,
1477 4031 1670 4069 manus
1701 4022 1911 4068 vestras

267 4133 278 4137 -
323 4105 492 4160 hodie
541 4105 788 4169 Domino,
834 4105 1205 4176 unusquisque
1247 4106 1298 4158 in
1349 4103 1460 4159 lilio
1502 4113 1556 4159 et
1584 4102 1755 4157 fratre
1789 4119 1908 4166 suo,

325 4206 387 4251 ut
424 4197 586 4250 detur
613 4195 765 4249 vobis
796 4195 1103 4249 benedictio
1136 4193 1348 4265 (1ὁὶά.).
1386 4214 1405 4246 ι
1440 4194 1592 4260 Quod
1638 4201 1816 4249 autem
1850 4192 1908 4258 ii,

325 4284 420 4352 qui
474 4283 600 4338 caesi
635 4283 1010 4353 sunt,viginti
1054 4284 1157 4338 tria
1209 4284 1373 4338 millia
1424 4282 1591 4338 fuisse
1643 4283 1906 4348 referunt,

326 4390 588 4429 numerus
615 4375 784 4428 trium
813 4375 1035 4428 millium
1071 4385 1474 4446 peremptorum
1505 4374 1768 4444 triplicem
1801 4373 1911 4428 for-

328 4479 471 4518 mam
506 4464 704 4518 indicat
745 4475 1111 4534 peccatorum.
1145 4463 1314 4520 Omne
1367 4465 1564 4534 quippe
1603 4475 1904 4532 peccatum,

326 4566 424 4609 aut
451 4555 616 4620 facto,
641 4567 735 4610 aut
770 4558 962 4621 verbo,
1008 4567 1104 4611 aut
1134 4557 1465 4628 cogitatione
1494 4555 1908 4609 committimus.

331 4645 437 4700 Sed
459 4646 714 4714 quoniam
753 4645 863 4701 illic
895 4656 950 4701 et
997 4647 1253 4701 denarius
1291 4662 1548 4701 numerus
1576 4645 1906 4717 geminatur,

332 4737 490 4790 datur
541 4736 765 4806 intelligi
797 4736 921 4806 quia
976 4738 1118 4792 sicut
1160 4737 1486 4808 Decalogum
1517 4745 1909 4808 praecepturum

329 4824 486 4894 culpa
538 4825 756 4890 carnis,
810 4825 972 4880 simul
1012 4835 1066 4881 et
1104 4827 1295 4881 animm
1329 4841 1553 4880 servare
1583 4824 1911 4892 contempsi-

331 4931 472 4979 mus,
507 4917 587 4971 sic
615 4917 779 4971 etiam
810 4917 1092 4987 utriusque
1118 4918 1545 4983 vitia,virtutum
1577 4918 1744 4971 armis
1770 4925 1910 4970 atte-

332 5022 452 5062 rere
478 5014 535 5061 et
582 5008 911 5063 mortiﬁcare
945 5009 1219 5064 debemus.

401 5099 602 5153 Beatus
634 5099 795 5168 igitur
838 5101 1200 5154 Eleuchadins
1242 5108 1371 5155 tunc
1416 5098 1769 5170 piliIOSOpItttS
1796 5111 1910 5152 ma—

333 5203 488 5258 gnus.
519 5201 778 5258 tanquam
824 5206 1021 5245 aureus
1047 5192 1252 5246 vitulus
1292 5191 1560 5247 contritus
1591 5199 1674 5246 est
1723 5190 1915 5244 malleo

332 5271 752 5350 pradieatimiis.
785 5288 837 5334 et
864 5280 1169 5335 transfusus
1197 5289 1279 5335 cst
1309 5282 1360 5334 in
1403 5280 1644 5335 membra
1669 5279 1912 5347 corporis

334 5365 554 5423 Christi.
583 5368 732 5422 Tunc
763 5369 951 5424 doctor
983 5379 1207 5424 terrenae
1255 5369 1559 5439 sapientiae,
1605 5384 1748 5422 nunc
1787 5382 1906 5447 ma-

334 5458 498 5528 gister
559 5457 782 5514 effectus
829 5468 910 5514 est
963 5460 1344 5515 ecclesiasticae
1392 5458 1708 5528 disciplinae.
1759 5457 1910 5512 'I‘nnc

337 5551 660 5605 naturalium
713 5567 1000 5607 causarum
1051 5553 1352 5606 rimabatur
1390 5551 1726 5622 indaginem,
1765 5565 1910 5606 nunc

337 5645 576 5700 ninnium
619 5656 934 5702 naturarum
989 5646 1162 5716 ipsum
1192 5645 1474 5717 perspicue
1513 5642 1908 5714 contemplatur

1941 4423 1993 4482 D

2011 3186 2167 3250 dens,
2208 3185 2457 3239 eumdem
2491 3185 2742 3255 populum
2800 3185 2853 3239 in
2911 3195 3111 3239 terram
3166 3184 3605 3255 repromissionis

2006 3277 2217 3347 primus
2270 3277 2570 3330 introduxit
2619 3276 2754 3348 (los.
2813 3276 2927 3345 IV).
2990 3275 3083 3330 Ille
3131 3275 3316 3330 docuit
3368 3273 3606 3344 qualiter

2007 3366 2303 3438 Egyptum
2339 3365 2506 3420 Israel
2527 3366 2709 3420 accola
2736 3374 3049 3435 sperneret;
3081 3365 3182 3420 iste
3211 3381 3342 3417 vero
3369 3365 3606 3433 qualiter

2010 3467 2208 3514 terram
2235 3459 2387 3512 Iactis
2427 3467 2482 3512 et
2515 3457 2688 3511 mellis
2728 3457 2988 3526 irriguum
3025 3456 3329 3510 distributis
3361 3456 3598 3510 invicem

2010 3552 2248 3606 sortibus
2279 3551 2602 3618 possideret.
2631 3548 2783 3604 Alter
2815 3548 3074 3602 nimirum
3126 3546 3262 3601 colla
3311 3547 3377 3601 de
3420 3545 3603 3601 ferreo

2003 3642 2134 3714 iugo
2159 3641 2464 3694 Pharaonis
2502 3648 2792 3720 excutere,
2818 3637 2954 3690 alter
2982 3637 3264 3690 admonuit
3298 3636 3602 3705 triumpha-

2011 3733 2236 3787 tricibus
2281 3731 2487 3801 plantis‘
2510 3731 2753 3785 devictas
2784 3729 3022 3782 hostium
3063 3727 3279 3782 calcare
3325 3727 3593 3780 cervices.

2009 3824 2161 3878 Alter
2191 3822 2408 3877 edocuit
2436 3820 2716 3876 servitutis
2747 3818 3096 3889 opprobrium
3143 3832 3306 3885 quam
3339 3814 3595 3870 celeriter

2011 3914 2280 3986 fugerent,
2309 3913 2446 3967 alter
2486 3920 2666 3966 autem
2721 3911 2866 3982 ipsos
2893 3907 3160 3965 libertatis
3210 3906 3393 3962 titulos
3426 3922 3593 3978 quam

2011 4006 2326 4060 cautissime
2349 4004 2714 4059 custodirent.

2077 4099 2264 4170 Neque
2294 4115 2425 4154 vero
2456 4097 2914 4160 credendnm'est,
2949 4094 3149 4151 fratres
3179 4093 3319 4160 mei,
3343 4091 3406 4147 B.
3445 4091 3602 4148 Eleu-

2010 4189 2307 4256 .chadium,
2360 4191 2487 4243 dum
2536 4189 2714 4244 adhuc
2755 4189 2997 4250 viveret,
3059 4186 3304 4257 martyrii
3359 4185 3604 4241 caruisse

2009 4279 2312 4343 laboribus,
2352 4280 2452 4333 etsi
2502 4295 2608 4332 non
2646 4277 2812 4332 fuerit
2850 4279 3114 4348 martyrio
3166 4286 3600 4332 consummatus.

2016 4370 2243 4425 Videbat
2287 4371 2540 4424 nimirum
2573 4369 2894 4440 gentilitatis
2940 4385 3111 4438 nuper
3151 4370 3438 4423 exstincta:
3469 4384 3605 4423 non-

2014 4463 2188 4516 nullas
2234 4463 2411 4515 adhuc
2439 4475 2724 4528 superesse
2753 4459 3040 4527 reliquias;
3075 4459 3294 4512 dolebat
3323 4459 3374 4512 in
3407 4457 3604 4528 populo

2012 4557 2114 4612 sibi
2142 4556 2457 4620 commisso,
2485 4554 2565 4608 vel
2599 4565 2841 4608 extrema
2869 4551 3238 4621 superstitiosi
3269 4551 3406 4604 ritus
3437 4551 3605 4605 vesti-

2011 4649 2096 4718 gia
2126 4647 2474 4706 remansisse,
2503 4653 2665 4714 atque
2689 4645 2809 4699 ideo
2842 4644 2968 4698 licet
3010 4644 3458 4715 persequentium
3487 4658 3604 4697 ma-

2013 4754 2115 4793 nus
2144 4737 2349 4807 gladios
2380 4751 2486 4790 non
2517 4743 2788 4799 exererct,
2819 4735 3166 4790 cruciabatur
3193 4734 3374 4788 anima
3412 4739 3602 4787 sancta

2011 4828 2082 4898 pii
2101 4827 2200 4882 zeli
2217 4843 2279 4880 ac
2295 4837 2533 4897 paternae
2553 4824 3212 4896 compassionisincendio
3230 4830 3600 4877 concremata.

2017 4915 2154 4984 Quid
2182 4917 2326 4970 enim
2365 4916 2616 4986 prodest,
2644 4915 2688 4970 si
2718 4915 3004 4984 quisquam
3037 4900 3302 4968 catholico
3335 4912 3521 4966 credat
3547 4920 3604 4966 et

2015 5006 2290 5078 gentiliter
2317 5003 2495 5058 vivat?
2525 5006 2634 5059 Aut
2662 5003 2931 5074 quomodo
2967 5001 3266 5058 credulitas
3294 5011 3442 5057 recta
3473 5017 3598 5055 cum

2015 5099 2121 5152 vita
2158 5098 2452 5153 concordat
2483 5097 2779 5151 haeretica?
2816 5096 2954 5164 Quid
2981 5095 3125 5150 enim
3168 5092 3345 5162 juvat,
3378 5094 3421 5148 si
3469 5091 3602 5148 ﬁdes

2017 5187 2155 5242 adsit
2202 5187 2527 5257 apostolica,
2571 5185 2660 5239 ubi
2703 5185 3043 5239 conversatio
3097 5183 3314 5237 ducitur
3362 5181 3602 5236 Ariana?

2018 5275 2096 5331 De
2140 5276 2206 5330 iis
2257 5276 2478 5341 etenim,
2511 5275 2602 5344 qui
2657 5275 2921 5330 catholice
2969 5273 3200 5328 credunt
3252 5284 3308 5327 et
3345 5271 3602 5326 haeretice

2015 5367 2223 5431 vivunt,
2255 5366 2608 5435 conqueritur
2633 5365 2825 5419 beatus
2851 5362 3142 5434 Apostolus
3168 5362 3385 5416 dicens:
3406 5378 3424 5412 ι
3453 5359 3598 5416 Con-

2017 5457 2238 5512 ﬁtentur
2283 5472 2342 5512 se
2372 5472 2528 5511 nosse
2563 5453 2756 5520 Deum,
2797 5454 2954 5510 factis
2997 5464 3177 5508 autem
3221 5461 3423 5522 negant
3465 5452 3594 5524 (Tit.

2015 5551 2084 5620 ι).
2121 5569 2140 5603 ι
2178 5548 2312 5604 Cum
2333 5548 2445 5602 sive
2470 5546 2758 5611 credendo,
2791 5547 2906 5601 sive
2937 5544 3186 5611 vivendo,
3203 5547 3371 5600 Deum
3400 5557 3598 5614 negaro

2015 5639 2149 5696 nihil
2187 5641 2258 5696 sit
2289 5639 2432 5695 aliud
2484 5640 2687 5710 absque
2726 5640 2888 5696 dubio
2916 5655 3078 5710 quam
3123 5639 3321 5709 perire.
3347 5637 3594 5707 Quapro-
