4070 6198
482 271 589 330 539

478 479 698 547 pertulit
740 480 792 534 in
826 481 939 551 ipsa
973 483 1226 539 Ecclesia:
1278 504 1406 557 pace
1440 495 1785 563 martyrium,
1819 500 2057 565 quando-

478 569 694 636 quidem
747 572 846 627 etsi
879 587 983 626 non
1022 588 1142 627 cum
1186 580 1388 644 perti'le
1413 582 1781 648 credentibus,
1810 588 1902 640 sed
1937 605 2062 657 per-

476 673 634 713 verse
672 660 978 718 viventibus
1022 664 1450 723 iufcederah’lem
1497 675 1759 741 probatur
1806 677 2058 734 habuisse

475 750 805 817 conﬂictum,
839 771 1149 826 quanquam
1175 771 1227 814 et
1256 763 1306 815 in
1339 763 1459 818 ﬁdei
1488 767 1735 821 doctrina
1761 770 2057 828 desudasse

472 859 594 894 euut
648 859 755 898 non
810 849 930 902 sine
985 852 1195 906 ratione
1252 856 1583 926 colligimus,
1634 877 1753 914 cum
1814 866 2053 918 omnitnn

475 930 774 988 Ravennati
806 943 1086 1008 metropoli
1118 944 1476 1013 adjacentium
1510 936 1827 1007 diceet-simu
1864 956 2057 1010 civita-

469 1032 550 1075 tes
582 1032 635 1078 et
662 1027 875 1095 oppida,
902 1030 1008 1101 33
1054 1034 1229 1089 nullos
1263 1055 1399 1105 pene
1439 1046 1734 1098 recondere
1784 1054 2056 1116 martyres

473 1132 849 1183 agnoscamus,

545 1205 697 1261 Unde
726 1208 867 1262 beati
902 1211 1229 1280 Apollinaris
1281 1228 1480 1286 quanta
1515 1222 1707 1292 gloria,
1739 1236 1939 1294 quanta
1986 1227 2056 1281 sit

467 1299 783 1354 excellentia
818 1304 1001 1358 mirari
1046 1307 1205 1376 digne
1252 1328 1355 1363 non
1391 1330 1695 1381 possumus,
1728 1319 1880 1387 cujus
1909 1337 2055 1374 tuar-

471 1387 667 1456 tyrium
701 1406 822 1443 cum
853 1406 950 1461 per
980 1394 1165 1462 viginti
1196 1408 1249 1451 et
1306 1417 1495 1455 novem
1526 1422 1789 1460 annorum
1824 1411 2053 1478 spatium

471 1492 566 1543 per
596 1477 1008 1537 innumerabilia
1063 1485 1227 1540 fuerit
1256 1497 1525 1564 tormenta
1557 1498 1899 1564 productum,
1932 1510 2053 1554 tan-

471 1576 581 1617 tmn
641 1569 788 1623 solus
818 1572 1116 1630 elaboravit
1163 1582 1303 1648 quod
1352 1562 1492 1636 alter
1534 1589 1824 1657 quispiam,
1875 1591 1965 1645 ubi
2000 1593 2052 1646 in

466 1658 593 1710 totis
645 1659 757 1715 fere
786 1662 892 1717 illis
928 1668 1174 1734 partibus
1223 1688 1318 1740 pro
1352 1677 1660 1751 testimonio
1691 1680 1811 1735 fidei
1846 1684 2051 1751 potuis-

1090 279 1150 336 S.
1193 281 1396 359 PETRI
1427 284 1715 344 DAMIANI
1744 290 1893 345 OPP.
1933 292 2110 351 PARS
2147 297 2282 357 SEU
2324 303 2644 362 TOMUSII.
2684 337 2755 349 —
2790 308 3181 371 SERMONES.

480 398 600 457 pter
625 388 815 444 beatus
835 389 1072 460 pontifex
1099 394 1455 453 Eleuebazfius
1478 417 1582 455 non
1611 406 2062 461 contemnendum
2092 418 2137 474 Α
2170 424 2312 480 sunt,
2375 433 2478 471 non
2534 420 2760 475 ambire.
2815 422 3069 480 Praesenti
3124 432 3431 487 necessitati

3644 325 3748 380 540

3486 435 3749 496 hodierna

2164 519 2291 558 cura
2322 506 2570 573 sufﬁciat,
2596 525 2694 565 nec
2720 512 2859 567 diem
2890 518 3184 572 crastinum
3217 521 3597 581 sollicitudinis
3622 546 3755 585 ran-

2163 608 2259 647 cor
2284 597 2566 666 anticipet.

2232 684 2564 741 lsraeliticus
2595 706 2724 743 sane
2778 693 3027 761 p0pulus,
3060 698 3196 751 sicut
3225 715 3377 754 sacra
3411 711 3639 759 testatur
3668 709 3751 761 hi-

2162 780 2350 846 Storia,
2382 796 2503 835 cum
2532 799 2724 836 manna
2754 786 3053 856 colligeret,
3104 794 3438 848 scaturiehat
3474 799 3750 854 vermibus

2161 876 2324 935 atque
2378 876 2870 940 computrescebat,
2907 877 2948 931 si
2984 879 3106 946 quis
3144 879 3435 936 infideliter
3465 867 3646 949 agens,
3678 904 3750 942 ex

2159 971 2223 1011 eo
2253 960 2303 1013 in
2356 965 2652 1018 crastinum
2702 980 3010 1024 reservaret
3062 970 3260 1040 (Brod.
3289 976 3421 1045 xvi).
3462 976 3550 1030 Sic
3587 978 3750 1032 nimic

2160 1064 2278 1102 rum
2311 1054 2558 1121 quisquis
2611 1057 2806 1112 ardore
2860 1060 3173 1130 cupiditatis
3220 1080 3499 1124 aceensus.
3537 1079 3591 1120 ut
3628 1080 3747 1122 tan-

2158 1156 2321 1209 quam
2369 1145 2583 1212 corpori
2637 1162 2736 1200 ειη.»
2788 1149 3047 1204 alimenta
3103 1156 3408 1223 provideat,
3468 1167 3738 1212 terrenam

2160 1232 2261 1287 sibi
2290 1234 2651 1290 substantiam
2688 1240 3049 1308 thezaurizat,
3100 1245 3226 1299 huic
3255 1246 3342 1299 ille
3372 1249 3570 1303 vermis
3596 1250 3749 1304 ebul-

2160 1321 2242 1387 lit,
2270 1324 2361 1393 qui
2414 1328 2804 1385 conscientiam
2844 1330 3033 1398 fodiat,
3062 1344 3117 1389 et
3161 1352 3359 1391 arcana
3394 1342 3626 1409 pectoris
3656 1359 3750 1395 ro-

2159 1417 2267 1471 dat.
2300 1416 2591 1475 Enimvero
2640 1422 2676 1475 ii
2724 1424 3146 1480 sollicitudinum
3189 1443 3424 1495 vermes,
3467 1430 3574 1503 34
3609 1448 3749 1502 quos

2149 1498 2387 1563 'avaritia
2431 1520 2688 1578 generat,
2739 1512 2859 1568 illos
2903 1505 3080 1572 denuo
3127 1533 3340 1575 vermes
3394 1531 3629 1590 parant,
3677 1511 3761 1577 de“

2158 1598 2359 1667 quibus
2402 1601 2663 1671 scriptum
2710 1614 2842 1660 est:
2899 1625 2919 1659 ι
2953 1607 3095 1678 Ignis
3148 1625 3335 1664 eorum
3397 1629 3504 1666 nnn
3541 1615 3746 1668 exstin-

2158 1701 2346 1759 guetur
2396 1703 2451 1747 et
2495 1696 2697 1751 vermis
2749 1713 2855 1753 non
2911 1702 3175 1756 morietur
3222 1702 3337 1772 (Isa
3407 1710 3572 1774 vat),
3607 1726 3623 1756 ι
3685 1717 3749 1759 ιιι

2160 1754 2183 1759 --
3151 1754 3160 1756 ρ
3225 1754 3255 1772 ιγ
3407 1754 3572 1774 -ηημ
3608 1754 3615 1756 τ
3687 1754 3746 1759 ---

466 1758 552 1801 set
598 1754 940 1817 occumbere,
1000 1774 1104 1813 non
1142 1762 1365 1819 invenit.
1418 1767 1473 1821 Si
1516 1771 1652 1839 'quid
1686 1785 1864 1827 autem
1916 1774 2055 1831 forte
2088 1781 2127 1840 Β
2159 1783 2332 1852 ignem
2369 1784 2509 1854 ignis
2531 1786 2841 1855 cupiditatis
2868 1792 3133 1845 accendat
3160 1804 3213 1845 et
3244 1796 3444 1848 vermis
3465 1811 3533 1849 ex
3557 1811 3746 1849 verme

464 1842 751 1908 superfuit,
798 1846 1180 1918 discipulorum
1239 1855 1356 1923 ejus
1419 1862 1693 1915 successio
1744 1865 2052 1920 veneranda

462 1930 754 1998 Supplevit,
793 1934 933 1989 inter
960 1953 1098 2006 quos
1138 1943 1390 1999 nimirum
1439 1949 1628 2005 beatus
1669 1952 2051 2024 Eleuchadius,

462 2019 612 2074 velut
664 2037 886 2078 aureum
929 2028 1077 2083 sidus
1124 2032 1334 2097 enituit,
1385 2045 1458 2099 et,
1503 2040 1657 2109 juxta
1704 2046 1938 2101 mminis
1967 2048 2048 2102 sui

463 2113 872 2184 etymologiam,
924 2123 1134 2187 paterni
1163 2127 1411 2183 candoris
1439 2140 1600 2200 atque
1628 2136 1929 2203 splendoris
1962 2140 2049 2194 in-

462 2201 661 2269 signia,
678 2215 735 2258 nt
759 2222 947 2262 revera
972 2210 1111 2267 filius
1133 2220 1447 2284 reportavit.
1476 2222 1832 2281 Elencbadius
1854 2230 2050 2300 quippe

464 2290 674 2359 Greece,
702 2294 897 2352 Latine
944 2300 1263 2374 intelligitur
1287 2310 1566 2365 cum/idus.
1599 2312 1709 2368 Nec
1758 2316 2047 2373 immerito.

458 2379 537 2435 Ex
576 2398 762 2440 eorum
793 2404 983 2459 nempe
1015 2390 1189 2447 fuerat
1220 2413 1468 2464 numero,
1497 2402 1561 2457 de
1591 2405 1787 2471 quibus
1816 2409 2045 2464 dicitur:

465 2490 483 2520 ι
516 2472 739 2530 Candidi
777 2477 902 2534 facti
948 2493 1076 2537 sunt
1124 2484 1364 2542 Nazarad
1399 2490 1536 2559 ejus,
1569 2495 1905 2565 splendorem
1938 2480 2049 2556 Deo

459 2563 743 2632 dederunt,
782 2579 837 2623 et
886 2572 1027 2626 sicut
1054 2572 1147 2628 lac
1180 2580 1446 2649 coagulati
1496 2563 1621 2637 sunt
1651 2584 1866 2654 (Thren.
1895 2588 1989 2661 tv).
2024 2609 2055 2643 ι.

459 2652 522 2706 Et
555 2653 723 2711 Jacob
758 2660 824 2715 de
852 2660 1070 2719 Christo
1100 2668 1167 2720 ad
1203 2668 1371 2724 filium
1399 2690 1411 2726 :
1451 2692 1469 2722 ε
1501 2652 1844 2734 Pulchriores
1897 2652 2045 2750 sunt,

458 2744 664 2813 inquit,
707 2751 846 2805 oculi
900 2753 1016 2820 ejus
1046 2758 1195 2823 vino,
1244 2769 1299 2814 et
1330 2763 1519 2818 dentes
1548 2764 1664 2833 ejus
1692 2768 1829 2824 lacte
1856 2772 2045 2826 candi-

459 2834 637 2891 diores
670 2836 823 2908 (Gen.
862 2844 1033 2914 xux).
1061 2865 1081 2897 ι
1116 2847 1271 2904 Oculi
1321 2860 1516 2921 nempe
1559 2856 1780 2922 Christi,
1816 2856 2041 2930 apostoli

455 2936 507 2982 et
538 2932 882 3002 evangelistae
919 2948 1064 3002 sunt,
1121 2941 1213 3010 qui
1272 2944 1523 3001 universo
1574 2950 1784 3020 corpori
1842 2964 2044 3011 sanctae

455 3019 712 3078 Ecclesia:
739 3023 920 3082 lumen
965 3031 1247 3099 sapientia:
1277 3019 1677 3106 priestiterunt,
1696 3058 1925 3112 quorum
1949 3047 2045 3101 doc

456 3107 654 3175 ctrina,
688 3112 815 3167 dum
870 3116 1102 3187 rigorem
1159 3134 1319 3193 atque
1373 3128 1625 3183 duritiam
1671 3107 1862 3200 priscae
1910 3134 2043 3205 legis
2073 3130 2115 3191 C

456 3199 684 3266 emollit,
711 3205 1108 3272 quodammodo
1157 3216 1526 3272 austeritatem
1568 3221 1676 3274 vini
1707 3223 1903 3279 veteris
1952 3241 2046 3281 eo-

457 3304 577 3343 rum
609 3292 957 3362 pulchritudo
1001 3303 1280 3371 przecellit,
1310 3308 1619 3379 evangelica
1669 3314 1867 3383 quippe
1901 3331 2043 3385 prm-

458 3391 618 3450 cepta
649 3387 921 3445 mandatis
974 3391 1188 3451 Veteris
1219 3394 1555 3454 Testameuti
1593 3402 1747 3473 longe
1785 3415 1911 3460 sunt
1934 3405 2039 3459 cla-

458 3469 628 3526 riora.
667 3472 869 3531 Dentes
903 3494 1037 3534 vero
1088 3485 1260 3539 sancti
1318 3488 1698 3556 pradicatores
1752 3504 1897 3559 sunt,
1944 3496 2040 3567 qui

455 3573 748 3619 conversos
778 3566 1029 3625 homines
1051 3586 1080 3625 a
1110 3589 1401 3643 pravorum
1430 3580 1693 3635 societate
1741 3584 2039 3652 praecidunt

452 3666 654 3721 eosque
681 3654 735 3709 in
765 3657 965 3714 Christi
992 3677 1215 3734 corpus,
1246 3667 1388 3724 sicut
1424 3673 1673 3741 superius
1696 3676 1898 3730 dictum
1928 3687 2034 3744 est,

448 3745 604 3813 quasi
637 3749 939 3807 mandendo
975 3754 1267 3824 trajiciunt.
1301 3760 1471 3818 Porro
1499 3766 1718 3822 nomine
1746 3767 1902 3825 lactis
1934 3771 2034 3826 do-

448 3834 623 3888 (trina
652 3834 784 3908 legis
827 3839 1091 3911 innuitur,
1116 3862 1237 3916 qua:
1274 3852 1548 3907 carnalem
1596 3857 1849 3924 populum
1884 3857 2036 3915 lactis

446 3925 660 3993 poculo,
688 3936 943 4000 tanquam
972 3937 1227 4004 parvulos
1279 3939 1426 3996 alere
1470 3944 1774 4013 videbatur,
1802 3965 2031 4018 quorum

447 4016 704 4072 nimirum
733 4019 873 4078 lacte
921 4027 1265 4085 candidiores
1296 4042 1432 4088 sunt
1478 4033 1728 4093 doctores
1756 4016 2031 4109 Ecclesiae,

447 4106 571 4172 quia
618 4105 812 4164 fortem
859 4121 915 4167 et
943 4114 1172 4171 solidum
1206 4121 1356 4175 verbi
1400 4123 1579 4180 cibum
1609 4136 1665 4181 et
1712 4129 1811 4199 ipsi
1859 4105 2034 4189 come;

448 4192 582 4248 dunt
631 4205 689 4250 et
740 4199 861 4256 aliis
909 4204 1150 4273 tradunt,
1194 4209 1262 4264 de
1297 4211 1495 4280 quibus
1518 4216 1585 4270 ad
1620 4192 1876 4275 Heb-rzros
1901 4222 2033 4279 dicit

445 4280 771 4348 Apostolus:
809 4306 827 4341 ι
877 4290 1246 4351 Perfectorum
1279 4311 1458 4356 autem
1498 4314 1581 4360 est
1623 4306 1829 4365 solidus
1878 4312 2032 4371 cibus

442 4370 627 4463 (Hebr.
657 4376 730 4448 v).
762 4399 781 4433 ι
814 4381 881 4436 Ει
904 4382 1041 4440 bene
1070 4390 1288 4446 candidi
1318 4408 1439 4449 esse
1481 4395 1735 4454 dicuntur
1778 4370 2028 4463 doctores

442 4462 717 4536 Ecclesia},
751 4472 877 4542 quia
904 4485 959 4528 et
987 4491 1018 4530 a
1064 4480 1349 4546 pravitatis
1376 4486 1585 4541 macula
1614 4487 1792 4558 liberi,
1821 4502 1874 4546 et
1899 4483 2107 4550 ωηο-Ι)

442 4558 641 4626 spicum
678 4567 1108 4625 conversationis
1138 4573 1391 4630 videntur
1419 4579 1674 4648 operibus
1699 4583 1851 4638 clari.
1884 4585 2028 4653 Qua-

438 4660 660 4722 propter
685 4658 990 4713 cavendum
1021 4671 1123 4725 est,
1151 4662 1351 4721 fratres
1388 4669 1515 4732 mei,
1562 4686 1630 4726 ne
1660 4689 1762 4742 qua
1814 4691 1912 4731 nos
1940 4677 2026 4732 vi-

438 4742 634 4798 tiorum
668 4747 893 4819 nigredo
930 4751 1242 4822 dedecoret,
1292 4760 1383 4827 qui
1416 4764 1679 4819 candidos
1723 4768 1777 4819 in
1820 4765 2025 4825 Christi

436 4838 628 4892 militia
675 4840 839 4897 duces
876 4844 1159 4902 habemus.
1192 4848 1503 4908 Periculose
1533 4855 1790 4911 nimirum
1840 4874 2022 4916 rerum

434 4933 644 5002 Species
670 4932 917 5002 ﬂuctuat,
946 4938 1037 4993 ubi
1059 4955 1181 4994 cum
1212 4942 1438 4999 ducibus
1460 4946 1839 5017 subsequentis
1867 4966 2027 5007 exer-

432 5023 572 5076 citus
598 5021 826 5096 insignia
851 5043 956 5082 non
979 5031 1333 5087 concordant.
1362 5034 1510 5090 Beati
1555 5038 1818 5108 siquidem
1842 5052 2027 5111 patres

435 5112 605 5166 nostri
641 5124 922 5185 promptos
973 5132 1031 5171 se
1058 5120 1385 5176 exhibebant
1422 5124 1488 5177 ad
1547 5124 1867 5194 perferenda
1898 5146 2025 5203 sup-

433 5201 620 5271 plicia,
663 5219 762 5259 nos
814 5213 996 5261 autem
1038 5207 1164 5262 dum
1199 5226 1228 5263 a
1260 5213 1511 5280 proximo
1555 5214 1824 5284 laedimur,
1872 5201 2023 5275 com-

433 5305 722 5359 pescamus
748 5293 942 5350 saltem
997 5296 1210 5352 animos
1239 5314 1267 5352 a
1299 5301 1556 5359 vindicta.
1588 5303 1798 5378 Moyses
1826 5324 2020 5380 nempe

435 5381 500 5434 ad
532 5383 752 5439 ultionis
784 5385 1042 5440 indicium
1067 5387 1405 5448 descendens
1449 5396 1515 5449 de
1553 5407 1733 5452 monte
1759 5412 2018 5457 cornutos

434 5473 685 5540 apparuit
734 5474 932 5543 (Exod.
979 5484 1214 5547 xxuv);
1270 5498 1434 5553 super
1490 5484 1776 5543 Dominum
1834 5500 2017 5547 autem

435 5562 488 5615 in
524 5566 950 5623 mansuetudinis
979 5568 1181 5641 Spiritu
1209 5573 1453 5630 columba
1486 5577 1766 5634 descendit
1796 5579 2013 5651 (Matth.

435 5654 539 5724 ιιι).
594 5653 669 5709 Illi
726 5658 1083 5716 decreverunt
1134 5680 1231 5734 pro
1279 5667 1500 5724 Christo
1555 5674 1771 5741 propria
1820 5684 2014 5732 cuncta

435 5756 803 5825 contemnere,
837 5762 935 5805 nos
966 5761 1142 5808 autem
1169 5754 1438 5813 discamus
1461 5759 1652 5817 saltem
1683 5777 1801 5834 qua:
1832 5765 2010 5822 aliena

2163 1874 2437 1942 procedat.
2467 1874 2786 1947 Quanquam
2813 1890 2865 1934 et
2896 1881 2975 1935 sic
3000 1881 3177 1935 valeat
3208 1900 3313 1937 non
3343 1884 3734 1940 inconvenien-

2160 1973 2241 2018 tcr
2273 1965 2513 2037 intelligi,
2571 1970 2694 2037 quia
2752 1971 2889 2026 sicut
2936 1972 3050 2042 ipse
3098 1972 3367 2039 Christus,
3426 1978 3517 2046 qui
3572 1979 3740 2032 dicit:

2162 2077 2180 2109 ι
2221 2059 2329 2126 Ego
2359 2077 2477 2113 sum
2532 2062 2754 2127 vermis,
2782 2073 2835 2116 et
2870 2082 2974 2118 non
3006 2065 3166 2119 homo
3196 2065 3368 2137 (Psal.
3406 2070 3539 2136 χχι),
3577 2088 3592 2118 ι
3622 2085 3747 2137 pro-

2157 2149 2304 2202 venit
2334 2148 2454 2204 aliis
2494 2150 2545 2204 in
2584 2154 3067 2219 resurrectionem,
3105 2155 3175 2209 ita
3235 2157 3587 2213 nihilominus
3617 2176 3742 2213 ver-

2158 2239 2284 2293 bum
2339 2240 2456 2310 ejus
2510 2243 2570 2297 fit
2625 2260 2821 2298 manna
2874 2246 3153 2317 mellisque
3197 2247 3421 2303 dulcedo
3476 2250 3741 2315 fidelibus,

2155 2330 2459 2388 infidelibus
2482 2344 2660 2390 autem
2696 2345 2750 2389 et
2773 2351 2933 2405 prave
2966 2337 3268 2392 viventibus
3292 2342 3492 2394 vermis
3524 2341 3598 2405 fit,
3634 2357 3742 2397 ιοιι

2152 2423 2401 2477 videlicet
2443 2426 2533 2495 qui
2581 2428 2819 2480 animam
2865 2428 3117 2483 reficiens
3163 2431 3293 2496 alat,
3335 2433 3428 2485 sed
3477 2433 3566 2503 qui
3612 2449 3749 2487 con-

2152 2512 2437 2568 scientiam
2480 2518 2734 2571 terrendo
2761 2533 2823 2572 ac
2855 2519 3156 2574 minitando
3198 2524 3527 2577 remordeat.
3574 2523 3743 2580 Sexto

2153 2611 2334 2657 autem
2360 2604 2444 2658 die
2473 2604 2667 2675 duplex
2717 2623 2969 2662 mensura
2998 2608 3173 2680 colligi
3214 2608 3526 2678 jubebatur,
3574 2624 3633 2667 ut
3672 2630 3737 2668 ex

2149 2694 2289 2749 eoin
2318 2693 2613 2751 Sabbatnm
2658 2699 2918 2752 medietas
2968 2709 3300 2754 servaretur.
3349 2701 3518 2757 Porro
3558 2716 3738 2760 autem

2150 2793 2302 2839 sexta
2346 2785 2504 2859 dies,
2550 2797 2703 2842 sexta
2748 2790 2931 2843 mundi
2980 2800 3110 2845 actas
3155 2792 3487 2864 intelligitur,
3538 2797 3589 2849 in
3632 2813 3737 2866 qua

2151 2890 2294 2930 nunc
2323 2890 2530 2931 sumus.
2573 2877 2627 2931 ln
2658 2879 2761 2934 hac
2806 2895 2934 2950 ergo
2980 2882 3066 2935 die
3107 2882 3325 2952 duplum
3376 2901 3473 2955 pro
3513 2900 3739 2944 venturo

2149 2962 2390 3019 Sabbato
2412 2965 2618 3038 colligit
2641 2969 2731 3037 qui
2767 2984 2864 3037 pro
2889 2969 3073 3039 gloria:
3119 2971 3357 3029 cmlesds
3382 2974 3605 3040 intuitu,
3647 2979 3736 3032 ubi

2147 3068 2342 3124 perpes
2370 3053 2667 3111 Sabbatnm
2693 3067 2747 3112 et
2771 3074 2897 3113 Vera
2923 3069 3007 3115 est
3048 3063 3285 3132 requies,
3312 3067 3534 3121 verbum
3566 3067 3659 3122 Dei
3683 3079 3738 3123 et

2150 3142 2377 3198 auditet
2400 3143 2546 3199 facit.
2576 3145 2631 3200 In
2680 3147 2779 3202 hac
2827 3148 3046 3219 duplum
3092 3153 3336 3208 recondit
3381 3156 3469 3224 qui
3499 3165 3554 3211 et
3600 3158 3736 3213 bene

2149 3237 2302 3302 vivit,
2325 3248 2379 3293 et
2403 3238 2525 3294 aliis
2550 3241 2857 3310 exctnplum
2879 3243 3070 3299 salutis
3093 3247 3334 3301 ostendit
3358 3264 3373 3315 ;
3408 3250 3543 3313 sive,
3587 3252 3731 3321 quod

2147 3329 2454 3398 expeditius
2498 3342 2624 3396 est,
2673 3332 2940 3403 duplicem
2993 3350 3303 3391 mensuram
3350 3336 3590 3409 colligit,
3640 3343 3734 3410 qui

2147 3428 2354 3475 tantum
2379 3421 2430 3475 in
2455 3421 2593 3477 bona
2617 3425 2935 3494 Operatione
2957 3424 3209 3493 desudat,
3238 3430 3380 3484 unde
3401 3443 3454 3485 et
3479 3431 3567 3486 hic
3592 3431 3731 3487 Con-

2142 3511 2302 3566 ditori
2326 3528 2423 3568 suo
2444 3512 2562 3581 ejus
2582 3515 2762 3569 anima
2793 3516 3024 3586 placeat,
3054 3526 3108 3573 et
3146 3534 3268 3575 cum
3297 3535 3363 3575 eo
3387 3525 3726 3591 postmodum

2141 3605 2531 3674 perpetualiter
2578 3607 2746 3662 vivat.
2805 3607 2958 3675 Quod
3008 3609 3173 3680 igitur
3221 3614 3583 3681 reponebatur
3628 3630 3728 3685 pro

2140 3695 2402 3764 Sabbato,
2445 3700 2718 3770 corrumpi
2762 3715 2869 3755 non
2911 3709 3149 3771 poterat,
3196 3692 3321 3774 quia
3367 3703 3504 3757 bona
3536 3720 3721 3775 opera,

2138 3805 2259 3860 quae
2284 3806 2383 3862 pro
2417 3791 2691 3847 desiderio
2731 3808 2980 3864 supernae
3025 3796 3223 3865 quietis
3267 3797 3422 3863 fiunt,
3468 3809 3725 3868 perpetuo

2136 3881 2555 3950 permanebunt.
2580 3880 2694 3936 Non
2737 3897 2868 3953 ergo
2910 3882 3013 3939 illa
3049 3894 3174 3939 sunt
3202 3886 3541 3942 cumulandae
3583 3886 3723 3941 divi—

2142 3968 2253 4034 tiaa,
2281 3984 2417 4040 quas
2443 3985 2627 4040 aerugo
2648 3970 2989 4039 demoliatur,
3035 3988 3173 4054 quas
3215 3974 3374 4057 tinea;
3416 3978 3719 4043 comedant,

2136 4065 2191 4111 et
2232 4073 2352 4128 qua:
2390 4059 2656 4114 vermium
2704 4061 3034 4132 scaturigine
3081 4073 3525 4133 computrescant
3566 4065 3719 4137 (Luc.

2136 4150 2258 4220 xu),
2288 4167 2518 4221 quarum
2543 4150 2756 4208 scilicet
2781 4168 2889 4208 non
2925 4153 3126 4211 liberos
3164 4171 3506 4227 possessores
3534 4158 3723 4215 beatus

2133 4239 2366 4297 Jacobus
2390 4241 2715 4314 increpans:
2754 4263 2772 4296 ί
2808 4245 3040 4312 Divitiae,
3068 4245 3260 4317 inquit,
3303 4257 3498 4302 vestra:
3540 4258 3722 4319 putre—

2134 4330 2289 4387 facta:
2313 4342 2457 4399 sunt,
2490 4335 2809 4389 vestimenta
2840 4345 3021 4391 vestra
3057 4351 3088 4390 a
3125 4336 3287 4392 tineis
3307 4349 3545 4393 comesta
3571 4350 3716 4404 sunt,

2134 4437 2327 4477 aurum
2353 4435 2407 4479 et
2448 4433 2731 4494 argentum
2763 4434 3000 4481 vestrum
3048 4428 3395 4499 aeruginavit,
3440 4440 3496 4482 et
3538 4444 3719 4500 :erugo

2132 4526 2322 4566 eorum
2347 4527 2399 4565 ιιι
2429 4513 2797 4568 testimonium
2828 4514 2983 4570 vobis
3028 4516 3135 4571 erit
3169 4525 3224 4572 et
3272 4517 3485 4572 ardebit
3526 4533 3719 4574 earues

2131 4614 2342 4660 vestras
2369 4605 2511 4660 sicut
2557 4605 2698 4676 ignis
2741 4605 2884 4677 (Jac.
2929 4608 3004 4680 v).
3033 4627 3052 4662 ι
3103 4608 3226 4664 Illas
3267 4610 3452 4680 igitur,
3497 4608 3711 4671 fratres,

2129 4695 2344 4750 divitias
2368 4704 2705 4766 appetamus,
2747 4714 2868 4768 quae
2910 4714 3011 4754 nos
3052 4701 3283 4771 gemmis
3307 4717 3372 4756 ac
3407 4702 3716 4772 margaritis

2127 4786 2352 4839 valeant
2379 4786 2645 4842 adornare
2674 4789 2959 4855 virtutum,
3004 4805 3127 4860 quae
3165 4792 3231 4845 ad
3282 4791 3585 4846 caelestium
3620 4806 3716 4845 nos

2127 4875 2429 4944 provehant
2470 4874 2652 4929 titulos
2692 4877 3038 4948 dignitatum.
3089 4879 3237 4947 Quas
3282 4880 3528 4951 profecto
3577 4880 3719 4935 divi-

2128 4969 2230 5023 tias
2258 4969 2499 5023 insinuat
2525 4970 2809 5040 propheta,
2855 4952 2977 5026 cu‘m
3004 4973 3176 5028 dicit:
3208 4993 3227 5026 ‹
3262 4975 3473 5029 Divitias
3520 4975 3714 5029 salutis

2125 5060 2396 5129 sapientia
2420 5067 2475 5115 et
2498 5060 2770 5127 scientia;
2827 5063 2991 5118 timor
3038 5063 3252 5118 Domini
3303 5064 3422 5135 ipse
3460 5074 3547 5119 est
3598 5065 3715 5121 the—

2121 5164 2316 5205 saurus
2339 5148 2454 5219 ejus
2478 5150 2611 5221 (Isa.
2634 5138 2850 5222 sum).
2874 5173 2891 5205 ι

2197 5241 2307 5297 Has
2334 5243 2590 5299 nimirum
2628 5245 2845 5301 divitias
2869 5248 3059 5303 beatus
3100 5247 3464 5305 Eleuchadius
3510 5266 3715 5308 concu-

2125 5330 2285 5401 pivit,
2338 5347 2460 5387 cum
2503 5334 2569 5390 de
2608 5334 2867 5391 cathedra
2917 5352 2975 5392 se
3022 5337 3408 5409 philosophica:
3450 5341 3717 5397 doctrina:

2124 5421 2392 5490 deposuit,
2418 5439 2540 5478 cum
2573 5423 2805 5480 ferulam
2850 5431 3200 5500 pra‘ceptoris
3225 5430 3438 5499 abjecit,
3482 5447 3607 5488 cum
3650 5434 3718 5487 de

2125 5515 2421 5584 magisterii
2474 5516 2776 5587 principatu
2820 5520 3019 5576 Christi
3051 5537 3109 5577 se
3154 5523 3498 5593 discipulatui
3533 5524 3716 5578 humi-

2122 5603 2244 5658 liter
2268 5604 2526 5660 subdidit.
2571 5606 2840 5677 Quidquid
2878 5626 3011 5668 sane
3038 5612 3147 5668 illic
3182 5624 3342 5669 antea
3370 5614 3711 5684 superﬂuum

2123 5697 2332 5762 didicit,
2364 5698 2415 5750 in
2468 5697 2628 5767 hujus
2659 5701 2859 5756 schola:
2895 5703 3051 5773 longe
3104 5704 3461 5760 nobilioribus
3510 5705 3711 5760 studiis

2122 5791 2455 5855 amputavit;
2485 5791 2742 5862 quidquid
2766 5793 2872 5850 illic
2896 5797 3185 5862 mendacii,
3216 5798 3473 5870 quidquid
3504 5812 3702 5869 super-
