4022 6202
338 247 435 305 5H

1788 237 2020 294 SERMO
2050 238 2131 291 Vl.

3495 242 3602 297 542

336 356 579 414 stitionis
636 355 874 420 edocuit,
916 358 968 409 in
1020 356 1406 411 ecetesmsticze
1450 355 1702 424 puritatis
1760 353 1923 407 disei-
1950 355 1997 411 Α
2028 352 2199 405 stiana
2229 361 2409 406 tamen
2457 351 2645 422 religio
2677 352 2903 406 necdum
2952 362 3070 407 erat
3097 352 3309 408 vivendi
3364 357 3605 415 moribus

337 448 479 518 plina
511 446 769 501 correxit.
815 445 964 500 Unde
1008 461 1105 515 per
1154 446 1375 515 Moysen
1426 445 1542 515 lege
1585 443 1917 505 decernitur,

333 549 393 592 ut
423 538 637 591 mulieri
664 536 806 590 bello
835 545 1005 603 captae
1033 546 1086 589 et
1120 537 1171 590 itt
1205 536 1516 605 coniugium
1560 535 1780 588 victoris
1808 533 1920 586 ele-

334 637 460 690 ctae,
512 626 759 693 corporis
804 623 1148 694 superﬂuitas
1196 625 1548 679 abscindatur
1578 641 1590 677 :
1626 642 1644 674 ι
1680 623 1809 691 Quae
1838 638 1925 676 ra-

334 720 459 780 deti-
502 716 694 785 inquit,
732 715 1033 773 caesariem.
1080 724 1135 768 et
1183 713 1537 793 circumcidet
1583 727 1812 781 ungues,
1869 721 1923 765 et

331 808 563 876 deponet
590 817 816 871 vestem,
851 806 902 858 in
934 820 1039 874 qua
1072 813 1226 873 capta
1271 814 1374 867 est,
1425 805 1621 858 sedens
1664 806 1718 858 in
1762 804 1922 858 domo

331 907 424 949 tua
469 894 618 948 ﬂebit
662 901 867 962 patrem
915 904 969 947 et
1021 903 1252 947 matrem
1302 909 1455 946 suam
1497 910 1606 949 uno
1636 908 1841 959 mense,
1868 902 1922 947 et

328 1002 430 1056 pos
455 1000 516 1039 ea
550 985 779 1037 intrabis
808 983 875 1037 ad
915 998 1035 1037 eam
1061 982 1404 1051 dormiesque
1444 998 1567 1037 cum
1600 982 1707 1042 illa,
1736 991 1789 1035 et
1820 983 1925 1035 erit

328 1094 471 1133 uxor
507 1088 596 1131 tua
651 1077 830 1145 (Deut.
883 1074 1019 1141 xxi).
1058 1094 1077 1125 ι
1126 1074 1333 1130 Mulieri
1387 1076 1588 1145 quippe
1640 1074 1922 1128 czesariem

330 1184 389 1221 ra
415 1170 589 1228 timus,
622 1183 745 1220 cunt
780 1166 1125 1220 rationabilis
1171 1166 1472 1235 disciplinae
1515 1180 1708 1219 sensus
1733 1178 1925 1234 super-

328 1262 468 1315 ﬂuus
530 1270 899 1331 amputantns.
949 1258 1172 1328 Ungues
1218 1260 1380 1313 etiam
1437 1256 1918 1320 circutnc’dimus,

325 1370 453 1407 cn-n
489 1353 558 1406 ab
603 1368 666 1405 ea
718 1360 932 1405 mortua
983 1365 1214 1419 qumque
1260 1350 1705 1418 superstitionum
1756 1361 1921 1415 Opera

334 1447 681 1498 dest-cautus.
713 1443 845 1509 Quae
867 1442 1030 1497 etiam
1056 1450 1260 1496 vestem
1299 1442 1590 1511 deponere,
1619 1440 1800 1510 inqua
1837 1446 1921 1493 est

324 1547 509 1603 capta,
559 1534 871 1604 praecipitur
918 1551 930 1585 :
989 1542 1050 1588 ιιι
1095 1532 1475 1601 superdttctain
1524 1531 1825 1585 fabularum
1866 1539 1920 1584 et

324 1626 701 1695 quorumlibet
744 1624 1122 1694 tigmenlorum
1170 1631 1337 1678 exuat
1376 1622 1718 1692 superﬁciem
1746 1636 1809 1675 ac
1839 1635 1919 1673 so-

324 1717 361 1770 li
392 1720 491 1769 iam
541 1731 686 1769 verre
740 1715 968 1767 rationis
1014 1713 1121 1783 35
1166 1713 1420 1767 exhibeat
1456 1712 1762 1766 veritatem.
1814 1710 1913 1764 Pa-
1946 1698 1994 1758 B

327 1819 468 1861 trent
521 1822 650 1860 vero
686 1816 741 1861 et
793 1815 1023 1859 matrem
1052 1804 1234 1870 deﬂet,
1284 1805 1409 1873 quia
1459 1802 1761 1856 liberaliqu
1821 1817 1919 1855 au-

323 1914 511 1954 ctores
539 1901 736 1953 artium
777 1899 916 1952 inter
943 1907 1185 1953 mortuos
1207 1898 1432 1966 deputat
1458 1905 1514 1949 et
1532 1911 1627 1950 eos
1655 1894 1708 1949 in
1736 1909 1921 1959 errore

324 1994 562 2061 periisse
618 1990 998 2060 compatiendo
1047 1990 1310 2060 deplorat.
1367 1987 1711 2042 Consuetudo
1741 1995 1919 2039 autem

328 2082 661 2137 feminarum
714 2089 800 2135 est
851 2096 948 2149 per
996 2090 1435 2148 unumquemque
1483 2089 1726 2130 mensem
1752 2089 1812 2129 se
1839 2074 1921 2127 sui

324 2174 609 2243 stttgttinis
637 2172 895 2226 effusione
924 2184 1174 2241 purgare.
1224 2168 1354 2222 Post
1378 2181 1618 2222 mensem
1647 2166 1829 2233 itaque
1854 2163 1921 2216 ad

326 2266 362 2319 lt
385 2282 473 2317 tne
505 2263 783 2316 mulierem
813 2261 1019 2314 intrare
1050 2257 1419 2328 praecipimur,
1447 2265 1508 2309 ut
1538 2264 1713 2309 artem
1742 2251 1923 2320 cujus-

325 2355 461 2409 libet
489 2353 789 2423 disciplnue
816 2351 960 2404 omni
990 2348 1441 2417 superstitionum
1468 2345 1721 2414 contagio
1759 2342 1923 2398 defre-

323 2461 508 2502 catam
538 2446 700 2501 veluti
732 2446 784 2499 in
817 2442 1124 2513 conjuginm
1154 2440 1468 2503 sortiamur,
1516 2446 1788 2506 quatenus
1806 2434 1922 2504 jam

325 2539 624 2594 Israelitica
659 2536 798 2589 facta
832 2540 1229 2601 consequenter
1249 2530 1303 2583 in
1325 2528 1587 2582 Israelita:
1611 2526 1922 2597 coniugium

325 2640 577 2686 transeat
630 2640 681 2683 et
738 2630 876 2681 bene
922 2623 1153 2679 fecunda
1210 2619 1565 2692 spiritualium
1582 2629 1801 2685 operum
1832 2632 1920 2673 so-

328 2723 510 2777 bolem
553 2720 763 2774 reddat.

402 2815 499 2869 Cui
555 2813 717 2865 etiam
752 2825 869 2864 non.
912 2806 1178 2863 dissimile
1229 2813 1312 2860 est
1357 2802 1500 2873 quod
1534 2802 1676 2858 idem
1706 2801 1919 2873 Moyses

324 2905 627 2960 Israelitico
650 2901 845 2971 populo
869 2914 1061 2953 aurum
1093 2906 1150 2951 et
1176 2906 1461 2965 argentum
1499 2909 1624 2949 cum
1674 2893 1918 2971 vestibus

329 2996 404 3049 ab
432 2968 704 3065 Egyptiis
725 2968 968 3045 mutuari
1019 2989 1293 3058 praecepit,
1323 2987 1378 3041 in
1408 3001 1517 3055 quo
1566 2968 1813 3039 videlicet
1862 2991 1921 3035 ut

335 3104 442 3141 non
488 3085 693 3140 diutius
720 3084 1001 3141 immorer.
1051 3079 1280 3150 mystice
1322 3090 1514 3131 aurum
1540 3085 1595 3129 et
1638 3082 1921 3145 argeuttuu

327 3193 457 3232 cum
501 3176 748 3231 vestibus
777 3174 845 3228 ab
894 3170 1166 3243 Egyptiis
1219 3169 1473 3239 petimus,
1512 3165 1652 3220 unde
1698 3163 1923 3218 Domino

327 3269 746 3324 tabernaculum
779 3266 1107 3320 fabricemus
1133 3279 1255 3316 cum
1299 3261 1601 3314 nnmdanos
1648 3266 1836 3326 poetas
1859 3271 1923 3310 ac

324 3360 678 3434 philosophos
719 3358 971 3428 legimus,
1023 3364 1082 3407 ut
1131 3355 1186 3407 in
1245 3351 1446 3406 divinis
1493 3348 1724 3417 eloquiis
1778 3346 1927 3399 lucu-

324 3454 526 3507 lentius
557 3450 822 3521 proficere
850 3447 1148 3501 Valeamus.
1197 3444 1326 3498 Sive
1366 3442 1555 3503 etiam,
1603 3437 1743 3508 quod
1799 3451 1922 3506 per-

323 3545 597 3615 spicacius
627 3551 733 3605 est,
766 3555 958 3595 aurum
988 3547 1045 3592 et
1071 3547 1352 3607 argentum
1396 3532 1593 3587 anima:
1622 3538 1747 3584 sunt
1793 3543 1917 3594 pre-

326 3639 502 3701 tiosas,
526 3650 646 3705 quae
671 3648 794 3689 cum
847 3631 1087 3686 vestibus
1115 3626 1299 3691 simul,
1355 3625 1408 3679 id
1449 3632 1537 3678 est
1587 3620 1701 3676 suis
1728 3632 1921 3687 corpo-

325 3730 501 3791 ribus,
532 3724 729 3796 populo
759 3722 856 3777 Dei
908 3734 969 3774 se
1022 3716 1297 3788 capulant,
1327 3723 1387 3768 ut
1421 3712 1768 3767 tenebrosum
1818 3707 1921 3761 hoc

325 3816 611 3880 sa-culum,
648 3813 794 3868 velut
822 3811 1119 3884 ABgyptum
1165 3808 1425 3863 deserant
1464 3811 1522 3858 et
1550 3811 1750 3857 terram
1798 3812 1923 3867 pro-

327 3912 552 3965 missam
602 3914 883 3978 perpetuaa
932 3901 1209 3958 felicitatis
1257 3897 1558 3967 acquiraut.
1608 3892 1761 3961 Quod
1791 3905 1921 3961 ergo

326 4005 522 4058 beatus
550 3996 912 4055 Eleuchadius
957 4002 1236 4049 mutuatus
1261 4000 1347 4045 est
1375 3989 1443 4043 ab
1468 3984 1757 4056 Egyptiis,
1796 3997 1921 4051 pro-

326 4095 458 4149 fecit
497 4092 778 4156 Israelitis,
819 4101 875 4147 et
907 4090 1242 4148 thesaurum,
1270 4097 1431 4154 quem
1471 4077 1760 4152 gentilitati
1789 4076 1918 4133 sub-

328 4188 518 4256 ripuit.
560 4192 763 4239 sanctae
808 4182 1148 4251 dispensator
1178 4172 1435 4231 Ecclesitn
1464 4169 1694 4225 fideliter
1721 4182 1917 4234 eroga-

328 4272 624 4341 vit.Cujus
680 4271 902 4341 quidem
951 4275 1101 4339 gesta
1151 4279 1257 4319 non
1306 4260 1647 4332 reperiuntur
1678 4256 1920 4325 apicibus

2024 443 2281 510 expolita.

2098 534 2159 587 Et
2217 549 2314 587 nos
2353 535 2561 603 itaque,
2609 534 2804 589 fratres
2856 534 3184 597 charissitni,
3232 536 3388 604 hujus
3430 544 3604 592 sancti

2023 626 2255 680 fervoris
2309 627 2584 680 imitemur
2619 625 2949 696 exemplum.
3002 626 3284 696 Nunquam
3319 630 3604 684 timeamus

2026 717 2158 770 illud
2211 718 2483 787 negotium
2536 727 2848 772 constanter
2890 734 2955 772 ac
3005 719 3328 773 liducialiler
3361 720 3601 790 aggredi,

2024 808 2074 860 in
2104 824 2210 875 quo
2258 822 2354 860 nos
2408 822 2707 875 speremus,
2755 807 2869 862 sive
2922 823 3021 875 pro
3070 809 3265 861 divinis
3309 809 3603 878 obsequiis,

2022 899 2135 952 sive
2162 914 2260 968 pro
2299 899 2471 954 salute
2504 900 2759 959 fraterna,
2814 900 3080 968 pressuris
3109 910 3271 969 atque
3300 900 3609 955 adversita-

2025 988 2167 1041 tibns
2214 987 2449 1058 fatigari.
2488 988 2748 1059 Fugiatur
2792 990 2983 1054 honor,
3023 990 3217 1061 gloria,
3267 991 3468 1046 divitia:
3488 1007 3604 1047 em-

2021 1079 2213 1147 nisque
2241 1080 2478 1148 dignitas
2507 1079 2840 1148 temporalis.
2883 1079 3058 1133 Labor
3086 1081 3428 1149 obedientiae,
3472 1098 3606 1152 pau-

2021 1171 2252 1239 perlatis
2299 1171 2570 1241 angustia,
2599 1181 2653 1225 et
2686 1172 3006 1241 inquietudo
3033 1172 3318 1228 charitatis
3337 1189 3459 1243 quae
3506 1190 3609 1230 nos

2020 1273 2274 1318 exerceat
2299 1272 2607 1332 appetatur.
2658 1263 3070 1330 Redemptorem
3111 1264 3310 1334 quippe
3350 1268 3603 1320 nostrum

2019 1354 2172 1423 plebs
2199 1352 2443 1415 Iudaica,
2470 1370 2594 1407 cum
2625 1363 2771 1407 esset
2815 1354 3009 1407 satiata
3040 1356 3106 1408 de
3137 1355 3386 1423 panibus,
3424 1370 3605 1424 regem

2020 1443 2190 1499 voluit
2214 1444 2568 1507 constituere,
2600 1444 2718 1506 sed,
2748 1452 2978 1497 testante
3008 1444 3236 1507 Joanne,
3286 1461 3353 1499 ne
3383 1447 3607 1514 reperiri

2019 1535 2309 1605 potuisset,
2337 1533 2548 1604 aufugit
2575 1535 2628 1587 in
2658 1542 2894 1587 montem
2925 1532 3107 1603 (Joan.
3135 1536 3232 1601 vt).
3260 1533 3392 1587 Cum
3424 1542 3605 1588 autem

2021 1638 2357 1697 qitiereretur
2386 1628 2451 1680 ad
2473 1641 2716 1689 crucem,
2741 1625 2884 1677 ultro
2913 1640 2972 1678 se
3006 1640 3108 1677 non
3150 1624 3606 1691 cognoscentibus

2022 1720 2238 1781 obtulit,
2288 1720 2474 1774 dicens
2501 1736 2514 1772 :
2554 1737 2571 1767 ι
2601 1717 2774 1785 Quem
2801 1716 3088 1785 quatritis?
3122 1735 3140 1767 ι
3172 1715 3379 1781 Quibus
3423 1715 3607 1784 utique

2020 1812 2436 1882 perhibentibus
2467 1828 2481 1865 :
2513 1829 2530 1861 ι
2560 1809 2745 1864 Jesum
2801 1808 3141 1862 Nazarcnnm
3177 1826 3195 1858 ι
3230 1823 3287 1860 se
3315 1822 3560 1875 quzerere
3589 1822 3605 1868 ;

2023 1905 2170 1958 illico
2202 1903 2511 1971 respondit:
2543 1920 2561 1952 ‹
2591 1901 2703 1969 Ego
2725 1914 2842 1952 sum
2882 1897 3062 1967 (Joan.
3090 1899 3271 1967 xvm).
3298 1917 3315 1948 ι
3356 1896 3496 1963 Quid
3525 1906 3610 1950 est

2022 1994 2167 2049 enim
2215 1993 2358 2062 quod
2394 1991 2656 2045 Mediator
2691 1988 2783 2042 Dei
2838 1997 2892 2041 et
2933 1987 3214 2040 hominum
3264 1986 3329 2039 ad
3383 2001 3608 2056 regnum

2020 2086 2421 2155 promovendns
2448 2084 2642 2142 evasit,
2666 2080 2732 2133 ad
2762 2090 2998 2132 mortem
3047 2092 3177 2129 vero
3205 2093 3264 2130 se
3301 2076 3607 2129 ultroneum

2022 2176 2282 2243 qumsitus
2308 2175 2550 2243 ingessit,
2580 2171 2681 2224 nisi
2713 2179 2773 2223 ut
2801 2184 2899 2221 nos
2932 2168 3249 2221 admoneret
3271 2166 3381 2236 33
3420 2164 3608 2219 mundi

2024 2271 2183 2340 hujus
2212 2268 2439 2338 gloriam
2459 2267 2723 2326 devitarc,
2745 2261 3126 2317 tribulationes
3157 2269 3335 2313 autem
3358 2275 3454 2329 pro
3475 2259 3607 2324 Deo,

2023 2372 2080 2418 et
2110 2363 2356 2415 laborum
2411 2359 2770 2426 dolorumque
2799 2368 3087 2425 pressuras
3130 2351 3466 2408 eratulanter
3514 2365 3610 2404 ex-

2094 2461 2207 2506 tcre
2227 2451 2252 2504 ἲ

2022 2466 2207 2523 petere
2229 2466 2252 2504 r

2093 2541 2293 2596 Paulus
2321 2555 2535 2609 quoque
2565 2554 2687 2591 cum
2734 2544 2879 2589 esset
2926 2534 3114 2597 Mileti,
3170 2541 3225 2587 ct
3251 2546 3442 2585 omnes
3475 2530 3610 2585 sibi—

2025 2641 2137 2688 met
2165 2634 2529 2701 obsequentes
2577 2643 2805 2698 seseque
2847 2626 3298 2680 aﬂ'ectttosissitne
3328 2623 3613 2693 diligentes

2025 2725 2316 2794 aspiceret,
2369 2723 2441 2776 ita
2505 2730 2564 2773 ut
2605 2721 2782 2774 Lucas
2831 2719 2883 2772 in
2929 2719 3095 2771 Actus
3143 2714 3422 2784 apostolici
3472 2714 3612 2767 libro
3674 2750 3697 2771 ρ

2023 2812 2329 2883 perhibeat,
2360 2812 2486 2882 quia
2520 2810 2836 2866 discedente
2866 2806 3032 2860 Paulo
3083 2819 3311 2873 magnus
3335 2802 3493 2858 ﬂetus
3532 2802 3611 2857 fa-

2024 2916 2147 2962 ctus
2190 2915 2273 2961 est
2316 2906 2582 2967 omnium,
2634 2914 2689 2957 ct
2717 2900 3141 2971 procumbentes
3191 2912 3357 2965 super
3409 2896 3608 2951 collum

2026 2996 2165 3067 ejus,
2184 2996 2572 3052 osculabantur
2595 3010 2716 3049 eum
2744 3010 2759 3059 ;
2799 2992 2913 3062 ipse
2945 3000 3124 3045 tamen
3176 2989 3605 3058 Hierosolymam

2029 3105 2293 3161 passurus
2324 3098 2583 3156 tanquam
2610 3085 2929 3156 epulaturus
2951 3082 3262 3137 avidissime
3292 3080 3604 3141 lcstinabat.

2024 3184 2248 3239 ditens:
2285 3198 2303 3231 ί
2357 3180 2514 3242 Ecce,
2564 3178 2764 3246 inquit,
2822 3174 3075 3243 alligatus
3126 3172 3315 3241 spiritu
3374 3173 3508 3225 vado
3555 3169 3610 3223 in

2025 3273 2391 3335 Hierusalem,
2422 3286 2543 3340 qua:
2570 3270 2621 3324 in
2646 3285 2708 3323 ea
2734 3277 2960 3322 ventura
2994 3273 3122 3319 sunt
3169 3264 3297 3317 mihi
3329 3264 3610 3332 ignorans,

2024 3368 2128 3422 nisi
2168 3366 2312 3435 quod
2361 3364 2586 3433 spiritus
2614 3377 2710 3430 per
2749 3374 2941 3414 omnes
2984 3356 3232 3410 civitates
3276 3362 3613 3422 protestatur

2022 3458 2175 3521 mihi,
2210 3458 2396 3510 dicens
2428 3473 2440 3507 :
2469 3452 2739 3520 Quoniam
2769 3448 3006 3512 vincula,
3034 3456 3088 3502 et
3113 3444 3492 3499 tribulationes
3521 3458 3609 3498 me

2023 3556 2265 3607 manent.
2293 3548 2387 3601 sed
2427 3545 2560 3599 ttibil
2598 3546 2789 3598 horum
2817 3555 3031 3605 vereor,
3065 3555 3165 3593 nec
3191 3538 3333 3591 lacio
3367 3536 3608 3589 attimam

2022 3658 2197 3697 meam
2226 3638 2605 3712 pretiosiorem
2654 3650 2815 3703 quam
2856 3648 2963 3696 me,
3017 3630 3310 3685 dummodo
3354 3643 3612 3683 consum-

2022 3750 2166 3789 tnem
2193 3745 2414 3788 cursum
2468 3741 2650 3783 meum
2692 3733 2748 3779 et
2794 3722 3153 3777 ministerium
3182 3718 3326 3788 quod
3368 3717 3550 3785 accepi
3577 3732 3609 3771 a

2022 3825 2301 3888 Domino,
2359 3817 2639 3876 testiﬁcari
2689 3813 3043 3884 Evangelium
3099 3810 3288 3881 gratiae
3322 3809 3417 3863 Dei
3467 3807 3605 3875 (Act.

2021 3922 2134 3991 xx).
2162 3937 2180 3970 ι
2210 3917 2353 3972 Ecce
2379 3912 2614 3967 vallatus
2640 3909 2793 3963 turlza
2829 3904 3074 3960 ﬂentium
3102 3901 3327 3956 minime
3352 3898 3608 3963 ﬂectitur,

2021 4008 2278 4065 delinitus
2305 4003 2532 4065 osculis,
2571 3998 2846 4056 blanditus
2892 3993 3169 4063 obsequiis
3208 3992 3276 4045 ad
3332 3991 3414 4044 sui
3447 3990 3610 4043 miseo

2021 4098 2313 4155 ricordiam
2341 4108 2447 4149 non
2472 4101 2741 4154 movetur,
2778 4086 2875 4142 sed
2897 4086 3050 4139 laetus
3077 4083 3143 4137 ad
3179 4081 3391 4135 vincula
3420 4089 3475 4135 et
3504 4090 3611 4133 tor-

2021 4197 2205 4244 menta
2241 4186 2467 4241 festinat
2514 4193 2773 4251 tanquam
2824 4179 2869 4234 si
2918 4176 2985 4231 ad
3030 4174 3272 4245 nuptiale
3300 4171 3609 4228 convivium

2021 4291 2325 4351 pransurus
2348 4274 2591 4330 accedat.

331 4367 558 4427 ιτειιιίιειι
602 4366 695 4419 sed
737 4376 842 4416 ηοη
869 4360 987 4415 sine
1032 4372 1197 4413 causa
1223 4362 1487 4443 *διαδωεο
1526 4350 1611 4443 79‘
1638 4348 1916 4405 διιεῖηεωιι
1952 4348 2036 4443 θ’
2094 4368 2205 4424 Nos
2234 4368 2424 4431 etiam,
2471 4359 2831 4425 dilectissimi,
2876 4359 3211 4415 imitatorum
3264 4353 3467 4408 Christi
3519 4367 3610 4406 se-

330 4459 383 4512 in
414 4455 538 4525 ejus
563 4456 823 4509 honorem
854 4448 1181 4509 construxit,
1209 4444 1296 4499 vel
1325 4442 1445 4512 ejus
1491 4440 1698 4496 obitum
1728 4450 1920 4491 annuat

328 4545 699 4604 sulemnitatis
742 4542 1043 4597 honoribus
1080 4536 1372 4594 dedicavit.
1421 4531 1555 4586 Nam
1583 4538 1638 4584 et
1666 4527 1922 4584 nonnulla

332 4651 500 4705 super
549 4633 737 4688 Veteri
792 4646 856 4685 ac
908 4629 1057 4684 Novo
1106 4627 1479 4709 Testamento,
1508 4621 1622 4676 sive
1655 4618 1817 4674 etiam
1855 4617 1922 4671 de

327 4726 731 4791 incarnatione,
783 4723 867 4778 vel
915 4721 1168 4793 passione
1211 4715 1426 4774 Domini
1456 4712 1773 4785 perhibetur
1793 4724 1921 4763 exa-

328 4836 484 4877 rasse
512 4818 807 4877 volumina,
844 4831 964 4886 quae
1012 4823 1194 4869 tamen
1236 4809 1567 4879 scriptorum
1593 4803 1923 4859 arbitramur

327 4911 608 4966 oblivione
667 4907 869 4963 deleta.
917 4904 1241 4973 Quanquam
1300 4899 1498 4955 ethoc
1549 4896 1616 4950 ad
1648 4890 1926 4949 cumulum

331 5001 655 5056 meritorum
686 4998 805 5068 ejus
857 4996 1133 5065 pertinere
1178 5007 1284 5047 non
1334 4986 1609 5043 immerito
1652 4983 1921 5044 videatur,

327 5096 473 5165 quod
532 5102 661 5146 tunc
706 5106 766 5145 se
821 5088 938 5143 fieri
972 5084 1245 5141 consensit
1277 5082 1612 5152 episcopum,
1667 5089 1789 5130 cum
1820 5072 1924 5126 Ec-

330 5161 555 5239 clesiam
604 5191 822 5250 egestas
872 5177 1226 5247 opprimeret,
1283 5180 1339 5225 et
1374 5170 1526 5224 rudis
1572 5165 1749 5221 adhuc
1801 5161 1924 5216 fidei

332 5278 652 5344 nuviterque
709 5273 963 5344 plantam:
1044 5268 1199 5322 labor
1261 5262 1529 5319 dillicilior
1588 5259 1916 5320 immineret,

283 5361 299 5379 ⁹
332 5382 454 5421 cum
485 5364 722 5432 denique
752 5362 818 5415 ad
873 5359 1088 5430 pristini
1121 5357 1260 5412 ritus
1311 5351 1627 5424 pullulantia
1672 5346 1918 5418 germina

334 5455 598 5507 radicitus
642 5450 920 5506 evellenda
969 5446 1307 5502 incumberet
1339 5451 1612 5513 grav-eque
1637 5435 1915 5504 fastigium

332 5557 388 5602 et
416 5544 733 5616 temporalis
769 5540 994 5597 subsidii
1041 5538 1258 5593 deesset
1285 5533 1729 5590 emolumentum.
1767 5524 1920 5583 Licet

336 5641 481 5694 enim
508 5634 747 5693 Ecclesia
773 5632 885 5701 jam
913 5640 1039 5686 tunc
1066 5627 1229 5683 fuerit
1279 5628 1329 5686 in
1356 5625 1458 5680 lide
1485 5621 1724 5684 fundata,
1762 5615 1916 5677 Cliti-

2024 4471 2258 4534 quentes
2302 4454 2571 4525 exempla,
2625 4452 2898 4521 fugiamus
2947 4447 3238 4503 blanditias
3280 4446 3484 4511 saeculi,
3542 4444 3611 4498 ad

2024 4556 2254 4608 adversa
2292 4546 2543 4618 qualibet
2570 4558 2666 4612 pro
2700 4542 2811 4595 Deo
2849 4538 3168 4609 perferenda
3217 4536 3430 4589 lumbos
3453 4549 3608 4588 men-

2028 4645 2099 4698 tis
2125 4648 2329 4697 nostrre
2377 4634 2611 4689 viriliter
2661 4632 3053 4700 accingamus;
3089 4636 3144 4681 et
3196 4626 3287 4694 qui
3328 4625 3398 4677 ad
3436 4626 3608 4677 haere-

2025 4738 2250 4792 ditatem
2293 4732 2551 4790 ﬁliorum,
2589 4740 2712 4795 quae
2744 4730 2829 4778 est
2869 4722 2920 4775 in
2960 4720 3156 4791 patria,
3212 4716 3500 4776 tendimus,
3555 4714 3609 4785 in

2025 4827 2221 4887 exsilio
2266 4822 2473 4896 positi,
2514 4806 2902 4873 conservorum
2952 4810 3177 4879 injurias
3230 4806 3612 4876 mquanintiter

2025 4894 2340 4977 toleremus,
2371 4920 2645 4983 quatenus
2684 4917 2951 4976 supernus
2995 4902 3269 4969 inspector
3317 4908 3372 4950 et
3403 4894 3610 4948 arbiter

2027 5019 2214 5066 noster
2245 5004 2598 5060 considerans
2640 5013 2739 5052 nos
2791 5009 2890 5065 pro
2933 5006 3045 5045 suae
3069 4988 3329 5058 jussionis
3382 4984 3610 5053 imperio

2027 5100 2252 5157 minime
2283 5096 2632 5157 reluctantes,
2656 5096 2859 5159 quanto
2900 5100 3042 5139 nunc
3085 5078 3353 5149 conspicit
3387 5090 3613 5145 oppres-

2028 5196 2203 5250 siores
2234 5193 2289 5246 in
2322 5204 2504 5260 pinna,
2550 5194 2703 5239 tanto
2749 5179 3088 5253 postmodum
3136 5180 3445 5229 renumeret
3491 5168 3609 5222 feli-

2028 5286 2205 5341 ciorcs
2227 5283 2280 5335 in
2305 5257 2497 5351 gloria,
2523 5275 2685 5331 Jesus
2711 5272 2962 5327 Christus
3002 5267 3261 5321 Dominus
3290 5269 3493 5316 noster.
3516 5257 3608 5328 qni

2027 5390 2149 5430 cum
2185 5372 2295 5426 Deo
2314 5349 2483 5423 iPatre
2513 5376 2568 5421 et
2594 5364 2800 5434 Spiritu
2842 5367 3030 5415 sancto
3055 5355 3193 5411 vivit
3223 5364 3279 5408 et
3318 5360 3508 5422 regnat
3550 5349 3611 5406 'tn

2026 5466 2226 5523 saecula
2254 5461 2597 5519 surculorum.
2627 5458 2822 5509 Amen.
