4070 6198
423 253 528 308 ιςιδ

1029 367 1406 429 MARTIUS.

420 465 571 526 XX.
595 464 880 526 Homilia
909 465 974 525 ιή
1006 466 1331 526 Ποηιίηἰοα
1361 467 1743 527 Palinurum.

425 545 570 605 XX.
603 544 810 605 Sermo
845 544 911 603 in
957 544 1179 622 vigilia
1213 546 1277 607 S.
1321 547 1639 608 Benedicti
1677 546 1918 607 abbatis
1950 553 2004 605 et

506 623 904 702 confessoris.

425 699 922 760 XXL'llomilia
961 699 1050 760 de
1076 699 1280 762 eodem
1311 702 1377 762 S.
1414 702 1746 765 Benedicto
1785 703 2001 766 abbate

507 788 573 861 ct
591 781 963 861 confessore.

423 859 662 917 XXIV.
693 859 901 918 Sermo
942 861 1007 918 in.
1038 859 1216 921 Cwna
1254 860 1524 921 Domi-ni.

424 936 638 1025 ΧΧΥ.
664 937 874 996 Sermo
905 938 968 997 in
997 940 1493 1000 Annuutt'atione
1513 943 1586 1002 Β.
1621 940 1844 1003 Maria:
1883 941 2011 1002 Vir-

504 1032 692 1090 ginis.

425 1093 692 1154 XXVII.
724 1095 936 1157 Sermo
970 1095 1036 1155 in
1080 1099 1538 1159 resurrectione
1566 1100 1842 1179 Domini.

1168 1199 1274 1253 VII.

569 1301 793 1342 uomuit
824 1303 876 1341 IN
918 1303 1168 1343 noumca
1212 1303 1519 1344 cumaea.
1553 1292 1644 1352 (xx
1676 1291 1868 1360 ιιΑιιτ.)

505 1393 523 1425 ι
553 1375 687 1430 Cum
741 1379 1227 1447 appropinquasset
1265 1378 1424 1434 .lesus
1477 1378 1869 1451 Hierosolymis
1899 1419 1913 1445 ,
1958 1389 2014 1435 et

429 1468 672 1522 venisset
713 1469 1026 1541 Bethphage
1056 1471 1122 1524 ad
1158 1480 1396 1525 montem
1442 1471 1663 1536 Oliveti,
1705 1483 1834 1527 tunc
1865 1471 2016 1527 misit

429 1560 562 1613 duos
595 1559 662 1612 de
715 1560 994 1630 discipulis
1041 1563 1176 1625 suis,
1209 1563 1398 1618 dicens
1445 1564 1526 1618 eis
1559 1582 1571 1616 :
1615 1563 1690 1618 Ite
1731 1563 1786 1617 iu
1818 1565 2014 1619 castel-

429 1647 564 1710 lum,
593 1649 736 1717 quod
760 1659 949 1704 contra
980 1665 1075 1705 vos
1096 1661 1197 1709 est.
1227 1662 1333 1708 etc.
1367 1651 1583 1722 (Matth.
1618 1654 1753 1723 χχι).
1779 1673 1797 1706 ι

1067 251 1124 308 S.
1165 254 1369 310 PETRI
1409 255 1690 310 DAMIANI
1727 255 1874 311 Ol’l’.
1921 254 2101 312 l‘AltS
2133 258 2262 314 SEU
2298 257 2617 316 TOMUSII.
2650 289 2720 300 —
2743 259 3133 317 SERMONES.

3588 270 3692 322 544

2046 375 2086 432 Α
2115 368 2320 424 locari?
2346 371 2400 424 In
2433 371 2533 426 hac
2563 380 2651 424 tua
2675 370 3083 437 deliberatione,
3117 371 3168 426 in
3207 372 3309 427 hoc
3339 387 3429 428 tuo
3471 375 3700 433 consilio

2111 461 2296 516 deﬁcit
2346 461 2572 532 spiritus
2627 478 2799 518 meus.
2853 464 3184 533 Compatior,
3238 463 3469 519 Domine
3523 463 3649 520 Jesu
3680 506 3697 532 ,

2108 568 2272 622 super
2299 554 2567 623 passionis
2591 563 2693 609 tuae
2717 554 3022 626 angustias.
3045 554 3340 609 Consilium
3365 555 3510 609 Petri
3533 556 3698 611 amici

2111 644 2186 698 tui
2217 644 2425 698 videtur
2455 645 2587 698 mihi
2611 645 2823 710 sedere,
2861 646 2952 714 qui
2986 645 3062 699 ait
3093 663 3106 698 :
3141 665 3160 696 ι
3195 645 3352 699 Absit
3399 661 3427 698 a
3478 655 3546 709 te,
3598 645 3704 698 Do-

2111 735 2280 800 mine,
2311 750 2653 805 nequaquam
2687 734 2779 790 ﬁet
2809 734 3146 805 hoc(Matth.
3184 735 3317 805 va).
3352 755 3370 786 ›
3404 734 3519 790 Non
3543 736 3702 788 decet

2111 827 2276 882 ﬁlium
2310 828 2403 882 Dei
2432 838 2661 884 mortem
2683 837 2923 898 gustare.
2949 829 3054 884 Sed
3081 828 3262 884 diﬂ‘ert
3287 831 3388 884 hoc
3408 830 3694 884 consilium

2111 935 2139 974 a
2173 930 2282 984 tuo,
2323 921 2414 990 qui
2457 921 2699 991 disponis
2728 932 2958 977 mortem
2991 922 3194 978 subire.
3239 922 3378 989 Quid
3405 923 3572 992 ergo?
3602 922 3694 976 Pe-

2113 1011 2204 1073 tri,
2235 1028 2302 1064 an
2334 1010 2462 1066 Jesu
2490 1014 2778 1068 consilium
2809 1022 2892 1069 est
2938 1015 3267 1070 tenendum?
3295 1016 3458 1080 servi,
3505 1031 3570 1069 an
3601 1017 3700 1087 do:

2113 1101 2284 1156 mini?
2316 1102 2590 1173 discipuli,
2636 1121 2704 1158 an
2758 1105 3049 1175 magistri?
3088 1104 3192 1159 Sed
3233 1120 3340 1158 non
3391 1114 3476 1159 est
3511 1120 3701 1160 servus

2115 1193 2288 1262 major
2316 1194 2534 1249 domino
2560 1210 2680 1260 suo,
2721 1210 2820 1250 nec
2865 1195 3163 1265 discipulus
3188 1195 3396 1250 doctior
3439 1195 3700 1264 magistro

2116 1287 2298 1358 (Joan.
2327 1305 2454 1356 xm;
2503 1288 2694 1343 Matth.
2729 1306 2797 1355 x;
2830 1287 2958 1343 Luc.
2991 1290 3086 1359 vn).
3130 1289 3591 1358 Acquiescendum
3623 1297 3708 1340 est

2122 1378 2305 1448 itaque
2331 1378 2545 1434 Domini
2576 1389 2634 1434 et
2656 1380 2899 1450 magistri
2925 1379 3283 1449 consilio,qui
3311 1379 3539 1434 consilio
3562 1377 3707 1431 nullo

2079 1470 2274 1540 'eget;
2318 1485 2387 1525 ne
2425 1471 2636 1525 dicatur
2681 1471 2810 1526 mihi
2858 1486 2982 1526 cum
3033 1471 3192 1527 Petro
3229 1490 3243 1524 :
3302 1491 3320 1523 ι
3361 1471 3506 1525 Vade
3539 1480 3705 1534 retro,

2121 1561 2346 1626 Satana,
2371 1577 2478 1616 non
2514 1562 2660 1633 sapis
2698 1579 2818 1633 qum
2849 1563 2941 1618 Dei
2972 1573 3099 1618 sunt
3122 1563 3338 1634 (Matth.
3375 1564 3508 1633 xvi).
3547 1584 3564 1616 ι
3603 1563 3705 1617 Ne-

2125 1654 2340 1710 sciebat
2367 1655 2512 1709 enim
2542 1654 2735 1708 Petrus
2763 1653 3038 1709 Christum
3083 1655 3414 1725 disposuisse
3449 1656 3515 1708 ab
3554 1654 3710 1708 initio

501 1739 766 1794 Passurus
830 1751 1023 1812 sponte
1067 1743 1326 1800 Dominus
1379 1761 1479 1816 pro
1529 1745 1705 1802 salute
1753 1748 2011 1812 humana,
2041 1732 2090 1792 Β
2118 1754 2179 1800 ιιι
2215 1755 2444 1802 mortem
2479 1755 2720 1802 nostram
2773 1744 3055 1800 moriendo
3085 1746 3390 1799 destrueret
3435 1755 3490 1798 et
3537 1745 3704 1797 vitam

428 1839 767 1900 spontaneus
815 1835 882 1887 ad
932 1834 1112 1889 locum
1169 1836 1438 1904 passionis
1489 1837 1720 1892 accedit.
1778 1838 1860 1892 Ad
1911 1839 2016 1892 hoc

429 1922 577 1976 venit
612 1923 664 1976 in
703 1925 982 1990 mundum,
1013 1926 1080 1979 ad
1113 1926 1214 1982 hoc
1249 1937 1408 1982 natus
1433 1938 1539 1992 est,
1571 1940 1626 1983 ut
1649 1945 1743 1984 sua
1764 1929 2017 1999 passione

427 2014 537 2085 37
585 2031 684 2070 nos
734 2017 1006 2073 liberaret.
1063 2017 1311 2074 Scienter
1367 2019 1794 2090 Hierosolymam
1847 2019 2015 2083 venit,

430 2111 669 2163 scienter
711 2126 905 2182 magna
937 2112 1255 2182 populormn
1286 2123 1577 2169 conutatus
1602 2129 1823 2170 caterva
1867 2128 2018 2183 pom-

437 2215 569 2271 pose
639 2202 912 2257 civitatem
974 2203 1245 2267 intravit,
1290 2205 1342 2258 in
1395 2220 1500 2275 qua
1567 2206 1898 2271 tradendus,
1962 2206 2016 2260 in

326 2358 334 2365 1
430 2305 540 2360 qua
584 2292 982 2362 cruciﬁgendus
1023 2303 1160 2349 erat.
1211 2295 1336 2350 Haec
1380 2305 1465 2351 est
1508 2295 1865 2360 Hierusalem,
1895 2311 2018 2367 qttae

431 2381 632 2436 occidit
681 2383 972 2451 prophetas
1006 2393 1063 2438 et
1097 2383 1292 2454 lapidat
1327 2400 1422 2441 eos
1457 2386 1546 2455 qui
1597 2388 1665 2440 ad
1697 2401 1818 2440 eam
1869 2385 2019 2440 missi

434 2481 562 2524 sum
617 2470 831 2540 (Matth.
881 2472 1057 2543 uin).
1108 2474 1153 2530 Ο
1205 2474 1386 2528 infelix
1432 2476 1660 2540 civitas,
1699 2491 1860 2545 quam
1909 2475 2024 2545 glo-

438 2560 584 2614 riosa
650 2563 716 2614 de
765 2571 817 2616 te
867 2563 1181 2618 dicerentur
1211 2604 1226 2628 ,
1288 2565 1334 2618 si
1387 2567 1692 2621 venientem
1738 2565 2024 2620 Dominum

435 2652 788 2720 agnovisses,
856 2655 900 2708 si
969 2655 1018 2710 ei
1089 2656 1606 2726 cognitodebitam
1662 2656 2023 2712 reverentiam

438 2744 780 2799 exhibuisses
809 2750 820 2800 1
853 2744 896 2800 0
944 2747 1162 2812 misera,
1219 2763 1252 2802 ο
1304 2747 1523 2802 malitia:
1566 2763 1753 2802 errore
1798 2755 2023 2812 caecata,

436 2833 583 2886 venit
608 2833 677 2887 ad
712 2842 762 2888 te
789 2834 1042 2890 Salvator
1073 2847 1218 2901 tuus,
1245 2846 1302 2892 et
1332 2853 1440 2891 non
1469 2846 1644 2908 potes,
1679 2853 1778 2892 nec
1810 2838 1891 2890 vis
1934 2852 2026 2891 co-

436 2937 698 2991 gnoscere
733 2939 878 2978 eum.
924 2925 1083 2980 Venit
1114 2925 1228 2996 ipse
1270 2927 1336 2981 ad
1367 2927 1718 2992 salvaudum;
1772 2937 1826 2982 tu
1878 2943 2020 2983 rece.

439 3015 616 3068 dendo
643 3015 858 3069 accedis
879 3015 943 3069 ad
972 3017 1306 3086 perdendum
1336 3033 1481 3073 eum.
1511 3018 1628 3088 Ipse
1655 3029 1806 3087 parat
1839 3019 1934 3072 tibi
1967 3027 2025 3072 ut

439 3113 643 3178 tegroto
681 3104 944 3170 salutem;
975 3116 1029 3161 et
1064 3115 1119 3160 tu
1163 3122 1324 3177 paras
1353 3108 1401 3163 ei
1439 3079 1601 3174 veluti
1635 3079 1738 3163 turi
1782 3125 2021 3164 crucem.
2051 3079 2098 3142 ί)

439 3195 552 3250 Cur
581 3204 633 3250 te
669 3205 816 3251 tanta
844 3199 1192 3255 tenebrarum
1226 3200 1402 3270 caligo
1430 3203 1716 3257 contexit?
1762 3200 1872 3257 Cur
1919 3218 2024 3256 non

443 3287 642 3342 recolis
684 3289 828 3359 quod
855 3290 1059 3346 dictum
1090 3302 1174 3348 est
1199 3307 1296 3363 per
1315 3294 1634 3350 Zachariam
1665 3297 1979 3366 pr0phetam
2009 3314 2022 3349 :

449 3396 468 3427 ι
499 3374 614 3432 Noli
647 3378 857 3447 timere,
901 3380 1008 3435 ﬁlia
1040 3381 1195 3447 Sion,
1232 3397 1360 3440 ecce
1416 3400 1509 3439 rex
1562 3395 1684 3440 tuus
1732 3387 1880 3441 venit
1932 3388 2026 3443 tibi

447 3479 785 3537 mansuetus,
809 3472 1004 3527 sedens
1029 3488 1193 3542 super
1214 3473 1416 3543 pullum
1441 3474 1768 3546 subjugalis?
1797 3498 1816 3531 ι
1841 3477 2028 3555 (lac/2.

447 3560 550 3629 rx.)
581 3560 740 3616 Ecce'
767 3571 1010 3619 tantares
1041 3564 1252 3636 perdite
1289 3565 1518 3621 consilio
1558 3582 1640 3632 es,
1667 3568 1824 3624 times
1851 3584 2030 3640 regem

451 3659 600 3704 tuum
633 3652 930 3720 suscipere,
969 3669 1036 3708 ne
1063 3668 1288 3724 regnum
1337 3663 1612 3710 terremun
1646 3658 1884 3712 amittas.
1926 3657 2032 3713 Sed

450 3741 578 3796 dum
611 3742 783 3812 ipsum
838 3761 944 3798 non
974 3745 1192 3816 recipis,
1225 3762 1446 3818 regnum
1474 3750 1673 3818 perdis,
1703 3759 1758 3803 et
1796 3758 2031 3820 gentem.

452 3832 548 3887 Vis
573 3850 736 3887 ιιιιιιιιι
770 3835 1098 3902 interﬁcere,
1129 3852 1196 3891 ne
1219 3846 1330 3894 tota
1358 3853 1490 3909 gens
1519 3839 1905 3910 percat(.loau.
1931 3842 2032 3910 xl).

453 3919 561 3976 Sed
619 3924 744 3977 dum
794 3940 958 3978 unum
1026 3926 1307 3992 interﬁcis,
1363 3927 1438 3981 tui
1498 3938 1726 3998 pereunt
1777 3931 2035 3985 universi.

455 4009 686 4066 Promde
709 4010 776 4066 de
807 4023 858 4068 te
893 4015 1029 4068 bene
1060 4015 1343 4070 dicendum
1369 4025 1454 4071 est
1484 4035 1494 4069 :
1533 4037 1551 4068 ι
1595 4015 1682 4070 ινςυ
1713 4019 1858 4087 genti
1911 4034 2038 4092 pec-

453 4104 671 4168 catrici.
722 4105 918 4173 populo
970 4107 1120 4176 gravi
1177 4106 1484 4177 iniquitate,
1536 4109 1726 4162 semini
1784 4125 2037 4179 nequam,

457 4195 583 4249 ﬁliis
631 4195 928 4252 sceleratis.
980 4197 1245 4254 Geuimen
1301 4215 1360 4255 es
1408 4201 1737 4270 viperarum,
1777 4218 1898 4270 quae
1932 4218 2039 4257 non

457 4286 562 4340 nisi
613 4287 824 4341 clIossis
875 4290 1139 4344 maternis
1191 4290 1454 4346 lateribus
1511 4293 1928 4357 oriunturUsa.
1987 4310 2036 4358 I;

457 4377 649 4432 Matth.
701 4394 793 4434 ιιι.
853 4395 1022 4446 xxm;
1081 4381 1208 4435 Luc.
1265 4382 1378 4451 tu);
1427 4404 1444 4435 ι
1504 4383 1584 4438 sic
1625 4394 1680 4438 tu
1723 4401 1828 4438 non
1884 4392 2042 4454 putas

2119 1836 2450 1906 resurgendo
2477 1845 2778 1905 repararet.

2189 1927 2346 1995 Quod
2376 1928 2542 1998 igitur
2566 1928 2748 1982 divina
2764 1927 3028 1997 sapientia
3051 1927 3410 1996 disposuerat,
3437 1925 3714 1994 sapienter

2117 2019 2283 2075 voluit
2309 2019 2627 2089 adimplere.
2658 2019 2852 2081 Voluit,
2870 2020 3166 2076 secundum
3191 2019 3505 2088 prophetica
3525 2019 3713 2082 verba,

2121 2112 2341 2166 humilis
2376 2096 2432 2167 et
2478 2127 2682 2182 pauper
2722 2113 2912 2166 sedere
2942 2126 3106 2180 super
3137 2112 3372 2176 asinam,
3421 2120 3473 2164 et
3520 2109 3714 2164 Hieru-

2123 2203 2292 2258 salem
2337 2205 2527 2259 venire
2573 2202 2764 2274 (Zach.
2799 2205 2899 2268 Ix),
2946 2204 3084 2258 sicut
3128 2203 3459 2271 evangelista
3510 2209 3714 2264 nat-rat,

2124 2295 2312 2350 dicens
2337 2312 2350 2349 :
2379 2312 2398 2346 ι
2426 2294 2562 2350 Cum
2585 2293 3240 2365 appropinquassetlesns
3267 2293 3719 2362 Hierosolymam,

2123 2393 2175 2440 et
2206 2387 2442 2441 venisset
2463 2386 2774 2462 Bethphage
2801 2388 2867 2440 ad
2895 2394 3131 2440 montem
3165 2385 3381 2448 Oliveti,
3413 2393 3538 2440 tunc
3570 2384 3722 2437 misrt

2125 2478 2260 2532 duos
2290 2487 2357 2532 ex
2387 2477 2670 2545 discipulis
2695 2477 2830 2540 suis,
2863 2476 3050 2531 dicens
3076 2476 3156 2530 eis
3183 2493 3195 2527 :
3233 2475 3308 2529 ltc
3337 2475 3387 2528 in
3412 2473 3718 2535 castellum,

2127 2569 2271 2639 quod
2308 2575 2500 2621 contra
2539 2581 2634 2620 vos
2661 2565 2888 2636 38est,
2913 2575 2966 2620 et
2984 2565 3168 2619 statim
3201 2564 3485 2618 invenietis
3507 2564 3717 2616 asinam

2127 2657 2426 2727 alligatam.
2477 2665 2533 2712 et
2577 2656 2780 2727 pullum
2831 2671 2953 2710 cum
3007 2671 3094 2720 ea,
3144 2655 3334 2708 solvite
3363 2664 3417 2708 et
3469 2653 3720 2708 adducite

2131 2749 2264 2802 mihi
2299 2747 2516 2819 (Matth.
2549 2747 2685 2816 ut).
2728 2765 2746 2798 ι
2793 2744 3085 2801 Castellum
3127 2744 3271 2799 istud
3327 2744 3560 2797 mundus
3610 2751 3714 2806 est,

2127 2841 2217 2910 qui
2255 2848 2444 2898 contra
2483 2839 2770 2893 Dominum
2825 2847 2881 2893 et
2930 2836 3223 2908 discipulos
3259 2834 3376 2904 ejus
3430 2835 3550 2892 fuit.
3611 2850 3722 2888 non

2129 2930 2302 2984 solum
2350 2930 2654 3000 opprobriis
2707 2938 2764 2983 et
2811 2929 3036 3000 ﬂagellis
3065 2944 3160 2984 eos
3198 2928 3595 2998 persequendo,
3625 2926 3722 2981 sed

2127 3021 2292 3075 etiam
2321 3020 2757 3076 crudelissimam
2807 3029 3037 3075 mortem
3093 3017 3393 3072 inferendo.
3430 3017 3580 3072 Unde
3613 3016 3721 3070 Do-

2130 3110 2310 3164 minus
2340 3127 2352 3163 :
2393 3127 2411 3160 (
2451 3109 2508 3164 Si
2546 3109 2778 3164 mundus
2806 3124 2901 3164 vos
2929 3108 3063 3173 odit,
3095 3108 3290 3162 scitote
3315 3107 3438 3175 quia
3467 3121 3552 3160 me
3574 3105 3726 3176 prio-

2131 3213 2246 3256 rem
2307 3201 2462 3256 vobis
2524 3200 2652 3255 odio
2704 3201 2908 3256 habuit.
2960 3198 3018 3255 Si
3072 3199 3140 3254 de
3193 3198 3394 3252 mundo
3458 3196 3720 3258 fuissetis,

2131 3291 2386 3356 mundus,
2419 3292 2563 3362 quod
2602 3306 2759 3344 suum
2801 3301 2942 3355 erat,
2977 3287 3256 3358 diligeret;
3313 3287 3438 3356 quia
3485 3301 3612 3342 vero
3654 3286 3724 3340 de

2133 3384 2335 3439 mundo
2357 3399 2460 3439 non
2487 3385 2643 3446 estis,
2675 3382 2771 3438 sed
2805 3397 2906 3449 ego
2935 3382 3072 3452 elegi
3101 3396 3198 3436 vos
3232 3381 3298 3435 de
3330 3379 3549 3443 mundo,
3594 3394 3723 3448 pro-

2133 3484 2319 3544 pterea
2349 3474 2464 3528 odit
2493 3489 2589 3528 vos
2620 3473 2854 3527 mundus
2885 3473 3068 3542 (Joan.
3107 3471 3219 3541 xv).
3267 3489 3284 3521 ι

2207 3563 2311 3619 Per
2338 3564 2544 3618 asinam
2567 3573 2621 3617 et
2658 3563 2884 3633 pullum,
2915 3563 3006 3632 qui
3036 3571 3194 3617 erant
3221 3562 3272 3616 in
3301 3559 3522 3616 castello
3549 3559 3722 3628 ligati,

2134 3655 2442 3712 Judreorum
2489 3655 2830 3726 signiﬁcatur
2854 3654 3080 3723 populus
3107 3661 3164 3708 et
3206 3652 3447 3724 gentilis,
3491 3665 3723 3720 quorum

2138 3761 2365 3820 uterque
2400 3759 2744 3820 peccatorum
2778 3747 3009 3802 vinculis
3037 3745 3367 3814 subiacebat.
3396 3745 3558 3798 Asina
3599 3743 3728 3796 sub-

2132 3842 2331 3913 jngalis
2361 3841 2642 3898 Judalcum
2700 3840 2950 3910 populum
2998 3840 3178 3910 signat
3219 3837 3350 3906 jugo
3377 3836 3510 3907 legis
3538 3833 3725 3903 snhjev

2139 3947 2310 3992 ctmn.
2339 3934 2522 3989 Pullus
2546 3932 2834 3988 lasciviens
2862 3941 2918 3986 et
2950 3929 3167 3986 eﬂ‘renis
3191 3929 3442 4000 gentil‘em
3471 3925 3725 3997 populum

2143 4035 2294 4080 notat
2323 4023 2621 4080 secundum
2670 4022 2938 4077 desideria
2978 4021 3161 4076 carnis
3189 4019 3574 4074 ambulantem.
3610 4015 3728 4068 Duo

2142 4117 2393 4187 discipuli
2446 4117 2596 4172 missi
2650 4117 2702 4170 in
2753 4115 3033 4170 castellum
3087 4115 3314 4168 duorum
3364 4120 3491 4165 sunt
3537 4109 3732 4162 Testa-

2144 4219 2451 4263 ntcntorum
2485 4207 2889 4277 praedicatores,
2937 4205 3150 4276 gemina
3201 4203 3406 4274 praediti
3437 4200 3733 4263 charitate,

2145 4298 2237 4352 Dei
2270 4298 2478 4354 scilicet
2526 4307 2582 4351 et
2639 4297 2870 4368 proximi
2921 4297 3231 4357 dilectione,
3285 4294 3398 4348 sive
3448 4291 3641 4345 Petrus
3676 4300 3737 4343 et

2151 4389 2368 4454 Paulus,
2409 4403 2639 4459 quorum
2684 4403 2825 4442 unus
2873 4389 3135 4458 gentium,
3179 4384 3316 4438 alter
3361 4381 3459 4434 fuit
3507 4388 3733 4448 aposto-

456 4467 707 4533 cvadere,
739 4470 840 4523 nisi
883 4470 1055 4540 patris
1077 4472 1174 4536 tui,
1203 4472 1294 4540 qui
1323 4447 1450 4526 iecit
1478 4481 1550 4537 te,
1582 4473 1723 4527 iatus
1763 4447 2033 4528 eruentes.
2073 4447 2121 4506 D
2149 4479 2232 4536 lus
2267 4447 2595 4535 Judaeum.
2643 4479 2796 4535 Unde
2847 4447 2963 4548 ipse
3010 4447 3249 4532 Paulus:
3287 4494 3306 4526 ‹
3341 4473 3442 4541 Qui
3472 4479 3739 4543 operatus

455 4559 700 4613 Crudelis
721 4570 907 4630 partus
934 4569 1036 4626 est,
1063 4571 1119 4615 et
1139 4563 1448 4618 euocandus
1475 4563 1567 4632 qui
1595 4572 1787 4617 enecat
1820 4563 2040 4632 parien-

457 4663 589 4709 tem.
620 4653 724 4709 Sed
749 4655 880 4724 quid
902 4656 1097 4709 attinet
1121 4657 1186 4709 ad
1210 4657 1544 4725 propositum
1575 4657 1789 4712 caecitas
1823 4653 2038 4711 Iudaeo-

456 4748 615 4802 rum?
636 4749 774 4803 Caeci
805 4746 1044 4812 fuerunt,
1088 4749 1254 4804 duces
1285 4766 1552 4805 caecorum
1585 4749 1802 4818 (Matth.
1831 4729 1943 4819 xiv),
1985 4758 2042 4805 et

455 4837 578 4891 ideo
609 4839 844 4907 utrique,
873 4838 1030 4893 idest
1056 4839 1328 4908 principes
1355 4853 1543 4893 eorum
1590 4848 1646 4893 et
1686 4837 1954 4908 iuniores,
1984 4840 2036 4893 in

453 4929 666 4983 foveam
694 4929 1026 4984 ceciderunt.

529 5023 606 5076 De
635 5036 684 5076 te
705 5029 910 5085 autem,
939 5021 1161 5076 Domine
1182 5021 1330 5085 Jesu,
1349 5021 1637 5075 admiratio
1659 5029 1712 5075 et
1736 5020 2040 5092 compassio

455 5113 674 5167 crescit.
716 5112 826 5167 Cur
850 5113 916 5166 ad
944 5109 1160 5165 Iudaeos
1189 5111 1362 5177 vadis,
1390 5111 1482 5180 qui
1507 5111 1705 5164 animae
1753 5119 1858 5164 tua:
1903 5111 2040 5166 insi-

461 5209 716 5262 diuntur?
755 5208 1068 5264 Proditores
1106 5219 1160 5262 et
1207 5207 1492 5262 homicidae
1523 5206 1738 5275 quidem
1779 5214 1928 5268 sunt,
1976 5221 2044 5259 ne

459 5299 655 5354 credas
685 5308 737 5354 te
762 5299 912 5369 ipsis,
951 5299 1077 5369 quia
1109 5315 1218 5354 non
1251 5311 1300 5353 Ie
1338 5297 1586 5368 diligunt,
1613 5312 1725 5350 .non
1768 5297 1840 5350 tui
1881 5296 2045 5351 mise-

463 5393 750 5455 rebuntur,
787 5393 992 5447 crudeli
1037 5402 1094 5446 et
1141 5392 1448 5462 turpissima
1483 5399 1658 5445 morte
1706 5400 1756 5445 te
1791 5391 2046 5444 condem-

464 5483 690 5540 nabunt.
717 5483 827 5538 Cur
851 5493 926 5539 tot
949 5484 1246 5548 illusiones,
1279 5492 1357 5538 tot
1383 5481 1613 5552 ﬂagella,
1649 5490 1728 5536 tot
1754 5480 2045 5551 opprobria

463 5574 738 5631 acceleras
770 5575 1058 5636 sustinere.
1103 5575 1276 5644 spinis
1307 5573 1577 5635 coronari,
1612 5571 1862 5640 conspui,
1891 5578 2045 5625 aceto

465 5667 666 5738 palari,
712 5667 894 5724 lancea
927 5666 1224 5738 perforari,
1271 5665 1406 5720 mori
1454 5673 1508 5719 et
1554 5663 1606 5718 in
1653 5663 1901 5734 sepulcro
1930 5663 2043 5720 col-

2147 4581 2229 4628 est
2259 4572 2440 4635 Petro,
2470 4570 2663 4640 inquit,
2689 4571 2740 4624 in
2762 4569 3086 4639 apostolatu,
3115 4577 3370 4636 operatus
3397 4572 3482 4618 est
3509 4570 3565 4616 et
3594 4560 3735 4614 mihi

2148 4663 2290 4718 inter
2319 4669 2508 4733 gentes
2551 4659 2756 4728 (Galat.
2791 4659 2874 4731 ιι).
2915 4678 2932 4709 ι
2987 4657 3066 4712 1111
3112 4657 3389 4712 solverunt
3441 4662 3739 4722 utrumque

2150 4756 2404 4827 p0pulum
2434 4755 2505 4810 ab
2549 4751 2884 4808 inﬁdelitatis
2922 4764 3129 4818 errore,
3161 4758 3220 4804 et
3263 4749 3428 4805 verbo
3471 4747 3739 4816 pradica-

2149 4846 2310 4900 tionis
2336 4844 2608 4898 duxerunt
2626 4841 2696 4896 ad
2723 4841 2884 4897 ﬁdem
2911 4839 3040 4896 Jesu
3058 4838 3278 4895 Christi.
3309 4837 3570 4891 Dominus
3591 4836 3740 4890 sedit

2147 4947 2310 5002 super
2335 4947 2449 4997 eos,
2481 4931 2609 5001 quia
2640 4945 2707 4986 ex
2757 4929 2864 4984 ﬁde
2913 4945 3008 4984 sua
3051 4927 3372 4996 justiﬁcavit
3414 4925 3554 4991 illos,
3591 4925 3738 4978 sicut

2147 5026 2407 5093 scriptum
2436 5033 2523 5079 est
2559 5041 2574 5077 :
2615 5023 2808 5078 Anima
2839 5023 2972 5092 justi
3017 5022 3176 5077 sedes
3203 5030 3289 5076 est
3321 5019 3620 5090 sapientiae.
3657 5019 3738 5074 De

2147 5117 2428 5186 utriusque
2468 5115 2860 5186 justiﬁeatione
2899 5113 3037 5169 dixit
3062 5111 3396 5182 Apostolus:
3447 5127 3467 5161 ι
3508 5110 3590 5163 An
3631 5107 3729 5163 «ιιις

2147 5209 2384 5264 datorum
2418 5215 2626 5262 tantum
2653 5205 2829 5262 Deus?
2856 5204 3046 5260 Nonne
3087 5214 3145 5258 et
3187 5200 3468 5272 gentium?
3521 5199 3650 5254 lmo'
3679 5207 3735 5254 et

2149 5299 2408 5368 gentium,
2443 5296 2700 5366 quoniam
2738 5296 2958 5366 quidem
2989 5309 3128 5349 unus
3155 5293 3316 5355 Deus,
3351 5291 3440 5362 qui
3466 5288 3736 5362 justiﬁcat

2149 5389 2616 5446 circumcisionem
2659 5403 2727 5443 ex
2778 5388 2882 5444 ﬁde
2930 5395 2986 5443 et
3040 5386 3360 5458 prteputium
3414 5400 3512 5455 per
3572 5382 3732 5437 ﬁdem

2177 5481 2325 5536 Rom.
2356 5481 2458 5538 ιιι).
2497 5501 2515 5532 ι

2177 5483 2325 5536 Rom.
2356 5483 2458 5538 ιιι).
2497 5501 2515 5532 ι

2151 5483 2171 5554 (
2224 5569 2456 5626 Possunt
2483 5569 2645 5624 etiam
2679 5567 2793 5622 haec
2823 5565 3102 5622 moraliter
3129 5563 3374 5635 intelligi.
3423 5563 3732 5634 Bethphage

2155 5666 2539 5737 interpretatur
2565 5662 2750 5716 domus
2779 5645 2972 5724 bacae,
3015 5668 3069 5715 et
3097 5667 3180 5715 est
3207 5657 3510 5714 intellectus
3546 5670 3725 5711 sacer-
