4070 6198
347 375 454 436 545

1820 376 2051 435 SERMO
2100 376 2229 437 VIII.

345 494 557 557 dotum,
608 506 706 562 per
757 504 918 562 quam
972 490 1286 565 designatur
1333 488 1622 548 confessio.
1674 491 1756 547 Ad
1800 493 1941 547 hanc
1970 502 2015 556 Α
2044 491 2290 561 pertulit,
2339 491 2393 546 in
2422 501 2814 563 superventura
2846 496 3026 549 autem
3076 496 3305 566 patriam
3350 498 3630 561 felicitatis

346 583 610 639 Dominus
650 583 817 645 venit,
857 581 982 652 quia
1030 584 1097 639 ad
1139 583 1700 639 conﬁtendum'corda
1749 597 1943 638 accen-
2042 590 2258 637 aeternae
2285 583 2598 652 perenniter
2626 593 2951 654 regnaturus
2995 585 3240 643 intravit.
3289 589 3347 644 In
3399 592 3503 648 hac
3539 594 3629 650 die

344 676 442 730 dit.
493 674 809 739 Castellum,
842 676 987 745 quod
1013 685 1097 731 est
1137 685 1326 731 contra
1373 677 1658 731 Dominum
1716 685 1771 739 et
1822 677 1942 748 ejus
2041 675 2397 730 mouentibus
2420 674 2697 746 discipulis
2719 685 3113 732 momentauem
3140 680 3426 736 succubuit
3450 682 3622 748 febri;

342 766 660 835 discipulos,
702 775 787 820 est
833 766 1051 821 animus
1093 767 1422 832 obstinatus,
1457 766 1691 838 propriae
1727 768 1940 823 deditus

341 856 630 910 voluntati.
664 852 779 910 Duo
810 855 1057 926 discipuli
1088 857 1154 911 ad
1185 872 1310 911 eum
1350 858 1501 913 missi
1537 867 1698 925 sunt,
1731 872 1854 929 spes
1883 867 1939 915 et

341 945 528 1000 timor.
545 947 709 1002 Asina
727 955 777 1001 et
794 947 970 1017 pullus
981 946 1205 1019 ailigati,
1222 948 1498 1003 humilitas
1520 958 1577 1004 et
1596 950 1932 1020 simplicitas.

339 1036 661 1109 Hujusmodi
708 1039 853 1093 enim
899 1039 1116 1093 animus
1157 1039 1645 1115 aliquaudonovit
1689 1042 1817 1111 quid
1863 1043 1935 1097 sit

322 1128 640 1196 ‘humilitas,
671 1130 799 1200 quid
848 1130 1190 1200 simplicitas,
1239 1133 1468 1202 etquod
1518 1134 1839 1203 simpliciter
1877 1144 1934 1190 et

333 1217 617 1274 humiliter
644 1219 715 1273 sit
742 1219 1063 1285 vivendum;
1107 1220 1201 1275 sed
1241 1221 1395 1290 quasi
1437 1236 1531 1276 eas
1555 1221 1737 1292 alligat
1761 1230 1811 1277 et
1841 1236 1930 1277 re-

331 1307 508 1379 ponit,
556 1307 684 1363 dum
732 1323 838 1363 non
891 1307 1004 1361 vult
1062 1323 1157 1364 eas
1211 1323 1374 1379 opere
1410 1323 1685 1366 exercere.
1735 1309 1930 1365 Terret

331 1398 481 1455 hunc
509 1399 694 1462 timor,
737 1399 825 1453 ubi
872 1415 901 1453 a
941 1399 1086 1454 malo
1131 1400 1439 1469 resipuerit,
1473 1401 1689 1456 minans
1716 1402 1765 1455 ei
1818 1411 1961 1456 tor-.

328 1497 535 1544 menta.
567 1489 853 1543 Conl'ortat
896 1506 1020 1544 eum
1057 1505 1202 1559 spes,
1249 1492 1295 1545 si
1344 1492 1678 1561 paenituerit,
1708 1493 1926 1562 praemia

325 1576 654 1650 pollicendo.
700 1580 1095 1652 Compungitur
1137 1582 1222 1636 his
1280 1582 1488 1637 duobus
1531 1585 1766 1638 animus.
1808 1584 1929 1639 Sol-

324 1670 477 1725 vitur
500 1672 676 1738 asina,
724 1680 778 1726 et
826 1672 1021 1742 pullus,
1054 1688 1176 1727 cum
1214 1673 1429 1728 obviam
1469 1674 1696 1729 Domino
1745 1676 1927 1731 eundo

324 1760 669 1833 Bethpbage,
701 1763 991 1819 conﬁtetur
1039 1781 1098 1821 sc
1144 1779 1418 1836 peccasse,
1448 1773 1506 1822 et
1555 1768 1825 1835 promittit
1864 1783 1925 1824 se

2040 762 2094 818 in
2127 763 2214 817 illa
2246 778 2377 820 vero
2415 764 2913 836 congratulantibus
2940 767 3063 822 οωιὶ
3105 768 3396 826 virtutibus
3443 772 3627 843 gloriae

2038 851 2282 909 caelestis
2312 855 2558 909 invectus
2577 865 2660 910 est
2686 855 2940 911 claritati.
2963 856 3219 929 Corporis
3242 859 3624 931 deposuitsar-

2036 943 2236 1008 ciuam,
2265 960 2387 1000 mox
2413 945 2837 1002 immortalitatis
2855 946 3079 1003 indutus
3102 959 3187 1005 est
3210 950 3401 1005 stolam
3424 950 3620 1023 (Gneo.

2034 1050 2072 1089 tt
2099 1034 2243 1089 Dial.
2271 1051 2391 1107 oap.
2423 1036 2536 1107 37).
2573 1037 2673 1092 Vili
2705 1037 3036 1097 decumbens
3077 1039 3278 1105 cilicio,
3322 1041 3465 1096 inter
3489 1057 3622 1111 pau-

2033 1138 2223 1180 corum
2247 1112 2637 1195 discipulorum
2684 1142 2879 1183 manus
2916 1128 3167 1199 spiritum
3214 1131 3474 1197 reddidit;
3522 1133 3618 1187 sed

2030 1230 2154 1269 mox
2187 1217 2447 1285 perviam
2493 1217 2670 1287 palliis
2707 1227 2935 1275 stratam
2977 1219 3425 1291 lampadibusque
3461 1236 3622 1277 coru—

2028 1321 2176 1361 scam
2202 1306 2270 1362 ad
2294 1307 2767 1362 innmnerabilium
2792 1309 3109 1379 angelorum
3136 1294 3367 1365 ltetabile
3395 1326 3618 1369 consor-

2031 1396 2162 1451 tium
2193 1397 2512 1466 pervolavit.
2565 1398 2670 1452 Sed
2710 1397 2838 1468 quid
2871 1400 3069 1455 mirum
3097 1399 3143 1453 si
3173 1399 3411 1455 caelestis
3453 1402 3617 1459 curiae

2027 1499 2249 1544 senator
2296 1489 2522 1560 insignis
2575 1498 2697 1559 post
2743 1487 2957 1543 felicem
3016 1488 3246 1554 obitum,
3303 1492 3615 1562 angelorum
3678 1482 3683 1483 ί

2026 1582 2182 1651 petiit
2239 1582 2651 1637 contubernium
2684 1622 2700 1647 ,
2753 1583 3190 1653 quandoquidem
3240 1594 3296 1639 et
3350 1586 3404 1639 in
3450 1601 3617 1643 carne

2029 1675 2207 1731 adhuc
2233 1676 2569 1745 corruptibili
2597 1676 3156 1741 constitutus,eorurn
3187 1686 3294 1733 tam
3321 1694 3464 1749 saepe
3489 1696 3617 1750 pro-

2028 1765 2227 1819 meruit
2275 1764 2537 1820 familiare
2574 1765 2937 1835 colloquium?
2986 1766 3140 1831 Nam,
3188 1777 3247 1823 ut
3290 1770 3357 1825 de
3403 1772 3625 1829 caeteris

323 1851 584 1922 deinceps
616 1852 896 1907 humiliter
920 1861 975 1908 et
1018 1854 1339 1925 simpliciter
1389 1855 1684 1910 victurum.
1731 1857 1799 1911 Et
1839 1858 1918 1913 sic
1951 1852 1994 1911 Β
2022 1856 2235 1921 sileam,
2268 1871 2454 1919 unum,
2488 1856 2633 1926 quod
2662 1872 2883 1912 sacrum
2925 1866 3094 1928 atque
3135 1860 3433 1930 veridicum
3481 1862 3617 1919 Cres

324 1944 417 2013 qui
450 1945 602 2012 prius
630 1952 752 1999 erat
799 1944 1081 1999 castellum
1125 1944 1346 2009 diaboli,
1386 1943 1618 2000 ellicitur
1652 1946 1783 2001 urbs
1811 1946 1920 2001 for-

325 2034 577 2089 titudinis
607 2044 807 2091 nostrae
826 2034 988 2102 Sion;
1025 2034 1276 2091 Salvator
1298 2036 1520 2105 ponitur
1542 2035 1595 2090 in
1619 2050 1682 2092 ea
1708 2051 1916 2101 murus,

322 2138 382 2182 et
410 2128 749 2184 autemurale
778 2128 917 2201 (Ira.
943 2128 1117 2201 xxvi).
1145 2127 1330 2183 Murus
1347 2128 1621 2184 humilitas
1643 2137 1749 2194 est,
1774 2139 1922 2185 ante-

322 2220 535 2274 murale
572 2222 855 2291 patientia.
1022 2202 1029 2219 ’

395 2311 757 2382 Egrediamur
800 2312 982 2384 igitur,
1041 2312 1371 2378 cbarissimi,
1422 2313 1636 2369 obviam
1689 2313 1917 2371 Domino

320 2399 666 2474 Bethphage,
698 2402 1009 2474 compuncti
1040 2404 1233 2459 timore
1264 2418 1441 2475 plena:
1472 2414 1530 2459 et
1560 2418 1655 2474 spe
1680 2405 1917 2463 caelestis

317 2494 448 2548 vitae
475 2494 695 2561 ﬁrmati,
726 2495 1035 2551 conﬁtendo
1062 2505 1282 2566 peccata
1310 2495 1606 2561 humiliter,
1633 2508 1687 2553 et
1711 2498 1916 2569 simpli-

317 2586 458 2641 citer
486 2587 834 2653 ambulando,
878 2586 1169 2642 substratis
1192 2588 1439 2644 vestibus
1472 2598 1675 2645 nostra:
1714 2606 1911 2647 carna-

316 2677 507 2746 litatis,
534 2690 592 2734 ut
620 2681 672 2735 in
701 2681 858 2736 nobis
883 2680 1137 2752 dignetur
1173 2682 1361 2738 sedere
1400 2682 1682 2746 Dominus,
1730 2694 1785 2740 et
1814 2701 1914 2742 nos

316 2786 506 2827 secum
534 2773 588 2828 in
618 2772 895 2829 caelestem
935 2772 1269 2829 Hierusalem
1312 2773 1678 2832 introducere.
1714 2777 1908 2832 Amen.

838 2884 950 2958 39
986 2886 1220 2945 SERMO
1259 2886 1391 2944 vnt.

387 2992 444 3034 IN
472 2993 672 3035 νισιιιι
705 2995 749 3036 8.
788 2994 1068 3122 BINEDECTI
1102 2996 1326 3122 ABBASIS
1359 2998 1431 3043 ετ
1468 2997 1837 3040 0011³288οΜ8.

983 3066 1049 3104 XX
1090 3066 1257 3107 MART.

983 3066 1049 3104 XX
1090 3066 1257 3107 MART.

388 3137 621 3211 Vigilias
651 3140 853 3212 egregii
894 3139 1241 3207 confessoris,
1280 3142 1423 3197 beati
1456 3143 1703 3198 videlicet
1738 3143 1908 3199 Bene-

312 3228 471 3296 dicti,
502 3229 703 3285 fratres
731 3230 1061 3298 charissimi,
1091 3231 1250 3286 hodie
1273 3231 1525 3298 colimus,
1563 3249 1784 3289 necesse
1819 3243 1905 3289 est
1933 3197 1979 3261 Ο

310 3325 376 3374 ut
398 3319 468 3374 ad
499 3320 820 3375 celebranda
853 3320 1220 3377 solemnitatis
1232 3320 1346 3389 ejus
1369 3323 1600 3394 insignia
1623 3333 1905 3394 promptos

312 3410 529 3465 animos
556 3426 942 3481 pra-paremus.
981 3410 1101 3467 Jam
1148 3413 1330 3484 itaque
1365 3414 1705 3484 splendorem
1742 3425 1904 3473 tautte

311 3500 679 3576 solemnitatis
716 3516 869 3557 meus
893 3502 1082 3557 devota
1114 3503 1403 3573 concipiat,
1435 3504 1500 3559 ad
1540 3504 1798 3562 excubias
1844 3522 1903 3563 se

308 3586 416 3657 piae
441 3588 719 3643 servitutis
746 3589 1012 3659 acciugat,
1053 3605 1119 3646 ac
1143 3590 1359 3647 ﬂamma
1389 3593 1555 3649 divini
1583 3595 1786 3651 amoris
1815 3611 1905 3653 so-

308 3677 410 3734 lito
436 3678 734 3735 ferventius
769 3681 1080 3737 incalescat.
1124 3681 1337 3753 Scopis,
1379 3682 1532 3754 juxta
1561 3686 1903 3742 consuetudi.

308 3784 465 3836 nem,
506 3772 797 3826 mandatur
820 3771 1086 3839 Ecclesia,
1116 3788 1213 3845 per
1236 3774 1504 3829 sinceram
1530 3790 1744 3847 quoque
1770 3791 1903 3831 con-

308 3864 602 3922 fessionem
633 3867 950 3938 puriﬁcetur
995 3884 1026 3923 a
1066 3884 1247 3940 prava:
1296 3868 1643 3940 cogitationis
1681 3868 1901 3940 pulvere

307 3958 670 4015 conscientia.
699 3957 1080 4031 Praeparantur
1114 3957 1429 4026 luminaria,
1471 3959 1697 4014 diversa:
1740 3973 1902 4014 orna-

307 4062 619 4107 mentorqu
648 4050 857 4121 species
883 4054 1292 4123 appenduntur;
1342 4051 1395 4106 in
1430 4052 1743 4122 pectoribus
1771 4068 1902 4123 quo.

307 4156 414 4212 que
448 4142 666 4204 nostris,
696 4142 878 4197 divina
909 4143 1173 4215 largiente
1204 4143 1510 4209 clementia,
1541 4141 1688 4196 varia
1719 4143 1904 4216 dispo-

306 4243 513 4288 nantur
544 4242 863 4288 ornamenta
904 4234 1165 4289 virtutum
1210 4251 1224 4288 :
1273 4233 1459 4304 sicque
1508 4232 1713 4303 pbarus
1758 4234 1899 4291 inte-

306 4322 472 4377 rioris
510 4323 691 4394 templi
741 4333 876 4395 quot
924 4323 1030 4394 piis
1072 4323 1269 4379 studiis
1316 4322 1471 4393 quasi
1523 4331 1602 4376 tot
1656 4325 1897 4380 coruscis

306 4412 650 4483 lampadibus
669 4413 1016 4473 accendatur.
1051 4415 1325 4470 Debemus
1352 4413 1515 4483 igitur
1550 4412 1711 4467 hodie
1738 4415 1895 4472 beato

304 4505 447 4571 viro,
499 4504 647 4559 velut
692 4505 1006 4576 aigrotanti,
1052 4505 1157 4575 piis
1183 4504 1483 4559 visceribus
1533 4504 1786 4573 compati,
1835 4514 1895 4559 ut

306 4613 430 4654 cras
455 4598 654 4652 merito
683 4600 957 4651 valeamus
1002 4596 1068 4651 de
1097 4596 1470 4666 assumptione
1516 4593 1634 4664 ejus
1676 4610 1798 4650 cum
1828 4611 1893 4651 eo

302 4694 512 4764 pariter
539 4692 776 4763 gloriari.
807 4690 961 4745 Sicut
984 4698 1038 4745 et
1067 4690 1133 4745 de
1160 4688 1521 4757 Redemptore
1553 4699 1738 4743 nostro
1761 4688 1895 4743 dicit

302 4783 638 4854 Apostolus:
676 4803 694 4834 ι
732 4781 867 4850 Quia
898 4782 945 4836 si
975 4781 1363 4849 commorimur
1400 4789 1455 4859 et
1502 4781 1890 4848 eonvivemus;

299 4855 350 4932 ‘si
397 4875 803 4946 compatimnr,
851 4883 907 4929 et
952 4855 1412 4943 conregnabiu‘tus
1449 4869 1531 4942 (ll
1569 4870 1703 4926 Tim.
1737 4871 1819 4942 ιι).
1868 4890 1887 4923 ι

302 4968 442 5025 Hinc
465 4984 682 5024 rursum
705 4967 783 5022 ait
807 4984 821 5022 :
861 4985 881 5019 ι
916 4967 973 5023 Si
996 4965 1345 5037 complantati
1377 4963 1503 5019 facti
1529 4981 1715 5020 sumus
1742 4966 1892 5020 simi-

304 5061 520 5117 litudini
549 5062 741 5118 mortis
769 5061 909 5132 ejus,
958 5059 1118 5116 simul
1162 5071 1216 5116 et
1246 5058 1661 5115 resurrectionis
1688 5059 1892 5114 erimus

303 5155 478 5227 (liam.
525 5162 620 5225 vt).
658 5176 681 5207 ι
714 5155 867 5222 Quod
897 5168 1027 5225 ergo
1075 5154 1344 5209 debemus
1381 5152 1546 5222 capiti
1595 5151 1887 5207 electorum

301 5248 551 5302 omnium
575 5244 815 5311 Christo,
847 5244 1107 5300 debemus
1148 5251 1204 5298 et
1253 5258 1413 5298 servo
1454 5241 1572 5312 ejus
1600 5241 1891 5296 venerabili

302 5336 629 5403 Benedicto;
660 5337 939 5400 nimirum,
988 5343 1047 5392 ut
1092 5335 1490 5405 compatiamur
1517 5333 1888 5411 aegritudinem

302 5425 914 5497 patienti,colltetemur
960 5435 1139 5479 autem
1189 5424 1357 5479 crelos
1411 5420 1642 5477 feIiciter
1703 5436 1891 5476 ascen-

301 5516 472 5571 denti.
506 5515 665 5570 Prius
690 5527 924 5584 namque
950 5528 1047 5583 per
1077 5512 1428 5583 temporalem
1454 5510 1661 5565 obitum
1684 5518 1890 5564 natura)

303 5607 544 5661 debitqu
574 5605 767 5671 solvit;
799 5603 994 5659 deinde
1024 5603 1408 5658 comitantibus
1441 5597 1768 5672 hymnidicis
1795 5613 1888 5654 au-

305 5697 545 5768 gelorum
574 5694 804 5753 cratibus
825 5695 893 5752 ad
913 5693 1157 5751 crelestia
1184 5710 1350 5766 regna
1376 5691 1647 5764 migravit.

371 5785 432 5841 lu
482 5787 584 5842 hac
627 5785 827 5858 quippe
855 5785 944 5843 die
990 5784 1237 5856 corporei
1286 5783 1561 5855 languoris
1586 5780 1886 5859 molestias

2023 1948 2230 2017 goriani
2270 1949 2392 2019 styli
2421 1947 2556 2019 fugit
2583 1949 2895 2018 articulum,
2925 1952 3179 2008 charitati
3201 1964 3397 2011 vestra:
3432 1957 3617 2012 celau-

2021 2036 2149 2091 dum
2173 2050 2292 2092 esse
2317 2052 2422 2092 non
2454 2039 2712 2093 arbitror.

2094 2125 2258 2183 Plane
2290 2143 2412 2183 cum
2442 2128 2527 2182 vir
2547 2127 2641 2184 Dei
2668 2129 2990 2187 Benedictus
3018 2132 3070 2186 in
3108 2132 3250 2201 loco,
3283 2136 3375 2205 qui
3408 2135 3609 2191 Subla-

2018 2230 2118 2273 cus
2147 2218 2363 2285 dicitur,
2408 2221 2737 2277 constructis
2776 2222 3203 2294 circumquaque
3254 2230 3612 2285 monasteriis

2018 2309 2295 2364 solitarius
2319 2310 2560 2382 degeret,
2593 2311 2858 2368 divinitus
2895 2320 2980 2369 est
3027 2315 3334 2373 admonitus
3374 2328 3437 2374 ut
3486 2320 3613 2376 loco

2017 2403 2236 2457 cederet
2278 2411 2648 2474 castrumque,
2693 2404 2837 2474 quod
2866 2404 3123 2461 Casinum
3153 2407 3372 2476 dicitur,
3410 2425 3609 2481 prope-

2016 2502 2185 2547 raret.
2220 2491 2369 2547 Illico
2396 2493 2482 2547 vir
2526 2502 2748 2549 sanctus
2801 2496 3009 2565 absque
3055 2496 3342 2568 cujuslibet
3393 2502 3615 2557 comitis

2016 2583 2365 2647 adminiculo,
2397 2583 2542 2639 solus
2573 2593 2633 2638 ut
2657 2594 2798 2652 erat,
2827 2586 2929 2641 iter
2952 2588 3184 2657 arripuit
3218 2599 3273 2645 et
3302 2604 3401 2660 per
3448 2591 3610 2661 quin-

2015 2677 2271 2745 quaginta
2309 2672 2423 2729 fere
2445 2690 2700 2744 passuum
2732 2675 2902 2731 millia
2939 2678 3215 2747 gradiens,
3260 2678 3461 2746 locum,
3494 2698 3603 2752 quo

2013 2768 2332 2834 vocabatur,
2359 2769 2564 2824 invisit.
2618 2768 2724 2824 Sed
2768 2785 2892 2825 cum
2936 2785 3036 2840 per
3073 2771 3255 2843 ignota
3303 2773 3419 2829 loca
3459 2775 3609 2831 solus

2011 2857 2189 2913 viator
2214 2859 2510 2923 incederet,
2542 2861 2852 2930 ubicunque
2884 2861 3087 2916 bivium
3120 2866 3461 2931 occurrebat,
3495 2866 3611 2921 duo

2011 2952 2259 3023 protinus
2275 2949 2505 3022 juvenes
2547 2952 2874 3008 videbantur
2914 2954 3193 3022 assistere,
3238 2957 3330 3027 qui
3361 2958 3464 3013 sibi
3494 2973 3609 3029 quo

2011 3058 2230 3114 gressus
2278 3042 2513 3114 dirigere
2549 3042 2779 3098 debebat
2813 3043 3136 3101 indicarent.
3192 3046 3295 3111 Qui
3344 3047 3606 3102 nimirum

2009 3133 2121 3206 40
2151 3134 2399 3204 juvenes,
2453 3134 2544 3204 qui
2598 3133 2688 3189 alii
2721 3144 2847 3191 sunt
2900 3136 3180 3200 credendi,
3233 3137 3336 3192 nisi
3369 3138 3605 3209 angelici

2009 3224 2232 3293 spiritus
2275 3224 2341 3277 ad
2381 3224 2557 3278 sancti
2609 3225 2712 3279 viri
2770 3225 3075 3281 custodiam
3123 3228 3407 3297 deputati?
3458 3228 3601 3296 Quid

2010 3323 2190 3369 autem
2222 3313 2419 3367 mirum
2449 3313 2493 3369 si
2541 3313 2743 3382 angeli,
2785 3323 3101 3370 sanctorum
3131 3315 3383 3372 videlicet
3425 3318 3603 3373 bomi—

2006 3419 2136 3458 num
2164 3414 2454 3468 amatures,
2474 3403 2582 3458 iter
2609 3404 2927 3471 edocebant,
2955 3418 3025 3460 ne
3043 3404 3124 3459 vir
3144 3415 3366 3462 sanctus
3385 3419 3621 3478 erraret,

2006 3509 2129 3549 cum
2160 3503 2216 3549 et
2232 3494 2390 3548 bruta
2414 3493 2668 3549 animalia
2708 3496 2824 3563 ejus
2860 3495 3086 3564 vestigia
3123 3506 3499 3566 sequerentur,
3528 3513 3600 3554 ne

2004 3584 2151 3640 solus
2190 3584 2401 3640 abiret?
2426 3584 2561 3639 Nam
2606 3594 2718 3640 tres
2744 3585 2891 3639 corvi
2920 3599 3020 3655 per
3046 3599 3261 3640 omnem
3290 3588 3432 3641 viam
3460 3587 3621 3669 indi-1

2004 3673 2151 3728 vidui
2176 3675 2279 3754 sibi
2306 3675 2533 3754 comites
2553 3674 2792 3741 fuerunt,
2816 3675 2936 3745 ejus
2965 3675 3180 3732 assidue
3210 3676 3439 3746 vestigia
3470 3692 3596 3747 pro-

2001 3752 2319 3836 sequentes;
2373 3752 2643 3835 hodieque
2683 3766 2736 3820 in
2778 3766 2938 3828 silva,
2975 3780 3097 3836 quae
3133 3766 3431 3821 venerabili
3478 3782 3593 3821 mo-

2002 3859 2245 3918 nasterio
2268 3858 2451 3915 Casini
2481 3858 2683 3914 montis
2719 3858 2950 3928 adiacet,
2980 3859 3108 3925 duo,
3141 3857 3276 3924 sive,
3299 3868 3362 3914 ut
3383 3859 3597 3927 ferunt,

2004 3962 2116 4009 tres
2139 3954 2288 4008 corvi
2319 3966 2498 4007 annua
2520 3963 2737 4022 semper
2762 3950 3101 4006 revolutione
3129 3952 3432 4017 nidiﬁcant,
3454 3967 3601 4023 quos

2002 4042 2071 4099 ab
2093 4028 2201 4097 illis
2224 4042 2429 4113 antiqui
2463 4042 2722 4113 temporis
2767 4041 2947 4097 corvis
2977 4042 3218 4097 nonnulli
3255 4043 3471 4112 prodire
3496 4058 3594 4113 per

2002 4132 2279 4190 traducem
2331 4135 2558 4190 seminis
2603 4145 2940 4191 asseverant.
2993 4136 3063 4191 Et
3108 4152 3295 4193 revera
3349 4140 3591 4208 quotidie

2000 4226 2316 4282 monasterii
2348 4224 2555 4282 foribus
2583 4226 2858 4294 advolant,
2902 4236 2962 4282 ut
2990 4228 3347 4294 crocitantes,
3388 4240 3444 4284 et
3473 4229 3595 4285 alas

1999 4328 2064 4370 ac
2093 4324 2270 4372 rostra
2302 4315 2624 4387 pandentes,
2659 4317 2876 4372 solitam
2904 4331 3109 4385 escam,
3153 4318 3302 4373 velut
3346 4320 3593 4375 debitum-

1998 4421 2219 4462 censum
2247 4421 2314 4462 ex
2345 4416 2571 4463 vetustte
2605 4409 2962 4478 possessionis
2984 4407 3111 4477 jure
3149 4409 3466 4479 deposcant.
3497 4413 3591 4477 Et,

1997 4506 2057 4552 ut
2076 4498 2275 4553 clarius
2321 4497 2628 4554 innotescat
2672 4513 2835 4568 quam
2884 4499 3111 4571 pervigil
3151 4516 3317 4570 super
3365 4503 3587 4558 beatum

2000 4589 2173 4643 virum
2228 4586 2410 4642 divina
2451 4591 2624 4659 gratia
2654 4590 3049 4654 coruscavcrit,
3088 4601 3314 4647 sanctus
3363 4595 3587 4662 quidam

1998 4680 2083 4735 vir
2112 4680 2163 4734 in
2191 4680 2434 4751 praedicti
2463 4680 2644 4735 Casini
2675 4680 2876 4736 montis
2907 4690 3032 4736 tunc
3067 4697 3193 4737 arce
3215 4683 3460 4754 degebat,
3495 4686 3586 4739 cui

1998 4771 2176 4827 divina
2201 4786 2332 4826 vol-e
2353 4779 2678 4842 praeceptum
2705 4780 2789 4826 est
2814 4781 2872 4826 ut
2900 4773 3234 4836 abscederet,
3262 4774 3457 4845 aliique
3488 4777 3585 4845 qui

1998 4879 2169 4918 novus
2197 4862 2470 4918 habitator
2496 4862 2781 4918 accederet
2804 4862 2987 4918 locum
3001 4865 3172 4921 daret.
3190 4866 3316 4922 Haec
3336 4866 3499 4937 plane
3513 4869 3586 4921 de

1996 4954 2161 5010 Marci
2192 4954 2431 5026 ejusdem
2454 4954 2703 5011 videlicet
2731 4955 2875 5010 beati
2901 4955 3177 5013 Benedicti
3210 4959 3458 5030 discipuli
3490 4975 3580 5015 ve-

1995 5057 2155 5102 nusto
2180 5046 2421 5101 carmine
2456 5046 2569 5117 jam
2588 5045 2993 5113 defloravimus,
3014 5049 3141 5119 quia
3181 5050 3234 5104 in
3274 5054 3585 5108 veneranda

1994 5137 2340 5208 Gregoriana:
2363 5138 2607 5192 historiae
2621 5137 2764 5193 serie
2787 5138 3008 5193 minime
3044 5141 3362 5208 reperimus.

2066 5227 2249 5298 Nuper
2270 5228 2434 5283 etiam
2456 5226 2609 5296 juxta
2641 5225 2923 5296 praefatum
2955 5229 3134 5283 Casini
3169 5233 3368 5285 montis
3389 5246 3584 5287 emno-

1995 5318 2167 5384 bium,
2205 5319 2337 5374 satis
2381 5319 2596 5390 insigne
2628 5319 2948 5374 miraculum
2990 5322 3240 5392 contigit,
3287 5324 3430 5393 quod
3471 5341 3579 5380 net.

1997 5415 2094 5467 abs
2117 5427 2173 5466 re
2199 5412 2311 5466 ﬁerl
2353 5411 2645 5475 credimus,
2666 5411 2712 5465 si
2746 5413 2811 5466 ad
2837 5412 2975 5483 ejus,
3002 5415 3091 5483 qui
3120 5415 3383 5471 mirabilis
3413 5425 3496 5471 est
3523 5437 3579 5471 in

1996 5505 2199 5561 sanctis
2218 5502 2331 5558 suis
2352 5500 2523 5573 (Paul.
2544 5501 2734 5574 uvu),
2766 5502 2993 5573 gloriam
3019 5505 3337 5561 referamus.
3362 5507 3406 5561 A
3431 5507 3584 5578 prin-

1994 5594 2136 5664 cipiu
2167 5593 2277 5648 fere
2317 5591 2438 5646 Maii
2470 5592 2671 5647 mensis
2697 5607 2868 5663 usque
2906 5594 2973 5649 ad
3008 5595 3254 5665 quintum
3287 5597 3427 5651 diem
3451 5606 3580 5651 ante

1993 5685 2259 5740 Kalendas
2305 5682 2555 5754 Augusti,
2606 5682 2697 5739 vix
2756 5683 3046 5754 aliquando
3095 5686 3349 5759 pluvialis
3404 5688 3577 5742 inmer

1996 5777 2309 5835 tennissime
2337 5777 2529 5834 saltem
2565 5777 2869 5849 squalentia
2909 5795 3036 5837 rura
3070 5780 3363 5855 rigaverat.
3408 5780 3573 5837 Cum-

3519 395 3627 450 διδ
3720 378 3732 389 ’
