4070 6198
421 372 486 426 5‘3
495 374 522 426 ῗ

1104 372 1160 423 S.
1201 367 1401 425 PETRI
1434 368 1716 424 DAMlANl
1740 368 1891 423 OPP.
1933 365 2112 421 PARS
2151 365 2279 421 SEU
2310 358 2624 421 TOMUSH.
2658 394 2726 402 -—
2755 363 3146 418 SEilBlOXES.

3504 363 3509 369 ’
3582 363 3685 418 548

421 503 526 558 que
553 487 728 542 omnis
759 486 911 540 tellus
938 493 1229 546 arescet-et.
1256 495 1306 540 et
1339 483 1636 539 ferventius
1662 483 1824 539 solito
1847 497 1997 537 mun—
2030 483 2079 544 Α
2174 477 2232 532 ln
2281 477 2479 547 vigiliis
2528 476 2725 547 quippe
2753 476 2911 531 debet
2960 446 3265 532 celebrator
3302 476 3484 547 afﬂigi,
3540 489 3598 532 ut
3631 480 3685 535 in

423 582 524 635 dus
574 580 709 649 ignei
761 579 1025 633 caumatis
1069 578 1355 633 ardoribus
1402 566 1688 641 aastuaret,
1736 576 1844 640 die,
1896 590 2003 644 qua

422 672 794 741 praediximus,
825 670 1063 723 rusticus
1098 669 1342 737 quidam,
1380 676 1440 723 ut
1480 671 1674 724 uberes
1713 675 2004 738 proventus

427 764 540 817 suis
561 760 843 815 novalibus
867 759 1196 829 provideret,
1215 769 1498 830 postquam
1521 768 1731 827 segetes
1754 757 2002 820 messuit,

426 866 548 903 mox
577 849 819 919 stipulas,
852 864 972 917 qua:
996 858 1391 912 remanserant,
1423 848 1550 918 igne
1571 847 1867 903 succendit.
1899 845 2006 900 Be-

422 949 580 1008 peute
608 954 737 992 vero
757 939 971 992 ﬂamma
996 939 1249 1002 smt'icns,
1266 947 1375 992 tota
1402 939 1639 1008 undique
1661 953 1851 992 versus
1876 951 2006 991 arva

423 1030 703 1098 corripuit,
736 1042 790 1084 et
813 1046 934 1085 .non
964 1042 1217 1085 contenta
1254 1030 1530 1099 palearum
1561 1029 1775 1093 culmis,
1818 1027 1911 1082 sed
1951 1038 2008 1082 et

423 1118 610 1182 silvas,
665 1128 719 1172 et
766 1119 934 1175 saltus
982 1129 1038 1174 et
1093 1135 1320 1190 qumque
1361 1119 1577 1174 fuerant
1611 1120 1791 1183 obvia,
1838 1118 2010 1187 globis

423 1209 731 1265 furentibus
774 1210 1142 1281 conﬂagravit.
1175 1211 1421 1280 Cumque
1468 1211 1538 1265 ad
1589 1210 1643 1265 id
1694 1220 2009 1278 perventum

424 1309 601 1365 esset,
650 1311 709 1355 ut
753 1302 1006 1371 qum-libet
1055 1301 1352 1370 adjacentia
1410 1300 1742 1355 monasterio
1788 1298 2009 1367 jamjam

424 1407 561 1459 pene
593 1392 735 1460 ignis
770 1391 947 1462 lingua
989 1393 1372 1462 prolamberet,
1426 1400 1481 1444 et
1514 1407 1618 1445 non
1669 1391 1779 1461 jam
1816 1390 2012 1444 dubius

426 1482 544 1537 loco
592 1491 779 1535 sancto
847 1482 1097 1535 interitus
1148 1483 1483 1546 immineret,
1535 1481 1714 1535 subito
1759 1480 1813 1534 in
1868 1479 2012 1532 aeris

426 1571 679 1624 vastitate
728 1573 991 1625 nubecula
1024 1574 1202 1627 brevis
1249 1572 1403 1628 valde
1450 1580 1506 1626 et
1555 1572 1712 1626 exilis
1742 1572 2008 1640 apparuit,

428 1676 662 1729 moxque
690 1662 948 1730 paulatim
996 1663 1047 1716 in
1094 1665 1355 1732 ampliora
1391 1678 1450 1717 se
1492 1664 1798 1732 porrigens,
1849 1677 2013 1731 supra

431 1762 607 1807 totqu
661 1768 718 1806 se
766 1755 999 1823 undique
1035 1757 1348 1809 monasterii
1399 1757 1687 1810 circuitum
1745 1754 2010 1808 dilatavit.

2104 566 2446 622 solemnitate
2469 566 2644 620 valeat
2687 566 2965 638 gratulari.
3002 566 3155 621 Nunc
3183 567 3363 636 itaque
3392 568 3537 623 illius
3564 570 3689 624 ulti-

2105 676 2207 715 mre
2257 662 2692 725 resurrectionis,
2756 661 2866 716 veri
2918 661 3129 716 scilicet
3181 661 3422 728 Pascha»,
3476 665 3689 733 vigilias

2106 750 2353 815 colimus,
2383 749 2430 804 si
2454 749 2755 805 voluntates
2785 750 3031 820 proprias
3061 748 3391 820 frangamus,
3422 752 3463 804 si
3510 756 3690 809 carnis

2107 839 2366 909 impetum
2399 839 2755 903 refrenemus,
2787 840 2830 893 si
2862 838 3219 908 cogitationes
3244 854 3440 909 pravas
3466 856 3497 893 a
3526 846 3690 896 corde

2109 931 2455 1001 repellamus,
2494 946 2711 986 crucem
2749 941 2871 1000 post
2913 930 3122 996 Jesum,
3172 934 3535 1002 nosmetipsos
3561 933 3694 987 afﬂi-

2108 1024 2300 1093 gendo,
2355 1023 2521 1077 corde
2583 1021 2912 1089 baiulemus,
2964 1024 3009 1076 si
3077 1023 3311 1093 denique
3379 1026 3695 1081 studeannis

2108 1114 2501 1168 offendentibus
2525 1122 2772 1182 parcere,
2807 1114 3174 1185 indigentibus
3196 1117 3507 1182 subvenire,
3545 1119 3689 1173 veri-

2112 1215 2275 1260 tatem
2304 1220 2399 1259 ore
2428 1205 2694 1276 proferre,
2725 1207 3047 1261 cbaritatem
3075 1223 3182 1261 non
3236 1208 3416 1262 fictam
3448 1210 3500 1263 in
3532 1217 3698 1265 corde

2110 1311 2368 1350 servare:
2402 1298 2447 1350 si
2476 1312 2581 1350 non
2617 1311 2873 1351 vacemus
2919 1296 3134 1361 fabulis,
3168 1313 3275 1353 non
3306 1300 3488 1355 verbis
3514 1302 3697 1356 inten—

2111 1386 2302 1440 damus
2325 1387 2535 1450 otiosis,
2561 1402 2666 1440 non
2698 1399 2913 1442 terrena
2943 1388 3198 1457 qurelibct
3225 1392 3698 1461 concupiscamus,

2117 1490 2223 1530 non
2258 1477 2485 1545 negotias
2516 1477 2865 1531 saecularibus
2894 1492 2993 1531 nos
3031 1479 3395 1547 implicemus;
3440 1483 3484 1535 si
3535 1499 3702 1551 puras

2113 1575 2167 1618 et
2189 1567 2431 1634 quotidie
2449 1567 2559 1621 Deo
2582 1568 2812 1621 mundas
2840 1569 3154 1631 Studeamus
3180 1571 3455 1627 orationes
3476 1572 3697 1640 offerre,

2114 1658 2158 1711 si
2195 1659 2418 1712 verbum
2477 1660 2568 1712 Dei
2602 1668 2712 1714 toto
2757 1660 2941 1725 cordis
2990 1660 3182 1715 affectu
3226 1661 3433 1732 jugiter
3471 1664 3707 1720 delectet

2116 1750 2303 1804 audire
2341 1760 2399 1803 ut
2442 1750 2691 1805 Christus
2729 1753 2984 1806 audiatur
3028 1754 3081 1806 in
3111 1753 3311 1822 lingua,
3345 1754 3593 1812 Christus
3620 1759 3704 1812 vi—

430 1839 569 1908 Quid
599 1842 762 1896 verba
791 1842 992 1897 diutius
1019 1845 1367 1912 protraham?
1405 1844 1448 1900 0
1497 1844 1872 1899 inenarrabilis
1919 1859 2013 1897 su-
2048 1849 2091 1906 Β
2119 1841 2312 1894 deatur
2337 1843 2390 1894 in
2420 1841 2554 1905 vita,
2586 1840 2839 1896 Christus
2870 1843 2922 1895 in
2953 1843 3136 1908 corde,
3168 1844 3420 1900 Christus
3463 1848 3514 1899 in
3547 1862 3702 1902 voce.

429 1945 612 2000 perna:
639 1932 855 1986 virtutis
889 1933 1129 2002 potentia
1160 1934 1172 1986 ι
1198 1949 1232 1986 o
1265 1949 1537 2002 nunquam
1571 1933 1826 1988 deficiens
1855 1947 2017 2001 super

430 2022 633 2076 electos
660 2037 790 2077 suos
818 2023 994 2077 divina
1025 2022 1298 2078 custodia!
1333 2012 1587 2078 Protinus
1618 2038 1739 2079 sese
1768 2023 1940 2077 nubes
1964 2022 2015 2076 in

432 2112 762 2181 largissima'
792 2112 1083 2167 imbrifera:
1135 2115 1497 2168 inundationis
1547 2113 1744 2168 fluenta
1777 2111 2016 2174 resolvit,

433 2201 568 2254 adeo
611 2210 670 2254 ut
698 2218 806 2256 non
837 2203 995 2257 modo
1037 2203 1252 2258 voracis
1281 2203 1513 2258 incendii
1541 2201 1787 2256 ﬂammas
1813 2202 2021 2256 exstin-

431 2302 641 2363 gueret,
670 2295 765 2348 sed
790 2303 845 2348 et
872 2294 1089 2349 omnem
1111 2296 1285 2350 sancti
1307 2294 1408 2350 loci
1438 2296 1722 2350 circuitum
1752 2296 2022 2363 proﬂuen-

435 2384 568 2438 tium
598 2385 958 2453 procellarum
990 2388 1223 2456 copiosis
1262 2385 1710 2441 inundationibus
1748 2386 2017 2456 irrigarct.

434 2473 523 2537 Et,
562 2486 715 2529 utne
743 2476 867 2544 quis
908 2477 1148 2546 ambigat
1193 2479 1392 2532 nubem
1442 2478 1586 2531 illam
1638 2476 1846 2531 meritis
1876 2476 2021 2531 beati

434 2562 708 2618 Benedicti
773 2564 941 2620 fuisse
987 2565 1274 2635 prolatam,
1320 2576 1481 2634 atque
1529 2567 1595 2620 ad
1633 2566 1806 2622 solam
1847 2566 2021 2620 sancti

435 2654 537 2708 loci
595 2656 711 2725 ejus
766 2657 1095 2725 processisse
1152 2658 1478 2722 custodiam,
1528 2672 1651 2712 cum
1724 2666 1835 2710 tota
1898 2655 2020 2710 coeli

436 2744 644 2812 Sphaeri:
676 2748 935 2800 continua
964 2748 1203 2816 undique
1233 2748 1527 2803 serenitate
1556 2747 1906 2812 claresceret,
1943 2749 2023 2802 sic

435 2851 495 2890 se
519 2837 586 2889 ad
620 2838 933 2892 monasterii
964 2854 1275 2894 mensuram
1316 2841 1487 2894 nubes
1530 2839 1621 2893 illa
1657 2840 1919 2903 cohibuit,
1965 2847 2023 2893 ut

438 2928 669 2982 ubertim
713 2929 929 2998 quidem
960 2932 1164 2985 sanctis
1192 2932 1436 2986 mdiﬁciis
1466 2931 1768 3001 adiacentia
1795 2947 2023 3002 qumque

437 3019 805 3087 perfunderet,
861 3021 943 3074 ad’
978 3020 1207 3075 finitima
1256 3038 1384 3078 vero
1411 3032 1464 3078 et
1492 3025 1747 3078 continua
1773 3024 2025 3094 qualibet

438 3109 554 3163 loca
585 3110 802 3180 penitus
825 3125 931 3165 non
959 3111 1210 3166 stillaret.
1240 3113 1373 3167 Nam
1393 3123 1448 3169 et
1469 3114 1547 3179 hi,
1580 3114 1671 3184 qui
1701 3114 1767 3168 de
1795 3115 2024 3170 vicinio-

440 3202 590 3256 ribus
635 3202 766 3255 locis
807 3201 874 3255 ad
925 3205 1310 3274 protegendum
1365 3206 1754 3260 monasterium
1787 3204 2024 3274 undique
2055 3194 2101 3255 C

440 3293 804 3359 conﬂuebant,
830 3294 1169 3349 mirabantur
1217 3309 1277 3349 se
1332 3296 1514 3351 subito
1562 3294 1668 3367 41
1722 3294 2020 3359 madefieri,

440 3400 563 3438 cum
606 3395 830 3440 eatenus
860 3385 1059 3441 fuerint
1080 3402 1187 3441 non
1229 3388 1403 3457 aquis,
1435 3388 1529 3442 sed
1559 3388 1847 3444 sudoribus
1878 3387 2024 3442 tabe-

442 3476 591 3532 facti.

513 3567 684 3634 Quarti
717 3567 926 3623 firmam
953 3584 1100 3640 'ergo
1135 3569 1406 3634 fiduciam,
1437 3569 1637 3625 fratres
1668 3570 1795 3636 mei,
1826 3571 1879 3625 in
1914 3581 2022 3628 tam

443 3674 662 3717 strenuo
691 3675 852 3732 atque
894 3665 1139 3735 pervigili
1170 3681 1457 3736 possumus
1501 3666 1699 3720 habere
1749 3667 2018 3735 patrono!

443 3752 542 3818 Qui
574 3754 718 3807 enim
750 3754 1022 3809 saevientis
1049 3755 1281 3810 incendii
1311 3755 1556 3812 ﬂammas
1582 3771 1611 3809 ει
1644 3755 1826 3810 vilium
1857 3756 2027 3827 ligno—

444 3862 563 3900 rum
624 3847 707 3901 vel
764 3846 1000 3917 lapidum
1047 3847 1471 3918 conﬂagratione
1519 3848 1812 3918 prohibuit,
1863 3864 2024 3918 quam

446 3937 624 3991 valido
679 3948 931 4006 putamus
985 3937 1187 3992 auxilio
1225 3940 1435 3993 animas
1465 3948 1681 3992 nostras
1731 3939 1798 3992 ad
1839 3939 2030 4009 imagi-

446 4044 568 4082 nem
599 4029 690 4083 Dei
724 4029 896 4084 factas
934 4031 1000 4083 ab
1041 4030 1386 4084 aastuantium
1416 4030 1669 4083 vitiorum
1705 4031 1901 4084 ardore
1935 4033 2030 4085 deo

445 4116 658 4172 fendet!
723 4118 928 4173 Nubem
978 4119 1164 4183 movit,
1200 4119 1401 4173 imbres
1444 4119 1739 4188 expressit,
1783 4117 2029 4174 ﬂammas

444 4209 723 4273 exstinxit,
768 4209 1056 4263 aedificium
1088 4208 1353 4263 liberavit.
1393 4208 1475 4263 Tu
1506 4225 1742 4279 quoque,
1771 4211 1814 4265 si
1841 4210 2027 4265 incen-

449 4303 555 4355 tiva
583 4301 821 4355 libidinis
852 4301 904 4355 in
936 4302 1042 4355 tuis
1085 4301 1385 4356 visceribus
1418 4311 1670 4366 aestuant,
1701 4303 1745 4356 si
1773 4301 2028 4373 temphnn

446 4393 520 4446 tui
554 4392 788 4461 pectoris
840 4392 1094 4447 invadere
1128 4391 1400 4447 titillando
1446 4393 1601 4461 quasi
1634 4392 1921 4448 lambendo
1950 4390 2030 4446 fe-

446 4485 673 4547 stinant,
723 4493 778 4537 et
809 4484 894 4538 bis
941 4482 1165 4538 forsitan
1215 4484 1396 4538 anima
1441 4491 1532 4539 tua
1583 4484 1839 4538 ariditate
1858 4484 2028 4553 glabe-

2120 1931 2411 1986 Enimvero
2453 1933 2700 2003 quisquis
2733 1933 2848 1988 ιιωε
2883 1933 3170 2004 diligenter
3191 1936 3465 2000 observat,
3498 1937 3585 1992 ille
3613 1955 3716 1992 ve-

2122 2023 2324 2077 raciter
2363 2033 2581 2079 :eterna:
2613 2018 2924 2079 festivitatis
2964 2026 3179 2095 vigilias
3215 2029 3474 2083 celebrat.
3510 2030 3572 2083 Et
3614 2032 3711 2100 qui

2121 2114 2280 2167 modo
2315 2129 2439 2168 cum
2472 2113 2690 2169 Christo
2730 2129 2852 2169 sese
2880 2115 3212 2171 bumiliando
3240 2119 3551 2187 mortificat,
3582 2138 3715 2176 cum

2121 2220 2186 2261 eo
2215 2206 2374 2260 simul
2404 2221 2625 2262 necesse
2655 2217 2760 2273 cst,
2803 2217 3122 2280 consumpta
3162 2226 3386 2280 prorsus
3410 2214 3559 2268 omni
3586 2229 3721 2268 cor-

2120 2301 2392 2370 ruptione,
2426 2310 2691 2371 resurgat.

2194 2392 2302 2447 Has
2359 2394 2542 2464 igitur,
2594 2393 2795 2450 fratres
2847 2396 3174 2461 charissimi,
3231 2412 3445 2466 semper
3493 2398 3717 2466 vigilias

2122 2484 2493 2550 celebremus;
2524 2486 2591 2539 ad
2625 2489 3009 2555 capessendam
3041 2488 3184 2542 illius
3229 2498 3449 2543 aeterna:
3475 2489 3722 2543 felicita—

2124 2571 2194 2625 tis
2219 2572 2443 2642 gloriam
2470 2584 2582 2630 tota
2607 2577 2831 2646 spiritus
2853 2579 3078 2634 intentio
3103 2579 3387 2649 dirigatur,
3418 2592 3717 2650 quatenus,

2123 2664 2249 2718 dim
2283 2666 2587 2736 hujusmodi
2623 2671 2929 2741 peragendo
2973 2671 3205 2743 vigilias,
3256 2670 3439 2727 Jesum
3493 2688 3723 2742 semper

2124 2756 2418 2824 aspicimus
2440 2758 2494 2812 in
2521 2775 2680 2815 cruce
2705 2764 3049 2830 pendentem,
3077 2764 3328 2819 eumdem
3362 2766 3719 2833 postmodum

2125 2844 2266 2900 inter
2296 2848 2409 2916 ipsa
2436 2850 2792 2921 contemplari
2822 2852 3085 2907 solemnia
3115 2868 3426 2908 mereamur
3450 2855 3501 2906 in
3533 2863 3725 2921 pater-

2126 2951 2210 2990 na:
2233 2936 2417 3006 gloria:
2455 2940 2740 3009 majestate
2766 2951 3104 3011 regnantem.
3157 2942 3259 3009 Qui
3303 2959 3427 2997 cum
3458 2942 3622 2998 Patre
3655 2956 3726 2996 et

2128 3026 2334 3096 Spiritu
2397 3039 2588 3084 sancto
2622 3030 2759 3085 vivit
2799 3041 2856 3087 et
2903 3043 3095 3103 regnat
3150 3047 3247 3102 per
3284 3032 3460 3087 omnia
3514 3032 3724 3087 saecula

2134 3119 2476 3175 saeculorum.
2504 3120 2697 3176 Amen.

2872 3212 2962 3267 IX.

2153 3302 2263 3375 42
2300 3319 2519 3359 ιιοιιιιιΑ
2558 3322 2626 3360 Α»
2665 3321 2914 3361 nouorum
2953 3322 3024 3362 er
3063 3323 3275 3362 raunsu
3314 3322 3361 3362 s.
3404 3323 3684 3364 BENEDICTI

2358 3391 2579 3429 ABBATIS
2616 3392 2686 3430 ετ
2724 3391 3087 3433 εοιιιι-Ἒεδυιιιδ.
3129 3390 3251 3447 (XXI
3293 3380 3499 3445 nam.)

2201 3466 2353 3521 Dixit
2390 3466 2571 3522 Simon
2630 3467 2822 3524 Petrus
2878 3471 2947 3524 ad
2986 3469 3170 3525 Jesum
3214 3487 3232 3524 :
3269 3471 3402 3524 Ecce
3456 3488 3549 3525 nos
3594 3471 3725 3524 reli-

2124 3558 2332 3627 quimus
2356 3561 2531 3613 omnia
2556 3567 2604 3613 et
2644 3563 2805 3614 secuti
2835 3578 3015 3616 sumus
3048 3572 3115 3627 te,
3165 3571 3269 3615 etc.
3302 3553 3530 3631 (Matth.
3574 3563 3721 3632 six}.

2199 3650 2255 3705 In
2290 3650 2650 3721 hujnspatris
2695 3651 2863 3707 nostri
2909 3654 3180 3723 praecipua
3209 3654 3552 3708 solemnitate
3584 3655 3725 3709 totis

2127 3750 2272 3798 esset
2325 3741 2533 3798 viribus
2591 3742 3038 3809 incumbendnm,
3101 3745 3203 3798 nisi
3268 3744 3464 3799 nobilis
3530 3745 3723 3816 lingua

2127 3831 2372 3902 Gregorii
2403 3843 2571 3888 totum
2597 3834 2713 3903 ejus
2744 3834 3084 3889 itinerarium
3132 3850 3383 3891 sermone
3428 3838 3724 3906 magnifico

2128 3922 2431 3993 collegisset
2453 3923 2511 3992 (Ι.
2529 3940 2543 3977 ι
2559 3923 2699 3977 Dial.
2716 3926 3037 3994 pertotum).
3064 3926 3138 3980 lla
3153 3927 3299 3981 enim
3325 3936 3479 3981 actus
3502 3928 3642 3995 ejus,
3670 3932 3727 3981 et

2131 4014 2295 4067 vitam
2337 4014 2593 4069 undantis
2622 4015 2822 4084 eloquii
2857 4015 3109 4072 claritate
3136 4016 3400 4086 depinxit,
3426 4026 3484 4071 ut
3521 4028 3577 4072 et
3605 4027 3724 4088 sty-

2129 4102 2213 4157 lus
2257 4105 2648 4159 sententiarum
2693 4105 2976 4175 majestate
3023 4106 3300 4172 scintillet,
3330 4116 3386 4160 et
3435 4109 3728 4162 sententiae

2129 4195 2268 4268 stylo
2319 4186 2599 4252 reluceant
2646 4197 2884 4253 clariori.
2936 4199 3016 4254 Ex
3069 4199 3362 4254 abundanti
3416 4200 3579 4269 igitur
3612 4213 3722 4263 esr,

2130 4293 2253 4355 post
2300 4301 2487 4341 vocem
2531 4286 2665 4340 tanti
2686 4288 2791 4342 viri
2818 4287 3020 4358 aliquid
3040 4288 3262 4355 addere,
3294 4292 3346 4343 in
3383 4290 3536 4359 cujus
3566 4306 3727 4345 com~

2131 4377 2414 4445 paratione
2444 4392 2542 4430 nos
2564 4370 2669 4430 non
2709 4376 2882 4432 solum
2915 4377 3305 4448 incloquentes,
3330 4378 3424 4434 sed
3462 4390 3516 4435 et
3543 4386 3728 4434 mutos

2134 4485 2256 4523 esse
2311 4485 2417 4524 non
2482 4470 2815 4539 igndramus.
2866 4468 2981 4525 Hoc
3047 4480 3230 4525 tamen
3294 4472 3467 4526 solum
3519 4473 3729 4527 dixisse

445 4588 606 4628 secus
629 4582 683 4627 ει
714 4573 920 4642 torpida
950 4587 1055 4626 ηοη
1092 4573 1339 4640 resultat,
1373 4582 1498 4644 pem
1529 4574 1890 4644 lacrymamm
1930 4572 2031 4625 im-
2054 4548 2109 4609 D
2143 4560 2392 4626 sufficiat,
2442 4563 2566 4631 quia
2616 4560 2765 4617 solus
2792 4563 2892 4617 iste
2922 4562 3208 4617 militarem
3256 4578 3476 4618 manum
3505 4564 3730 4619 excelso

445 4661 621 4725 brem,
653 4661 835 4732 ﬂagita
854 4663 1072 4716 contriti
1098 4662 1279 4717 cordis
1306 4662 1640 4719 salutiferam
1666 4663 2034 4732 compnnctio-

448 4767 600 4815 nem,
635 4767 754 4820 qum
780 4751 1031 4806 videlicet
1083 4753 1336 4806 duritiem
1371 4754 1446 4808 tui
1473 4754 1622 4809 saxei
1652 4754 1831 4809 cordis
1858 4753 2029 4808 emol-

447 4845 575 4909 liat;
607 4848 794 4914 sicque
819 4860 972 4899 mens
1005 4845 1154 4899 arida
1185 4845 1252 4898 ad
1294 4844 1645 4914 proferendas
1671 4859 1880 4915 segetes
1903 4846 2033 4900 boni

437 4936 627 5011 .operis
661 4937 973 4998 revirescet,
1009 4944 1065 4988 ut
1107 4933 1202 4988 fiat
1246 4934 1364 4999 tibi,
1411 4936 1555 5004 quod
1584 4951 1678 5004 per
1711 4937 2031 5006 prophetam

446 5027 709 5082 Dominus
757 5026 994 5095 loquitur
1028 5041 1041 5078 :
1078 5044 1096 5076 ι
1129 5026 1266 5089 Erit,
1296 5027 1493 5097 inquit,
1522 5027 1700 5082 anima
1739 5039 1848 5093 tua,
1892 5031 2034 5084 sicut

447 5117 638 5171 hortus
686 5117 938 5188 irriguus.
995 5125 1051 5170 et
1097 5117 1238 5171 sicut
1286 5114 1427 5181 fons,
1472 5117 1558 5170 cui
1619 5131 1723 5171 non
1778 5117 2034 5172 deficiunt

448 5222 602 5275 aqua:
631 5205 777 5272 (lsa.
836 5208 1020 5275 Lvni).
1047 5225 1066 5256 ι
1116 5205 1250 5261 illud
1295 5207 1484 5268 etiam,
1525 5206 1668 5274 quod
1713 5205 1838 5260 alibi
1884 5205 2033 5260 Scr:-

448 5307 607 5366 ptura
633 5297 804 5350 dicit:
840 5316 857 5348 ι
891 5296 1024 5351 Cum
1052 5305 1108 5350 te
1134 5306 1508 5367 consumptum
1542 5296 1837 5366 putaveris,
1873 5295 2028 5365 quasi

452 5389 643 5443 lucifer
681 5391 876 5445 orieris
929 5390 1050 5460 (Job
1105 5392 1246 5458 κη.»
1297 5390 1391 5445 Sic
1439 5390 1643 5458 itaque,
1693 5389 2029 5445 dilectissimi

451 5478 650 5534 fratres
673 5482 800 5546 mei,
827 5490 1139 5537 sanctorum
1161 5481 1478 5537 Studeamus
1501 5482 1777 5537 celebrare
1800 5481 2028 5551 vigilias,

456 5581 515 5622 ut
570 5569 642 5623 illi
679 5587 903 5625 somnne
962 5586 1027 5624 ac
1075 5573 1345 5626 continua:
1397 5572 1744 5636 solemnitati,
1801 5586 1921 5641 qua:
1978 5572 2031 5624 in

453 5659 763 5715 ctelestibus
798 5660 997 5729 agitur,
1035 5662 1099 5715 de
1128 5663 1275 5717 omni
1315 5663 1423 5718 vita
1451 5672 1633 5720 nostra
1670 5677 1825 5733 unas,
1871 5673 1929 5718 ut
1956 5663 2029 5743 ita

454 5750 667 5820 loquar,
690 5751 901 5816 vigilias
924 5748 1206 5807 faciamus.

2135 4652 2372 4722 Principi
2406 4652 2618 4707 caeteris
2650 4653 3014 4707 abundantius
3041 4655 3410 4722 priesentabit,
3456 4663 3511 4707 et
3542 4668 3729 4707 mona-

2137 4744 2361 4797 chorum
2410 4743 2623 4809 turmis,
2654 4744 2974 4814 angelorum
3026 4760 3175 4799 more
3204 4745 3523 4807 viventibus,
3558 4745 3732 4800 oculos

2136 4848 2256 4887 rum
2300 4831 2612 4904 adimplebit
2663 4834 2884 4903 palatia.
2939 4834 3110 4902 Quam
3142 4837 3308 4905 igitur
3352 4834 3624 4907 refulgens
3671 4847 3730 4891 et

2137 4924 2447 4995 splendidus
2525 4925 2681 4980 miles
2731 4927 2930 4982 astahit
3006 4928 3354 4998 imperatorio
3426 4928 3726 4995 tribunali,

2138 5017 2327 5087 plenus
2359 5017 2583 5072 inﬂuitis
2623 5018 2928 5081 virtutibus,
2957 5019 3263 5089 agminibus
3304 5019 3601 5073 lnnumeris
3632 5035 3730 5074 eoo

2140 5110 2387 5173 mitatns,
2443 5110 2787 5166 consiliarius
2817 5111 2982 5181 regis,
3012 5111 3212 5185 judieis
3252 5112 3728 5178 amicus,inimicus

2139 5199 2313 5255 hostis
2346 5201 2553 5272 antiqui
2571 5203 2584 5254 !

2210 5288 2287 5344 De
2325 5305 2391 5345 eo
2442 5289 2619 5360 plane,
2678 5304 2907 5362 eumque
2948 5293 3299 5364 sequentibus
3347 5291 3485 5346 dixit
3532 5293 3725 5346 Simon

2138 5381 2331 5438 Petrus
2379 5384 2446 5438 ad
2496 5382 2677 5437 Jesum
2711 5400 2723 5435 :
2763 5402 2779 5434 ι
2818 5384 2955 5436 Ecce
3010 5399 3106 5438 nos
3173 5383 3491 5452 reliquimus
3541 5386 3726 5439 omnia

2140 5473 2354 5547 (Matth.
2381 5475 2516 5545 xix).
2554 5494 2572 5526 ι
2607 5476 2795 5529 Aniica
2823 5491 3046 5545 prorsus
3089 5476 3455 5533 confabulatio
3485 5476 3730 5533 Simonis

2140 5558 2205 5620 ad
2233 5565 2438 5629 Jesum,
2483 5574 2539 5619 et
2584 5580 2762 5619 sermo
2790 5568 2933 5620 omni
2961 5571 3200 5621 oratorio
3243 5567 3378 5622 ﬂore
3409 5571 3721 5633 venustior;

2140 5657 2438 5727 dignusque
2470 5656 2656 5711 Simon
2697 5657 2787 5724 qui
2822 5671 2949 5710 cum
2984 5655 3268 5714 Salvatore
3298 5660 3509 5729 plenius
3547 5661 3727 5730 prolo-

2149 5758 2382 5817 quatur;
2436 5745 2621 5801 Simon
2674 5761 2903 5817 namque
2952 5748 3216 5818 obediens,
3256 5747 3414 5807 Jcsus
3466 5752 3701 5807 salvator
