4070 6198
449 401 546 458 551

1114 397 1174 452 S.
1200 393 1402 450 PETRI
1451 391 1732 448 DAMIANI
1785 388 1938 446 Ol'P.
1981 381 2157 440 PARS
2189 383 2318 439 SEU
2354 382 2594 439 TOMUS
2628 381 2690 435 ll.
2719 412 2784 420 —
2817 379 3208 436 SERMONES.

3610 385 3711 440 552

450 518 897 580 regenerationes.
929 505 994 560 Et
1030 506 1081 558 in
1108 504 1458 575 generatione
1505 501 1742 570 quidem,
1772 513 1932 566 quam
1957 510 2023 550 ex
2050 503 2098 557 Α
2131 493 2442 562 ﬁgmenturn
2463 500 2739 580 “nostrum
2770 489 2939 556 (Psal.
2971 491 3094 557 cn),
3144 492 3398 580 quoniam
3437 492 3712 555 dilationis

449 601 630 654 radice
660 598 844 650 vitiata
876 595 1268 657 contrahimus,
1297 608 1496 662 corpus
1527 590 1880 651 mortalitate,
1906 587 2022 641 ani-

448 705 534 743 ma
570 696 744 741 autem
768 687 1051 754 iniquitate
1078 685 1332 754 repletur.
1364 683 1421 736 ln
1454 681 1866 752 regeneratione
1893 693 2024 731 vero

446 778 804 848 baptismatis,
833 778 918 830 ubi
964 791 1060 828 nos
1087 783 1301 843 oportet
1329 773 1474 827 nasci
1501 774 1676 826 denuo
1706 769 1888 841 (Joan.
1918 767 2023 835 ιιι),

447 851 639 922 animm
687 869 902 934 quidem
965 877 1226 934 purgatur
1277 864 1558 933 iniquitas,
1623 861 1715 915 sed
1781 858 2026 928 corporis

447 958 751 1013 mortalitas
798 973 902 1011 non
952 955 1211 1010 aufertur.
1265 953 1578 1008 Necessaria
1627 959 1708 1005 est
1753 966 1883 1020 ergo
1924 949 2026 1003 alia

448 1049 804 1117 regeneratio,
861 1049 974 1102 sive
1011 1047 1365 1110 resurrectio,
1417 1044 1472 1098 in
1527 1060 1632 1113 qua
1687 1043 2030 1112 reperientur

446 1139 609 1192 etiam
641 1152 870 1206 corpora
903 1137 1237 1206 conﬁgurata
1277 1135 1488 1204 corpori
1521 1134 1786 1189 claritatis
1825 1134 2028 1189 Christi

447 1227 614 1298 (Phil.
647 1229 754 1298 ιιι),
782 1229 826 1282 si
871 1237 1049 1282 tamen
1096 1227 1259 1280 corda
1291 1226 1444 1295 prius
1495 1224 1698 1279 fuerint
1737 1224 2028 1278 reformata

446 1319 516 1374 ad
582 1319 1052 1378 mansuetudinem
1099 1326 1154 1371 et
1207 1316 1590 1370 humilitatem.
1638 1315 1817 1369 cordis
1863 1314 2031 1383 ipsius

446 1412 670 1467 Christi.
697 1412 850 1466 Unde
871 1419 921 1464 et
952 1411 1165 1473 beatus,
1195 1410 1286 1477 qui
1332 1405 1492 1460 habet
1519 1415 1727 1474 partem
1755 1405 1807 1457 in
1842 1419 2029 1458 resur-

447 1503 688 1556 rectione
726 1502 899 1570 prima
942 1500 1125 1568 (Apoc.
1173 1497 1428 1569 xx),lpro
1457 1510 1523 1547 eo
1565 1494 1751 1562 utique
1777 1493 2030 1561 quoniam

446 1591 662 1644 futurus
706 1600 787 1644 est
814 1589 1088 1658 particeps
1120 1595 1173 1642 et
1214 1586 1482 1638 secundae.
1509 1585 1565 1637 In
1588 1583 1691 1637 hac
1723 1597 1852 1652 ergo
1882 1596 2036 1652 rege-

446 1680 726 1735 neratione
753 1694 874 1733 cum
909 1677 1116 1731 sederit
1158 1675 1299 1729 ﬁlius
1323 1674 1576 1737 hominis,
1606 1681 1712 1727 etc.

520 1767 632 1822 Hoc
662 1776 745 1822 est
769 1767 910 1837 quod
948 1765 1054 1819 alio
1083 1765 1134 1819 in
1169 1765 1284 1819 loco
1314 1763 1595 1832 Scriptura
1618 1761 1866 1832 loquens,
1897 1780 1915 1812 ι
1933 1775 2033 1831 pro

2126 594 2309 634 moras
2355 577 2772 648 pusillanimitas
2801 586 2984 632 nostra
3038 591 3145 630 non
3177 578 3448 646 sustinet;
3489 582 3713 654 ideoque

2127 669 2463 739 benignitate
2515 683 2611 723 sua
2643 668 2769 722 huic
2797 683 3013 737 quoque
3036 668 3220 722 obviat
3270 669 3604 740 cogitationi,
3657 684 3712 730 et

2127 761 2366 815 occurrit
2394 759 2559 814 etiam
2590 773 2658 813 ex
2703 759 2804 812 hac
2850 769 3035 828 parte,
3089 758 3318 814 dicens:
3360 779 3379 811 ‹
3417 761 3484 816 Ει
3513 767 3712 834 omnis,

2127 853 2219 922 qui
2271 851 2553 920 reliquerit
2606 853 2848 916 domum,
2889 860 2984 906 aut
3015 865 3246 922 patrem,
3306 865 3402 908 aut
3457 866 3712 923 matrem,

2130 953 2222 998 aut
2249 943 2496 1008 fratrem,
2525 951 2618 996 aut
2643 958 2886 1005 uxorem,
2945 953 3035 996 aut
3065 959 3248 1013 agros,
3298 955 3390 1000 aut
3424 945 3560 1001 ﬁlios
3585 964 3712 1017 pro-

2130 1043 2250 1104 pter
2303 1048 2498 1088 nomen
2540 1048 2743 1097 meum,
2799 1035 3108 1102 centuplum
3141 1035 3404 1103 accipiet,
3462 1045 3516 1091 et
3543 1039 3713 1093 vitam

2130 1134 2388 1180 aeternam
2419 1124 2712 1195 possidebit
2741 1122 2953 1192 (.llauh.
2987 1126 3122 1194 xix).
3162 1147 3180 1177 ι
3213 1147 3231 1177 ι
3261 1125 3605 1183 Obstructum
3630 1141 3720 1185 est

2132 1227 2281 1273 certe
2311 1232 2373 1273 os
2416 1216 2752 1286 loquentium
2789 1217 2970 1287 iniqua
3011 1217 3186 1288 (Paul.
3235 1221 3386 1289 un).
3439 1241 3457 1272 ›
3489 1220 3718 1293 Jamque

2133 1306 2534 1363 confundantur
2601 1322 2793 1362 omnes
2855 1309 3038 1377 iniqua
3099 1321 3320 1380 agentes
3385 1328 3725 1382 supervacue

2134 1397 2304 1468 (Psal.
2368 1399 2541 1469 xxiv).
2604 1398 2876 1454 Habemus
2930 1400 3074 1453 enim
3120 1401 3532 1469 promissionem
3595 1405 3722 1460 vitae

2136 1489 2318 1557 hujus,
2362 1504 2482 1558 qum
2520 1505 2663 1543 nunc
2692 1498 2792 1553 est,
2824 1490 3029 1558 pariter
3055 1499 3110 1545 et
3154 1489 3346 1545 futurae
3374 1491 3423 1562 (1
3453 1492 3587 1546 Tim.
3615 1499 3718 1564 tv),

2134 1578 2588 1648 manifestumque
2617 1591 2701 1635 est
2742 1581 3022 1649 prtesentis
3050 1583 3308 1651 temporis
3337 1597 3456 1637 esse
3481 1585 3721 1654 centupli

2134 1671 2546 1741 promissionem
2576 1687 2640 1728 ex
2691 1686 2756 1726 eo
2785 1673 3039 1726 nimirum
3081 1673 3223 1742 quod
3267 1674 3556 1744 sequitur:
3602 1695 3620 1726 ‹
3654 1675 3728 1728 Et

2135 1761 2300 1815 vitam
2330 1770 2589 1816 :eternam
2623 1761 2941 1831 possidebit.
2979 1781 2998 1814 ι
3037 1760 3140 1816 Sed
3189 1778 3255 1817 ne
3285 1764 3408 1832 quis
3435 1763 3732 1819 obstinatis

447 1859 784 1922 confusione,
835 1857 1030 1926 inquit,
1063 1856 1256 1925 duplici
1281 1863 1336 1910 et
1357 1854 1554 1908 rubore
1581 1852 1878 1906 laudabunt
1907 1866 2033 1920 par-
2063 1861 2111 1921 B
2138 1849 2510 1904 dissimulandi
2565 1849 2716 1905 locus
2749 1859 3045 1915 remaneat,
3097 1851 3235 1906 vado
3263 1854 3330 1905 ad
3363 1851 3722 1922 Evangelium

447 1961 554 2004 tem
593 1965 744 2004 suam
777 1948 921 2020 (lsa.
962 1949 1103 2017 LXI).
1141 1966 1158 1999 ι
1209 1947 1324 1999 Duo
1352 1946 1494 1999 enim
1544 1943 1706 1997 habet
1750 1951 2034 2013 paupertas

447 2039 787 2106 sequentium
821 2040 1127 2103 Dominum,
1168 2035 1511 2090 alllictionem
1538 2033 1786 2088 videlicet
1831 2043 1886 2087 et
1914 2034 2033 2087 vili-

447 2135 636 2182 tatem.
661 2126 815 2181 Unde
843 2126 1111 2195 Propheta
1137 2143 1150 2179 :
1204 2143 1224 2175 ‹
1253 2124 1406 2188 Vide,
1439 2123 1635 2192 inquit,
1679 2119 2034 2177 hutnilitatem

448 2232 624 2272 meam
675 2227 732 2271 et
776 2217 1018 2270 laborem
1064 2230 1244 2270 meum
1277 2213 1451 2284 (Psal.
1485 2213 1653 2283 xxxv).
1685 2231 1704 2263 ι
1743 2211 2034 2282 Pmpterea

447 2311 613 2379 igitur
653 2311 704 2364 in
757 2321 902 2365 terra
947 2326 1040 2366 sua
1079 2309 1311 2379 duplicia
1350 2308 1703 2378 possidebunt
1731 2306 1865 2378 (l‘sa.
1901 2306 2030 2378 ut),

447 2413 507 2456 ut
547 2419 643 2471 pro
682 2402 886 2456 vilitate
912 2402 982 2456 sit
1029 2402 1205 2456 honor
1249 2399 1553 2468 judiciariae
1582 2400 1887 2470 potestatis,
1935 2413 2036 2469 pro

447 2491 735 2547 alllictione
765 2492 1106 2560 refrigerium
1137 2490 1518 2562 placidissima!
1544 2489 1822 2545 sessionis.
1853 2488 2038 2554 Quan-

449 2584 516 2637 do
542 2583 706 2652 igitur
748 2583 1056 2638 sedehintus
1089 2595 1207 2646 nos,
1241 2597 1469 2651 quorum
1517 2582 1675 2636 modo
1699 2594 1796 2634 nec
1819 2594 2034 2647 corpus,

448 2689 550 2728 nec
597 2673 776 2727 anima
836 2673 1011 2738 sedet,
1072 2673 1126 2726 in
1173 2672 1367 2742 quibus
1419 2673 1662 2726 sedatum
1707 2669 1860 2735 nihil,
1902 2668 2036 2723 nihil

449 2765 711 2833 quietum,
746 2764 878 2817 nihil
925 2765 978 2818 in
1009 2764 1197 2818 eodem
1243 2773 1386 2817 statu
1432 2762 1759 2832 permanet?
1810 2761 2036 2827 Quando

449 2852 804 2908 liberabimur
837 2853 903 2905 ab
935 2852 1303 2920 inquietudine
1332 2852 1645 2907 mobilitatis
1679 2851 1877 2921 hujus?
1907 2850 2036 2906 Cor-

449 2957 554 3014 pus.
603 2943 745 2996 enim
792 2949 1034 2996 nostrum
1078 2942 1270 2996 sedere
1341 2957 1445 2995 non
1501 2941 1851 3011 permittitur,
1912 2955 2036 2994 cum

451 3032 581 3085 illud
614 3032 870 3102 impediat
914 3041 970 3086 et
1006 3031 1291 3102 praesentis
1320 3045 1512 3086 sensus
1555 3030 1755 3084 doloris
1781 3039 1835 3084 et
1860 3029 2038 3083 futura

451 3123 644 3178 mortis
684 3123 951 3188 anxietas,
1000 3122 1256 3192 quoniam
1305 3121 1558 3192 passibile
1590 3131 1674 3176 est
1707 3130 1760 3176 et
1790 3121 2034 3176 mortale.

2139 1944 2434 1997 secundum
2471 1941 2740 2004 Marcum,
2785 1941 2877 1996 ubi
2906 1951 3091 2011 aperte
3123 1940 3430 1998 declaratur
3462 1946 3729 2014 temporis

2141 2031 2302 2101 hujus
2357 2045 2477 2086 esse
2532 2031 2770 2102 centupli
2807 2033 3238 2102 promissionem.
3289 2033 3379 2087 Ait
3438 2035 3582 2088 enim
3617 2037 3727 2091 Do-

2139 2121 2359 2175 minus:
2395 2137 2414 2171 ‹
2445 2119 2615 2175 Nemo
2641 2131 2742 2186 est,
2778 2122 2869 2190 qui
2915 2121 3193 2190 reliquerit
3222 2133 3451 2193 patrem,
3482 2135 3577 2194 aut
3607 2141 3729 2178 rna-

2140 2217 2300 2274 trem,
2331 2217 2425 2262 aut
2464 2208 2632 2274 ﬁlios,
2675 2218 2770 2264 aut
2805 2225 2963 2279 agros
3011 2221 3228 2280 propter
3276 2226 3362 2266 me
3404 2221 3460 2266 et
3503 2225 3731 2283 propter

2139 2300 2512 2372 Evangelium,
2543 2301 2633 2370 qui
2670 2316 2774 2354 non
2801 2301 3032 2371 accipiat
3054 2302 3258 2356 centies
3288 2311 3494 2356 tantum
3525 2320 3540 2368 ;
3578 2319 3729 2358 nunc

2140 2390 2193 2444 in
2229 2391 2332 2446 hoc
2368 2400 2607 2460 tempore
2633 2391 2822 2445 domos
2842 2432 2856 2456 ,
2884 2400 2938 2446 et
2969 2391 3185 2455 fratres,
3229 2412 3248 2444 ι
3278 2401 3384 2448 etc.
3416 2393 3607 2463 (Marc.
3643 2396 3725 2464 κ).

2141 2482 2226 2544 Ει,
2291 2491 2351 2534 ιιι
2381 2483 2551 2551 magis
2587 2482 2888 2546 miremini,
2946 2497 3044 2537 nec
3095 2483 3507 2553 promissionem
3557 2485 3729 2549 hanc,

2141 2572 2266 2626 licet
2294 2571 2453 2641 hujus
2483 2575 2553 2625 sit
2605 2572 2878 2641 temporis.
2939 2573 3177 2628 exhiberi
3221 2575 3288 2629 de
3340 2576 3730 2644 temporalibus

2139 2651 2439 2727 testiinetis,
2473 2663 2712 2716 additum
2742 2673 2826 2718 est
2853 2683 2866 2718 :
2913 2681 3034 2719 cum
3065 2669 3547 2736 persecutionibus.
3582 2669 3729 2736 Quid

2139 2758 2282 2812 enim
2314 2757 2367 2810 in
2396 2759 2774 2826 persecutione
2804 2759 2962 2829 positi
3015 2769 3240 2814 terrente
3264 2762 3575 2815 substantia!
3599 2778 3732 2816 san-

2141 2847 2213 2903 cti
2267 2855 2539 2917 martyres
2590 2859 2939 2918 acceperunt,
2993 2851 3207 2920 quando
3261 2859 3319 2904 et-
3345 2850 3458 2921 ipsa
3511 2867 3735 2921 quoque

2141 2946 2286 2991 terra
2325 2937 2603 2993 beatorum
2635 2953 2926 3007 corporum
2975 2940 3101 2995 data
3131 2950 3219 2995 est
3246 2941 3299 2995 in
3329 2957 3520 2997 manus
3551 2944 3734 2997 homi-
3793 2944 3807 2957 '

2141 3041 2298 3086 num,
2327 3025 2657 3096 impiorum?
2707 3028 2860 3094 Quod
2911 3043 3040 3099 ergo
3087 3029 3221 3084 dicit
3271 3031 3479 3085 centies
3515 3041 3730 3086 tantum

2142 3117 2352 3183 domos,
2388 3127 2479 3172 aut
2512 3119 2728 3183 fratres,
2763 3130 2895 3185 etc.,
2929 3121 3150 3175 minime
3178 3123 3473 3176 secundum
3502 3138 3730 3177 carnem
3805 3187 3816 3198 .

452 3211 558 3267 Sed
583 3220 636 3264 et
658 3212 878 3282 spiritus
905 3212 1018 3281 ipse
1045 3212 1245 3265 nullam
1270 3212 1431 3266 habet
1469 3212 1711 3280 requiem
1742 3214 1811 3266 ob
1848 3227 2040 3282 cxspe-
2066 3204 2111 3266 C
2145 3207 2368 3278 intelligi
2397 3223 2577 3278 posse,
2611 3209 2698 3263 vel
2749 3223 2816 3263 ex
2848 3224 2914 3264 eo
2946 3210 3292 3264 manifestum
3319 3221 3402 3266 est
3431 3214 3572 3282 quod
3599 3230 3735 3268 crn-

451 3301 740 3355 ctationem
763 3301 875 3370 spei
902 3309 955 3355 et
989 3301 1198 3355 timoris
1235 3300 1672 3355 sollicitudinem.
1715 3301 1832 3354 Erit
1859 3311 2039 3356 autem

450 3407 574 3447 cum
605 3392 782 3444 anima
817 3392 1136 3461 requiescet.
1156 3391 1209 3444 in
1257 3405 1352 3460 spe
1395 3391 1743 3460 singulariter
1774 3393 2039 3446 constitu‘

453 3491 506 3536 ta
561 3480 734 3552 (Psal.
789 3482 896 3548 tv);
943 3481 1111 3535 libera
1152 3480 1370 3549 quidem
1429 3495 1458 3534 a
1514 3481 1900 3545 sollicitudine,
1945 3482 2040 3536 sed

396 3616 404 3625 .
453 3587 560 3626 non
597 3573 666 3625 ab
703 3572 1127 3640 exspectatione.
1159 3571 1280 3625 Fiet
1307 3579 1488 3625 autem
1519 3572 1622 3625 hoc
1665 3581 1788 3640 post
1814 3580 2042 3626 mortem

454 3668 659 3727 carn's,
691 3663 784 3715 sed
811 3670 940 3715 ante
983 3661 1123 3714 diem
1149 3660 1359 3729 judicii.
1389 3661 1445 3714 ln
1477 3661 1566 3715 die
1588 3672 1770 3715 autem
1798 3660 1887 3715 illa
1917 3677 2041 3716 cum

455 3753 655 3804 sederit
697 3751 836 3804 lilius
883 3751 1138 3813 hominis,
1195 3750 1436 3820 perfecte
1489 3759 1544 3805 et
1573 3765 1645 3805 ex.
1689 3752 1837 3805 omni
1887 3762 2044 3819 parte

458 3842 786 3902 scdebimus.
815 3843 940 3911 quia
958 3856 1054 3896 nec
1080 3855 1277 3909 corpus
1300 3842 1502 3897 doloris
1525 3855 1685 3896 sensu
1715 3843 2040 3908 turbabitur,

458 3947 560 3986 nec
629 3931 941 3985 anxiabitnr
982 3931 1177 3984 timore
1227 3931 1440 3994 nmrtis,
1497 3930 1944 4000 impassibilitatis
1991 3941 2047 3988 et

459 4023 889 4078 immortalitatis
941 4022 1142 4092 duplici
1195 4022 1337 4077 stola
1367 4022 2047 4094 gloriﬁcatum,liberique

459 4114 686 4176 erimus,
735 4114 878 4181 quod
933 4112 1003 4166 ad
1038 4113 1273 4166 animam
1321 4112 1577 4182 pertinet,
1633 4114 1700 4168 ab
1759 4123 2044 4184 exspecta-

463 4203 610 4255 tione
635 4210 690 4255 et
715 4201 1080 4256 sollicitudine
1103 4203 1378 4267 universa,
1399 4202 1530 4256 nihil
1554 4204 1732 4257 minus
1762 4203 2044 4272 habentes,

464 4292 601 4346 nihil
633 4293 884 4362 deinceps
935 4291 1164 4360 periculi
1193 4301 1517 4356 metuentes,
1549 4292 1602 4345 in
1653 4293 2045 4362 perfectissima

465 4383 758 4437 securitate
783 4390 838 4435 et
863 4381 1209 4436 securissima
1259 4381 1608 4452 perfectione.
1641 4402 1659 4432 ι
1693 4382 1994 4449 Sedebitis,
2023 4404 2042 4436 ι

463 4473 572 4546 45
605 4474 676 4527 ait
701 4473 980 4536 Dominus,
1011 4473 1088 4526 ait
1117 4471 1349 4527 Veritas.
1377 4471 1647 4527 Solemnis
1677 4474 1864 4537 sessio,
1895 4484 2048 4544 grata

2144 3306 2255 3352 tum
2293 3309 2495 3354 matres
2526 3300 2723 3369 accipit
2766 3315 2946 3355 nemo.
2997 3301 3115 3356 Jam
3153 3317 3302 3366 vero,
3356 3305 3400 3358 si
3450 3320 3546 3373 pro
3577 3321 3736 3360 com-

2143 3388 2511 3444 municatione
2567 3391 2968 3460 possessionum
2999 3401 3055 3446 et
3082 3393 3385 3448 animorum
3415 3394 3730 3463 all'ectione,

2141 3490 2262 3546 qua:
2290 3479 2428 3532 inter
2456 3479 2658 3535 electos
2697 3491 2800 3547 est,
2851 3483 3261 3552 promissionem
3291 3488 3431 3541 hanc
3479 3488 3741 3546 volumus

2144 3566 2465 3638 intelligere,
2498 3565 2769 3639 aliquibus
2809 3571 3048 3639 quidem,
3081 3573 3175 3628 sed
3215 3590 3321 3629 non
3353 3578 3605 3631 omnibus
3634 3594 3732 3648 po-

2143 3659 2275 3713 terit
2312 3661 2624 3716 convenire.
2661 3660 2957 3718 Nonnullos
2983 3665 3127 3718 enim
3161 3677 3473 3722 sanctorum
3508 3679 3731 3724 terrena

2144 3751 2248 3806 hac
2271 3761 2325 3806 et
2353 3752 2588 3808 humana
2625 3754 2998 3810 consolatione
3055 3757 3302 3813 novimus
3352 3763 3610 3816 caruisse.
3668 3762 3730 3818 In

2145 3842 2306 3897 corde
2337 3857 2467 3914 ergo
2491 3851 2548 3898 et
2601 3846 2654 3898 in
2704 3845 2924 3900 homine
2953 3847 3196 3903 interiori
3227 3851 3535 3920 centuplum
3583 3852 3734 3906 istud

2147 3946 2359 4000 quaeras
2385 3949 2607 3990 necesse
2632 3945 2734 3999 est,
2771 3947 2830 3990 ιιι
2854 3937 3056 3992 habeas
3086 3954 3228 3995 nunc
3247 3943 3461 4010 quidem
3491 3942 3733 3998 fructum

2147 4031 2297 4076 tuum
2313 4024 2364 4078 in
2391 4024 2894 4095 sanctiﬁcationem,
2915 4029 3072 4084 ﬁnetn
3093 4046 3223 4086 vero
3251 4032 3416 4084 vitam
3443 4041 3731 4087 retentam.

2218 4109 2318 4179 Qui
2349 4128 2480 4183 ergo
2510 4117 2749 4170 nondum
2781 4119 3086 4188 centuplum
3114 4130 3455 4190 acceperunt,
3485 4118 3736 4177 scruten-

2148 4211 2237 4256 tur
2262 4204 2428 4258 corda
2457 4219 2584 4270 sua,
2642 4213 2699 4260 et
2729 4208 2978 4262 universa
3014 4225 3266 4264 manuum
3295 4226 3514 4265 suarum
3551 4215 3734 4269 studia

2148 4293 2434 4362 diligenter
2459 4296 2791 4363 examinem,
2850 4313 2953 4353 nec
3001 4299 3222 4355 dubium
3273 4303 3402 4372 quin
3450 4303 3738 4360 inveniant

2151 4384 2403 4454 angulum
2443 4394 2498 4440 et
2547 4386 2940 4455 diversorium,
2970 4391 3113 4459 quod
3151 4390 3399 4447 Salvator
3425 4409 3528 4449 non
3557 4395 3733 4449 novit.

2153 4472 2258 4529 Sed
2289 4476 2472 4544 vulpes
2525 4476 2709 4534 foveas
2766 4479 2986 4545 habent,
3039 4492 3094 4536 et
3148 4483 3394 4539 volucres
3420 4486 3542 4540 cmli
3576 4487 3740 4542 nidos

464 4564 641 4633 quies,
673 4562 828 4632 plena
865 4560 1203 4616 sullicicntia.
1239 4582 1256 4614 ι
1282 4562 1399 4616 Filii
1433 4562 1742 4626 hominum,
1770 4577 2049 4633 usquequo
2075 4547 2126 4607 Ῑ)
2153 4562 2303 4634 (Luc.
2339 4565 2437 4632 Ix).
2470 4565 2637 4636 Magis
2663 4578 2844 4623 antem
2879 4570 3174 4640 peﬂ‘tectius
3198 4573 3506 4644 relinquant
3525 4577 3734 4644 omnia,

466 4657 614 4727 gravi
646 4655 831 4719 corde,
885 4664 945 4707 ut
970 4655 1097 4721 quid
1145 4653 1367 4725 diligitis
1394 4655 1688 4718 vanitatem
1718 4663 1774 4708 et
1810 4655 2053 4722 quaaritis

467 4743 850 4798 mendacium?
881 4762 898 4794 ι
930 4741 1104 4813 (Psal.
1136 4743 1233 4812 tv.)
1271 4742 1512 4797 Gloriam
1541 4742 1707 4808 enim,
1735 4757 1856 4811 quae
1885 4743 1951 4798 ab
1977 4744 2055 4798 in-

467 4835 642 4889 vicem
684 4844 788 4899 est,
845 4834 1108 4903 quaeritis,
1161 4849 1355 4888 vanam
1389 4833 1574 4903 utique
1605 4842 1658 4887 et
1711 4835 2048 4902 mendacem,

469 4925 724 4993 quoniam
755 4925 874 4977 vani
900 4924 991 4977 lilii
1019 4924 1321 4986 hominum,
1350 4925 1636 4978 mendaces
1658 4923 1752 4978 ﬁlii
1775 4924 2049 4980 hominum

472 5013 646 5086 (l’sal.
677 5015 809 5086 LXI),
866 5025 920 5069 et
967 5015 1230 5084 gloriam,
1287 5030 1407 5084 quae
1436 5030 1472 5067 a~
1499 5015 1612 5070 solo
1641 5016 1749 5068 Deo
1786 5025 1890 5081 est,
1951 5033 2055 5071 non

473 5109 658 5171 vultis,
688 5108 913 5177 gloriam
945 5107 1061 5161 sine
1093 5108 1255 5162 dubio
1289 5115 1592 5161 manentem
1621 5118 1676 5161 et
1713 5123 1917 5161 veram.
1959 5109 2058 5164 Mi-

475 5199 582 5250 seri
607 5205 661 5250 et
684 5195 1042 5260 tiiisCI'abiles,
1087 5197 1180 5264 qui
1209 5211 1308 5266 pro
1335 5196 1483 5249 brevi
1526 5195 1797 5265 voluptate
1848 5207 2057 5253 torren-

479 5299 586 5341 tem
615 5289 838 5357 perditis
874 5287 1185 5358 voluptatis,
1239 5299 1290 5343 ct
1323 5289 1564 5343 divinam
1591 5291 1743 5344 vobis
1771 5291 2056 5345 interrum-

478 5379 606 5448 pitis
637 5379 1090 5443 miscricordiam,
1121 5389 1178 5434 ut
1230 5396 1500 5449 nunquam
1532 5382 1803 5436 satiemini
1833 5384 1901 5437 ab
1928 5382 2056 5438 ube-

483 5468 632 5522 ribus
661 5469 1047 5523 consolationis
1075 5468 1190 5536 ejus
1220 5469 1235 5531 (
1267 5468 1377 5524 lsa.
1412 5484 1536 5524 uvt
1563 5469 1604 5542 ).

555 5557 661 5611 Sed
693 5572 760 5612 ne
789 5573 998 5629 magna:
1023 5559 1399 5628 promissionis
1445 5559 1782 5614 dulcedinem
1811 5561 2056 5632 longani-

482 5651 589 5704 mis
615 5653 946 5721 exspectatio
975 5661 1380 5720 contorqueret,
1399 5655 1603 5708 mentis
1631 5664 1826 5710 nostrae
1855 5655 2060 5710 mobili-

483 5749 649 5798 tatem
682 5758 932 5798 sermone
966 5752 1227 5812 temperat
1278 5743 1524 5798 dulciori.
1571 5743 1728 5799 Novit
1773 5746 1918 5800 cnim
1947 5747 2059 5816 ipse

2153 4673 2259 4714 non
2287 4670 2533 4727 quaerant
2559 4676 2681 4731 qua:
2718 4677 2812 4718 sua
2847 4675 2992 4729 sunt,
3025 4666 3160 4720 nihil
3191 4668 3292 4722 sibi
3329 4669 3619 4731 retineant,
3650 4672 3740 4726 ni-

2151 4747 2227 4801 hil
2267 4747 2406 4802 aliis.
2442 4749 2580 4804 Sunt
2636 4752 2782 4806 enim
2810 4753 3056 4824 plerique
3107 4757 3220 4826 qui,
3279 4757 3406 4813 licet
3455 4759 3736 4829 propriam

2152 4839 2531 4895 exaltationem
2555 4842 2989 4914 voluptatemque
3009 4848 3140 4902 satis
3166 4849 3486 4918 despiciant,
3513 4854 3741 4922 propin-

2151 4930 2274 4998 quis
2305 4940 2480 4985 tamen
2515 4931 2626 5003 46
2662 4934 2774 4988 suis
2802 4937 3196 5004 quodammodo
3223 4942 3457 4996 retinent
3479 4944 3622 5010 quod
3650 4944 3741 4999 de.

2157 5021 2390 5076 buerant
2443 5024 2746 5093 reliquisse,
2799 5028 3096 5098 incongrua
3131 5031 3491 5087 sollicitudine
3527 5046 3582 5088 et
3610 5035 3738 5090 reli-

2157 5111 2302 5179 gioni
2356 5114 2629 5167 contraria
2664 5129 2763 5183 pro
2815 5117 2896 5173 eis
2940 5119 3122 5188 utique
3152 5120 3478 5178 laborantes.
3534 5123 3739 5192 Quanti

2157 5201 2300 5255 enim
2331 5203 2738 5269 monachorum,
2776 5207 2901 5262 dum
2932 5211 3246 5277 parentibus
3288 5213 3400 5267 suis
3430 5214 3549 5283 plus
3587 5215 3740 5283 justo

2153 5291 2462 5357 consulunt,
2496 5308 2621 5348 snas
2640 5296 2846 5351 animas
2865 5298 3244 5366 perdiderunt?
3269 5301 3408 5374 Ergo
3432 5304 3741 5375 relinquant

2157 5380 2359 5445 omnia,
2387 5381 2556 5436 solum
2585 5395 2879 5454 sequantur
2903 5387 3198 5455 Christum,
3249 5391 3346 5446 soli
3385 5393 3601 5449 Christo
3626 5395 3742 5464 pla-

2159 5487 2284 5526 cere
2312 5477 2662 5541 contendant,
2693 5487 2749 5532 et
2771 5478 3109 5550 beneplacito
3140 5483 3432 5540 voluntatis
3466 5485 3582 5555 cjns
3611 5502 3726 5556 per-

2159 5563 2306 5632 vigili
2350 5567 2664 5622 adlnereant
2711 5569 3091 5637 sollicitudine,
3130 5574 3272 5630 haud
3331 5576 3552 5630 dubium
3603 5577 3739 5646 quin

2161 5657 2512 5724 experiantur
2563 5659 2706 5715 illico
2757 5664 2901 5730 quod
2967 5664 3418 5736 relinquentihust
3445 5671 3624 5724 onmia
3676 5678 3741 5724 et

2162 5748 2514 5815 sequentibus
2557 5763 2617 5804 se
2670 5749 2880 5807 Veritas
2937 5753 3224 5822 pollicetur
3263 5771 3278 5810 :
3331 5777 3350 5808 ι
3393 5757 3733 5828 Cenzuplmn,
