4070 6198
218 329 326 387 553

1805 327 2050 387 SERMO
2092 330 2160 386 Χ.

3628 337 3729 396 554

218 455 434 529 inquit,
465 453 703 527 accipiet
738 458 792 511 et
842 454 1016 512 vitam
1049 461 1322 514 mternam
1371 454 1680 529 possidebit
1715 456 2115 528 (Matth.Aper
2145 469 2417 512 universa
2450 456 2574 528 ejus
2619 457 2832 514 viscera
2864 458 3136 517 vitiorum
3163 458 3427 519 omnium
3463 475 3528 518 ac
3575 477 3736 520 mor-

221 548 367 618 XIX).
406 570 432 591 ιο
465 542 622 603 Illud
662 544 818 601 enim
852 545 910 602 in
959 544 1049 602 via
1077 545 1356 618 accipitur
1392 545 1462 602 ad
1496 543 1806 610 solatium;
1839 542 1936 600 illa

219 651 355 693 vero
385 634 458 692 ad
494 633 909 692 beatitudinem
941 634 999 690 in
1032 635 1214 707 patria
1251 633 1636 708 possidebitur
1679 634 1732 691 in
1768 639 1937 690 aeter-

215 740 380 783 num.
439 723 551 782 Sed
601 723 744 796 quid
794 730 878 781 est
921 726 1260 799 centuplum
1303 725 1477 793 istud,
1511 723 1625 782 nisi
1676 722 1938 782 consola-

215 816 424 883 tiones,
471 814 946 888 visitationesque
987 819 1042 872 et
1087 814 1358 888 primitias
1404 814 1661 887 spiritus,
1695 813 1799 888 qui
1838 828 1935 870 su-

215 919 318 976 per
371 901 486 960 mel
543 901 731 961 dulcis
783 909 886 965 est.
950 903 1062 962 nisi
1117 903 1512 962 testimonium
1569 899 1938 960 conscientiae

215 998 452 1062 nostra},
493 992 602 1050 nisi
651 992 803 1062 laeta,
845 1000 899 1050 et
942 993 1369 1066 jucundissima
1407 994 1698 1067 justorum
1733 1006 1934 1065 exspe-

213 1084 408 1154 ctatio,
441 1084 554 1142 nisi
599 1085 882 1144 memoria
932 1084 1306 1144 abundantiae
1358 1085 1657 1144 suavitatis
1706 1081 1830 1152 Dei,
1882 1087 1935 1139 et

213 1191 432 1248 magna
456 1191 592 1234 vere
620 1174 933 1252 multitudo
962 1175 1290 1235 dulcedinis
1319 1177 1462 1250 ejus,
1489 1190 1666 1250 quam
1696 1189 1801 1231 nec
1829 1187 1932 1229 ex-

216 1269 416 1342 pertis,
464 1281 695 1324 necesse
742 1275 824 1324 est
873 1267 1081 1335 dicere,
1122 1282 1230 1325 nec
1273 1267 1592 1341 inexpertis
1643 1265 1936 1338 [inexper-

216 1356 333 1427 tus]
383 1352 500 1412 illis
542 1351 734 1410 verbis
779 1352 1105 1426 exprimere
1153 1353 1458 1428 quisquam
1510 1359 1690 1427 potest
1729 1351 1758 1409 ?
1808 1349 1936 1409 Non

223 1450 403 1517 pater,
433 1458 549 1501 non
589 1448 792 1510 mater,
826 1456 944 1499 non
973 1442 1200 1511 domus,
1242 1457 1356 1500 non
1403 1457 1556 1516 ager,
1590 1457 1706 1500 non
1750 1439 1935 1511 cibus,

220 1541 324 1590 aut
363 1531 556 1600 vestis,
599 1546 714 1589 non
765 1529 1016 1602 denique
1065 1536 1359 1588 terrenum
1394 1532 1637 1605 aliquid,
1666 1540 1769 1592 aut
1811 1549 1936 1590 cor-

220 1621 436 1695 porale,
494 1619 590 1679 sed
636 1617 805 1693 plane
853 1618 944 1675 his
993 1619 1266 1678 omnibus
1306 1620 1720 1696 delectabilius,
1766 1637 1939 1696 super

223 1711 351 1768 haac
379 1708 578 1767 omnia
608 1707 838 1764 dulcius
865 1711 1038 1780 atque
1057 1708 1375 1778 jucundius
1403 1719 1504 1768 est.

2025 544 2151 603 talis
2187 543 2572 618 corruptionis
2621 561 2843 603 venena
2886 547 3135 607 ditl'udit.
3169 546 3379 608 Contra
3411 551 3517 609 hoc
3555 551 3734 626 igitur

2021 638 2231 696 lethale
2260 638 2420 696 virus
2454 640 2776 698 antidotum
2804 657 2834 698 a
2863 639 3187 700 Christiano
3219 643 3432 716 populo
3457 643 3732 715 sumitur,

2022 742 2123 799 per
2150 727 2301 801 quod
2333 727 2649 801 spiritualis
2681 729 2863 788 morbi
2908 729 3229 802 pestilentia
3261 731 3566 790 salubriter
3595 749 3733 791 evo-

2023 824 2230 874 matur.
2279 816 2473 891 Hujus
2521 818 2655 876 novi
2701 819 3040 877 sacramenti
3090 819 3306 878 virtute
3361 819 3729 892 fermentum,

2021 905 2169 964 illud
2223 906 2415 980 [illico]
2466 907 2862 965 condemnata
2909 907 3208 966 vetustatis
3253 907 3624 981 expellimus,
3670 918 3735 970 ut

2021 995 2091 1053 de
2131 996 2410 1054 servitute
2438 995 2509 1054 ad
2549 995 2870 1054 libertatem
2916 998 3155 1072 spiritus
3196 1006 3253 1056 et
3283 999 3355 1058 ad
3386 1016 3536 1059 nova
3571 1017 3732 1076 rege-

2022 1084 2338 1143 nerationis
2367 1100 2568 1158 azyma
2598 1090 2980 1144 transeamus.

2093 1173 2280 1231 Hodie
2336 1189 2564 1233 sacrum
2619 1174 2872 1234 chrisma
2925 1176 3248 1247 conficitur,
3302 1193 3403 1251 per
3463 1180 3617 1252 quod
3673 1179 3732 1238 in

2022 1263 2192 1322 nobis
2228 1263 2489 1321 omnium
2539 1263 2863 1324 caelestium
2905 1265 3323 1324 charismatum
3357 1270 3734 1329 sanctiﬁcatio

2023 1351 2400 1410 conﬁrmatur
2457 1351 2852 1427 [designatur].
2908 1353 3032 1413 Hoc
3090 1355 3357 1414 videlicet
3409 1356 3556 1417 illud
3611 1375 3734 1417 esse

2023 1452 2450 1502 sacrosanctum
2492 1445 2743 1502 chrisma
2788 1442 3170 1519 cognoscitur,
3202 1448 3356 1523 quod
3405 1464 3524 1507 non
3567 1449 3736 1508 modo

2023 1533 2359 1602 sacerdotes,
2413 1549 2574 1607 reges
2625 1541 2798 1607 atque
2853 1536 3152 1609 prophetas
3205 1536 3379 1594 unxit
3432 1538 3489 1594 in
3543 1537 3733 1597 Veteri

2023 1621 2408 1694 Testamento,
2448 1622 2546 1682 sed
2596 1624 2768 1682 etiam
2828 1630 3053 1682 sanctos
3103 1625 3408 1696 apostolos,
3458 1632 3738 1698 martyres

2023 1717 2078 1767 et
2138 1712 2490 1770 confessores
2552 1711 2928 1770 sanctiﬁcavit
2982 1713 3040 1770 in
3104 1711 3281 1771 Novo.
3344 1713 3528 1772 Hodie
3593 1714 3738 1788 [hoc]

293 1798 404 1857 Cui
447 1813 580 1856 vero
609 1798 691 1854 sic
730 1794 1052 1870 specialiter
1101 1801 1251 1855 totus
1291 1801 1638 1873 evangelica
1677 1798 2197 1869 lectionisBetiam
2257 1815 2362 1858 nos
2415 1801 2540 1858 oleo
2593 1799 2812 1858 divinae
2872 1800 3098 1859 virtutis
3151 1801 3512 1875 inungimur,
3559 1809 3621 1861 ut
3677 1804 3739 1862 in

218 1902 507 1946 excursus
563 1883 844 1958 assignari
899 1891 1098 1957 potest,
1150 1887 1636 1958 quemadmodum
1686 1887 1832 1960 patri
1885 1892 1940 1946 et

222 1973 498 2046 magistro
559 1979 752 2029 nostro
811 1971 972 2030 beato
1022 1971 1379 2032 Benedicto?
1429 1973 1537 2031 Hic
1600 1989 1632 2031 a
1694 1969 1941 2046 pueritia

218 2064 513 2124 mundum
553 2078 689 2122 cum
720 2063 859 2121 ﬂore
893 2063 1146 2136 reliquit,
1191 2070 1242 2120 et
1276 2070 1608 2121 currentem
1644 2061 1938 2120 Christum

217 2169 396 2212 cursu
453 2152 814 2224 rapidissimo
870 2158 1099 2210 secutus
1153 2159 1256 2222 est,
1308 2168 1412 2210 nec
1464 2152 1699 2224 destitit,
1759 2153 1942 2211 donec

217 2248 687 2315 consequeretur.
724 2240 864 2310 Quis
903 2241 1053 2298 inter
1075 2241 1402 2313 judicantes
1441 2241 1755 2300 sublimius
1780 2242 1939 2314 judi-

218 2334 373 2391 cabit
414 2333 445 2390 ?
490 2332 630 2402 Quis
675 2333 754 2389 ita
800 2331 1138 2404 centuplum
1181 2330 1239 2387 in
1302 2331 1407 2388 hac
1463 2332 1576 2389 vita
1629 2333 1878 2406 percepit
1916 2334 1942 2389 ?

217 2421 362 2492 Quis
405 2421 582 2478 vitam
613 2427 889 2478 aeternam
921 2419 1226 2492 gloriosius
1263 2418 1628 2492 possidebit?
1657 2420 1796 2495 Ejus
1832 2421 1940 2494 igi-

219 2521 318 2570 tur
347 2510 756 2569 intercessione
791 2525 913 2568 sum
943 2510 1144 2583 gratim
1181 2509 1501 2583 largitatem
1530 2511 1601 2568 ad
1643 2512 1944 2585 praesentis

221 2603 359 2661 vitae
406 2601 857 2660 consolationem
913 2607 968 2659 et
1017 2609 1251 2660 aeternas
1298 2602 1736 2674 possessionem,
1778 2602 1945 2661 nobis

217 2693 628 2751 administrare
677 2692 969 2766 dignetur,
1016 2693 1120 2768 qui
1177 2693 1350 2761 venit,
1403 2701 1464 2750 ut
1515 2693 1690 2751 vitam
1740 2695 1944 2753 habea-

224 2802 377 2856 mus,
413 2794 470 2843 et
519 2791 584 2843 ut
629 2785 1024 2845 abundantius
1068 2786 1385 2843 habeamus
1437 2790 1610 2859 (Joan.
1658 2790 1737 2860 X),
1778 2789 1947 2847 Jesus

218 2873 491 2933 Christus
560 2874 840 2934 Dominus
907 2881 1116 2943 noster,
1180 2874 1280 2948 qui
1354 2882 1439 2932 est
1493 2875 1829 2936 benedictus
1884 2878 1942 2934 in

219 2963 460 3021 saecula.
495 2963 703 3020 Amen.

909 3032 1156 3093 SEBMO
1194 3034 1266 3091 Χ.

586 3137 645 3182 1N
687 3135 870 3184 CCENA
905 3137 1128 3184 DOMINI.
1165 3130 1342 3195 (XXIV
1373 3127 1575 3197 MART.)

2025 1887 2342 1962 spiritualis
2391 1889 2673 1963 palaestrae
2723 1889 3035 1950 certamine
3078 1889 3452 1949 colluctantes
3495 1891 3566 1951 de
3609 1891 3745 1952 sub-

2025 1978 2165 2036 actis
2189 1985 2363 2053 atque
2406 1979 2682 2037 convictis
2723 1979 2984 2038 hostibus
3030 1979 3474 2054 triumphemus.
3507 1981 3589 2040 De
3624 1997 3741 2056 quo

2026 2066 2312 2126 nimirum
2342 2067 2468 2126 oleo
2499 2068 2772 2140 propheta
2811 2066 2950 2126 dicit
2978 2093 2990 2125 :
3025 2093 3049 2119 α
3086 2067 3511 2143 Computrescet
3529 2071 3741 2145 jugum

2027 2171 2060 2212 a
2114 2157 2254 2214 facie
2303 2157 2415 2214 olei
2467 2159 2618 2225 (Isai.
2673 2162 2761 2224 X).
2810 2180 2835 2206 η
2890 2156 3057 2228 Nam,
3104 2173 3239 2216 cum
3272 2174 3373 2231 per
3407 2159 3517 2216 hoc
3555 2158 3743 2218 divini

2027 2244 2354 2302 chrismatis
2424 2250 2847 2302 sacramentum
2921 2244 3200 2304 libertatis
3274 2245 3443 2304 nobis
3505 2246 3746 2320 spiritus

2029 2336 2307 2407 redditur,
2356 2337 2653 2396 servitutis
2699 2337 2958 2411 antiqua;
3002 2338 3209 2412 jugum
3255 2339 3317 2396 in
3373 2338 3742 2412 putredinem

2028 2441 2260 2484 necesse
2317 2430 2400 2484 est
2465 2425 2774 2499 redigatur.
2832 2424 2954 2484 Hoc
3017 2427 3358 2501 mysterium
3417 2426 3749 2485 chrismatis

2029 2515 2304 2589 propheta
2357 2514 2540 2574 David
2597 2514 2994 2573 indubitanter
3048 2515 3302 2588 agnovit,
3353 2531 3489 2574 cum
3550 2515 3749 2575 vultus

2033 2615 2228 2666 nostro
2265 2607 2324 2665 in
2353 2608 2480 2666 oleo
2511 2607 2923 2666 exhilarandos
2952 2624 3076 2666 esse
3107 2607 3358 2670 cantavit
3389 2611 3562 2677 (Psal.
3600 2614 3744 2678 CIII).

2034 2696 2346 2755 Enimvero
2374 2713 2508 2755 cum
2539 2697 2746 2755 mundi
2776 2697 3023 2755 crimina
3059 2697 3282 2756 diluvio
3315 2697 3612 2772 quondam
3641 2714 3748 2756 ex-

2033 2787 2332 2860 piarentur
2360 2785 2542 2844 effuso
2587 2787 2738 2858 (Gen.
2774 2787 2912 2859 vn);
2964 2785 3145 2845 futuri
3186 2787 3449 2845 muneris
3479 2786 3748 2846 columba

2034 2875 2481 2932 similitudinem
2511 2874 2785 2947 praetulit,
2815 2890 2949 2932 cum
2978 2875 3150 2933 olivae
3177 2890 3338 2934 ramo
3357 2891 3556 2950 pacem
3584 2876 3750 2935 terris

2034 2963 2316 3024 redditam
2365 2964 2674 3023 nuntiavit.
2726 2964 2826 3022 Ait
2870 2964 3029 3023 enim
3080 2962 3414 3036 Scriptura:
3472 2991 3492 3015 ει
3525 2965 3751 3040 Exspe-

2033 3054 2197 3113 ctatis
2249 3058 2442 3111 autem
2490 3053 2641 3111 ultra
2690 3058 2904 3125 septem
2949 3052 3156 3112 diebus
3204 3053 3355 3125 aliis,
3393 3070 3629 3114 rursum
3659 3054 3750 3112 di-

1967 3175 2010 3235 c
2036 3142 2194 3235 misit
2224 3141 2344 3200 Noe
2383 3141 2714 3200 columbam
2743 3157 2816 3199 ex
2861 3157 3010 3200 arca.
3059 3145 3133 3235 At
3160 3142 3262 3200 illa
3287 3144 3470 3235 venit
3509 3144 3579 3202 ad
3604 3158 3750 3235 eum

290 3230 508 3301 Hodie,
555 3230 758 3289 fratres
802 3230 1149 3301 charissinii,
1202 3231 1343 3289 dum
1395 3246 1578 3290 creua:
1627 3230 1944 3290 Dominicze
1974 3229 2104 3289 wad
2145 3245 2458 3304 vesperam,
2493 3235 2725 3302 portans
2766 3245 2990 3288 ramum
3040 3229 3210 3288 oliva:
3241 3231 3566 3290 virentibus
3597 3231 3756 3290 foliis

217 3319 512 3379 solemnia
565 3319 942 3392 celebramus,
991 3320 1242 3393 plurima
1295 3319 1575 3380 virtutum
1625 3321 1945 3380 cmlestium

220 3418 587 3468 sacramenta
634 3409 964 3468 recolimus.
1006 3409 1190 3468 Hodie
1239 3426 1492 3484 namque
1534 3409 1798 3469 Salvator
1842 3425 1946 3468 no-

221 3505 362 3570 ster,
405 3500 510 3571 qui
559 3507 726 3573 caput
759 3507 845 3557 est
889 3499 1262 3571 angelorum,
1291 3499 1430 3556 dum
1478 3499 1601 3558 suis
1647 3499 1948 3573 discipulis

219 3587 473 3661 vestigia
505 3589 684 3661 tersit,
715 3605 867 3648 verae
895 3589 1058 3648 nobis
1087 3589 1433 3647 humilitatis
1462 3590 1797 3663 exemplum
1826 3606 1947 3647 ma-

223 3674 446 3732 nifeste
492 3677 810 3748 proposuit,
837 3685 900 3736 ut
926 3678 1082 3752 quod
1119 3677 1404 3750 impendit
1438 3675 1725 3735 Dominus
1753 3676 1945 3736 famu-

223 3763 324 3833 lis,
365 3764 520 3821 servi
582 3781 699 3822 non
758 3765 1146 3839 dedignentur
1204 3763 1479 3822 exhibere
1545 3764 1860 3835 conservis,
1893 3772 1948 3823 et

224 3851 432 3929 pulvis
488 3870 603 3914 non
658 3855 900 3930 deneget
958 3856 1206 3931 pulveri,
1255 3854 1409 3930 quod
1468 3854 1579 3914 sibi
1632 3871 1949 3929 congruere

226 3949 410 4002 tantae
458 3944 650 4003 visum
701 3951 786 4002 est
836 3945 1137 4020 majestati.
1191 3944 1297 4003 Ubi
1349 3960 1482 4003 cum
1538 3944 1742 4003 Petrus
1784 3945 1948 4004 obse-

226 4033 442 4108 quium
488 4034 772 4107 suscipere
815 4033 1035 4092 summi
1089 4033 1267 4108 [tanti]
1322 4031 1694 4107 Praeceptoris
1727 4033 1948 4092 abnue-

229 4133 338 4194 ret,
375 4132 432 4183 et
479 4125 578 4183 ille
611 4126 800 4184 minas
839 4123 1202 4199 repulsionis,
1238 4123 1349 4182 nisi
1397 4140 1458 4181 se
1499 4122 1680 4182 lavari
1711 4124 1948 4198 permit-

230 4221 396 4284 teret,
455 4215 762 4272 intentaret
820 4215 1186 4273 tremefactus
1239 4213 1466 4272 tandem
1523 4221 1579 4272 et
1631 4213 1952 4271 insistentis

231 4303 482 4379 imperio
537 4305 800 4377 protinus
851 4305 1222 4377 acquiescens
1271 4304 1395 4360 ait:
1447 4327 1471 4351 «
1520 4301 1786 4371 Domine,
1833 4317 1948 4360 non

231 4400 468 4453 tantum
518 4392 688 4466 pedes
728 4407 902 4460 meos,
953 4391 1051 4450 sed
1099 4399 1153 4450 et
1199 4407 1410 4450 manus
1459 4396 1514 4448 et
1559 4397 1731 4464 caput
1767 4392 1947 4462 (Joan.

231 4490 388 4550 xm).
448 4503 468 4531 ι
521 4479 587 4537 Ιι]
637 4480 852 4553 quibus
907 4481 1108 4554 utique
1155 4480 1346 4538 verbis
1395 4478 1592 4537 beatus
1644 4479 1953 4550 Apostolus

227 4588 410 4646 opera
466 4577 676 4640 nostra,
729 4571 904 4630 simul
963 4577 1018 4629 et
1061 4569 1453 4643 cogitationes,
1506 4575 1571 4626 ut
1624 4583 1657 4625 a
1706 4569 1954 4628 Domino

227 4661 620 4736 puriticentur
673 4665 844 4734 atque
915 4659 1293 4729 mundentur,
1351 4659 1612 4730 indigere
1679 4657 1948 4730 signavit.

232 4750 542 4824 Siquidem
585 4747 854 4808 manibus
890 4757 1180 4823 operatur,
1217 4749 1588 4822 cogitationes
1635 4755 1827 4806 autem
1878 4762 1948 4804 ex

227 4845 452 4908 mente,
490 4854 622 4912 quae
668 4845 837 4910 caput
871 4845 955 4895 est
1001 4837 1295 4896 interioris
1345 4836 1622 4907 hominis,
1662 4836 1955 4910 proferun-

227 4936 350 4989 tur.
404 4926 503 4983 47
556 4929 712 4987 Vera
767 4944 901 5003 ergo
952 4945 1017 4987 ac
1066 4928 1311 5001 perfecta
1354 4927 1621 5000 purgatio
1676 4933 1760 4984 est
1818 4941 1952 4984 cum

227 5019 390 5078 Deus
427 5019 794 5093 omnipotens
834 5035 946 5078 non
981 5019 1172 5077 solum
1201 5033 1372 5090 opera
1419 5024 1609 5075 nostra
1653 5016 1871 5074 munda
1899 5020 1954 5073 et

225 5107 608 5166 immaculata
653 5108 916 5178 custodit,
959 5108 1057 5165 sed
1114 5107 1284 5164 etiam
1332 5120 1536 5178 pravas
1579 5104 1953 5178 cogitationes

227 5213 262 5254 a
290 5197 568 5256 cordibus
601 5199 812 5257 nostris
840 5198 1020 5256 sancti
1046 5197 1296 5271 Spiritus
1317 5196 1609 5254 infusione
1631 5194 1875 5268 repellit.

307 5285 495 5345 Hodie
544 5287 803 5346 Salvator
854 5287 1064 5346 terreni
1114 5284 1276 5358 panis
1323 5299 1389 5341 ac
1434 5283 1555 5341 vini
1602 5283 1850 5356 speciem
1890 5282 1950 5340 in

229 5377 331 5436 sui
400 5379 656 5453 corporis
725 5385 780 5436 et
852 5375 1153 5451 sanguinis
1220 5381 1576 5433 sacramenta
1647 5375 1950 5444 convertit,

230 5469 479 5543 suisque
529 5469 832 5545 discipulis
876 5467 1070 5528 vitalis
1113 5467 1407 5525 alimonia:
1462 5464 1744 5539 pabulum
1790 5465 1953 5523 mini-

230 5559 461 5618 stravit.
495 5557 670 5618 Cibus
701 5559 853 5616 enim
899 5558 998 5615 ille
1038 5557 1268 5627 vetitus,
1299 5572 1475 5631 quem
1508 5553 1735 5628 primus
1782 5555 1953 5612 homo

231 5649 662 5706 intumescente
718 5647 984 5723 superbia
1035 5653 1090 5705 et
1144 5647 1282 5717 gula
1329 5644 1624 5719 pruriente
1679 5641 1951 5716 percepit,

533 5763 792 5826 Punoc.
831 5762 1082 5824 CXLIV.

2035 3323 2092 3381 in
2141 3338 2238 3380 ore
2269 3336 2375 3380 suo
2407 3322 2560 3390 (Gen.
2605 3327 2749 3391 Vin).
2799 3347 2823 3369 »
2862 3320 2926 3378 In
2966 3322 3274 3380 emissione
3304 3337 3370 3379 ac
3422 3322 3752 3381 reversione

2035 3410 2322 3470 columbae
2352 3409 2712 3484 septenarius
2760 3425 3040 3468 numerus
3079 3411 3329 3482 ponitur,
3361 3411 3504 3484 quia
3533 3417 3750 3486 septem

2034 3516 2156 3559 esse
2207 3499 2404 3572 procul
2455 3498 2633 3556 dubio
2682 3497 2866 3556 sancti
2908 3496 3156 3570 Spiritus
3205 3496 3353 3556 dona
3409 3505 3748 3558 noscuntur.

2036 3589 2375 3664 Vespertina
2405 3603 2540 3646 vero
2583 3589 2724 3646 hora
2767 3587 2836 3644 ad
2879 3602 3069 3645 arcam
3111 3587 3378 3646 columba
3424 3589 3755 3659 revertitur,

2037 3680 2174 3754 quia
2214 3677 2466 3751 Spiritus
2509 3683 2761 3747 sanctus,
2794 3678 2895 3752 qui
2943 3679 2998 3735 in
3053 3678 3256 3736 mundi
3299 3679 3582 3752 principio
3613 3680 3758 3739 fere-

2037 3769 2208 3826 batur
2230 3782 2401 3839 super
2439 3782 2618 3840 aquas
2653 3769 2806 3834 (Gen.
2840 3772 2904 3836 1).
2929 3767 3048 3840 jam
3080 3776 3506 3842 vesperascente
3537 3769 3754 3831 saeculo

2039 3863 2294 3914 sanctam
2328 3855 2571 3928 replevit
2604 3855 2940 3914 Ecclesiam.

2112 3944 2200 4002 Ad
2258 3945 2362 4002 hoc
2419 3944 2593 4001 etiam
2643 3944 2830 4002 divini
2880 3944 3208 4004 chrismatis
3261 3945 3506 4020 pertinet
3559 3965 3752 4008 sacra-

2038 4041 2322 4106 mentum,
2354 4036 2507 4110 quod
2557 4035 2923 4110 omnipotens
2966 4035 3119 4094 Deus
3163 4035 3345 4110 Moysi
3396 4038 3612 4097 famulo
3649 4057 3756 4099 suo

2041 4125 2384 4185 mandatum
2410 4125 2587 4188 dedit.
2617 4132 2680 4183 ut
2709 4127 2900 4183 Aaron
2933 4124 3163 4183 fratrem
3197 4141 3374 4184 suum
3404 4142 3556 4200 aqua
3594 4132 3756 4201 prius

2040 4216 2322 4287 ablueret,
2381 4215 2590 4273 deinde
2643 4231 2743 4288 per
2801 4215 3154 4273 infusionem
3231 4215 3408 4289 hujus
3470 4218 3758 4291 unguenti

2041 4306 2411 4363 constitueret
2466 4303 2861 4361 sacerdotem:
2906 4325 2933 4356 «
2967 4304 3180 4370 Aaron,
3235 4303 3443 4378 inquit,
3497 4311 3552 4364 et
3605 4305 3755 4366 ﬁlios

2045 4393 2169 4466 ejus
2216 4407 2396 4466 unges
2446 4391 2944 4465 sanctilicabisque
2990 4406 3104 4458 eos,
3151 4397 3213 4448 ut
3258 4391 3572 4451 sacerdotio
3618 4393 3755 4453 fun-

2044 4487 2254 4551 gantur
2298 4478 2463 4535 mihi.
2503 4478 2668 4535 Filiis
2697 4493 2930 4551 quoque
2964 4478 3141 4536 Israel
3174 4478 3328 4538 dices
3359 4504 3371 4537 :
3403 4479 3525 4539 Hoc
3563 4480 3755 4539 oleum

2043 4569 2331 4627 unctionis
2373 4576 2639 4627 sanctum
2687 4568 2793 4626 erit
2823 4568 2967 4625 mihi
2999 4569 3056 4626 in
3100 4570 3500 4641 generationes
3540 4577 3756 4628 vestras

2037 4660 2237 4718 (Exod.
2300 4667 2476 4725 XXX).
2517 4680 2537 4708 ι
2594 4657 2763 4715 Porro
2809 4663 3024 4726 autem,
3056 4657 3202 4716 sicut
3250 4658 3370 4730 jam
3411 4659 3609 4718 abluto
3653 4677 3756 4734 per

2037 4749 2329 4808 diluvium
2359 4747 2596 4817 mundo,
2621 4763 2752 4808 cum
2778 4748 2951 4806 olivae
2982 4763 3139 4805 ramo
3163 4747 3234 4805 ad
3261 4764 3453 4807 arcam
3482 4751 3754 4809 columba

2039 4838 2364 4909 revertitur,
2411 4835 2491 4895 sic
2534 4836 2708 4895 etiam
2748 4836 2936 4894 Aaron
2985 4851 3135 4910 aqua
3175 4835 3334 4909 prius
3378 4837 3615 4896 ablutus
3643 4845 3747 4909 est,

2039 4925 2247 4984 deinde
2277 4925 2586 4983 chrismate
2628 4931 2961 4998 perunctus,
2995 4931 3057 4981 ut
3085 4922 3154 4980 ad
3196 4923 3578 4982 sacerdotium
3627 4941 3757 4999 pro-

2039 5023 2384 5075 moveretur.
2431 5013 2524 5074 Sic
2557 5014 2730 5072 etiam
2770 5029 2924 5072 nunc
2965 5012 3208 5085 quilibet
3246 5012 3317 5071 ad
3365 5016 3749 5085 regeneratio-

2038 5105 2131 5163 nis
2181 5104 2419 5178 gratiam
2473 5104 2715 5161 veniens
2763 5102 2926 5176 prius
2975 5103 3118 5159 sacri
3175 5101 3532 5175 baptismatis
3574 5104 3751 5164 undis

2039 5193 2442 5267 immergitur,
2493 5200 2556 5252 ut
2610 5192 2975 5267 postmodum
3031 5192 3215 5250 divini
3271 5192 3598 5252 chrismatis
3649 5191 3749 5250 48

2041 5283 2316 5357 mysterio
2368 5282 2759 5352 consignetur.
2809 5279 2962 5338 Illud
3010 5286 3284 5354 praeterea
3336 5281 3551 5351 oleum,
3594 5283 3746 5358 quod

2041 5380 2096 5431 et
2123 5370 2561 5430 tabernaculum
2586 5368 2819 5426 fmderis
2844 5377 2898 5424 et
2929 5376 3135 5428 cuncta
3162 5371 3287 5444 ejus
3312 5371 3587 5430 utensilia
3614 5388 3746 5431 con-

2042 5463 2303 5533 secravit,
2364 5461 2470 5518 hoc
2521 5458 2705 5517 divini
2763 5459 3090 5518 chrismatis
3139 5467 3563 5522 sacramentum
3617 5480 3749 5538 per-

2041 5551 2236 5624 spicue
2260 5547 2548 5622 ﬁguravit.
2582 5547 2680 5606 Ait
2709 5548 2867 5607 enim
2913 5548 3193 5608 Dominus
3233 5548 3417 5625 Moysi
3449 5571 3461 5610 :
3496 5577 3523 5600 ‹‹
3557 5550 3749 5611 Tolles

2040 5638 2234 5699 oleum
2277 5637 2348 5697 de
2394 5637 2623 5697 olivetis
2662 5654 2934 5698 mensura
2975 5638 3098 5710 hin,
3131 5639 3418 5715 faciesque
3460 5640 3750 5700 unctionis

3397 5754 3463 5814 18
