4070 6198
242 335 344 391 555

854 329 910 386 S.
955 329 1173 388 PETRI
1217 327 1532 387 DAMIANI
1576 326 1732 386 OPP.
1781 325 1966 385 PARS
2008 325 2146 386 SEU
2189 328 2437 388 TOMUS
2474 331 2548 388 ΙΙ.
2593 362 2658 373 --
2703 329 3117 391 SERMONES.

3641 337 3745 394 55h

242 459 435 517 oleum
483 462 765 525 sanctum,
805 461 1172 528 unguentum
1209 453 1585 526 compositum
1633 467 1801 526 opere
1844 451 2191 525 un-Aginaa
2221 455 2402 512 sancti
2449 454 2698 529 Spiritus
2741 457 2866 514 oleo
2906 463 3044 514 sunt
3079 457 3346 516 conditae.
3380 465 3478 524 49
3525 459 3747 529 Quam-

243 548 547 622 guentarii,
582 554 637 604 et
684 559 866 617 unges
911 559 978 601 eo
1028 543 1462 602 tabernaculum
1513 541 1848 608 testimonii,
1893 547 1948 599 et

241 654 430 696 arcam
503 634 824 695 testamenti
886 648 1261 707 mensamque
1321 648 1454 691 cum
1511 633 1746 691 basibus
1802 633 1946 704 suis,

218 760 219 764 η
247 727 657 786 candelabrum
687 731 740 782 et
763 721 1038 780 utensilia
1061 723 1205 797 ejus,
1233 723 1342 780 alta
1355 725 1437 781 ria
1475 723 1868 796 thymiamatis
1894 728 1949 780 et

240 816 578 882 holocausti,
617 821 672 871 et
712 813 1045 870 universam
1078 806 1512 886 supellectilem,
1553 828 1685 888 quae
1715 813 1784 870 ad
1823 813 1949 872 cul-

240 913 366 963 tum
396 919 596 962 eorum
627 902 893 976 pertinet,
923 901 1425 977 sanctiﬁcabisque
1449 903 1663 973 omnia,
1696 909 1749 960 et
1779 909 1951 962 erunt

243 993 450 1052 Sancta
498 999 867 1061 sanctorum;
919 990 1019 1064 qui
1077 989 1325 1064 tetigerit
1379 1006 1444 1048 ea
1502 992 1953 1051 sanctiticabitur

241 1085 442 1151 (Exod.
479 1085 656 1150 XXX).
700 1105 725 1128 »
757 1080 1066 1154 Mysticum
1098 1080 1292 1153 itaque
1328 1081 1599 1151 chrisma,
1628 1082 1776 1156 quod
1813 1089 1952 1140 tunc

235 1170 603 1230 consecrabat
657 1168 1094 1228 tabernaculum
1145 1169 1204 1226 in
1258 1170 1500 1240 deserto,
1548 1186 1708 1229 nunc
1756 1169 1950 1228 Eccle-

234 1261 379 1317 siam
432 1260 494 1316 in
548 1273 700 1316 novo
771 1257 1087 1315 sanctiﬁcat
1146 1263 1499 1316 testamento.
1560 1258 1721 1328 Quod
1777 1259 1950 1317 etiam

239 1351 663 1406 sacramentum
704 1351 843 1404 tunc
882 1344 1126 1405 uberius
1155 1351 1210 1402 et
1248 1346 1534 1419 copiosius
1569 1347 1797 1405 videtur
1836 1347 1952 1404 im-

237 1437 495 1510 pletum,
532 1451 666 1494 cum
715 1435 1066 1508 Redemptor
1109 1443 1301 1493 noster
1352 1437 1424 1494 de
1468 1434 1735 1494 Jordauis
1778 1436 1953 1494 undis

237 1529 552 1601 baptizatus
603 1527 767 1597 exiit,
822 1532 878 1583 et
923 1527 1133 1598 apertis
1181 1525 1340 1583 eoelis
1391 1526 1655 1600 protinus
1700 1527 1761 1584 in
1813 1542 1949 1585 eum

237 1616 488 1691 Spiritus
519 1621 751 1672 sanctus
777 1614 837 1671 in
866 1614 1152 1672 columbae
1180 1616 1365 1688 specie
1393 1615 1699 1673 manifesta
1728 1615 1951 1673 visione

235 1705 548 1774 descendit,
589 1721 844 1779 moxque
891 1721 1007 1763 vox
1058 1705 1242 1782 Patris
1277 1707 1546 1764 intonans
1579 1729 1592 1764 :
1632 1731 1654 1756 υ
1689 1706 1799 1765 Hic
1844 1711 1948 1778 est,

2031 542 2228 602 obrem
2258 551 2311 601 et
2350 545 2409 602 in
2457 545 2603 604 libro
2634 545 2871 603 Numeri
2918 546 3168 618 legitur:
3208 573 3234 595 ι‹
3275 547 3424 616 Quia
3463 549 3748 608 circuibat

2033 632 2299 706 populus,
2344 639 2400 691 et
2453 633 2728 708 colligens
2780 651 2993 693 manna
3046 636 3344 710 frangebat
3399 637 3572 709 mola,
3625 640 3748 698 sive

2036 723 2278 779 terrebat
2323 723 2382 780 in
2423 723 2716 795 mortario,
2752 738 3007 796 coquens
3054 724 3115 783 in
3155 724 3288 795 olla,
3320 731 3375 783 et
3420 725 3636 784 faciens
3669 741 3747 784 ex

2033 828 2099 870 eo
2131 813 2369 872 tortulas
2399 816 2617 890 saporis
2645 816 2809 889 quasi
2839 815 3006 888 panis
3036 817 3207 875 oleati
3242 821 3425 884 (Num.
3456 822 3562 886 XI).

2108 901 2281 959 Porro
2323 909 2515 961 autem
2554 904 2719 976 quasi
2759 917 2861 977 per
2891 899 3073 962 multa
3122 905 3184 962 in
3231 904 3462 964 cellario
3511 905 3745 965 Domini

2034 989 2185 1048 dolia
2211 991 2514 1049 transitum
2547 991 2877 1061 habuimus,
2914 1001 2978 1050 ut
3005 992 3075 1050 ad
3108 993 3296 1052 solum
3325 992 3598 1063 oleatum,
3627 993 3750 1052 vel-

2034 1086 2100 1138 ut
2129 1079 2242 1138 olei
2278 1081 2578 1139 vasculum
2610 1082 2916 1154 pervenire
2965 1096 3282 1155 possemus.
3327 1083 3538 1142 Manna
3584 1083 3748 1142 deni-

1993 1203 2010 1211 ι
2034 1183 2168 1241 que,
2201 1183 2316 1242 quo
2353 1168 2514 1242 plebs
2557 1169 2789 1228 vivebat
2835 1169 3172 1242 Israelitica,
3205 1187 3434 1231 sacrum
3478 1173 3749 1246 designa-

2039 1259 2130 1317 bat
2187 1258 2507 1333 eloquium,
2562 1275 2679 1334 quo
2754 1263 3013 1319 nutritur
3061 1267 3116 1320 et
3188 1267 3483 1335 vegetatur
3547 1263 3751 1337 religio

2035 1350 2380 1409 Christiana.
2414 1350 2575 1421 Quod
2611 1351 2813 1427 utique
2853 1353 3132 1411 veraciter
3179 1353 3429 1413 oleatum
3470 1360 3574 1424 est,
3608 1357 3751 1428 quia

2035 1440 2276 1514 mystica
2334 1441 2514 1499 sancti
2575 1440 2823 1515 Spiritus
2873 1447 2959 1500 est
3024 1442 3294 1501 unctione
3349 1458 3746 1518 conspersum.

2035 1527 2365 1587 Notandum
2416 1545 2553 1587 vero
2608 1529 2746 1604 quia
2801 1530 2955 1589 idem
3008 1545 3241 1601 manna,
3292 1533 3445 1604 quod
3491 1532 3549 1590 in
3599 1531 3751 1591 libro

2037 1617 2276 1676 Numeri
2325 1619 2538 1676 dicitur
2574 1619 2848 1690 oleatum,
2873 1619 2934 1677 in
2981 1619 3179 1679 Exodo
3208 1619 3418 1693 legitur
3456 1637 3571 1679 non
3609 1621 3747 1693 olei,

2036 1705 2130 1762 sed
2184 1705 2375 1764 mellis
2421 1708 2612 1780 potius
2654 1708 2927 1767 habuisse
2967 1723 3229 1783 saporem
3261 1727 3273 1766 :
3309 1731 3330 1760 ι
3378 1708 3617 1781 Gustus,
3649 1710 3749 1768 in-

237 1796 449 1870 inquit,
482 1794 667 1853 Filius
699 1810 864 1853 meus
893 1794 1156 1866 dilectus,
1188 1796 1249 1853 in
1293 1811 1406 1869 quo
1449 1795 1596 1853 mihi
1628 1795 1946 1868 complacui
1970 1795 2182 1873 Bquit,
2212 1794 2338 1868 ejus
2378 1803 2499 1854 erat
2525 1798 2690 1870 quasi
2721 1797 2930 1855 similae
2957 1813 3091 1856 cum
3117 1796 3288 1855 melle
3308 1801 3501 1866 (Exod.
3537 1803 3688 1864 XVII.
3716 1821 3744 1850 ι)

233 1885 450 1955 (Matth.
498 1886 600 1948 Ill).
635 1907 660 1929 »
709 1881 884 1939 Hunc
923 1896 1045 1939 esse
1082 1882 1380 1955 perspicue
1415 1881 1817 1955 comprobans,
1849 1881 1944 1940 cui

231 1969 412 2028 David
461 1968 602 2027 olim
647 1969 849 2027 eodem
902 1969 1122 2043 Spiritu
1174 1971 1440 2042 edoctus,
1472 1971 1703 2029 aiebat:
1762 1993 1784 2022 ι
1819 1971 1944 2028 Un-

228 2061 317 2118 xit
365 2068 418 2119 te
470 2060 754 2119 Dominus
805 2060 959 2119 Deus
1006 2069 1143 2120 tuus
1200 2062 1326 2120 oleo
1373 2063 1588 2120 laetitiae
1639 2078 1762 2136 prae
1804 2077 1944 2120 con-

227 2150 478 2208 sortibus
515 2150 630 2208 tuis
673 2153 845 2219 (Psal.
887 2155 1070 2222 XLIV).
1105 2173 1130 2200 ιο
1169 2151 1256 2209 Ex
1295 2151 1396 2210 illo
1440 2168 1577 2209 sane
1624 2159 1761 2209 tunc
1811 2150 1942 2224 Spi-

227 2243 364 2312 ritu,
393 2240 496 2315 qui
544 2249 804 2320 nostrum
848 2257 1078 2315 quoque
1126 2242 1378 2300 chrisma
1424 2259 1579 2301 nunc
1625 2249 1938 2312 consecrat,

227 2339 444 2390 tantam
473 2331 744 2389 virtutem
776 2321 1074 2404 aquarum
1107 2332 1375 2389 omnium
1415 2339 1624 2390 natura
1661 2331 1940 2406 concepit,

225 2432 290 2482 ut
333 2423 393 2479 in
435 2422 888 2495 quibuscunque
927 2421 1248 2481 ﬂuentibus
1290 2423 1400 2481 sub
1436 2425 1790 2498 professione
1828 2423 1945 2480 dei-

227 2513 352 2570 ﬁcae
383 2511 683 2569 Trinitatis
706 2511 1035 2570 abluendus
1073 2512 1471 2587 immergatur,
1504 2514 1741 2587 plenum
1770 2520 1944 2588 atque

227 2603 545 2676 perfectum
584 2612 752 2663 novae
792 2604 1243 2677 regenerationis
1283 2605 1625 2678 mysterium
1659 2605 1942 2664 divinitus

224 2693 550 2767 impleatur.
1135 2736 1138 2740 ί

296 2784 418 2842 Hoc
465 2791 728 2842 nostrum
785 2784 1038 2841 chrisma
1087 2784 1236 2842 illud
1284 2785 1455 2843 etiam
1508 2785 1704 2845 oleum
1757 2785 1941 2860 typice

227 2874 580 2946 designabat,
611 2890 729 2947 quo
774 2874 1054 2931 Dominus
1090 2873 1155 2930 in
1194 2874 1564 2949 tabernaculo
1592 2880 1804 2948 septem
1845 2875 1940 2933 lu-

225 2980 423 3023 cernas
471 2964 698 3037 impleri
746 2980 811 3021 ac
853 2963 1070 3037 jugiter
1114 2963 1314 3021 ardere
1364 2965 1650 3038 praecepit.
1705 2988 1730 3013 α
1783 2964 1940 3022 Ριηῖὲ-

224 3055 386 3127 cipe,
419 3054 644 3128 inquit,
678 3053 816 3110 filiis
865 3053 1076 3123 Israel,
1109 3059 1173 3111 ut
1217 3053 1456 3110 aﬁ‘erant
1495 3053 1598 3111 tibi
1641 3054 1834 3112 oleum
1871 3054 1940 3111 de

2032 1883 2322 1952 Quidnam
2359 1889 2443 1942 est
2484 1886 2637 1959 quod
2665 1886 2961 1958 angelicas
3004 1884 3102 1943 ille
3140 1885 3304 1944 cibus
3346 1887 3508 1959 prius
3534 1887 3748 1946 dicitur

2034 1972 2222 2031 mellis
2274 1974 2612 2031 exhibuisse
2664 1973 3068 2046 dulcedinem,
3104 1982 3158 2032 et
3209 1974 3568 2047 postmodum
3628 1992 3746 2035 non

2031 2063 2240 2133 mellis,
2274 2061 2372 2120 sed
2406 2059 2517 2119 olei
2548 2062 2864 2134 praebuisse
2902 2063 3265 2134 suavitatem,
3296 2063 3410 2122 nisi
3441 2064 3593 2136 quod
3629 2063 3747 2122 Re-

2029 2150 2292 2224 demptor
2326 2157 2518 2209 noster
2547 2167 2838 2210 sacrarum
2877 2152 3144 2210 omnium
3175 2159 3371 2210 auctor
3397 2159 3454 2210 et
3484 2152 3750 2211 conditor

2033 2240 2481 2314 Scripturarum,
2511 2257 2683 2315 quem
2714 2241 2983 2300 videlicet
3021 2240 3164 2300 illud
3205 2257 3421 2300 manna
3451 2243 3749 2315 principa-

2030 2330 2161 2388 liter
2210 2331 2509 2403 figurabat,
2551 2337 2608 2388 et
2640 2336 2772 2388 ante
2809 2331 3154 2404 passionem,
3186 2331 3344 2390 velut
3390 2331 3506 2390 mel
3543 2331 3749 2391 dulce-

2028 2419 2225 2477 dinem
2274 2420 2545 2479 exhibuit
2589 2419 3027 2491 miraculorum,
3084 2427 3139 2478 et
3176 2427 3301 2494 post
3347 2421 3748 2480 ascensionem

2030 2523 2193 2566 suam
2227 2515 2500 2582 tanquam
2529 2508 2747 2580 oleum,
2783 2509 2844 2566 in
2873 2509 3185 2582 discipulos
3212 2526 3349 2568 suos
3376 2511 3580 2569 effudit
3604 2509 3745 2584 Spi-

2029 2597 2208 2654 ritum
2243 2597 2550 2654 sanctum‘?
2582 2599 2728 2667 (Act.
2757 2611 2774 2654 I
2803 2604 2857 2654 et
2884 2602 2971 2666 11.)
3004 2597 3147 2656 Nam
3173 2596 3336 2673 quasi
3369 2597 3559 2655 mellis
3585 2598 3754 2656 vide-

2030 2692 2123 2742 tur
2148 2686 2481 2758 propinasse
2525 2685 2912 2755 dulcedinem,
2943 2686 3082 2744 dum
3111 2686 3292 2760 signis
3328 2694 3503 2759 atque
3549 2685 3749 2744 virtu—

2028 2775 2181 2834 tibus
2220 2774 2578 2846 coruscavit;
2613 2776 2725 2834 olei
2770 2791 2905 2833 vero
2935 2782 3076 2833 tunc
3109 2775 3452 2834 suavitatem
3491 2775 3747 2846 dedisse,

2025 2882 2159 2925 cum
2189 2867 2252 2923 in
2291 2866 2575 2939 apostolos
2613 2882 2751 2925 suos
2781 2869 2960 2926 sancti
2993 2866 3241 2941 Spiritus
3283 2867 3548 2940 paracleti
3585 2867 3746 2926 dona

2026 2957 2274 3016 diffudit.
2327 2958 2512 3028 Quem
2570 2958 2836 3016 videlicet
2885 2959 3147 3017 ordinem
3204 2958 3428 3033 Moyses
3483 2973 3748 3032 congrue

2027 3049 2228 3119 tenuit,
2259 3063 2392 3106 cum
2417 3048 2480 3106 in
2507 3049 2957 3107 Deuteronomio
2983 3047 3053 3106 de
3080 3056 3256 3123 petra,
3284 3064 3416 3122 quae
3445 3056 3501 3106 et
3523 3047 3746 3107 nihilo-

223 3144 396 3203 olivis
432 3143 813 3216 purissimum
861 3158 925 3198 ac
961 3141 1216 3200 lucidum
1258 3142 1328 3199 ad
1367 3143 1796 3200 concinnandas
1846 3143 2003 3232 lu-C
2025 3139 2222 3197 minus
2263 3154 2479 3197 manna
2510 3145 2650 3210 erat,
2702 3140 2888 3213 typice
2935 3139 3303 3198 decantavit:
3344 3166 3370 3189 ‹‹
3414 3138 3740 3211 Suxerunt,

221 3250 422 3293 cernas
442 3233 658 3307 jugiter
685 3241 848 3290 extra
875 3231 1069 3290 velum
1116 3232 1429 3290 testimonii
1467 3234 1522 3289 in
1573 3232 1940 3291 tabernaculo

223 3326 478 3396 fcederis,
535 3331 824 3399 ponetque
881 3338 976 3380 eas
1029 3324 1219 3381 Aaron
1270 3339 1303 3380 a
1356 3338 1591 3396 vespere
1634 3339 1820 3396 usque
1879 3325 1935 3381 in

225 3433 394 3474 mane
421 3430 615 3474 coram
659 3413 924 3482 Domino,
955 3412 1118 3472 cultu
1159 3412 1393 3485 rituque
1424 3417 1701 3485 perpetuo
1741 3412 1800 3470 in
1839 3427 1939 3484 ge-

225 3504 622 3562 nerationibus
680 3502 886 3560 vestris
939 3515 1113 3573 super
1164 3498 1574 3557 candelabrum
1619 3497 1938 3557 mundissi-

223 3610 385 3653 mum
439 3601 686 3668 ponetur
747 3606 973 3665 semper
1021 3591 1082 3646 in
1139 3597 1446 3662 conspectu
1498 3589 1731 3648 Domini
1788 3594 1936 3655 (Lw.

225 3689 421 3752 XXIV).
450 3704 476 3733 ν
521 3681 674 3751 Quid
715 3687 906 3738 autem
948 3695 1048 3753 per
1091 3685 1307 3752 septem
1347 3678 1612 3736 lucernas
1651 3679 1712 3736 in
1751 3679 1937 3736 taber-

221 3774 446 3841 naculo,
483 3771 594 3828 nisi
649 3776 865 3842 septem
922 3768 1323 3841 signiﬁcantur
1376 3767 1648 3825 Ecclesiae
1704 3767 1760 3824 in
1819 3783 1940 3824 uno

220 3861 430 3936 populo
459 3859 786 3917 Christiano
810 3859 835 3913 ‘?
863 3857 928 3914 In
960 3857 1175 3930 quibus
1218 3856 1497 3914 nimirum
1537 3857 1734 3915 oleum
1766 3857 1939 3930 jube-

223 3959 317 4009 tur
369 3949 761 4008 indesinenter
796 3946 1018 4016 ardere,
1053 3945 1190 4018 quia
1236 3945 1296 4002 in
1344 3943 1436 4002 his
1483 3946 1702 4002 sincera
1747 3945 1936 4002 chari-

218 4047 322 4111 tas,
355 4054 486 4113 quae
529 4053 630 4110 per
678 4035 964 4109 Spiritum
1003 4040 1265 4092 sanctum
1303 4033 1492 4104 datur,
1523 4033 1742 4106 gemini
1773 4034 1940 4091 debet

219 4127 430 4185 amoris
483 4125 616 4197 igne
672 4124 1012 4190 fervescere,
1066 4128 1121 4178 et
1166 4121 1338 4178 claris
1387 4128 1558 4193 atque
1615 4122 1940 4194 conspicuis

218 4229 443 4282 semper
480 4211 752 4284 operibus
805 4224 1124 4267 coruscare.
1168 4207 1277 4266 Sed
1331 4222 1465 4264 cum
1516 4223 1633 4265 una
1687 4207 1762 4264 sit
1804 4223 1937 4280 pro-

215 4304 323 4362 cul
354 4301 533 4360 dubio
591 4300 890 4370 catholica,
936 4296 1283 4356 universalis
1329 4297 1604 4366 Ecclesia,
1641 4297 1788 4356 sicut
1839 4315 1939 4371 per

221 4392 590 4452 Salomonem
639 4388 852 4445 dicitur
887 4411 898 4443 :
939 4413 964 4434 ‹‹
1003 4384 1129 4443 Una
1176 4392 1259 4444 est
1301 4385 1573 4443 columba
1621 4401 1765 4455 mea,
1818 4402 1933 4444 una

213 4480 510 4556 genitricis
537 4495 659 4537 sua),
702 4480 874 4548 (Cant.
912 4478 1034 4546 v1);
1086 4498 1113 4526 υ
1149 4475 1293 4548 quid
1331 4481 1436 4544 est,
1465 4475 1618 4549 quod
1657 4476 1719 4532 in
1761 4477 1936 4534 sacris

213 4571 462 4645 eloquiis
491 4577 710 4642 septem
753 4583 877 4626 esse
917 4567 1255 4625 referuntur
1294 4566 1586 4635 Ecclesiae,
1619 4568 1730 4625 nisi
1769 4567 1927 4641 quia.

213 4675 346 4735 quae
374 4675 490 4718 una
529 4667 614 4716 est
658 4673 759 4730 per
806 4657 1088 4713 unitatem
1136 4655 1289 4725 tidei,
1324 4655 1672 4727 septiformis
1707 4662 1791 4713 est
1830 4671 1933 4728 per

213 4750 446 4808 totidem
479 4749 629 4805 dona
664 4743 914 4818 Spiritus
945 4742 1176 4800 sancti?
1210 4743 1316 4800 Hae
1349 4753 1481 4801 sunt
1524 4745 1681 4801 enim
1711 4751 1930 4816 septem

216 4839 332 4896 illae
365 4835 661 4904 mulieres,
693 4849 825 4905 qum
858 4833 1027 4905 juxta
1073 4832 1365 4904 prophetae
1401 4831 1736 4888 vaticinium
1780 4846 1934 4888 acce-

212 4945 347 5000 pere
401 4927 593 4983 virum
654 4937 843 4988 unum
900 4921 1046 4991 (Isai.
1104 4924 1204 4990 ιν).
1265 4919 1364 4976 Vir
1414 4925 1606 4977 autem
1659 4918 1931 4978 Ecelesiaa

215 5016 494 5075 Christus.
560 5012 682 5069 Hoc
754 5011 923 5084 plane.
991 5011 1170 5067 sancti
1232 5008 1480 5082 Spiritus
1538 5009 1664 5068 oleo
1726 5018 1932 5068 cuncta

215 5121 510 5166 sacrarum
557 5101 992 5174 Scripturarum
1035 5098 1243 5171 pabula
1290 5099 1660 5168 condiuntur,
1699 5107 1763 5156 ut
1801 5099 1931 5157 ani-

219 5210 447 5252 marum
477 5197 804 5250 nostrarum
838 5187 1054 5244 viscera
1084 5187 1438 5259 saginentur.
1471 5185 1593 5244 Hoc
1617 5187 1810 5245 oleum
1843 5189 1925 5245 vi-

215 5284 428 5340 talibus
459 5279 650 5355 epulis
696 5276 912 5351 eloquii
945 5275 1189 5333 cmlestis
1224 5276 1487 5333 infusum
1530 5275 1675 5348 sapit
1704 5276 1764 5332 in
1800 5276 1933 5334 fau-

215 5372 378 5430 cibus
405 5371 636 5439 animae,
673 5367 838 5440 cujus
867 5373 925 5424 et
955 5367 1314 5423 stomachum
1347 5371 1580 5434 recreat,
1613 5371 1668 5421 et
1696 5372 1931 5439 gustum

217 5458 588 5533 percipientis
629 5454 922 5513 obdulcat.
975 5453 1120 5511 Nam
1161 5455 1438 5527 scriptum
1485 5459 1607 5510 est:
1647 5478 1672 5500 «
1717 5453 1934 5511 Littera

214 5549 441 5619 occidit,
474 5547 711 5620 spiritus
757 5549 953 5601 autem
1001 5543 1258 5602 viviﬁcat
1287 5544 1357 5616 (II
1399 5545 1516 5600 Cor.
1563 5545 1660 5614 tu).
1706 5567 1732 5590 ››
1771 5543 1934 5601 Unde

217 5638 523 5698 sciendum
566 5642 650 5694 est
686 5632 822 5706 quia
862 5647 1063 5690 omnes
1103 5645 1396 5690 sacrorum
1443 5631 1811 5692 voluminum
1847 5649 1938 5707 pa-

2025 3226 2237 3301 inquit,
2272 3226 2384 3284 mel
2417 3227 2487 3285 de
2516 3233 2673 3301 petra
2717 3235 2773 3286 et
2815 3229 3008 3286 oleum
3039 3227 3112 3285 de
3150 3227 3318 3286 ﬁrma
3361 3233 3518 3302 petra
3555 3231 3746 3296 (Deut.

2022 3321 2242 3385 XXXII).
2278 3337 2305 3368 »
2342 3318 2422 3374 De
2469 3317 2577 3376 hoc
2615 3317 2875 3390 mysticae
2919 3317 3209 3376 unctionis
3251 3315 3378 3375 oleo
3421 3332 3628 3390 sponsa
3660 3317 3744 3375 ad

2023 3422 2296 3480 sponsum
2350 3408 2487 3466 dicit
2536 3408 2599 3465 in
2649 3407 2897 3465 Canticis
2933 3426 2946 3463 :
2981 3428 3007 3461 α
3055 3407 3428 3479 Unguentum
3477 3406 3741 3464 eﬁ‘usum

2025 3511 2236 3553 nomen
2270 3502 2436 3553 tuum
2471 3498 2647 3564 (Cant.
2673 3500 2734 3563 1).
2771 3518 2790 3545 υ
2823 3495 3201 3568 Unguentum
3223 3495 3462 3568 quidem
3481 3493 3744 3552 eﬁ‘usum

2023 3585 2220 3656 sponsi
2294 3600 2506 3643 nomen
2566 3585 2862 3654 asseritur,
2921 3584 3062 3659 quia
3128 3584 3280 3643 sicut
3335 3599 3370 3641 a
3426 3583 3746 3641 chrismate

2021 3671 2305 3742 Christus,
2360 3674 2438 3730 ita
2486 3679 2902 3748 consequenter
2951 3688 2984 3729 a
3035 3671 3262 3730 Christo
3309 3671 3522 3729 dicitur
3566 3669 3742 3730 Chri—

2020 3763 2260 3820 stianus.

2093 3851 2241 3920 Quia
2296 3851 2495 3923 igitur;
2543 3849 2922 3922 dilectissimi,
2968 3867 3073 3925 per
3128 3851 3371 3926 gratiam
3427 3850 3746 3910 Salvatoris

2021 3941 2201 3997 nostri
2241 3941 2362 4013 jam
2410 3941 2588 4015 hujus
2645 3940 2971 3998 chrismatis
3009 3943 3370 4014 percepimus
3411 3957 3742 4000 sacramen-

2021 4035 2164 4099 tum,
2194 4029 2333 4102 quia
2369 4029 2490 4101 jam
2522 4029 2698 4101 regite
2735 4028 3032 4101 dignitatis
3074 4045 3419 4102 expressum
3465 4029 3742 4102 prseteri-

2020 4133 2152 4176 mus
2189 4119 2250 4175 in
2293 4119 2483 4175 fronte
2528 4118 2914 4190 signaculum,
2962 4119 3296 4178 studeamus
3339 4120 3419 4177 ita
3465 4118 3745 4177 nobiliter

2020 4208 2218 4265 vivere
2269 4213 2336 4265 ut
2393 4209 2749 4266 conversatio
2800 4216 2995 4267 nostra
3049 4215 3166 4266 tam
3227 4209 3444 4268 divinis
3503 4216 3742 4281 tamque

2019 4294 2343 4368 magniﬁcis
2392 4296 2682 4369 mysteriis
2739 4297 2928 4355 valeat
2981 4298 3346 4356 concordare.
3409 4297 3526 4355 Nos
3575 4297 3740 4356 enim

2020 4402 2244 4454 sumus,
2302 4387 2516 4458 quibus
2567 4402 2668 4460 per
2721 4389 2976 4462 primum
3032 4389 3417 4463 apostolorum
3472 4388 3734 4448 dicitur:

2027 4499 2048 4526 ι
2109 4476 2225 4534 Vos
2295 4492 2480 4549 genus
2542 4476 2814 4548 electum,
2875 4478 3062 4550 regale
3137 4476 3536 4547 sacerdotium,
3588 4492 3740 4550 gens

2025 4573 2240 4636 sancta,
2269 4567 2520 4640 populus
2539 4567 2958 4640 acquisitionis,
2983 4575 3051 4627 ut
3079 4569 3352 4626 virtutem
3377 4567 3739 4626 annuntietis

2021 4657 2146 4730 ejus
2170 4655 2271 4728 qui
2298 4654 2368 4711 de
2409 4654 2662 4713 tenebris
2700 4671 2801 4713 vos
2831 4657 3056 4715 vocavit
3079 4657 3139 4715 in
3169 4656 3508 4715 admirabile
3532 4656 3735 4714 lumen

2020 4759 2196 4802 suum
2244 4747 2291 4815 (Ι
2322 4748 2464 4802 Petr.
2509 4745 2588 4815 11).
2633 4767 2656 4794 ι)
2690 4743 2760 4800 Et
2806 4752 2956 4804 certe
3001 4746 3140 4804 satis
3183 4745 3436 4820 ignobile
3481 4752 3565 4804 est
3620 4744 3738 4803 sub

2020 4834 2296 4891 vitiorum
2342 4834 2665 4891 carnalium
2710 4834 2906 4892 vivere
2949 4835 3246 4905 servitute,
3291 4836 3415 4910 qui,
3465 4835 3581 4894 Deo
3627 4851 3740 4893 nos

2022 4925 2346 4997 adoptante,
2381 4924 2522 4997 regii
2548 4924 2882 4984 obtinemus
2902 4927 3130 4999 generis
3155 4927 3513 4999 dignitatem.
3547 4925 3742 4983 Nimis

2021 5021 2190 5087 turpe
2218 5021 2298 5071 est
2351 5020 2415 5072 ut
2466 5021 2712 5074 terrenae
2761 5019 2945 5075 simus
2999 5017 3483 5089 concupiscentia:
3530 5015 3733 5087 dediti,

2019 5103 2121 5176 qui
2152 5110 2207 5160 et
2234 5102 2337 5160 Dei
2369 5119 2644 5162 vocamur
2683 5106 2810 5175 ﬁlii,
2839 5114 2894 5165 et
2929 5106 3001 5164 ad
3038 5105 3413 5164 obtinendam
3442 5103 3736 5163 cmlestem

2020 5190 2414 5249 luereditatem
2469 5207 2568 5264 per
2612 5193 2823 5252 Christi
2867 5193 3112 5266 gratiam
3161 5209 3452 5252 meremur
3496 5190 3731 5250 ascribi.

2021 5281 2214 5349 Plane,
2267 5281 2404 5354 quia
2454 5283 2719 5341 cruciﬁxi
2767 5287 3133 5359 praiceptoris
3186 5299 3290 5342 nos
3336 5288 3558 5341 constat
3607 5296 3738 5339 esse

2018 5369 2352 5444 discipulos,
2404 5371 2646 5444 dignum
2690 5379 2792 5442 est,
2845 5379 2909 5431 ut
2952 5373 3128 5431 etiam
3171 5372 3552 5445 nosmetipsos
3594 5370 3737 5430 huic

2019 5477 2270 5535 nequam
2313 5462 2527 5519 saeculo
2574 5462 2939 5535 praebeamus
2984 5463 3318 5522 exstinctos.
3363 5463 3416 5520 A
3452 5461 3738 5535 portanda

2020 5547 2201 5621 igitur
2245 5563 2412 5608 cruce
2444 5553 2571 5622 post
2621 5548 2963 5622 magistrum
3013 5553 3276 5608 nostrum
3322 5556 3377 5607 et
3413 5547 3735 5606 Dominum

2027 5635 2190 5695 nulla
2234 5653 2342 5695 nos
2386 5636 2604 5711 negotii
2637 5636 2968 5711 temporalis
2995 5653 3132 5697 cura
3165 5637 3500 5712 praepediat,
3528 5634 3737 5695 nullus
