4070 6198
300 393 404 451 55Ῑ
1869 395 2066 451 SEBM

2202 395 2258 451 ΣΙ.

296 533 461 576 amor
489 524 732 575 terrena
763 517 1121 586 substantia,
1151 517 1238 576 vel
1270 519 1556 577 illecebra
1583 519 1830 577 carnalis
1867 535 2020 578 aver-
2040 524 2092 581 A
2119 519 2243 578 larii
2296 523 2384 593 [κη

3717 401 3819 460 558

2433 521 2754 593 stellarum]
2804 522 2987 594 ignes,
3041 522 3220 580 solem
3271 524 3491 598 loquor,
3537 524 3736 586 lunam
3767 535 3822 584 et

300 615 398 666 tat.
433 605 765 679 Dirigamus
805 605 959 679 fidei,
994 623 1059 664 ac
1087 606 1409 666 devotionis
1453 617 1660 666 nostra
1692 608 1892 666 oculos
1922 624 2020 682 per
2108 609 2321 678 stellas,
2376 617 2430 667 et
2494 609 2676 667 multa
2740 609 2850 668 sibi
2922 611 3168 669 detracta
3260 612 3502 674 luminis
3568 616 3823 675 claritate

299 704 538 756 stratam
575 697 713 769 jam,
772 699 1055 772 nobisque
1100 701 1447 774 propositam
1495 701 1650 759 viam
1697 702 1905 769 erucis,
1960 706 2024 758 ut
2112 698 2450 769 multantur,
2487 703 2634 756 terra
2664 698 3051 768 maledicitur,
3079 701 3497 760 condemnatur
3518 704 3825 763 hominum

300 803 404 861 per
453 803 583 845 eam
641 786 942 845 inolTensis
1011 786 1307 859 gressibus
1378 787 1728 858 incedentes,
1771 789 1844 845 ad
1887 803 2023 846 eum
2109 786 2411 852 successio,
2456 811 2482 836 «
2547 793 2600 844 et
2657 788 2848 845 omnis
2912 796 3192 858 creatura,
3241 790 3411 862 juxta
3462 792 3825 865 Apostolum,

305 892 638 936 mereamur
697 874 792 931 50
841 875 1142 952 attingere,
1197 879 1299 951 qui
1343 887 1539 938 auctor
1591 887 1645 937 et
1693 885 2026 954 provocator
2110 877 2463 950 ingemiscit;
2542 882 2594 935 et
2656 878 2901 951 parturit
2976 884 3144 951 (Rom.
3203 882 3301 953 Ill).
3356 907 3381 930 »
3445 881 3615 941 Tacet
3675 883 3830 943 Deus

305 972 392 1024 est
442 966 514 1023 ad
569 965 814 1038 gloriam
863 967 1322 1028 resurrectionis.
1369 967 1480 1039 Qui
1521 985 1652 1028 eum
1707 968 1822 1027 Deo
1865 968 2028 1027 Patre
2111 967 2494 1040 omnipotens,
2529 975 2584 1026 et
2634 967 2908 1027 ordinans
2945 970 3070 1043 ejus
3108 969 3198 1026 51
3242 971 3657 1045 omnipotentia
3705 980 3831 1032 tan-

305 1061 363 1114 et
391 1053 612 1129 Spiritu
637 1061 832 1113 saneto
857 1055 1072 1115 vivitet
1102 1063 1301 1130 regnat
1327 1057 1388 1116 in
1415 1059 1630 1117 sacula
1654 1058 2024 1117 saculorum.
2115 1060 2230 1113 tam
2261 1054 2589 1113 dissimulat
2641 1056 3064 1114 confusionem.
3115 1057 3372 1116 Tandem
3419 1061 3674 1120 nascitur
3710 1060 3831 1120 Ma-

307 1146 518 1203 Amen.
966 1221 969 1222 ν
1020 1203 1255 1222 __,___‘
1293 1218 1372 1222 ___
2115 1145 2218 1215 ria,
2256 1151 2312 1202 et
2357 1145 2429 1203 ad
2472 1145 2704 1204 nubiles
2751 1162 2936 1205 annos
2991 1146 3292 1219 egrediens
3345 1149 3588 1222 speciem
3643 1150 3836 1210 induit

956 1221 980 1244 *
1016 1215 1264 1277 SEBMO
1291 1218 1391 1277 ΧΙ.
2117 1234 2453 1310 speciosam,
2492 1251 2624 1308 qua
2666 1235 2855 1309 ipsum
2905 1215 3114 1294 alliciat
3163 1215 3393 1308 Deum;
3420 1243 3476 1295 et
3517 1238 3838 1298 divinitatis

383 1316 456 1362 DE
509 1315 998 1364 ANNUNTIATIONE
1035 1318 1396 1365 BEATISSIME
1439 1319 1696 1386 VIRGINIS
1733 1319 1959 1367 MANE.

2202 1320 2314 1380 llos
2341 1321 2402 1378 in
2440 1338 2500 1380 se
2537 1330 2851 1381 convertat.
2888 1321 3032 1381 Vide
3068 1323 3206 1399 quid
3237 1323 3373 1381 inde
3410 1323 3560 1384 dicat
3590 1325 3690 1384 ille
3720 1342 3835 1386 non

992 1398 1139 1468 (XXV
1173 1398 1374 1467 ΜΑΒΤο)
2121 1411 2402 1469 minimus
2442 1409 2771 1483 explorator
2812 1398 3161 1469 secretorum
3202 1405 3303 1468 Dei
3355 1431 3367 1469 :
3422 1437 3448 1462 «
3488 1413 3665 1483 Audi,
3694 1413 3838 1484 ﬁlia,

385 1499 706 1570 Exsultate,
739 1502 959 1574 fratres,
1003 1503 1064 1561 in
1097 1502 1362 1572 Domino,
1406 1502 1544 1576 quia
1571 1503 1642 1560 de
1671 1502 1907 1561 domina
1936 1501 2040 1559 illa
2119 1507 2176 1558 et
2206 1499 2359 1568 vide,
2401 1507 2455 1557 et
2489 1499 2704 1557 inclina
2741 1515 2940 1557 aurem
2980 1506 3159 1569 tuam,
3190 1505 3246 1556 et
3283 1499 3621 1560 obliviscere
3657 1519 3839 1577 popu-

311 1605 503 1648 sermo
537 1591 810 1664 succedit,
841 1607 975 1666 qua
1019 1591 1374 1665 singularem
1415 1591 1472 1649 in
1507 1582 1776 1650 cordibus
1828 1589 2040 1648 nostris
2123 1590 2250 1648 lum
2292 1597 2481 1661 tuum,
2523 1596 2578 1646 et
2614 1590 2853 1648 domum
2890 1588 3070 1662 patris
3117 1589 3223 1648 tui.
3271 1589 3337 1647 Et
3372 1591 3702 1665 concupivit
3742 1608 3841 1650 rex

312 1677 427 1736 sibi
461 1677 714 1736 vindicat
743 1679 1154 1754 principatum.
1198 1679 1336 1737 Hac
1366 1686 1470 1749 est,
1510 1679 1582 1736 ad
1622 1679 1789 1752 cujus
1828 1693 2037 1736 nomen
2124 1679 2386 1737 decorem
2445 1684 2646 1748 tuum,
2705 1678 2984 1752 quoniam
3054 1677 3174 1751 ipse
3226 1684 3310 1735 est
3360 1678 3644 1739 Dominus
3693 1681 3847 1739 Deus

314 1782 528 1839 corpus
575 1767 875 1826 humiliter
916 1768 1230 1838 inclinatis,
1289 1769 1452 1840 cujus
1510 1767 1666 1824 horis
1714 1772 2043 1826 reverenter
2127 1775 2260 1827 tuus
2299 1770 2467 1837 (Psal.
2502 1773 2690 1835 XLIV).
2727 1789 2755 1819 »
2797 1767 3096 1827 Germinat
3146 1768 3323 1842 igitur
3373 1768 3538 1843 virga
3574 1769 3733 1828 Jesse
3778 1769 3848 1826 de

313 1857 604 1926 assistitis,
636 1860 802 1932 cujus
843 1859 1178 1917 memoriam
1219 1859 1430 1932 jugiter
1471 1857 1865 1930 frequentatis.
1905 1855 2043 1913 Hac
2067 1862 2383 1935 Btortuosa
2419 1857 2606 1914 radice
2637 1853 2867 1929 generis
2899 1855 3166 1930 humani,
3199 1866 3255 1916 et
3290 1858 3361 1917 de
3393 1858 3851 1932 patriarcharum

318 1950 424 2012 est,
471 1959 604 2018 qua
642 1946 850 2002 vestris
888 1946 1186 2006 affectibus
1225 1947 1478 2006 suaviter
1516 1945 1876 2012 indulcescit,
1910 1943 2047 2017 quia
2134 1946 2340 2004 arbore
2395 1947 2456 2003 in
2508 1945 2894 2018 altitudinem
2950 1953 3003 2004 et
3062 1947 3467 2006 rectitudinem
3522 1961 3852 2022 erumpens,

324 2047 537 2104 magna
609 2033 923 2092 multitudo
984 2034 1310 2092 dulcedinis
1365 2035 1510 2108 ejus.
1570 2034 1822 2107 Spiritus
1889 2033 2050 2090 enim
2137 2049 2373 2092 omnem
2412 2032 2637 2106 ignorat
2690 2032 3092 2104 nodositatem,
3134 2033 3387 2093 filiorum
3433 2033 3519 2108 [f.,
3561 2033 3854 2106 foliorum]

321 2125 449 2197 ejus
490 2139 665 2197 super
702 2125 816 2183 mel
857 2126 1074 2196 dulcis;
1111 2126 1173 2183 in
1205 2143 1319 2202 qua
1362 2127 1552 2186 dulcis
1591 2127 1872 2186 Dominus
1918 2139 2052 2183 cum
2139 2122 2400 2181 tenebras
2450 2123 2650 2194 nescit,
2705 2123 3001 2181 fructuosa
3045 2125 3133 2195 [f.,
3178 2123 3557 2194 infructuosa]
3609 2137 3857 2198 quaque

321 2213 486 2270 omni
542 2229 644 2271 sua
689 2213 994 2273 dulcedine
1045 2217 1394 2290 supervenit.
1458 2217 1603 2274 Cum
1643 2217 1799 2273 enim
1861 2216 2057 2276 fecerit

324 2301 483 2359 Deus
519 2303 715 2360 omnia
754 2319 924 2378 opera
965 2321 1068 2363 sua
1111 2305 1278 2363 valde
1323 2305 1471 2364 bona
1501 2306 1647 2378 (Gen.
1683 2308 1742 2378 I),
1785 2306 1893 2364 hoc
1932 2323 2058 2364 me-

323 2390 442 2449 lius
486 2391 636 2459 fecit,
684 2408 1026 2450 consecrans
1077 2393 1185 2452 sibi
1244 2393 1304 2452 in
1352 2411 1418 2452 ea
1470 2393 1901 2453 reclinatorium
1954 2411 2056 2453 au-

326 2495 513 2550 reum,
557 2479 616 2537 in
663 2497 778 2556 qua
821 2482 940 2539 sola
990 2498 1049 2540 se
1097 2490 1223 2555 post
1278 2482 1564 2541 tumultus
1606 2482 1947 2556 angelorum
2005 2489 2060 2540 et

331 2569 642 2627 hominum
686 2571 1008 2639 reclinaret,
1050 2579 1104 2628 et
1151 2572 1409 2644 requiem
1449 2571 1757 2630 inveniret.
1807 2571 1929 2630 Hoc
1977 2583 2063 2633 est

329 2660 486 2734 quod
535 2668 740 2718 natura
796 2661 1075 2729 miratur,
1143 2669 1436 2719 reveretur
1488 2662 1766 2734 angelus,
1829 2667 2062 2719 veretur

329 2751 542 2820 homo,
611 2751 888 2824 stupescit
941 2752 1186 2820 calum,
1251 2752 1523 2809 extremit
1581 2760 1748 2821 terra,
1799 2752 2064 2809 infernus

329 2840 631 2898 exhorret.
664 2838 730 2896 III
774 2840 952 2914 hujus
990 2848 1152 2898 utero
1193 2840 1458 2913 majestas
1500 2840 1781 2898 Altissimi
1825 2837 2061 2896 mirabi-

335 2927 468 2985 liter
509 2927 838 3001 liquefacta,
891 2929 1040 2987 sicut
1090 2929 1256 3002 adipe
1306 2936 1361 2987 et
1419 2929 1770 3003 pinguedine
1822 2926 2064 3002 replevit

335 3028 535 3088 terras,
595 3019 808 3078 infudit
859 3021 1051 3087 cales,
1107 3019 1334 3078 inferna
1378 3020 1662 3093 respersit.
1708 3018 1817 3076 Hic
1856 3018 2062 3076 exina-

333 3108 488 3166 nivit
527 3109 900 3182 semetipsum
942 3112 1169 3180 (Philip.
1215 3109 1274 3182 II)
1313 3109 1578 3167 excelsus
1626 3114 1682 3166 et
1720 3108 2062 3179 immensus,

2141 2229 2257 2272 non
2312 2213 2499 2271 habet.
2541 2212 2707 2271 Videt
2741 2219 2797 2270 et
2842 2213 3002 2271 ardet
3040 2212 3139 2270 ille
3179 2214 3493 2272 vehemens
3533 2220 3772 2286 amator,
3804 2221 3860 2273 et

2142 2310 2325 2361 totum
2373 2302 2813 2376 epithalamium
2856 2302 2918 2359 in
2955 2301 3227 2360 laudibus
3276 2304 3405 2377 ejus
3439 2303 3723 2370 decantat.
3758 2303 3859 2362 ubi

2144 2391 2446 2447 manifeste
2485 2405 2734 2463 sponsus
2779 2389 3074 2448 inducitur
3119 2391 3344 2464 spirans
3379 2407 3637 2450 amorem
3678 2391 3863 2449 since-

2145 2479 2468 2547 rissimum,
2503 2495 2610 2536 nec
2637 2477 2786 2536 ultra
2817 2473 3018 2536 valens
3048 2478 3419 2539 dissimulare
3443 2479 3601 2555 quod
3630 2481 3859 2554 patitur.

2146 2571 2431 2628 Evocatur
2489 2571 2680 2628 statim
2735 2570 2983 2628 calestis
3031 2569 3131 2628 ille
3195 2579 3536 2641 conventus,
3585 2578 3642 2630 et
3693 2572 3866 2647 juxta

2146 2661 2481 2733 prephetam
2556 2659 2664 2717 init
2730 2659 2885 2718 Deus
2959 2659 3291 2730 consilium,
3351 2661 3501 2736 cogit
3555 2661 3868 2720 concilium

2149 2749 2296 2820 (Isai.
2332 2750 2474 2818 XVI),
2513 2749 2646 2806 facit
2692 2763 3018 2808 sermonem
3049 2765 3184 2807 cum
3223 2751 3450 2824 angelis
3478 2750 3550 2810 de
3589 2758 3870 2810 restaura-

2151 2835 2304 2895 tione
2333 2853 2555 2907 eorum,
2583 2839 2652 2896 de
2692 2840 3084 2913 redemptione
3132 2841 3461 2911 hominum,
3509 2841 3580 2900 de
3615 2841 3873 2900 elemen-

2152 2932 2342 2984 torum
2370 2927 2762 2997 renovatione,
2796 2943 2863 2986 ac
2891 2927 3009 2987 illis
3041 2929 3408 3003 stupentibus
3438 2938 3494 2988 et
3526 2929 3875 2989 mirantibus

2150 3030 2269 3090 pra
2312 3016 2546 3090 gaudio,
2594 3017 2666 3075 de
2708 3017 2878 3076 modo
2935 3019 3366 3092 redemptionis.
3425 3020 3496 3077 Et
3548 3021 3740 3078 statim
3803 3019 3873 3077 de

2156 3106 2422 3165 thesauro
2479 3106 2754 3165 divinitas
2800 3107 2996 3166 Maria
3050 3124 3262 3167 nomen
3310 3109 3623 3181 evolvitur,
3675 3115 3730 3167 et
3774 3125 3877 3183 per

334 3215 673 3290 mensuram
709 3199 942 3268 bonam,
989 3207 1044 3257 et
1095 3201 1410 3257 confertam
1434 3207 1501 3290 _e_t_
1546 3198 1882 3290 coagitatam
1928 3197 2064 3290 mit-
2092 3231 2136 3290 Ο
2159 3199 2452 3290 ipsam,_et
2492 3199 2550 3290 in
2581 3198 2740 3290 ipsa,
2763 3204 2818 3256 et
2847 3198 2917 3256 de
2944 3200 3088 3290 ipsa,
3119 3208 3175 3259 et
3197 3201 3522 3290 eumipsa
3551 3206 3732 3290 totum
3767 3200 3874 3258 hoc

338 3295 468 3345 tens
499 3287 560 3345 in
595 3289 792 3347 sinum
823 3294 1085 3348 nostrum
1117 3291 1268 3357 (Luc.
1293 3293 1394 3357 Vl).
1433 3288 1538 3346 Hie
1560 3286 1777 3344 divinis
1802 3285 2070 3343 manibus

339 3382 559 3436 unctus
607 3384 692 3436 est
733 3378 860 3435 oleo
910 3377 1143 3446 latitia,
1186 3381 1242 3434 et
1282 3377 1430 3435 sicut
1470 3379 1542 3434 ab
1587 3375 1765 3434 altare
1811 3375 1866 3432 in
1909 3389 2071 3432 sum-

340 3483 510 3525 mum
550 3466 880 3541 pontificem
922 3473 1308 3526 consecratus.
1357 3466 1438 3524 De
1480 3467 1588 3523 hoc
1615 3463 1781 3522 altari
1811 3464 1882 3521 ad
1910 3478 2070 3521 aram

343 3554 535 3612 crucis
593 3554 909 3612 ascendens
966 3554 1195 3628 proprio
1251 3569 1456 3611 cruore
1519 3560 1787 3626 tanquam
1830 3551 2071 3608 alterius

343 3644 578 3718 generis
608 3643 732 3703 oleo
781 3644 1070 3718 perfusus,
1108 3645 1227 3717 jam
1282 3659 1400 3702 non
1448 3643 1635 3702 solum
1684 3649 2068 3711 consecratus,

346 3733 448 3791 sed
489 3740 544 3791 et
583 3748 944 3804 consecratis,
979 3741 1169 3792 totum
1207 3749 1411 3806 corpus
1437 3732 1723 3790 machina
1756 3729 2072 3788 mundialis

350 3820 590 3896 largiori
652 3821 934 3896 ligamine
973 3821 1279 3894 copulavit.
1329 3820 1590 3878 Facessat
1621 3819 1797 3892 igitur
1836 3834 2069 3887 maror,

353 3911 587 3968 tristitia
636 3911 841 3985 fugiat,
895 3910 1232 3968 eliminetur
1296 3908 1475 3978 dolor,
1526 3924 1730 3966 rancor
1781 3907 2068 3980 abscedat,

352 4006 418 4058 ut
446 3999 613 4057 liceat
643 4015 845 4058 vacare
873 4005 928 4058 et
967 3999 1164 4058 videre
1203 4013 1334 4056 cum
1368 3997 1563 4070 Moyse
1599 3996 1883 4054 visionem
1919 3997 2071 4054 hanc

350 4090 629 4162 grandem
685 4093 878 4160 (Emod.
941 4093 1042 4164 III),
1097 4088 1346 4164 qualiter
1399 4087 1552 4146 Deus
1595 4089 1655 4145 in
1711 4088 1820 4146 hoc
1872 4094 2072 4145 ventre

351 4179 734 4252 concipiatur,
794 4181 1110 4254 decipiatur
1157 4179 1444 4251 diabolus,
1509 4178 1814 4252 recipiatur
1879 4179 2069 4252 perdi-

352 4278 500 4334 tum,
537 4269 860 4328 indebitum
893 4269 1225 4343 accipiatur.
1262 4269 1470 4328 Totum
1502 4285 1594 4327 me
1629 4269 1798 4327 trahit
1825 4269 2067 4340 affectio,

346 4359 452 4418 sed
489 4360 672 4418 oratio
710 4359 924 4430 deﬁcit,
951 4368 1004 4416 et
1043 4360 1206 4417 dives
1244 4359 1510 4432 cogitatio
1549 4359 1704 4417 vocis
1740 4364 2070 4431 paupertate

348 4451 750 4510 confunditur.
787 4451 1033 4509 Fervent
1060 4452 1356 4520 interiora,
1390 4455 1444 4507 et
1480 4451 1537 4507 in
1580 4449 1862 4508 undosum
1898 4448 2069 4506 ebul-

2160 3286 2488 3345 faciendum
2517 3287 2864 3357 decernitur,
2894 3293 2959 3345 ut
2985 3287 3134 3346 sicut
3161 3289 3288 3346 sine
3319 3288 3418 3346 illo
3448 3287 3597 3346 nihil
3631 3288 3870 3357 factum,

2157 3375 2234 3434 ita
2265 3375 2391 3433 sine
2419 3375 2517 3432 illa
2548 3375 2698 3433 nihil
2728 3377 3006 3434 refectum
3043 3377 3135 3434 sit.
3179 3365 3452 3436 Traditur
3476 3378 3714 3450 epistola
3758 3377 3871 3437 Ga-

2155 3464 2343 3533 brieli,
2401 3465 2462 3521 in
2515 3480 2630 3538 qua
2703 3464 2974 3522 salutatio
3049 3464 3325 3538 Virginis,
3381 3465 3702 3525 incarnatio
3758 3465 3871 3525 Re-

2154 3553 2487 3625 demptoris,
2549 3553 2756 3612 modus
2807 3553 3240 3627 redemptionis,
3298 3553 3598 3627 plenitudo
3650 3555 3868 3630 gratia,

2153 3642 2354 3715 gloria
2388 3641 2746 3715 magnitudo,
2778 3642 3088 3700 multitudo
3119 3642 3336 3702 latitia
3371 3644 3716 3704 continetur.

2226 3740 2435 3798 Missus
2483 3747 2566 3797 est
2613 3755 2748 3813 ergo
2797 3738 3042 3812 angelus
3082 3739 3312 3799 Gabriel
3357 3757 3392 3798 a
3431 3742 3548 3800 Deo
3577 3743 3648 3800 ad
3681 3741 3874 3818 Virgi-

2154 3845 2307 3899 nem,
2367 3845 2522 3901 qua,
2579 3835 2880 3902 postquam
2931 3829 2984 3886 ei
3042 3828 3266 3888 locutus
3306 3837 3409 3902 est,
3459 3830 3640 3888 sensit
3688 3830 3873 3891 Deum

2155 3919 2279 3976 suis
2315 3918 2590 3992 illapsum
2638 3917 2978 3987 visceribus,
3026 3918 3499 3992 majestatemque
3543 3917 3703 3976 illius
3751 3919 3872 3976 vir-

2153 4006 2364 4082 ginalis
2395 4007 2614 4064 ventris
2654 4006 2934 4065 brevitate
2964 4004 3294 4064 conclusam
3325 4009 3477 4075 (Luc.
3507 4011 3568 4077 ι).
3602 4006 3646 4065 Ο
3676 4013 3874 4065 venter

2153 4097 2419 4155 ditiusior
2470 4095 2649 4166 ralis,
2716 4095 2881 4154 terris
2927 4095 3193 4167 amplior,
3245 4098 3504 4170 capacior
3547 4096 3871 4167 elementis,

2152 4185 2252 4260 qui
2282 4193 2464 4243 totum
2493 4185 2709 4244 claudit
2747 4184 2943 4243 omnia
2968 4184 3429 4253 concludentem,
3465 4187 3527 4244 in
3565 4201 3678 4260 quo
3717 4187 3873 4244 Deus

2151 4274 2354 4348 gloria
2389 4273 2716 4333 reclinatur.
2737 4273 2997 4347 Denique
3025 4281 3078 4332 et
3105 4275 3486 4347 archangelus
3513 4274 3595 4334 ait
3625 4298 3638 4332 :
3672 4298 3697 4325 α
3722 4276 3871 4345 Ave,

2152 4363 2333 4435 gratia
2378 4361 2566 4436 plena,
2601 4362 2885 4420 Dominus
2934 4369 3122 4420 tecum
3173 4364 3394 4436 (Ibid):
3436 4388 3455 4414 ι
3491 4365 3629 4439 quia
3673 4381 3706 4422 a
3753 4366 3870 4425 Deo

2153 4452 2388 4509 electam
2425 4459 2480 4507 et
2511 4449 2894 4522 praelectum,
2927 4457 3098 4508 totam
3138 4468 3263 4509 eam
3308 4459 3579 4526 rapturus
3604 4461 3725 4512 erat
3755 4454 3867 4513 sibi

348 4543 506 4599 liunt
563 4539 954 4608 altitudinem,
1017 4539 1114 4597 sed
1183 4539 1467 4613 frigiditas
1526 4536 1744 4611 lingua
1797 4535 2130 4639 cumulosD
2158 4538 2407 4612 Spiritus
2431 4545 2664 4595 sanctus
2695 4545 2747 4594 et
2775 4538 3105 4595 calestibus
3139 4539 3528 4611 insigniturus
3554 4557 3865 4600 ornamen-

345 4630 648 4701 refrigerat
680 4630 1062 4688 exundantes.

418 4716 567 4786 Quid
601 4725 704 4785 est,
734 4716 1106 4774 beatissima?
1137 4714 1411 4789 Nunquid
1454 4713 1534 4771 ita
1577 4713 1790 4772 sensim
1832 4713 2068 4772 tacitur-

345 4823 461 4865 nus
488 4807 880 4877 obdormiam,
916 4815 980 4865 ut
1007 4807 1083 4865 ibi
1124 4813 1319 4864 mutus
1362 4805 1495 4876 sim,
1527 4804 1630 4862 ubi
1662 4805 1851 4861 omnis
1879 4802 2066 4876 loqui-

347 4903 445 4954 tur
500 4895 812 4954 creatura?
869 4895 1281 4955 Verumtamen
1355 4910 1473 4952 non
1553 4892 1783 4962 tacebo,
1841 4900 1896 4949 et
1951 4907 2066 4949 non

345 4984 663 5057 quiescam,
696 4984 877 5043 donec
913 4985 1239 5059 egrediatur
1276 4989 1338 5041 ut
1373 4982 1646 5057 splendor
1688 4980 1880 5039 vultus
1911 4987 2063 5050 tuus,

345 5079 402 5130 et
443 5088 633 5131 sermo
671 5074 740 5131 de
782 5081 833 5131 te
872 5079 1203 5147 conceptus,
1245 5073 1293 5131 si
1334 5088 1448 5130 non
1491 5078 1553 5129 ut
1591 5071 1827 5145 lampas,
1863 5069 2065 5129 saltem

344 5170 412 5222 ut
451 5164 702 5222 scintilla
747 5165 1091 5223 accendatur
1119 5167 1266 5232 (Isai.
1296 5164 1461 5234 LXII).
1491 5161 1681 5220 Movet
1722 5177 1835 5227 me,
1869 5161 2064 5228 fateor,

343 5255 500 5328 quod
537 5257 905 5329 permittente
939 5254 1057 5313 Deo
1102 5259 1334 5327 peccant
1371 5252 1736 5312 rationabiles
1766 5257 2063 5318 creatura,

344 5353 400 5403 et
432 5345 633 5403 multis
674 5361 965 5404 annorum
1019 5344 1281 5402 millibus
1319 5350 1434 5401 tam
1465 5339 1720 5399 calestia
1747 5355 1922 5413 quam
1952 5345 2065 5395 ter-

341 5436 547 5493 restria
573 5434 869 5492 incassum
893 5441 1042 5490 stare
1077 5433 1400 5500 videantur,
1434 5429 1736 5487 scrvituris
1762 5426 1906 5497 istis,
1948 5427 2066 5484 illis

340 5522 571 5582 dirutis.
599 5521 719 5581 Stat
748 5521 849 5580 illa
877 5535 1084 5592 magna
1113 5519 1315 5578 civitas
1342 5517 1564 5575 civium
1596 5531 1838 5574 suorum
1867 5531 2068 5574 nume-

342 5613 578 5672 rositate
617 5613 898 5682 fraudata,
943 5618 997 5669 et
1034 5627 1068 5669 a
1104 5608 1467 5669 stellantibus
1503 5605 1731 5680 palatiis
1760 5605 2067 5678 multiplex

345 5700 740 5759 habitantium
772 5701 1082 5762 multitudo
1108 5697 1482 5774 propellitur;
1511 5696 1892 5756 obscurantur
1928 5694 2064 5752 stel-

2158 4630 2246 4688 tis.
2276 4630 2403 4687 Jam
2458 4629 2845 4687 consecranda
2893 4637 3012 4687 erat
3045 4629 3107 4686 in
3155 4630 3348 4688 locum
3414 4632 3739 4705 voluptatis,
3798 4633 3868 4690 de

2151 4734 2268 4792 quo
2295 4718 2422 4775 fons
2453 4717 2550 4774 ille
2587 4716 2829 4774 debebat
2869 4718 3195 4788 ascendere,
3225 4719 3329 4792 qui
3372 4719 3706 4780 universam
3753 4727 3868 4780 ter-

2152 4823 2232 4864 ra
2261 4807 2622 4880 superticiem
2656 4807 2920 4878 irrigaret
2951 4807 3097 4876 (Gen.
3130 4809 3208 4878 II).

2227 4896 2374 4955 Satis
2415 4898 2526 4956 huc
2569 4913 2755 4971 usque
2787 4898 3103 4970 sparsimus
3133 4899 3324 4970 verba,
3355 4905 3412 4958 et
3450 4899 3708 4958 volaticis
3743 4917 3863 4960 ser-

2153 4987 2426 5045 monibus
2453 4989 2684 5046 diversa
2709 4988 3254 5060 praseminavimus
3287 5013 3298 5048 :
3334 5006 3490 5048 nunc
3527 4990 3865 5052 insistamus

2151 5076 2263 5143 hic,
2298 5075 2347 5132 si
2373 5077 2514 5133 forte
2543 5074 2767 5150 aliquid
2806 5075 3047 5148 dignum
3079 5075 3287 5134 elicere
3316 5078 3634 5137 valeamus.
3672 5101 3693 5130 ι
3724 5079 3863 5139 Flu-

2152 5163 2301 5230 vius,
2335 5163 2415 5219 ait
2462 5161 2776 5235 Scriptura,
2825 5162 3223 5235 egrediebatur
3262 5165 3332 5221 de
3380 5165 3504 5225 loco
3556 5166 3866 5242 voluptatis

2149 5252 2222 5309 ad
2258 5250 2610 5321 irrigandarn
2657 5250 2988 5308 universam
3048 5253 3410 5326 superﬁciem
3466 5261 3634 5313 terra
3692 5276 3703 5315 :
3763 5257 3864 5332 qui

2151 5337 2286 5395 inde
2336 5337 2619 5396 dividitur
2666 5338 2727 5394 in
2773 5343 3022 5410 quatuor
3077 5340 3260 5412 capita
3311 5343 3517 5409 (Ibid.).
3564 5367 3584 5395 ι
3623 5344 3864 5406 Fluvius

2150 5427 2256 5484 iste
2312 5432 2394 5483 est
2447 5424 2598 5482 Deus
2643 5441 2809 5482 meus
2851 5425 3038 5492 Jesus,
3078 5429 3177 5502 qui
3237 5445 3271 5486 a
3317 5431 3547 5492 duobus
3586 5433 3726 5493 locis
3760 5451 3863 5494 vo-

2155 5515 2386 5588 luptatis
2413 5513 2722 5587 egreditur,
2756 5529 2830 5571 ex
2862 5521 3026 5573 utero
3057 5515 3256 5587 Patris,
3286 5535 3361 5577 ex
3395 5527 3555 5579 utero
3586 5522 3861 5597 Virginis.

2153 5602 2318 5662 Unde
2357 5602 2634 5677 Propheta
2668 5622 2680 5660 :
2717 5626 2744 5651 κ
2778 5601 3060 5662 Dominus
3099 5604 3252 5666 Deus
3285 5615 3476 5667 noster
3503 5609 3723 5670 ﬂuvius
3748 5610 3869 5685 glo-

2154 5693 2365 5766 riosus,
2406 5691 2682 5751 exsiliens
2724 5693 2785 5750 in
2837 5699 3055 5751 terram
3093 5695 3384 5756 sitientem
3434 5702 3586 5768 (lsaz'.
3645 5705 3792 5770 LIX).
3836 5726 3864 5752 ι.
