4070 6198
295 375 399 432 559
915 374 971 430 S.
1017 371 1241 430 PETRI
1283 370 1604 430 DAMIANI
1644 371 1800 429 OPP.
1846 369 2036 428 PARS
2078 369 2216 429 SEU
2257 369 2507 428 'I‘OMUS
2546 369 2622 428 ΙΙ.
2662 402 2729 413 -
2779 369 3190 430 SERMONES.
3663 385 3753 444 560

295 501 400 560 Sed
465 501 856 559 ineffabilibus
911 497 1255 556 differentiis
1312 498 1480 570 longe
1536 498 1700 556 aliter
1755 514 1788 554 a
1839 496 2066 556 PatreA
2092 492 2316 552 Patrem
2351 493 2649 553 facientem
2693 499 2868 564 (Joan.
2908 499 2986 566 V).
3042 520 3061 548 ι
3115 496 3416 570 Egreditur
3461 508 3512 558 et
3546 509 3752 565 aeterni-

286 608 462 665 quam
491 609 524 649 a
555 598 738 649 matre
771 589 1103 663 egreditur:
1141 590 1276 662 quia
1317 589 1422 647 etsi
1481 588 1808 661 temporalis
1849 589 2000 646 nati-
2085 587 2214 652 tate,
2253 584 2389 658 quia
2445 582 2576 641 licet
2621 591 2946 656 generetur,
2993 600 3105 642 non
3157 593 3238 644 est
3283 589 3545 660 posterior
3585 592 3750 653 Gene-

285 680 433 738 vitas
480 680 725 752 gloriosa
802 683 906 748 est,
976 677 1162 737 multo
1235 677 1540 750 gloriosior
1604 684 1685 735 est
1761 684 1995 734 aeterna.
2082 679 2261 741 rante,
2319 673 2416 730 sed
2452 672 2622 731 ambo
2669 673 2844 731 unius
2891 674 3253 747 antiquitatis
3296 682 3444 748 sunt,
3493 680 3537 738 si
3581 687 3752 743 tamen

283 768 596 829 Orantibus
643 767 820 840 igitur
866 766 1030 825 vobis
1076 767 1144 825 de
1193 775 1435 841 utraque
1471 767 1836 839 generatione
1871 765 1956 825 vol

2083 761 2345 821 vocabuli
2378 764 2689 821 novitatem
2731 780 2846 822 non
2877 765 3164 823 exhortes.
3197 765 3352 835 Quod
3392 768 3513 828 licet
3547 786 3752 848 quoquo

194 839 203 852 ’
281 858 503 932 aperire
557 839 710 930 quod
765 856 970 928 sentio,
1032 872 1146 914 non
1213 839 1366 930 quod
1422 856 1642 929 aliquid
1708 873 1999 932 exponere
2081 851 2249 908 modo
2297 851 2600 926 signiﬁcet,
2662 868 2795 925 quae
2845 853 3138 924 dicuntur,
3182 854 3349 929 longe
3394 839 3578 916 tamen
3615 839 3693 919 est
3726 877 3756 920 a

279 961 647 1020 prassumam,
690 961 824 1003 cum
877 948 985 1003 hoc
1037 945 1188 1003 ultra
1239 945 1503 1003 omnium
1566 947 1718 1004 vires
1766 949 1997 1019 (quanto
2080 939 2380 997 sententia?
2437 943 2748 1012 majestate.
2816 941 3126 1015 Egreditur
3187 944 3580 1016 similitudine,
3635 951 3754 1022 quia

277 1034 462 1108 magis
514 1035 726 1106 meas?)
778 1035 870 1103 sit,
931 1044 984 1092 et
1034 1043 1312 1092 extrema}
1365 1034 1672 1092 dementiae
1727 1035 1802 1093 sit
1849 1035 1997 1093 velle
2080 1028 2290 1086 Similis
2333 1035 2418 1086 est
2458 1029 2660 1100 PatriS,
2704 1029 2887 1087 Patris
2927 1029 3134 1105 imagO,
3174 1032 3442 1105 splendor
3483 1033 3667 1108 glorias
3707 1043 3755 1094 et

276 1122 381 1180 fari.
430 1121 764 1191 ineffabilia,
807 1122 1063 1179 maxime
1117 1121 1414 1179 hominem
1467 1122 1819 1195 imperitum.
1869 1123 1995 1180 Non

274 1213 431 1271 enim
469 1212 684 1271 oblitus
712 1227 840 1270 sum
871 1210 1237 1270 Salomonem
1269 1211 1553 1269 dicentem
1586 1230 1597 1269 :
1637 1233 1663 1264 «
1699 1212 1857 1270 Sicut
1893 1213 1994 1286 qui

274 1303 526 1361 nimium
559 1303 805 1360 comedit
843 1302 955 1360 mel
987 1302 1204 1360 evomit
1233 1303 1377 1361 illud
1403 1321 1418 1372 ;
1453 1303 1536 1360 sic
1571 1304 1676 1376 qui
1705 1299 1799 1357 52
1829 1319 1993 1362 scru-

277 1402 419 1451 tator
445 1402 529 1450 est
559 1393 874 1466 majestatis
892 1393 1252 1466 opprimetur
1277 1409 1308 1449 a
1330 1393 1512 1464 gloria
1535 1397 1713 1463 (Prov.
1750 1396 1924 1465 XXV).
1965 1416 1987 1446 ι

273 1482 354 1540 De
377 1491 623 1555 utraque
653 1483 812 1540 enim
863 1497 960 1556 per
999 1482 1336 1556 prophetam
1379 1482 1492 1539 dici
1523 1492 1662 1556 puto
1694 1507 1706 1540 :
1743 1509 1766 1531 «
1801 1483 1988 1542 Gene-

270 1571 550 1628 rationem
591 1571 715 1644 ejus
754 1569 884 1644 quis
922 1569 1255 1627 enarrabit?
1285 1573 1432 1642 (Isai.
1470 1575 1554 1639 v.)
1590 1591 1616 1622 »
1657 1569 1803 1639 Quia
1850 1587 1988 1629 sane

268 1660 369 1718 illa
393 1659 579 1717 Patris
603 1659 774 1717 inetla
786 1658 916 1716 bilis
940 1665 995 1716 et
1020 1658 1433 1716 inaccessibilis
1462 1668 1546 1717 est
1570 1669 1624 1718 et
1646 1660 1799 1718 nulli
1826 1677 1986 1720 crea-

272 1758 419 1807 turae
451 1749 683 1822 pervia;
721 1749 828 1805 hoc
875 1762 1049 1806 sensu
1084 1747 1250 1806 credo
1276 1749 1614 1821 Apostolum
1659 1749 1876 1809 dixisse
1915 1752 1987 1810 de

268 1840 387 1897 Deo
446 1859 458 1897 :

268 1937 310 2001 (1
354 1936 490 1989 Tim.
523 1935 584 2003 1),
621 1952 646 1982 »
681 1946 819 1988 cum
852 1933 1024 1988 etiam
1057 1929 1320 2003 puriores
1341 1938 1566 1990 natura:
1595 1939 1749 1990 tanto
1786 1949 1978 1991 rever-

269 2024 545 2079 berentur
577 2020 813 2091 intuitu,
841 2036 941 2077 nec
979 2020 1198 2092 possint
1231 2021 1558 2094 irrumpere
1611 2029 1784 2080 tanta).
1811 2024 1979 2082 clari-

269 2111 397 2168 tatis
423 2110 865 2184 ahyssumese
886 2110 1058 2168 etiam
1094 2109 1278 2168 Filius
1309 2116 1654 2182 protestatur
1688 2132 1699 2170 :
1737 2137 1761 2164 α
1798 2113 1979 2174 Nemo

268 2199 430 2258 novit
470 2199 710 2270 Filium,
745 2200 856 2257 nisi
901 2199 1083 2268 Pater,
1115 2215 1305 2274 neque
1354 2198 1577 2259 Patrem
1612 2203 1747 2274 quis
1798 2202 1976 2274 novit,

264 2287 378 2345 nisi
407 2287 615 2359 Filius,
630 2296 683 2346 et
703 2287 800 2346 cui
821 2287 1068 2345 voluerit
1092 2286 1275 2346 Filius
1290 2289 1545 2347 revelare
1563 2291 1778 2360 (Matth.
1806 2293 1885 2364 XI)
1909 2317 1921 2350 :
1949 2313 1975 2344 »

267 2391 382 2433 non
445 2375 593 2434 sicut
649 2384 751 2445 est,
821 2374 918 2432 sed
975 2375 1124 2434 sicut
1177 2392 1377 2448 capere
1420 2385 1620 2449 potest,
1676 2379 1770 2436 cui
1825 2385 1978 2439 tanta

266 2465 525 2536 dignatio
563 2464 868 2522 revelatur.
903 2463 1066 2520 Unde
1088 2471 1142 2520 et
1172 2463 1273 2521 illa
1299 2465 1565 2524 sublimis
1601 2467 1815 2540 anima,
1844 2486 1977 2544 quae

269 2568 452 2625 usque
503 2554 569 2611 ad
627 2553 859 2611 tertium
914 2552 1125 2610 cmlum
1175 2552 1234 2609 in
1286 2552 1516 2612 divitias
1568 2555 1767 2629 glorize
1818 2568 1977 2632 rapta

263 2643 450 2699 fuerat
504 2644 576 2712 (11
625 2644 741 2699 Cor.
783 2643 909 2711 XII),
952 2640 1134 2698 dicit:
1174 2663 1199 2693 «
1251 2640 1371 2714 Ego
1426 2658 1518 2700 me
1568 2660 1684 2700 non
1731 2646 1976 2703 arbitror

261 2731 765 2805 comprehendisse
818 2732 979 2802 (Phil.
1028 2733 1127 2804 llI).
1193 2755 1214 2781 ι
1262 2730 1576 2790 Verissima
1625 2732 1805 2806 igitur
1839 2735 1977 2792 defi-

261 2821 405 2879 nitio
432 2829 512 2879 est
540 2820 677 2894 quia
709 2816 867 2876 illam
895 2818 1208 2891 gignentia,
1238 2825 1291 2875 et
1321 2819 1502 2891 geniti
1544 2822 1971 2892 generationem

261 2911 462 2969 nullus
510 2909 751 2968 omnino
787 2909 1054 2982 penetrat
1102 2908 1450 2967 intellectus.
1492 2909 1655 2968 Hanc
1700 2911 1868 2969 etiam
1903 2912 1972 2971 de

256 3008 437 3058 matre
471 2999 630 3056 omni
665 2998 937 3056 humana:
975 3005 1250 3055 creatura:
1295 3012 1423 3055 reor
1460 2998 1920 3058 inextricabilem
1953 3021 1966 3058 :

256 3088 481 3157 Nescio,
539 3097 734 3146 utrum
788 3086 858 3143 ab
910 3086 1009 3144 illa
1061 3085 1469 3145 excellentiore
1520 3094 1727 3146 natura
1786 3090 1971 3147 valeat

256 3179 684 3252 comprehendi.
721 3177 862 3248 Quis
907 3178 1064 3235 enim
1121 3178 1564 3251 comprehendat
1604 3179 1966 3250 conjunctio—

255 3284 387 3327 nem
437 3268 625 3326 carnis
669 3275 723 3325 et
772 3266 982 3336 Verbi;
1026 3265 1272 3338 qualiter
1337 3266 1506 3335 Deus,
1558 3273 1613 3324 et
1672 3268 1844 3326 homo
1902 3269 1964 3325 in

252 3372 429 3416 unam
477 3371 777 3428 personam
815 3354 1164 3413 conveniant
1199 3355 1372 3413 salvis
1420 3355 1966 3432 imperturbatisque

249 3443 692 3521 proprietatibus
721 3442 1104 3502 naturarum?
1138 3442 1551 3518 Unusquisque
1573 3445 1632 3501 in
1659 3460 1766 3503 suo
1792 3461 1964 3504 sensu

251 3536 539 3606 abundat;
569 3552 674 3609 ego
702 3536 848 3593 hanc
878 3551 1109 3593 omnem
1143 3551 1378 3593 sensum
1411 3537 1741 3609 supergredi
1772 3539 1960 3609 credo,

245 3631 504 3682 veterum
551 3624 809 3682 virorum
853 3623 1109 3696 vestigiis
1147 3623 1459 3695 inhaerens,
1493 3625 1590 3697 qui
1647 3642 1821 3700 super
1858 3628 1963 3684 hoc

247 3727 416 3770 sanas
447 3720 501 3770 et
532 3712 904 3770 inconcussas
931 3712 1243 3770 sententias
1282 3712 1658 3786 reliquerunt.

295 3805 404 3862 -Ad
460 3810 755 3876 paternam
820 3802 997 3874 igitur
1081 3802 1506 3874 generationem
1578 3813 1956 3876 recurrentes,

233 3909 429 3967 locum
467 3893 800 3966 voluptatis,
844 3890 1070 3949 Patrem
1118 3908 1240 3950 esse
1275 3908 1594 3963 censemus,
1629 3911 1759 3954 cum
1807 3897 1959 3955 Deus

235 3981 478 4041 illocalis
517 3983 606 4050 sit,
651 3981 746 4039 sed
785 3980 1121 4038 eﬂicientias
1156 3996 1373 4047 rerum,
1407 3981 1520 4039 nisi
1558 3999 1658 4056 per
1695 3985 1958 4057 vulgatos

234 4088 552 4142 sermones,
595 4070 884 4143 explicare
932 4085 1046 4127 non
1101 4086 1425 4142 possumus.
1465 4071 1532 4129 In
1589 4075 1709 4146 ipso
1763 4083 1956 4133 autem

235 4177 473 4220 omnem
504 4160 853 4231 voluptatem
904 4173 1028 4216 esse
1074 4158 1352 4231 intelligit
1390 4162 1490 4234 qui
1543 4161 1676 4234 legit
1713 4165 1954 4236 Aposto-

238 4251 361 4308 lum
413 4249 737 4306 dicentem:
773 4271 798 4294 ‹‹
851 4246 1133 4316 Quoniam
1175 4264 1249 4305 ex
1303 4250 1450 4322 ipso,
1501 4260 1555 4309 et
1600 4268 1701 4325 per
1739 4253 1949 4326 ipsum,

233 4348 288 4397 et
337 4338 398 4395 in
441 4338 560 4408 ipso
606 4344 741 4394 sunt
780 4333 978 4393 omnia
1024 4329 1193 4403 (Rom.
1223 4342 1332 4407 XI),
1364 4362 1388 4384 υ
1437 4346 1490 4396 et
1519 4339 1703 4398 alium
1744 4357 1818 4398 ex
1850 4341 1951 4400 illo

232 4427 500 4486 duodeno
534 4423 692 4498 apice
730 4422 998 4482 similiter
1027 4430 1382 4483 eructantem
1419 4446 1430 4484 :
1467 4449 1494 4480 «
1531 4426 1712 4486 Omne
1751 4428 1948 4488 datum

2077 1115 2262 1187 ﬁgura
2296 1116 2632 1175 substantia}
2686 1118 2810 1190 ejus
2856 1120 3032 1190 (Hebr.
3085 1121 3142 1190 I).
3203 1119 3500 1192 Egreditur
3539 1122 3754 1182 alterni-

2079 1210 2208 1274 tate,
2240 1205 2378 1278 quia
2414 1205 2566 1264 alius
2601 1215 2685 1263 est
2729 1206 2803 1264 ab
2849 1206 2970 1278 illo,
3003 1207 3174 1279 alius,
3221 1207 3366 1278 dico,
3413 1225 3524 1267 non
3572 1211 3751 1270 aliud:

2079 1317 2104 1340 ‹‹
2161 1292 2302 1366 Ego,
2337 1293 2547 1368 inquit,
2587 1301 2641 1352 et
2691 1295 2875 1366 Pater,
2916 1311 3103 1354 unum
3147 1313 3352 1356 sumus
3399 1300 3566 1370 (Joan.
3609 1303 3680 1374 X).
3730 1323 3754 1354 »

2082 1383 2272 1442 Unum
2304 1384 2475 1456 dixit,
2499 1401 2614 1444 non
2646 1403 2820 1460 unus,
2852 1388 2990 1462 quia
3017 1403 3206 1446 unum
3229 1387 3759 1462 signiﬁcatsubstan-

2075 1473 2171 1529 tia:
2205 1473 2510 1545 unitatem,
2546 1491 2754 1533 sumus
2783 1490 2918 1534 vero
2956 1491 3336 1549 personarum
3362 1478 3753 1550 proprietatem.

2077 1559 2170 1620 Sic
2198 1562 2378 1635 igitur
2406 1569 2460 1622 et
2486 1563 2654 1637 longe
2683 1565 3075 1624 excellentiori
3105 1567 3276 1624 modo
3305 1566 3377 1624 de
3406 1565 3565 1625 Patre
3591 1566 3756 1626 Filius

2071 1651 2370 1723 egrediens
2425 1652 2673 1711 inundat
2729 1654 3016 1728 angelicas
3075 1656 3371 1728 stationes,
3409 1656 3560 1730 quia,
3605 1657 3756 1730 juxta

2074 1739 2441 1798 Salomonem
2469 1786 2484 1812 ,
2539 1765 2558 1793 ι
2603 1742 2728 1801 fons
2789 1743 3088 1817 sapientiae
3137 1744 3396 1804 Verbum
3437 1743 3530 1801 53
3576 1745 3668 1802 Dei
3703 1747 3754 1804 in

528 1862 548 1890 α
619 1839 728 1909 Qui
786 1841 944 1897 solus
1000 1839 1218 1896 habitat
1277 1839 1467 1896 lucem
1525 1840 1980 1900 jnaccessibilem
2007 1829 2316 1908 Bexcelsis
2359 1834 2554 1901 (Eccli.
2588 1837 2649 1901 Ι).
2685 1856 2710 1884 »
2759 1834 3119 1894 Citharaadus
3176 1853 3320 1910 puer
3349 1837 3418 1894 de
3471 1836 3574 1894 hoc
3623 1837 3757 1894 fonte

2070 1917 2239 1992 pleno
2286 1927 2486 1979 ventre
2533 1929 2847 1994 potaverat,
2881 1938 3014 1982 cum
3061 1924 3275 1983 diceret
3306 1949 3318 1984 :
3357 1951 3383 1975 α
3410 1927 3571 1999 Apud
3603 1933 3650 1983 te
3685 1933 3757 1984 est

2071 2006 2195 2065 fons
2223 2008 2359 2066 vita:
2391 2012 2560 2077 (Psal.
2590 2019 2811 2081 XXXV),
2837 2035 2856 2062 ιι
2892 2013 3028 2085 quia
3057 2029 3170 2071 non
3203 2013 3393 2072 solum
3427 2020 3487 2073 tu
3518 2014 3646 2085 vita,
3672 2014 3756 2072 sed

2065 2102 2119 2154 et
2166 2096 2349 2154 Filius
2393 2106 2526 2156 tuus
2575 2098 2703 2156 fons
2749 2099 2880 2158 vitae
2924 2107 3026 2158 est.
3079 2102 3168 2173 Et,
3213 2107 3276 2161 ut
3322 2108 3574 2176 patenter
3626 2102 3754 2177 quid

2066 2187 2362 2260 sentiebat,
2412 2189 2752 2259 ostenderet,
2799 2190 3108 2265 subjunxit
3158 2213 3169 2252 :
3223 2219 3242 2246 α
3300 2193 3367 2252 In
3419 2193 3633 2254 lumine
3667 2201 3755 2254 tuo

2063 2279 2391 2338 videbimus
2412 2280 2607 2338 lumen
2636 2283 2844 2352 (Ibid).
2889 2307 2910 2335 ι

2140 2391 2159 2418 α
2221 2369 2306 2425 Ad
2366 2368 2722 2442 irrigandam
2800 2372 3132 2432 universam
3198 2373 3559 2449 superficiem
3608 2384 3755 2434 terrea

2064 2460 2212 2530 (Gen.
2243 2460 2328 2530 II).
2366 2485 2392 2508 ω
2427 2459 2708 2528 Quaenam
2739 2469 3009 2520 terra-est
3055 2462 3117 2520 in
3159 2462 3261 2521 illa
3295 2463 3569 2523 caelorum
3612 2478 3755 2522 sum-

2061 2550 2257 2608 mitate
2301 2551 2566 2624 reposita,
2631 2568 2805 2625 quam
2865 2569 2982 2612 non
3041 2555 3415 2627 praeterﬂuat,
3474 2563 3528 2614 et
3576 2555 3755 2627 irriget

2060 2638 2274 2697 ﬂuvius
2302 2638 2631 2712 gloriosus?
2662 2641 2928 2714 Regnum
2959 2644 3235 2702 caelorum
3276 2652 3425 2703 terra
3450 2643 3756 2702 viventium

2058 2734 2161 2797 est,
2198 2727 2267 2784 de
2313 2742 2430 2800 qua
2469 2728 2607 2786 dicit
2634 2739 2906 2788 sanctus:
2945 2755 2965 2782 ιι
3010 2732 3199 2791 Portio
3229 2749 3386 2805 mea,
3418 2733 3670 2801 Domine,
3701 2731 3755 2788 in

2059 2823 2205 2872 terra
2260 2817 2583 2879 viventium
2635 2824 2809 2890 (Psal.
2858 2827 3007 2893 XIV).
3063 2848 3082 2874 ιι
3128 2823 3197 2880 Et
3252 2844 3263 2881 :
3318 2851 3344 2872 ιι
3376 2822 3556 2882 Credo
3586 2823 3758 2880 videre

2059 2903 2205 2962 bona
2248 2905 2485 2966 Domini
2532 2909 2592 2966 in
2652 2917 2799 2968 terra
2834 2911 3157 2970 viventium
3185 2916 3358 2985 (Psal.
3395 2913 3586 2981 XXVI).
3623 2937 3640 2959 υ
3674 2909 3753 2980 Et,

2061 3019 2086 3042 ‹‹
2117 2994 2356 3054 Placebo
2391 2998 2636 3056 Domino
2666 2999 2727 3057 in
2757 3002 2988 3075 regione
3019 3001 3293 3060 vivorum
3330 3005 3538 3072 (CXIV).
3579 3027 3602 3049 ιι
3631 2997 3756 3056 Irri-

2054 3085 2204 3157 gatio
2251 3087 2372 3144 haec
2419 3086 2736 3146 indicibilis
2785 3097 2886 3147 est.
2939 3090 3323 3150 Inebriantur
3346 3093 3559 3166 quippe
3583 3086 3758 3162 angeli

2051 3174 2123 3231 ab
2173 3175 2431 3233 ubertate
2473 3176 2682 3236 domus
2727 3177 2853 3249 Dei,
2898 3184 2954 3236 et
3003 3186 3247 3238 torrente
3298 3178 3608 3252 voluptatis
3641 3178 3757 3250 ejus

2050 3269 2336 3334 potantur.
2383 3263 2489 3322 Hic
2528 3266 2668 3340 quid
2699 3266 2885 3325 dicam
2919 3268 3130 3337 nescio,
3159 3267 3303 3341 quia
3340 3268 3624 3341 plurimus
3649 3273 3757 3323 stu-

2048 3368 2152 3425 por
2194 3369 2428 3410 sensum
2461 3355 2732 3428 0pprimit
2776 3362 2949 3432 atque
2998 3363 3274 3415 mentem.
3333 3359 3445 3418 Ubi
3485 3363 3616 3418 sunt
3641 3371 3757 3415 ora-

2050 3439 2179 3496 torii
2228 3455 2542 3512 sermones,
2580 3458 2724 3518 quos
2773 3444 2835 3501 in
2873 3445 3102 3502 fornace
3133 3445 3429 3505 rhetorica
3460 3445 3646 3505 omnis
3671 3442 3759 3501 ille

2047 3527 2523 3602 philosophorum
2569 3532 2842 3589 conflavit
2887 3531 3134 3591 chorus?
3166 3532 3277 3591 Ubi
3332 3541 3473 3593 sunt
3513 3534 3758 3608 gigantes

2044 3633 2077 3674 a
2122 3616 2334 3675 szeculo
2387 3618 2692 3689 nominati,
2742 3618 2845 3692 qui
2897 3619 2969 3676 ab
3028 3619 3194 3678 initio
3259 3623 3509 3680 fuerunt
3559 3627 3758 3678 statura

2045 3719 2281 3778 magna,
2331 3707 2576 3765 scientes
2625 3707 2882 3779 bellum,
2938 3707 3283 3782 languentes
3340 3712 3492 3769 circa
3555 3720 3760 3784 pugnas

2043 3793 2400 3853 verborum?
2428 3796 2705 3870 Nunquid
2744 3812 2862 3854 non
2896 3797 3192 3857 maximus
3227 3798 3332 3858 ille
3371 3801 3555 3875 gigas,
3589 3799 3761 3858 Plato-

2041 3900 2175 3941 nem
2223 3885 2444 3958 quuor,
2494 3886 2566 3944 ab
2610 3887 2901 3946 intellectu
2950 3896 3060 3946 tam
3119 3889 3464 3963 purissimae
3524 3886 3761 3950 veritatis

2041 3974 2314 4048 repulsus
2348 3974 2481 4034 est?
2510 3975 2790 4050 Nunquid
2818 3991 2935 4035 non
2966 3977 3245 4036 acerrimo
3293 3980 3514 4039 mentis
3541 3976 3760 4051 ingenio

2039 4072 2296 4136 tangens,
2314 4064 2413 4124 sed
2434 4082 2549 4125 non
2574 4067 2863 4141 attingens
2878 4067 3241 4127 divinitatem
3263 4070 3375 4129 Dei
3397 4071 3565 4129 dicit:
3585 4068 3761 4128 Unum

2036 4155 2256 4222 inveni,
2318 4156 2472 4227 quod
2526 4162 2729 4214 cuncta
2781 4165 3079 4230 operetur;
3123 4165 3178 4216 et
3225 4159 3419 4229 aliud,
3468 4174 3570 4233 per
3620 4153 3762 4231 quod

2036 4250 2241 4300 cuncta
2287 4242 2616 4302 efﬁciuntur
2637 4267 2651 4315 ;
2713 4246 2944 4304 tertium
2981 4255 3175 4306 autem
3213 4248 3498 4307 invenire
3539 4262 3648 4306 non
3677 4258 3764 4318 po-

2039 4333 2164 4391 tui?
2194 4333 2364 4392 Recte
2393 4333 2463 4392 de
2492 4333 2712 4408 Spiritu
2747 4344 2940 4396 sancto
2971 4337 3213 4407 inscius,
3241 4337 3353 4413 qui
3385 4337 3475 4397 illi
3507 4353 3620 4396 non
3653 4337 3764 4393 erat

2032 4423 2287 4494 infusus,
2335 4425 2436 4499 qui
2480 4434 2810 4486 sanctarum
2851 4428 3278 4488 revelationum
3341 4429 3620 4504 magister
3665 4429 3760 4493 est,

233 4515 537 4626 qptimutn,
569 4519 622 4570 et
661 4529 833 4626 omne
889 4512 1106 4626 donum
1146 4514 1462 4626 perfectum
1512 4513 2135 4626 desursum‘esth‘ui
2164 4513 2381 4626 revelat
2423 4515 2602 4626 Paulo
2646 4533 2778 4591 qum
2818 4519 3025 4626 oculus
3057 4520 3401 4617 .non.vidit,
3437 4521 3592 4626 sicut
3619 4517 3764 4626 idem

159 4627 168 4638 ·’
233 4603 584 4664 descendens
623 4618 656 4658 a
698 4601 859 4660 Patre
911 4600 1208 4660 luminum
1254 4607 1383 4676 (Jac.
1414 4609 1468 4677 I).
1514 4632 1539 4654 ››
1595 4605 1723 4680 Ipse
1772 4608 1945 4666 etiam
1971 4600 2346 4675 "Apostolus
2391 4605 2676 4677 gloriatur
2711 4631 2722 4664 :
2762 4629 2782 4656 ι
2821 4607 3016 4678 Nobis,
3053 4607 3262 4680 inquit,
3300 4609 3591 4667 revelavit
3619 4608 3763 4666 Deus

233 4691 414 4751 Filius
444 4691 582 4749 dicit
616 4713 627 4749 :
666 4714 691 4744 «
736 4692 875 4749 Hmc
904 4699 986 4749 est
1027 4692 1144 4750 vita
1182 4701 1395 4750 aeterna
1427 4703 1486 4752 ut
1529 4706 1946 4768 cognoscantte

229 4783 418 4841 solum
470 4797 672 4840 verum
725 4781 906 4840 Deum
956 4786 1133 4850 (Joan.
1177 4791 1347 4851 XVII).
1391 4806 1410 4835 ι
1460 4785 1720 4857 Cognitio
1771 4787 1948 4861 igitur

233 4873 433 4942 Patris,
467 4874 582 4930 vita
620 4879 834 4929 aeterna
879 4880 995 4940 est;
1037 4880 1092 4928 et
1135 4872 1233 4930 ubi
1281 4873 1395 4930 vita
1423 4881 1657 4944 interna,
1687 4877 1764 4934 ibi
1792 4894 1946 4936 sem-

235 4965 456 5036 piterna
486 4964 769 5036 voluptas,
801 4962 936 5035 quia
968 4963 1227 5034 gignitur
1267 4962 1336 5020 de
1379 4971 1539 5021 utero
1574 4965 1756 5023 Patris
1795 4967 1946 5025 Deus

234 5054 303 5110 de
357 5053 493 5122 Deo,
552 5051 749 5111 lumen
804 5052 874 5109 de
932 5051 1174 5119 lumine,
1223 5052 1292 5109 de
1344 5051 1592 5112 Domino
1637 5054 1941 5114 Dominus.

232 5143 539 5216 Egreditur
565 5151 756 5202 autem
801 5141 1115 5210 identitate,
1155 5143 1294 5215 quia
1323 5143 1474 5201 idem
1520 5154 1623 5214 est,
1653 5145 1806 5219 quod
1837 5145 1945 5204 Pa-

235 5242 338 5290 ter.
385 5232 546 5289 Idem
581 5233 728 5303 dico,
777 5233 1097 5291 secundum
1141 5233 1540 5303 substantiam,
1577 5249 1690 5292 non
1735 5250 1946 5292 secun-

234 5318 375 5377 dum
427 5335 747 5392 personam.
801 5319 1108 5393 Egreditur
1146 5327 1202 5377 et
1245 5321 1589 5394 aequalitate,
1635 5321 1770 5396 quia
1823 5321 1946 5395 pari

237 5407 654 5482 omnipotentia
737 5409 963 5482 respicit
1039 5409 1444 5481 Generautem,
1517 5427 1651 5469 cum
1726 5412 1939 5482 omnia,

238 5513 370 5570 quae
419 5504 599 5569 potest
643 5495 826 5566 Pater,
865 5499 1042 5570 possit
1076 5505 1132 5555 et
1176 5497 1379 5566 Filius,
1425 5499 1572 5558 sicut
1610 5501 1729 5571 ipse
1776 5507 1944 5559 testa-

236 5592 330 5645 tur
365 5605 377 5642 :
424 5611 449 5633 α
481 5583 684 5643 Omnia
718 5600 850 5658 quas
892 5586 1023 5643 facit
1068 5585 1253 5657 Pater,
1286 5585 1419 5644 facit
1454 5595 1509 5644 et
1542 5587 1727 5646 Filius
1774 5612 1787 5647 :
1839 5605 1944 5648 nec

238 5681 421 5744 potest
472 5672 653 5733 Filius
713 5674 895 5731 facere
955 5671 1298 5747 quidquam,
1352 5673 1467 5732 nisi
1522 5674 1676 5746 quod
1737 5675 1945 5734 viderit

2035 4693 2081 4761 (I
2117 4692 2233 4749 Cor.
2278 4695 2355 4764 II).
2408 4718 2433 4741 »ι
2483 4691 2588 4751 Per
2633 4694 2794 4767 quid,
2847 4695 3161 4768 Apostole?
3223 4720 3248 4742 ‹‹
3315 4694 3431 4754 Per
3486 4695 3760 4770 Spiritum

2033 4797 2205 4839 suum
2235 4783 2434 4854 (Ibid),
2474 4803 2494 4833 ο
2543 4799 2657 4840 non
2691 4799 2794 4856 per
2821 4784 3090 4857 spiritum
3133 4791 3428 4854 nostrum,
3465 4800 3646 4860 quem
3673 4799 3756 4841 se-

2032 4870 2148 4928 cuti
2199 4871 2550 4944 philosophi,
2594 4879 2650 4930 et
2690 4872 2909 4930 seducti
2960 4881 3098 4932 sunt
3137 4880 3191 4932 et
3227 4876 3623 4934 seduxerunt.
3659 4870 3758 4931 Ille

2033 4967 2226 5019 noster
2258 4961 2653 5034 philosophus,
2684 4963 2784 5037 qui
2823 4980 2996 5038 super
3035 4965 3220 5037 senes,
3253 4974 3309 5024 et
3341 4983 3525 5040 super
3563 4979 3759 5024 omnes

2032 5051 2298 5109 docentes
2337 5065 2395 5107 se
2441 5050 2731 5110 intellexit
2777 5055 2946 5122 (Psal.
2979 5059 3209 5124 CXVIII),
3240 5056 3387 5128 quid
3433 5071 3614 5130 super
3653 5054 3758 5112 hoc

2032 5141 2294 5211 senserit,
2347 5140 2654 5200 audiamus
2712 5163 2724 5200 :
2774 5163 2800 5196 «
2855 5144 3094 5218 Rigans,
3141 5145 3358 5219 inquit,
3418 5151 3648 5205 montes
3691 5143 3758 5201 de

2032 5231 2426 5302 superioribus
2482 5231 2602 5289 suis
2655 5235 2826 5300 (Psal.
2886 5238 3026 5301 CIII).
3077 5259 3102 5281 υ
3157 5233 3239 5292 De
3296 5233 3755 5294 sublimioribus

2032 5319 2247 5392 quippe
2284 5318 2506 5393 angelis
2548 5319 2727 5385 docet.
2760 5321 2861 5394 qui
2895 5336 3009 5380 non
3038 5337 3135 5393 per
3165 5322 3480 5395 speculum
3511 5326 3577 5382 in
3611 5323 3755 5382 aani-

2031 5415 2250 5479 gmate,
2295 5406 2394 5466 sed
2440 5408 2583 5466 facie
2627 5409 2698 5466 ad
2743 5410 2944 5469 faciem
2984 5411 3170 5484 ipsam
3209 5410 3314 5468 Dei
3362 5413 3755 5472 substantiam

2033 5497 2361 5557 luminibus
2388 5498 2692 5558 indefessis
2719 5507 2971 5574 spectant
3000 5503 3043 5573 (Ι
3066 5503 3182 5560 Cor.
3214 5505 3370 5570 XIII).

2109 5585 2418 5659 Sequitur:
2451 5609 2471 5637 α
2509 5585 2620 5652 Qui
2651 5587 2785 5647 inde
2815 5589 3098 5649 dividitur
3125 5591 3184 5649 in
3215 5595 3481 5664 quatuor
3500 5591 3706 5663 capita.
3736 5610 3756 5637 ι

2034 5676 2103 5736 In
2134 5692 2268 5750 quae
2293 5684 2541 5751 quatuor
2577 5678 2760 5751 capita
2799 5678 3060 5739 dicamus
3095 5680 3383 5744 breviter.
3420 5681 3566 5755 quia
3591 5694 3764 5754 gran-
