  <div class='ocr_page' id='page_1' title='image "/cluster/home/n/w/nwhite01/storage/ocr_20150623/144/hvd.32044054760046/286.png"; bbox 0 0 4070 6198; ppageno 0'>
   <div class='ocr_carea' id='block_1_1' title="bbox 348 109 3874 216">
    <p class='ocr_par' dir='ltr' id='par_1_1' title="bbox 348 109 3874 216">
     <span class='ocr_line' id='line_1_1' title="bbox 348 109 3874 216; baseline 0.001 -5"><span class='ocrx_word' id='word_1_1' title='bbox 348 109 446 211; x_wconf 77' lang='lat'><strong>561</strong></span> <span class='ocrx_word' id='word_1_2' title='bbox 1923 151 2172 212; x_wconf 63' lang='grc' dir='ltr'>δειδιΜο</span> <span class='ocrx_word' id='word_1_3' title='bbox 2207 152 2306 211; x_wconf 86' lang='lat' dir='ltr'><strong>x1.</strong></span> <span class='ocrx_word' id='word_1_4' title='bbox 2817 153 2822 158; x_wconf 69' lang='lat'><strong><em>‘</em></strong></span> <span class='ocrx_word' id='word_1_5' title='bbox 3767 156 3874 216; x_wconf 80' lang='lat'><strong>562</strong></span> 
     </span>
    </p>
   </div>
   <div class='ocr_carea' id='block_1_2' title="bbox 346 269 3863 355">
    <p class='ocr_par' dir='ltr' id='par_1_2' title="bbox 346 269 3863 355">
     <span class='ocr_line' id='line_1_2' title="bbox 346 269 3863 355; baseline 0.002 -21"><span class='ocrx_word' id='word_1_6' title='bbox 346 275 436 334; x_wconf 88' lang='lat' dir='ltr'><strong>dis</strong></span> <span class='ocrx_word' id='word_1_7' title='bbox 473 274 640 333; x_wconf 89' lang='lat' dir='ltr'><strong>nobis</strong></span> <span class='ocrx_word' id='word_1_8' title='bbox 678 277 850 331; x_wconf 81' lang='lat' dir='ltr'><strong>restat</strong></span> <span class='ocrx_word' id='word_1_9' title='bbox 890 270 1000 328; x_wconf 86' lang='lat' dir='ltr'><strong>via.</strong></span> <span class='ocrx_word' id='word_1_10' title='bbox 1048 269 1111 328; x_wconf 93' lang='lat' dir='ltr'><strong>In</strong></span> <span class='ocrx_word' id='word_1_11' title='bbox 1157 269 1616 343; x_wconf 85' lang='lat' dir='ltr'><strong>admirationem,</strong></span> <span class='ocrx_word' id='word_1_12' title='bbox 1648 291 1760 350; x_wconf 91' lang='lat' dir='ltr'><strong>qua</strong></span> <span class='ocrx_word' id='word_1_13' title='bbox 1811 282 1920 334; x_wconf 89' lang='lat' dir='ltr'><strong>tota</strong></span> <span class='ocrx_word' id='word_1_14' title='bbox 1958 274 2335 350; x_wconf 46' lang='lat' dir='ltr'><strong>obcAgulari</strong></span> <span class='ocrx_word' id='word_1_15' title='bbox 2384 283 2553 351; x_wconf 92' lang='lat' dir='ltr'><strong>partu</strong></span> <span class='ocrx_word' id='word_1_16' title='bbox 2604 277 2879 337; x_wconf 77' lang='lat' dir='ltr'><strong>divinitas</strong></span> <span class='ocrx_word' id='word_1_17' title='bbox 2925 280 3236 339; x_wconf 87' lang='lat' dir='ltr'><strong>humanata</strong></span> <span class='ocrx_word' id='word_1_18' title='bbox 3289 282 3518 355; x_wconf 88' lang='lat' dir='ltr'><strong>sigillat.</strong></span> <span class='ocrx_word' id='word_1_19' title='bbox 3560 283 3670 342; x_wconf 88' lang='lat' dir='ltr'><strong>Ubi</strong></span> <span class='ocrx_word' id='word_1_20' title='bbox 3708 299 3863 341; x_wconf 91' lang='lat' dir='ltr'><strong>nunc</strong></span> 
     </span>
    </p>
   </div>
   <div class='ocr_carea' id='block_1_3' title="bbox 344 361 3860 443">
    <p class='ocr_par' dir='ltr' id='par_1_3' title="bbox 344 361 3860 443">
     <span class='ocr_line' id='line_1_3' title="bbox 344 361 3860 443; baseline 0.001 -18"><span class='ocrx_word' id='word_1_21' title='bbox 344 372 534 438; x_wconf 84' lang='lat' dir='ltr'><strong>stupet</strong></span> <span class='ocrx_word' id='word_1_22' title='bbox 585 363 683 420; x_wconf 92' lang='lat' dir='ltr'><strong>illa</strong></span> <span class='ocrx_word' id='word_1_23' title='bbox 729 361 959 434; x_wconf 84' lang='lat' dir='ltr'><strong>dignior</strong></span> <span class='ocrx_word' id='word_1_24' title='bbox 1008 367 1266 418; x_wconf 85' lang='lat' dir='ltr'><strong>creatura</strong></span> <span class='ocrx_word' id='word_1_25' title='bbox 1317 362 1386 418; x_wconf 91' lang='lat' dir='ltr'><strong>dc</strong></span> <span class='ocrx_word' id='word_1_26' title='bbox 1437 363 1718 422; x_wconf 82' lang='lat' dir='ltr'><strong>Creatoris</strong></span> <span class='ocrx_word' id='word_1_27' title='bbox 1775 365 1954 438; x_wconf 77' lang='lat' dir='ltr'><strong>gloria</strong></span> <span class='ocrx_word' id='word_1_28' title='bbox 2015 369 2072 423; x_wconf 88' lang='lat' dir='ltr'><strong>et</strong></span> <span class='ocrx_word' id='word_1_29' title='bbox 2153 366 2531 425; x_wconf 72' lang='lat' dir='ltr'><strong>Aristotelicas</strong></span> <span class='ocrx_word' id='word_1_30' title='bbox 2582 366 2916 425; x_wconf 74' lang='lat' dir='ltr'><strong>subtilitatis</strong></span> <span class='ocrx_word' id='word_1_31' title='bbox 2965 369 3210 426; x_wconf 90' lang='lat' dir='ltr'><strong>facunda</strong></span> <span class='ocrx_word' id='word_1_32' title='bbox 3258 369 3525 443; x_wconf 85' lang='lat' dir='ltr'><strong>quidem,</strong></span> <span class='ocrx_word' id='word_1_33' title='bbox 3566 371 3663 429; x_wconf 92' lang='lat' dir='ltr'><strong>sed</strong></span> <span class='ocrx_word' id='word_1_34' title='bbox 3709 372 3860 429; x_wconf 85' lang='lat' dir='ltr'><strong>infe-</strong></span> 
     </span>
    </p>
   </div>
   <div class='ocr_carea' id='block_1_4' title="bbox 341 452 3861 532">
    <p class='ocr_par' dir='ltr' id='par_1_4' title="bbox 341 452 3861 532">
     <span class='ocr_line' id='line_1_4' title="bbox 341 452 3861 532; baseline 0 -18"><span class='ocrx_word' id='word_1_35' title='bbox 341 456 544 532; x_wconf 79' lang='lat' dir='ltr'><strong>gloriae</strong></span> <span class='ocrx_word' id='word_1_36' title='bbox 581 454 819 514; x_wconf 80' lang='lat' dir='ltr'><strong>ratione.</strong></span> <span class='ocrx_word' id='word_1_37' title='bbox 852 453 919 511; x_wconf 90' lang='lat' dir='ltr'><strong>In</strong></span> <span class='ocrx_word' id='word_1_38' title='bbox 942 452 1269 527; x_wconf 81' lang='lat' dir='ltr'><strong>puritatem,</strong></span> <span class='ocrx_word' id='word_1_39' title='bbox 1297 454 1434 528; x_wconf 87' lang='lat' dir='ltr'><strong>quia</strong></span> <span class='ocrx_word' id='word_1_40' title='bbox 1463 471 1577 513; x_wconf 92' lang='lat' dir='ltr'><strong>non</strong></span> <span class='ocrx_word' id='word_1_41' title='bbox 1607 456 1664 514; x_wconf 92' lang='lat' dir='ltr'><strong>in</strong></span> <span class='ocrx_word' id='word_1_42' title='bbox 1699 471 1832 514; x_wconf 86' lang='lat' dir='ltr'><strong>vase</strong></span> <span class='ocrx_word' id='word_1_43' title='bbox 1865 461 2070 515; x_wconf 65' lang='lat' dir='ltr'><strong>testeo,</strong></span> <span class='ocrx_word' id='word_1_44' title='bbox 2152 454 2343 512; x_wconf 92' lang='lat' dir='ltr'><strong>cunda</strong></span> <span class='ocrx_word' id='word_1_45' title='bbox 2389 453 2754 530; x_wconf 85' lang='lat' dir='ltr'><strong>loquacitas?</strong></span> <span class='ocrx_word' id='word_1_46' title='bbox 2787 453 2846 513; x_wconf 91' lang='lat' dir='ltr'><strong>Si</strong></span> <span class='ocrx_word' id='word_1_47' title='bbox 2879 457 3113 530; x_wconf 84' lang='lat' dir='ltr'><strong>peperit,</strong></span> <span class='ocrx_word' id='word_1_48' title='bbox 3153 472 3285 516; x_wconf 89' lang='lat' dir='ltr'><strong>cum</strong></span> <span class='ocrx_word' id='word_1_49' title='bbox 3330 459 3454 516; x_wconf 91' lang='lat' dir='ltr'><strong>viro</strong></span> <span class='ocrx_word' id='word_1_50' title='bbox 3505 459 3861 517; x_wconf 76' lang='lat' dir='ltr'><strong>concubuit?</strong></span> 
     </span>
    </p>
   </div>
   <div class='ocr_carea' id='block_1_5' title="bbox 342 540 3858 618">
    <p class='ocr_par' dir='ltr' id='par_1_5' title="bbox 342 540 3858 618">
     <span class='ocr_line' id='line_1_5' title="bbox 342 540 3858 618; baseline 0 -14"><span class='ocrx_word' id='word_1_51' title='bbox 342 546 433 605; x_wconf 87' lang='lat' dir='ltr'><strong>vel</strong></span> <span class='ocrx_word' id='word_1_52' title='bbox 479 542 784 618; x_wconf 77' lang='lat' dir='ltr'><strong>fragilitate</strong></span> <span class='ocrx_word' id='word_1_53' title='bbox 813 540 1233 615; x_wconf 84' lang='lat' dir='ltr'><strong>complexionis</strong></span> <span class='ocrx_word' id='word_1_54' title='bbox 1271 542 1544 601; x_wconf 72' lang='lat' dir='ltr'><strong>humanze</strong></span> <span class='ocrx_word' id='word_1_55' title='bbox 1581 543 1787 602; x_wconf 86' lang='lat' dir='ltr'><strong>bibunt</strong></span> <span class='ocrx_word' id='word_1_56' title='bbox 1835 545 1906 602; x_wconf 91' lang='lat' dir='ltr'><strong>de</strong></span> <span class='ocrx_word' id='word_1_57' title='bbox 1950 550 2069 602; x_wconf 92' lang='lat' dir='ltr'><strong>tor-</strong></span> <span class='ocrx_word' id='word_1_58' title='bbox 2157 540 2323 613; x_wconf 84' lang='lat' dir='ltr'><strong>Velit,</strong></span> <span class='ocrx_word' id='word_1_59' title='bbox 2355 543 2517 610; x_wconf 84' lang='lat' dir='ltr'><strong>nolit,</strong></span> <span class='ocrx_word' id='word_1_60' title='bbox 2550 543 2792 601; x_wconf 85' lang='lat' dir='ltr'><strong>vertitur</strong></span> <span class='ocrx_word' id='word_1_61' title='bbox 2819 544 2879 600; x_wconf 92' lang='lat' dir='ltr'><strong>in</strong></span> <span class='ocrx_word' id='word_1_62' title='bbox 2913 545 3174 603; x_wconf 87' lang='lat' dir='ltr'><strong>habitum</strong></span> <span class='ocrx_word' id='word_1_63' title='bbox 3212 545 3478 618; x_wconf 86' lang='lat' dir='ltr'><strong>privatio,</strong></span> <span class='ocrx_word' id='word_1_64' title='bbox 3512 561 3617 604; x_wconf 90' lang='lat' dir='ltr'><strong>nec</strong></span> <span class='ocrx_word' id='word_1_65' title='bbox 3645 547 3858 605; x_wconf 87' lang='lat' dir='ltr'><strong>astrin-</strong></span> 
     </span>
    </p>
   </div>
   <div class='ocr_carea' id='block_1_6' title="bbox 339 631 3856 709">
    <p class='ocr_par' dir='ltr' id='par_1_6' title="bbox 339 631 3856 709">
     <span class='ocr_line' id='line_1_6' title="bbox 339 631 3856 709; baseline -0.001 -11"><span class='ocrx_word' id='word_1_66' title='bbox 339 644 500 698; x_wconf 87' lang='lat' dir='ltr'><strong>rente</strong></span> <span class='ocrx_word' id='word_1_67' title='bbox 561 633 906 709; x_wconf 85' lang='lat' dir='ltr'><strong>voluptatis,</strong></span> <span class='ocrx_word' id='word_1_68' title='bbox 962 633 1058 690; x_wconf 91' lang='lat' dir='ltr'><strong>sed</strong></span> <span class='ocrx_word' id='word_1_69' title='bbox 1114 639 1333 691; x_wconf 90' lang='lat' dir='ltr'><strong>remoto</strong></span> <span class='ocrx_word' id='word_1_70' title='bbox 1388 634 1722 701; x_wconf 88' lang='lat' dir='ltr'><strong>velamine.</strong></span> <span class='ocrx_word' id='word_1_71' title='bbox 1784 635 2068 693; x_wconf 88' lang='lat' dir='ltr'><strong>hauriunt</strong></span> <span class='ocrx_word' id='word_1_72' title='bbox 2149 632 2306 702; x_wconf 80' lang='lat' dir='ltr'><strong>gitur</strong></span> <span class='ocrx_word' id='word_1_73' title='bbox 2360 631 2670 690; x_wconf 83' lang='lat' dir='ltr'><strong>dialecticis</strong></span> <span class='ocrx_word' id='word_1_74' title='bbox 2726 634 2989 692; x_wconf 90' lang='lat' dir='ltr'><strong>terminis</strong></span> <span class='ocrx_word' id='word_1_75' title='bbox 3045 633 3308 691; x_wconf 91' lang='lat' dir='ltr'><strong>omnium</strong></span> <span class='ocrx_word' id='word_1_76' title='bbox 3368 635 3724 706; x_wconf 90' lang='lat' dir='ltr'><strong>terminator,</strong></span> <span class='ocrx_word' id='word_1_77' title='bbox 3787 637 3856 694; x_wconf 92' lang='lat' dir='ltr'><strong>ad</strong></span> 
     </span>
    </p>
   </div>
   <div class='ocr_carea' id='block_1_7' title="bbox 339 719 3856 798">
    <p class='ocr_par' dir='ltr' id='par_1_7' title="bbox 339 719 3856 798">
     <span class='ocr_line' id='line_1_7' title="bbox 339 719 3856 798; baseline 0.001 -14"><span class='ocrx_word' id='word_1_78' title='bbox 339 739 522 798; x_wconf 87' lang='lat' dir='ltr'><strong>aquas</strong></span> <span class='ocrx_word' id='word_1_79' title='bbox 569 723 630 782; x_wconf 91' lang='lat' dir='ltr'><strong>in</strong></span> <span class='ocrx_word' id='word_1_80' title='bbox 677 721 886 796; x_wconf 90' lang='lat' dir='ltr'><strong>gaudio</strong></span> <span class='ocrx_word' id='word_1_81' title='bbox 916 719 986 778; x_wconf 89' lang='lat' dir='ltr'><strong>de</strong></span> <span class='ocrx_word' id='word_1_82' title='bbox 1017 721 1274 779; x_wconf 85' lang='lat' dir='ltr'><strong>fontibus</strong></span> <span class='ocrx_word' id='word_1_83' title='bbox 1307 720 1618 781; x_wconf 89' lang='lat' dir='ltr'><strong>Salvatoris</strong></span> <span class='ocrx_word' id='word_1_84' title='bbox 1647 726 1792 794; x_wconf 82' lang='lat' dir='ltr'><strong>(Isai.</strong></span> <span class='ocrx_word' id='word_1_85' title='bbox 1836 728 1958 793; x_wconf 81' lang='lat' dir='ltr'><strong>XII).</strong></span> <span class='ocrx_word' id='word_1_86' title='bbox 1997 723 2062 780; x_wconf 90' lang='lat' dir='ltr'><strong>In</strong></span> <span class='ocrx_word' id='word_1_87' title='bbox 2146 723 2312 792; x_wconf 88' lang='lat' dir='ltr'><strong>cujus</strong></span> <span class='ocrx_word' id='word_1_88' title='bbox 2354 720 2662 794; x_wconf 90' lang='lat' dir='ltr'><strong>imperium</strong></span> <span class='ocrx_word' id='word_1_89' title='bbox 2700 722 2844 794; x_wconf 87' lang='lat' dir='ltr'><strong>parit</strong></span> <span class='ocrx_word' id='word_1_90' title='bbox 2893 729 3118 794; x_wconf 88' lang='lat' dir='ltr'><strong>natura,</strong></span> <span class='ocrx_word' id='word_1_91' title='bbox 3149 723 3436 780; x_wconf 86' lang='lat' dir='ltr'><strong>desuescit</strong></span> <span class='ocrx_word' id='word_1_92' title='bbox 3478 725 3856 786; x_wconf 86' lang='lat' dir='ltr'><strong>consuetudo.</strong></span> 
     </span>
    </p>
   </div>
   <div class='ocr_carea' id='block_1_8' title="bbox 339 809 3850 890">
    <p class='ocr_par' dir='ltr' id='par_1_8' title="bbox 339 809 3850 890">
     <span class='ocr_line' id='line_1_8' title="bbox 339 809 3850 890; baseline 0.001 -17"><span class='ocrx_word' id='word_1_93' title='bbox 339 813 676 881; x_wconf 83' lang='lat' dir='ltr'><strong>satietatem,</strong></span> <span class='ocrx_word' id='word_1_94' title='bbox 711 812 846 885; x_wconf 89' lang='lat' dir='ltr'><strong>quia</strong></span> <span class='ocrx_word' id='word_1_95' title='bbox 889 815 944 869; x_wconf 88' lang='lat' dir='ltr'><strong>et</strong></span> <span class='ocrx_word' id='word_1_96' title='bbox 977 811 1027 868; x_wconf 92' lang='lat' dir='ltr'><strong>si</strong></span> <span class='ocrx_word' id='word_1_97' title='bbox 1082 810 1144 869; x_wconf 92' lang='lat' dir='ltr'><strong>in</strong></span> <span class='ocrx_word' id='word_1_98' title='bbox 1179 827 1310 870; x_wconf 88' lang='lat' dir='ltr'><strong>eum</strong></span> <span class='ocrx_word' id='word_1_99' title='bbox 1347 812 1673 871; x_wconf 88' lang='lat' dir='ltr'><strong>desiderant</strong></span> <span class='ocrx_word' id='word_1_100' title='bbox 1719 814 2058 888; x_wconf 87' lang='lat' dir='ltr'><strong>prospicere,</strong></span> <span class='ocrx_word' id='word_1_101' title='bbox 2145 809 2451 884; x_wconf 79' lang='lat' dir='ltr'><strong>Egreditur</strong></span> <span class='ocrx_word' id='word_1_102' title='bbox 2477 811 2648 869; x_wconf 87' lang='lat' dir='ltr'><strong>etiam</strong></span> <span class='ocrx_word' id='word_1_103' title='bbox 2689 828 2821 870; x_wconf 88' lang='lat' dir='ltr'><strong>cum</strong></span> <span class='ocrx_word' id='word_1_104' title='bbox 2853 813 3128 873; x_wconf 88' lang='lat' dir='ltr'><strong>claritate.</strong></span> <span class='ocrx_word' id='word_1_105' title='bbox 3164 813 3442 872; x_wconf 87' lang='lat' dir='ltr'><strong>Nascente</strong></span> <span class='ocrx_word' id='word_1_106' title='bbox 3480 815 3693 890; x_wconf 89' lang='lat' dir='ltr'><strong>quippe</strong></span> <span class='ocrx_word' id='word_1_107' title='bbox 3730 816 3850 888; x_wconf 90' lang='lat' dir='ltr'><strong>illo,</strong></span> 
     </span>
    </p>
   </div>
   <div class='ocr_carea' id='block_1_9' title="bbox 341 897 3853 974">
    <p class='ocr_par' dir='ltr' id='par_1_9' title="bbox 341 897 3853 974">
     <span class='ocr_line' id='line_1_9' title="bbox 341 897 3853 974; baseline 0.002 -14"><span class='ocrx_word' id='word_1_108' title='bbox 341 908 533 960; x_wconf 86' lang='lat' dir='ltr'><strong>tamen</strong></span> <span class='ocrx_word' id='word_1_109' title='bbox 591 915 706 957; x_wconf 92' lang='lat' dir='ltr'><strong>non</strong></span> <span class='ocrx_word' id='word_1_110' title='bbox 761 897 1110 956; x_wconf 88' lang='lat' dir='ltr'><strong>desiderium</strong></span> <span class='ocrx_word' id='word_1_111' title='bbox 1161 897 1572 968; x_wconf 86' lang='lat' dir='ltr'><strong>necessitatem,</strong></span> <span class='ocrx_word' id='word_1_112' title='bbox 1629 900 1720 957; x_wconf 87' lang='lat' dir='ltr'><strong>vel</strong></span> <span class='ocrx_word' id='word_1_113' title='bbox 1757 901 2063 959; x_wconf 87' lang='lat' dir='ltr'><strong>necessitas</strong></span> <span class='ocrx_word' id='word_1_114' title='bbox 2142 901 2415 974; x_wconf 89' lang='lat' dir='ltr'><strong>sepelitur</strong></span> <span class='ocrx_word' id='word_1_115' title='bbox 2455 903 2644 961; x_wconf 90' lang='lat' dir='ltr'><strong>omnis</strong></span> <span class='ocrx_word' id='word_1_116' title='bbox 2677 905 2773 961; x_wconf 90' lang='lat' dir='ltr'><strong>illa</strong></span> <span class='ocrx_word' id='word_1_117' title='bbox 2810 905 3171 963; x_wconf 87' lang='lat' dir='ltr'><strong>stellantium</strong></span> <span class='ocrx_word' id='word_1_118' title='bbox 3228 905 3520 963; x_wconf 90' lang='lat' dir='ltr'><strong>luminum</strong></span> <span class='ocrx_word' id='word_1_119' title='bbox 3567 907 3853 966; x_wconf 89' lang='lat' dir='ltr'><strong>luminosa</strong></span> 
     </span>
    </p>
   </div>
   <div class='ocr_carea' id='block_1_10' title="bbox 341 987 3854 1070">
    <p class='ocr_par' dir='ltr' id='par_1_10' title="bbox 341 987 3854 1070">
     <span class='ocr_line' id='line_1_10' title="bbox 341 987 3854 1070; baseline 0.002 -22"><span class='ocrx_word' id='word_1_120' title='bbox 341 988 639 1048; x_wconf 91' lang='lat' dir='ltr'><strong>miseriam</strong></span> <span class='ocrx_word' id='word_1_121' title='bbox 684 987 926 1059; x_wconf 89' lang='lat' dir='ltr'><strong>inducit,</strong></span> <span class='ocrx_word' id='word_1_122' title='bbox 965 987 1062 1044; x_wconf 91' lang='lat' dir='ltr'><strong>sed</strong></span> <span class='ocrx_word' id='word_1_123' title='bbox 1107 987 1445 1046; x_wconf 90' lang='lat' dir='ltr'><strong>mirabiliori</strong></span> <span class='ocrx_word' id='word_1_124' title='bbox 1497 987 1682 1056; x_wconf 90' lang='lat' dir='ltr'><strong>modo,</strong></span> <span class='ocrx_word' id='word_1_125' title='bbox 1725 995 1779 1045; x_wconf 92' lang='lat' dir='ltr'><strong>et</strong></span> <span class='ocrx_word' id='word_1_126' title='bbox 1837 1005 2063 1063; x_wconf 82' lang='lat' dir='ltr'><strong>semper</strong></span> <span class='ocrx_word' id='word_1_127' title='bbox 2142 992 2438 1056; x_wconf 84' lang='lat' dir='ltr'><strong>serenitas,</strong></span> <span class='ocrx_word' id='word_1_128' title='bbox 2469 999 2524 1048; x_wconf 89' lang='lat' dir='ltr'><strong>et</strong></span> <span class='ocrx_word' id='word_1_129' title='bbox 2553 993 2715 1050; x_wconf 89' lang='lat' dir='ltr'><strong>stella</strong></span> <span class='ocrx_word' id='word_1_130' title='bbox 2743 993 3039 1052; x_wconf 90' lang='lat' dir='ltr'><strong>candidior</strong></span> <span class='ocrx_word' id='word_1_131' title='bbox 3073 995 3456 1055; x_wconf 88' lang='lat' dir='ltr'><strong>lucidioribus</strong></span> <span class='ocrx_word' id='word_1_132' title='bbox 3491 997 3667 1055; x_wconf 92' lang='lat' dir='ltr'><strong>radiis</strong></span> <span class='ocrx_word' id='word_1_133' title='bbox 3699 1014 3854 1070; x_wconf 69' lang='lat' dir='ltr'><strong>prm-</strong></span> 
     </span>
    </p>
   </div>
   <div class='ocr_carea' id='block_1_11' title="bbox 338 1076 3850 1158">
    <p class='ocr_par' dir='ltr' id='par_1_11' title="bbox 338 1076 3850 1158">
     <span class='ocr_line' id='line_1_11' title="bbox 338 1076 3850 1158; baseline 0.002 -20"><span class='ocrx_word' id='word_1_134' title='bbox 338 1078 689 1146; x_wconf 89' lang='lat' dir='ltr'><strong>desiderant,</strong></span> <span class='ocrx_word' id='word_1_135' title='bbox 723 1082 785 1135; x_wconf 90' lang='lat' dir='ltr'><strong>ut</strong></span> <span class='ocrx_word' id='word_1_136' title='bbox 820 1092 1047 1149; x_wconf 88' lang='lat' dir='ltr'><strong>semper</strong></span> <span class='ocrx_word' id='word_1_137' title='bbox 1077 1076 1376 1148; x_wconf 89' lang='lat' dir='ltr'><strong>satientur,</strong></span> <span class='ocrx_word' id='word_1_138' title='bbox 1410 1083 1465 1135; x_wconf 91' lang='lat' dir='ltr'><strong>et</strong></span> <span class='ocrx_word' id='word_1_139' title='bbox 1495 1093 1720 1152; x_wconf 83' lang='lat' dir='ltr'><strong>semper</strong></span> <span class='ocrx_word' id='word_1_140' title='bbox 1759 1079 2055 1149; x_wconf 87' lang='lat' dir='ltr'><strong>satiantur,</strong></span> <span class='ocrx_word' id='word_1_141' title='bbox 2142 1081 2464 1139; x_wconf 87' lang='lat' dir='ltr'><strong>scintillans</strong></span> <span class='ocrx_word' id='word_1_142' title='bbox 2496 1089 2665 1141; x_wconf 89' lang='lat' dir='ltr'><strong>totam</strong></span> <span class='ocrx_word' id='word_1_143' title='bbox 2709 1084 2816 1141; x_wconf 91' lang='lat' dir='ltr'><strong>sibi</strong></span> <span class='ocrx_word' id='word_1_144' title='bbox 2848 1083 2978 1142; x_wconf 74' lang='lat' dir='ltr'><strong>cmli</strong></span> <span class='ocrx_word' id='word_1_145' title='bbox 3023 1085 3168 1158; x_wconf 90' lang='lat' dir='ltr'><strong>rapit</strong></span> <span class='ocrx_word' id='word_1_146' title='bbox 3220 1085 3583 1158; x_wconf 90' lang='lat' dir='ltr'><strong>positionem.</strong></span> <span class='ocrx_word' id='word_1_147' title='bbox 3626 1088 3850 1146; x_wconf 82' lang='lat' dir='ltr'><strong>Ambu-</strong></span> 
     </span>
    </p>
   </div>
   <div class='ocr_carea' id='block_1_12' title="bbox 336 1163 3848 1249">
    <p class='ocr_par' dir='ltr' id='par_1_12' title="bbox 336 1163 3848 1249">
     <span class='ocr_line' id='line_1_12' title="bbox 336 1163 3848 1249; baseline 0.002 -21"><span class='ocrx_word' id='word_1_148' title='bbox 336 1173 404 1228; x_wconf 88' lang='lat' dir='ltr'><strong>ut</strong></span> <span class='ocrx_word' id='word_1_149' title='bbox 451 1182 679 1241; x_wconf 90' lang='lat' dir='ltr'><strong>semper</strong></span> <span class='ocrx_word' id='word_1_150' title='bbox 723 1164 1067 1224; x_wconf 84' lang='lat' dir='ltr'><strong>desiderent.</strong></span> <span class='ocrx_word' id='word_1_151' title='bbox 1106 1163 1172 1222; x_wconf 91' lang='lat' dir='ltr'><strong>In</strong></span> <span class='ocrx_word' id='word_1_152' title='bbox 1229 1166 1611 1232; x_wconf 90' lang='lat' dir='ltr'><strong>securitatem,</strong></span> <span class='ocrx_word' id='word_1_153' title='bbox 1652 1167 1791 1242; x_wconf 90' lang='lat' dir='ltr'><strong>quia</strong></span> <span class='ocrx_word' id='word_1_154' title='bbox 1839 1169 1907 1224; x_wconf 92' lang='lat' dir='ltr'><strong>de</strong></span> <span class='ocrx_word' id='word_1_155' title='bbox 1955 1185 2058 1226; x_wconf 90' lang='lat' dir='ltr'><strong>sua</strong></span> <span class='ocrx_word' id='word_1_156' title='bbox 2138 1166 2262 1228; x_wconf 92' lang='lat' dir='ltr'><strong>lant</strong></span> <span class='ocrx_word' id='word_1_157' title='bbox 2293 1186 2452 1243; x_wconf 90' lang='lat' dir='ltr'><strong>reges</strong></span> <span class='ocrx_word' id='word_1_158' title='bbox 2485 1173 2540 1229; x_wconf 90' lang='lat' dir='ltr'><strong>in</strong></span> <span class='ocrx_word' id='word_1_159' title='bbox 2569 1172 2872 1245; x_wconf 85' lang='lat' dir='ltr'><strong>splendore</strong></span> <span class='ocrx_word' id='word_1_160' title='bbox 2900 1181 3058 1232; x_wconf 90' lang='lat' dir='ltr'><strong>ortus</strong></span> <span class='ocrx_word' id='word_1_161' title='bbox 3084 1174 3208 1248; x_wconf 88' lang='lat' dir='ltr'><strong>ejus</strong></span> <span class='ocrx_word' id='word_1_162' title='bbox 3235 1179 3384 1242; x_wconf 80' lang='lat' dir='ltr'><strong>(Isai.</strong></span> <span class='ocrx_word' id='word_1_163' title='bbox 3419 1179 3542 1245; x_wconf 88' lang='lat' dir='ltr'><strong>LX),</strong></span> <span class='ocrx_word' id='word_1_164' title='bbox 3572 1176 3848 1249; x_wconf 89' lang='lat' dir='ltr'><strong>quoniam</strong></span> 
     </span>
    </p>
   </div>
   <div class='ocr_carea' id='block_1_13' title="bbox 335 1254 2052 1329">
    <p class='ocr_par' dir='ltr' id='par_1_13' title="bbox 335 1254 2052 1329">
     <span class='ocr_line' id='line_1_13' title="bbox 335 1254 2052 1329; baseline -0.002 -12"><span class='ocrx_word' id='word_1_165' title='bbox 335 1258 644 1318; x_wconf 84' lang='lat' dir='ltr'><strong>stabilitate</strong></span> <span class='ocrx_word' id='word_1_166' title='bbox 698 1257 862 1326; x_wconf 86' lang='lat' dir='ltr'><strong>certi,</strong></span> <span class='ocrx_word' id='word_1_167' title='bbox 915 1254 1269 1329; x_wconf 89' lang='lat' dir='ltr'><strong>perennibus</strong></span> <span class='ocrx_word' id='word_1_168' title='bbox 1315 1256 1542 1329; x_wconf 84' lang='lat' dir='ltr'><strong>gaudiis</strong></span> <span class='ocrx_word' id='word_1_169' title='bbox 1602 1257 2052 1328; x_wconf 87' lang='lat' dir='ltr'><strong>immerguntur,</strong></span> 
     </span>
    </p>
   </div>
   <div class='ocr_carea' id='block_1_14' title="bbox 332 1343 2054 1420">
    <p class='ocr_par' dir='ltr' id='par_1_14' title="bbox 332 1343 2054 1420">
     <span class='ocr_line' id='line_1_14' title="bbox 332 1343 2054 1420; baseline -0.001 -16"><span class='ocrx_word' id='word_1_170' title='bbox 332 1352 733 1420; x_wconf 82' lang='lat' dir='ltr'><strong>exspectantes</strong></span> <span class='ocrx_word' id='word_1_171' title='bbox 773 1343 996 1403; x_wconf 89' lang='lat' dir='ltr'><strong>beatam</strong></span> <span class='ocrx_word' id='word_1_172' title='bbox 1028 1359 1209 1416; x_wconf 90' lang='lat' dir='ltr'><strong>spem,</strong></span> <span class='ocrx_word' id='word_1_173' title='bbox 1251 1349 1306 1401; x_wconf 89' lang='lat' dir='ltr'><strong>et</strong></span> <span class='ocrx_word' id='word_1_174' title='bbox 1334 1344 1647 1402; x_wconf 90' lang='lat' dir='ltr'><strong>adventum</strong></span> <span class='ocrx_word' id='word_1_175' title='bbox 1685 1343 1885 1417; x_wconf 63' lang='lat' dir='ltr'><strong>glorias</strong></span> <span class='ocrx_word' id='word_1_176' title='bbox 1933 1361 2054 1403; x_wconf 90' lang='lat' dir='ltr'><strong>ma-</strong></span> 
     </span>
    </p>
   </div>
   <div class='ocr_carea' id='block_1_15' title="bbox 331 1435 2056 1513">
    <p class='ocr_par' dir='ltr' id='par_1_15' title="bbox 331 1435 2056 1513">
     <span class='ocr_line' id='line_1_15' title="bbox 331 1435 2056 1513; baseline -0.001 -18"><span class='ocrx_word' id='word_1_177' title='bbox 331 1438 437 1513; x_wconf 87' lang='lat' dir='ltr'><strong>gni</strong></span> <span class='ocrx_word' id='word_1_178' title='bbox 489 1437 591 1496; x_wconf 91' lang='lat' dir='ltr'><strong>Dei</strong></span> <span class='ocrx_word' id='word_1_179' title='bbox 643 1441 768 1508; x_wconf 73' lang='lat' dir='ltr'><strong>(Tit.</strong></span> <span class='ocrx_word' id='word_1_180' title='bbox 800 1438 878 1507; x_wconf 87' lang='lat' dir='ltr'><strong>It),</strong></span> <span class='ocrx_word' id='word_1_181' title='bbox 937 1435 1169 1509; x_wconf 87' lang='lat' dir='ltr'><strong>quando</strong></span> <span class='ocrx_word' id='word_1_182' title='bbox 1216 1435 1315 1491; x_wconf 87' lang='lat' dir='ltr'><strong>tiet</strong></span> <span class='ocrx_word' id='word_1_183' title='bbox 1355 1450 1540 1493; x_wconf 91' lang='lat' dir='ltr'><strong>unum</strong></span> <span class='ocrx_word' id='word_1_184' title='bbox 1589 1435 1741 1494; x_wconf 87' lang='lat' dir='ltr'><strong>ovile</strong></span> <span class='ocrx_word' id='word_1_185' title='bbox 1794 1443 1848 1493; x_wconf 86' lang='lat' dir='ltr'><strong>et</strong></span> <span class='ocrx_word' id='word_1_186' title='bbox 1902 1451 2056 1495; x_wconf 91' lang='lat' dir='ltr'><strong>unus</strong></span> 
     </span>
    </p>
   </div>
   <div class='ocr_carea' id='block_1_16' title="bbox 330 1523 2054 1602">
    <p class='ocr_par' dir='ltr' id='par_1_16' title="bbox 330 1523 2054 1602">
     <span class='ocr_line' id='line_1_16' title="bbox 330 1523 2054 1602; baseline -0.001 -18"><span class='ocrx_word' id='word_1_187' title='bbox 330 1531 529 1602; x_wconf 87' lang='lat' dir='ltr'><strong>pastor</strong></span> <span class='ocrx_word' id='word_1_188' title='bbox 584 1527 757 1598; x_wconf 84' lang='lat' dir='ltr'><strong>(Joan.</strong></span> <span class='ocrx_word' id='word_1_189' title='bbox 804 1526 886 1596; x_wconf 74' lang='grc' dir='ltr'><strong>Χ),</strong></span> <span class='ocrx_word' id='word_1_190' title='bbox 931 1532 986 1582; x_wconf 91' lang='lat' dir='ltr'><strong>et</strong></span> <span class='ocrx_word' id='word_1_191' title='bbox 1041 1539 1291 1598; x_wconf 90' lang='lat' dir='ltr'><strong>superna</strong></span> <span class='ocrx_word' id='word_1_192' title='bbox 1348 1523 1446 1582; x_wconf 89' lang='lat' dir='ltr'><strong>illa</strong></span> <span class='ocrx_word' id='word_1_193' title='bbox 1497 1524 1862 1584; x_wconf 88' lang='lat' dir='ltr'><strong>Hierusalem</strong></span> <span class='ocrx_word' id='word_1_194' title='bbox 1913 1541 2054 1583; x_wconf 89' lang='lat' dir='ltr'><strong>con-</strong></span> 
     </span>
    </p>
   </div>
   <div class='ocr_carea' id='block_1_17' title="bbox 2139 1264 3848 1336">
    <p class='ocr_par' dir='ltr' id='par_1_17' title="bbox 2139 1264 3848 1336">
     <span class='ocr_line' id='line_1_17' title="bbox 2139 1264 3848 1336; baseline 0.004 -18"><span class='ocrx_word' id='word_1_195' title='bbox 2139 1276 2266 1319; x_wconf 72' lang='lat' dir='ltr'><strong>ecce</strong></span> <span class='ocrx_word' id='word_1_196' title='bbox 2327 1278 2487 1332; x_wconf 89' lang='lat' dir='ltr'><strong>reges</strong></span> <span class='ocrx_word' id='word_1_197' title='bbox 2536 1264 2860 1336; x_wconf 76' lang='lat' dir='ltr'><strong>congregati</strong></span> <span class='ocrx_word' id='word_1_198' title='bbox 2908 1272 3064 1334; x_wconf 89' lang='lat' dir='ltr'><strong>sunt,</strong></span> <span class='ocrx_word' id='word_1_199' title='bbox 3100 1273 3499 1324; x_wconf 88' lang='lat' dir='ltr'><strong>convenerunt</strong></span> <span class='ocrx_word' id='word_1_200' title='bbox 3537 1267 3596 1323; x_wconf 90' lang='lat' dir='ltr'><strong>in</strong></span> <span class='ocrx_word' id='word_1_201' title='bbox 3641 1282 3848 1326; x_wconf 90' lang='lat' dir='ltr'><strong>unum.</strong></span> 
     </span>
    </p>
   </div>
   <div class='ocr_carea' id='block_1_18' title="bbox 2137 1349 3849 1425">
    <p class='ocr_par' dir='ltr' id='par_1_18' title="bbox 2137 1349 3849 1425">
     <span class='ocr_line' id='line_1_18' title="bbox 2137 1349 3849 1425; baseline 0.004 -17"><span class='ocrx_word' id='word_1_202' title='bbox 2137 1349 2250 1425; x_wconf 87' lang='lat' dir='ltr'><strong>Ipsi</strong></span> <span class='ocrx_word' id='word_1_203' title='bbox 2293 1351 2552 1409; x_wconf 85' lang='lat' dir='ltr'><strong>videntes</strong></span> <span class='ocrx_word' id='word_1_204' title='bbox 2580 1353 2663 1409; x_wconf 91' lang='lat' dir='ltr'><strong>sic</strong></span> <span class='ocrx_word' id='word_1_205' title='bbox 2696 1353 2873 1411; x_wconf 88' lang='lat' dir='ltr'><strong>Deum</strong></span> <span class='ocrx_word' id='word_1_206' title='bbox 2918 1359 2973 1411; x_wconf 87' lang='lat' dir='ltr'><strong>et</strong></span> <span class='ocrx_word' id='word_1_207' title='bbox 3015 1354 3310 1412; x_wconf 87' lang='lat' dir='ltr'><strong>hominem</strong></span> <span class='ocrx_word' id='word_1_208' title='bbox 3351 1363 3696 1414; x_wconf 79' lang='lat' dir='ltr'><strong>nascentem.</strong></span> <span class='ocrx_word' id='word_1_209' title='bbox 3730 1373 3849 1415; x_wconf 91' lang='lat' dir='ltr'><strong>ma-</strong></span> 
     </span>
    </p>
   </div>
   <div class='ocr_carea' id='block_1_19' title="bbox 2138 1441 3850 1517">
    <p class='ocr_par' dir='ltr' id='par_1_19' title="bbox 2138 1441 3850 1517">
     <span class='ocr_line' id='line_1_19' title="bbox 2138 1441 3850 1517; baseline 0.005 -19"><span class='ocrx_word' id='word_1_210' title='bbox 2138 1448 2282 1499; x_wconf 90' lang='lat' dir='ltr'><strong>trem</strong></span> <span class='ocrx_word' id='word_1_211' title='bbox 2329 1447 2384 1498; x_wconf 90' lang='lat' dir='ltr'><strong>et</strong></span> <span class='ocrx_word' id='word_1_212' title='bbox 2439 1441 2733 1515; x_wconf 88' lang='lat' dir='ltr'><strong>Virginem</strong></span> <span class='ocrx_word' id='word_1_213' title='bbox 2775 1444 3108 1517; x_wconf 88' lang='lat' dir='ltr'><strong>parientem,</strong></span> <span class='ocrx_word' id='word_1_214' title='bbox 3138 1445 3404 1503; x_wconf 88' lang='lat' dir='ltr'><strong>admirati</strong></span> <span class='ocrx_word' id='word_1_215' title='bbox 3434 1453 3587 1516; x_wconf 90' lang='lat' dir='ltr'><strong>sunt,</strong></span> <span class='ocrx_word' id='word_1_216' title='bbox 3618 1456 3850 1508; x_wconf 84' lang='lat' dir='ltr'><strong>contur-</strong></span> 
     </span>
    </p>
   </div>
   <div class='ocr_carea' id='block_1_20' title="bbox 2135 1529 3850 1608">
    <p class='ocr_par' dir='ltr' id='par_1_20' title="bbox 2135 1529 3850 1608">
     <span class='ocr_line' id='line_1_20' title="bbox 2135 1529 3850 1608; baseline 0.006 -22"><span class='ocrx_word' id='word_1_217' title='bbox 2135 1529 2253 1587; x_wconf 88' lang='lat' dir='ltr'><strong>bati</strong></span> <span class='ocrx_word' id='word_1_218' title='bbox 2309 1537 2465 1601; x_wconf 91' lang='lat' dir='ltr'><strong>sunt,</strong></span> <span class='ocrx_word' id='word_1_219' title='bbox 2523 1532 2794 1590; x_wconf 88' lang='lat' dir='ltr'><strong>commoti</strong></span> <span class='ocrx_word' id='word_1_220' title='bbox 2851 1540 3006 1604; x_wconf 90' lang='lat' dir='ltr'><strong>sunt,</strong></span> <span class='ocrx_word' id='word_1_221' title='bbox 3061 1541 3272 1592; x_wconf 89' lang='lat' dir='ltr'><strong>tremor</strong></span> <span class='ocrx_word' id='word_1_222' title='bbox 3322 1535 3696 1608; x_wconf 90' lang='lat' dir='ltr'><strong>apprehendit</strong></span> <span class='ocrx_word' id='word_1_223' title='bbox 3753 1552 3850 1596; x_wconf 89' lang='lat' dir='ltr'><strong>eos</strong></span> 
     </span>
    </p>
   </div>
   <div class='ocr_carea' id='block_1_21' title="bbox 331 1614 3858 1702">
    <p class='ocr_par' dir='ltr' id='par_1_21' title="bbox 331 1614 3858 1702">
     <span class='ocr_line' id='line_1_21' title="bbox 331 1614 3858 1702; baseline 0.002 -24"><span class='ocrx_word' id='word_1_224' title='bbox 331 1617 726 1678; x_wconf 89' lang='lat' dir='ltr'><strong>summabitur</strong></span> <span class='ocrx_word' id='word_1_225' title='bbox 771 1616 834 1674; x_wconf 92' lang='lat' dir='ltr'><strong>in</strong></span> <span class='ocrx_word' id='word_1_226' title='bbox 883 1615 1155 1702; x_wconf 84' lang='lat' dir='ltr'><strong>idipsum.</strong></span> <span class='ocrx_word' id='word_1_227' title='bbox 1193 1614 1284 1673; x_wconf 91' lang='lat' dir='ltr'><strong>Sic</strong></span> <span class='ocrx_word' id='word_1_228' title='bbox 1322 1615 1516 1674; x_wconf 91' lang='lat' dir='ltr'><strong>inﬂuit</strong></span> <span class='ocrx_word' id='word_1_229' title='bbox 1557 1615 1773 1674; x_wconf 88' lang='lat' dir='ltr'><strong>ﬂuvius</strong></span> <span class='ocrx_word' id='word_1_230' title='bbox 1808 1616 1913 1675; x_wconf 89' lang='lat' dir='ltr'><strong>iste</strong></span> <span class='ocrx_word' id='word_1_231' title='bbox 1953 1633 2110 1702; x_wconf 80' lang='lat' dir='ltr'><strong>perB</strong></span> <span class='ocrx_word' id='word_1_232' title='bbox 2138 1623 2305 1689; x_wconf 88' lang='lat' dir='ltr'><strong>(Psal.</strong></span> <span class='ocrx_word' id='word_1_233' title='bbox 2349 1624 2531 1692; x_wconf 75' lang='lat' dir='ltr'><strong>XLVII)</strong></span> <span class='ocrx_word' id='word_1_234' title='bbox 2570 1621 2632 1679; x_wconf 94' lang='lat' dir='ltr'><strong>in</strong></span> <span class='ocrx_word' id='word_1_235' title='bbox 2687 1627 2978 1681; x_wconf 91' lang='lat' dir='ltr'><strong>tantorum</strong></span> <span class='ocrx_word' id='word_1_236' title='bbox 3021 1622 3149 1681; x_wconf 88' lang='lat' dir='ltr'><strong>luce</strong></span> <span class='ocrx_word' id='word_1_237' title='bbox 3194 1622 3627 1685; x_wconf 88' lang='lat' dir='ltr'><strong>miraculorum.</strong></span> <span class='ocrx_word' id='word_1_238' title='bbox 3670 1627 3858 1700; x_wconf 68' lang='lat' dir='ltr'><strong>Egre-</strong></span> 
     </span>
    </p>
   </div>
   <div class='ocr_carea' id='block_1_22' title="bbox 328 1701 2050 1779">
    <p class='ocr_par' dir='ltr' id='par_1_22' title="bbox 328 1701 2050 1779">
     <span class='ocr_line' id='line_1_22' title="bbox 328 1701 2050 1779; baseline -0.001 -15"><span class='ocrx_word' id='word_1_239' title='bbox 328 1705 624 1779; x_wconf 88' lang='lat' dir='ltr'><strong>angelicas</strong></span> <span class='ocrx_word' id='word_1_240' title='bbox 660 1702 938 1763; x_wconf 79' lang='lat' dir='ltr'><strong>ofﬁcinas.</strong></span> <span class='ocrx_word' id='word_1_241' title='bbox 976 1701 1085 1762; x_wconf 92' lang='lat' dir='ltr'><strong>Sed</strong></span> <span class='ocrx_word' id='word_1_242' title='bbox 1119 1703 1243 1760; x_wconf 73' lang='lat' dir='ltr'><strong>hzec</strong></span> <span class='ocrx_word' id='word_1_243' title='bbox 1270 1702 1467 1762; x_wconf 90' lang='lat' dir='ltr'><strong>omnia</strong></span> <span class='ocrx_word' id='word_1_244' title='bbox 1496 1703 1636 1760; x_wconf 87' lang='lat' dir='ltr'><strong>fides</strong></span> <span class='ocrx_word' id='word_1_245' title='bbox 1667 1703 1836 1776; x_wconf 89' lang='lat' dir='ltr'><strong>capit,</strong></span> <span class='ocrx_word' id='word_1_246' title='bbox 1873 1704 2050 1762; x_wconf 83' lang='lat' dir='ltr'><strong>nescit</strong></span> 
     </span>
    </p>
   </div>
   <div class='ocr_carea' id='block_1_23' title="bbox 331 1791 2052 1865">
    <p class='ocr_par' dir='ltr' id='par_1_23' title="bbox 331 1791 2052 1865">
     <span class='ocr_line' id='line_1_23' title="bbox 331 1791 2052 1865; baseline -0.001 -11"><span class='ocrx_word' id='word_1_247' title='bbox 331 1796 501 1865; x_wconf 84' lang='lat' dir='ltr'><strong>ratio,</strong></span> <span class='ocrx_word' id='word_1_248' title='bbox 533 1793 860 1852; x_wconf 89' lang='lat' dir='ltr'><strong>intellectus</strong></span> <span class='ocrx_word' id='word_1_249' title='bbox 887 1792 1112 1864; x_wconf 87' lang='lat' dir='ltr'><strong>ignorat</strong></span> <span class='ocrx_word' id='word_1_250' title='bbox 1146 1792 1460 1850; x_wconf 86' lang='lat' dir='ltr'><strong>humanus.</strong></span> <span class='ocrx_word' id='word_1_251' title='bbox 1501 1791 1641 1850; x_wconf 57' lang='lat' dir='ltr'><strong>Haec</strong></span> <span class='ocrx_word' id='word_1_252' title='bbox 1680 1800 1815 1850; x_wconf 90' lang='lat' dir='ltr'><strong>sunt</strong></span> <span class='ocrx_word' id='word_1_253' title='bbox 1847 1795 2052 1852; x_wconf 86' lang='lat' dir='ltr'><strong>fortas-</strong></span> 
     </span>
    </p>
   </div>
   <div class='ocr_carea' id='block_1_24' title="bbox 329 1879 2050 1956">
    <p class='ocr_par' dir='ltr' id='par_1_24' title="bbox 329 1879 2050 1956">
     <span class='ocr_line' id='line_1_24' title="bbox 329 1879 2050 1956; baseline -0.001 -14"><span class='ocrx_word' id='word_1_254' title='bbox 329 1884 413 1942; x_wconf 85' lang='lat' dir='ltr'><strong>sis</strong></span> <span class='ocrx_word' id='word_1_255' title='bbox 451 1883 552 1941; x_wconf 92' lang='lat' dir='ltr'><strong>illa</strong></span> <span class='ocrx_word' id='word_1_256' title='bbox 579 1888 844 1956; x_wconf 90' lang='lat' dir='ltr'><strong>quatuor,</strong></span> <span class='ocrx_word' id='word_1_257' title='bbox 876 1895 1008 1953; x_wconf 64' lang='lat' dir='ltr'><strong>qua:</strong></span> <span class='ocrx_word' id='word_1_258' title='bbox 1051 1895 1152 1937; x_wconf 88' lang='lat' dir='ltr'><strong>vas</strong></span> <span class='ocrx_word' id='word_1_259' title='bbox 1205 1879 1501 1938; x_wconf 87' lang='lat' dir='ltr'><strong>electionis</strong></span> <span class='ocrx_word' id='word_1_260' title='bbox 1549 1880 1700 1938; x_wconf 84' lang='lat' dir='ltr'><strong>felici</strong></span> <span class='ocrx_word' id='word_1_261' title='bbox 1743 1887 2050 1956; x_wconf 89' lang='lat' dir='ltr'><strong>quaterna-</strong></span> 
     </span>
    </p>
   </div>
   <div class='ocr_carea' id='block_1_25' title="bbox 329 1967 2050 2044">
    <p class='ocr_par' dir='ltr' id='par_1_25' title="bbox 329 1967 2050 2044">
     <span class='ocr_line' id='line_1_25' title="bbox 329 1967 2050 2044; baseline -0.001 -13"><span class='ocrx_word' id='word_1_262' title='bbox 329 1972 418 2031; x_wconf 80' lang='lat' dir='ltr'><strong>rio</strong></span> <span class='ocrx_word' id='word_1_263' title='bbox 459 1972 519 2030; x_wconf 92' lang='lat' dir='ltr'><strong>in</strong></span> <span class='ocrx_word' id='word_1_264' title='bbox 567 1969 820 2044; x_wconf 87' lang='lat' dir='ltr'><strong>Epistola</strong></span> <span class='ocrx_word' id='word_1_265' title='bbox 866 1969 937 2026; x_wconf 91' lang='lat' dir='ltr'><strong>ad</strong></span> <span class='ocrx_word' id='word_1_266' title='bbox 983 1967 1258 2025; x_wconf 64' lang='lat' dir='ltr'><strong>Hebraeos</strong></span> <span class='ocrx_word' id='word_1_267' title='bbox 1306 1968 1536 2040; x_wconf 80' lang='lat' dir='ltr'><strong>dividit,</strong></span> <span class='ocrx_word' id='word_1_268' title='bbox 1582 1968 1825 2029; x_wconf 91' lang='lat' dir='ltr'><strong>dicens:</strong></span> <span class='ocrx_word' id='word_1_269' title='bbox 1870 1995 1889 2022; x_wconf 80' lang='grc' dir='ltr'>ιι</span> <span class='ocrx_word' id='word_1_270' title='bbox 1925 1973 2050 2030; x_wconf 89' lang='lat' dir='ltr'><strong>Non</strong></span> 
     </span>
    </p>
   </div>
   <div class='ocr_carea' id='block_1_26' title="bbox 325 2058 2048 2130">
    <p class='ocr_par' dir='ltr' id='par_1_26' title="bbox 325 2058 2048 2130">
     <span class='ocr_line' id='line_1_26' title="bbox 325 2058 2048 2130; baseline -0.001 -8"><span class='ocrx_word' id='word_1_271' title='bbox 325 2058 865 2122; x_wconf 82' lang='lat' dir='ltr'><strong>accessisti354ad</strong></span> <span class='ocrx_word' id='word_1_272' title='bbox 909 2067 1167 2120; x_wconf 90' lang='lat' dir='ltr'><strong>montem</strong></span> <span class='ocrx_word' id='word_1_273' title='bbox 1201 2059 1546 2130; x_wconf 86' lang='lat' dir='ltr'><strong>fumantem,</strong></span> <span class='ocrx_word' id='word_1_274' title='bbox 1599 2059 1697 2118; x_wconf 90' lang='lat' dir='ltr'><strong>sed</strong></span> <span class='ocrx_word' id='word_1_275' title='bbox 1754 2061 1824 2119; x_wconf 93' lang='lat' dir='ltr'><strong>ad</strong></span> <span class='ocrx_word' id='word_1_276' title='bbox 1880 2078 2048 2122; x_wconf 90' lang='lat' dir='ltr'><strong>mon-</strong></span> 
     </span>
    </p>
   </div>
   <div class='ocr_carea' id='block_1_27' title="bbox 330 2148 2048 2220">
    <p class='ocr_par' dir='ltr' id='par_1_27' title="bbox 330 2148 2048 2220">
     <span class='ocr_line' id='line_1_27' title="bbox 330 2148 2048 2220; baseline 0.001 -11"><span class='ocrx_word' id='word_1_277' title='bbox 330 2159 447 2209; x_wconf 88' lang='lat' dir='ltr'><strong>tem</strong></span> <span class='ocrx_word' id='word_1_278' title='bbox 487 2150 651 2218; x_wconf 91' lang='lat' dir='ltr'><strong>Sion,</strong></span> <span class='ocrx_word' id='word_1_279' title='bbox 684 2153 755 2207; x_wconf 90' lang='lat' dir='ltr'><strong>ad</strong></span> <span class='ocrx_word' id='word_1_280' title='bbox 792 2150 1155 2209; x_wconf 86' lang='lat' dir='ltr'><strong>Hierusalem</strong></span> <span class='ocrx_word' id='word_1_281' title='bbox 1206 2149 1494 2206; x_wconf 88' lang='lat' dir='ltr'><strong>civitatem</strong></span> <span class='ocrx_word' id='word_1_282' title='bbox 1541 2148 1638 2206; x_wconf 87' lang='lat' dir='ltr'><strong>Dei</strong></span> <span class='ocrx_word' id='word_1_283' title='bbox 1679 2150 1946 2220; x_wconf 89' lang='lat' dir='ltr'><strong>viventis,</strong></span> <span class='ocrx_word' id='word_1_284' title='bbox 1978 2151 2048 2210; x_wconf 90' lang='lat' dir='ltr'><strong>ad</strong></span> 
     </span>
    </p>
   </div>
   <div class='ocr_carea' id='block_1_28' title="bbox 328 2239 2048 2313">
    <p class='ocr_par' dir='ltr' id='par_1_28' title="bbox 328 2239 2048 2313">
     <span class='ocr_line' id='line_1_28' title="bbox 328 2239 2048 2313; baseline -0.001 -13"><span class='ocrx_word' id='word_1_285' title='bbox 328 2241 651 2301; x_wconf 90' lang='lat' dir='ltr'><strong>multorum</strong></span> <span class='ocrx_word' id='word_1_286' title='bbox 704 2241 953 2299; x_wconf 91' lang='lat' dir='ltr'><strong>millium</strong></span> <span class='ocrx_word' id='word_1_287' title='bbox 999 2240 1338 2312; x_wconf 89' lang='lat' dir='ltr'><strong>angelorum</strong></span> <span class='ocrx_word' id='word_1_288' title='bbox 1388 2239 1794 2313; x_wconf 89' lang='lat' dir='ltr'><strong>frequentiam,</strong></span> <span class='ocrx_word' id='word_1_289' title='bbox 1821 2241 1892 2298; x_wconf 91' lang='lat' dir='ltr'><strong>ad</strong></span> <span class='ocrx_word' id='word_1_290' title='bbox 1941 2241 2048 2298; x_wconf 87' lang='lat' dir='ltr'><strong>Ec-</strong></span> 
     </span>
    </p>
   </div>
   <div class='ocr_carea' id='block_1_29' title="bbox 324 2330 1700 2408">
    <p class='ocr_par' dir='ltr' id='par_1_29' title="bbox 324 2330 1700 2408">
     <span class='ocr_line' id='line_1_29' title="bbox 324 2330 1700 2408; baseline -0.007 -15"><span class='ocrx_word' id='word_1_291' title='bbox 324 2335 564 2394; x_wconf 89' lang='lat' dir='ltr'><strong>clesiam</strong></span> <span class='ocrx_word' id='word_1_292' title='bbox 603 2333 1036 2408; x_wconf 88' lang='lat' dir='ltr'><strong>primitivorum</strong></span> <span class='ocrx_word' id='word_1_293' title='bbox 1066 2330 1339 2404; x_wconf 88' lang='lat' dir='ltr'><strong>scriptam</strong></span> <span class='ocrx_word' id='word_1_294' title='bbox 1369 2330 1430 2388; x_wconf 92' lang='lat' dir='ltr'><strong>in</strong></span> <span class='ocrx_word' id='word_1_295' title='bbox 1459 2330 1637 2388; x_wconf 81' lang='lat' dir='ltr'><strong>ccelis.</strong></span> <span class='ocrx_word' id='word_1_296' title='bbox 1680 2355 1700 2379; x_wconf 74' lang='grc' dir='ltr'><strong>ι»</strong></span> 
     </span>
    </p>
   </div>
   <div class='ocr_carea' id='block_1_30' title="bbox 400 2417 2048 2494">
    <p class='ocr_par' dir='ltr' id='par_1_30' title="bbox 400 2417 2048 2494">
     <span class='ocr_line' id='line_1_30' title="bbox 400 2417 2048 2494; baseline -0.002 -13"><span class='ocrx_word' id='word_1_297' title='bbox 400 2423 570 2481; x_wconf 91' lang='lat' dir='ltr'><strong>Nunc</strong></span> <span class='ocrx_word' id='word_1_298' title='bbox 606 2419 977 2493; x_wconf 88' lang='lat' dir='ltr'><strong>accingamus</strong></span> <span class='ocrx_word' id='word_1_299' title='bbox 1019 2433 1123 2477; x_wconf 87' lang='lat' dir='ltr'><strong>nos</strong></span> <span class='ocrx_word' id='word_1_300' title='bbox 1151 2417 1222 2474; x_wconf 90' lang='lat' dir='ltr'><strong>ad</strong></span> <span class='ocrx_word' id='word_1_301' title='bbox 1253 2417 1569 2476; x_wconf 87' lang='lat' dir='ltr'><strong>videndum</strong></span> <span class='ocrx_word' id='word_1_302' title='bbox 1605 2419 1852 2492; x_wconf 89' lang='lat' dir='ltr'><strong>qualiter</strong></span> <span class='ocrx_word' id='word_1_303' title='bbox 1881 2436 2048 2494; x_wconf 85' lang='lat' dir='ltr'><strong>egre—</strong></span> 
     </span>
    </p>
   </div>
   <div class='ocr_carea' id='block_1_31' title="bbox 325 2507 2048 2582">
    <p class='ocr_par' dir='ltr' id='par_1_31' title="bbox 325 2507 2048 2582">
     <span class='ocr_line' id='line_1_31' title="bbox 325 2507 2048 2582; baseline -0.002 -12"><span class='ocrx_word' id='word_1_304' title='bbox 325 2513 520 2572; x_wconf 90' lang='lat' dir='ltr'><strong>diatur</strong></span> <span class='ocrx_word' id='word_1_305' title='bbox 560 2511 633 2568; x_wconf 90' lang='lat' dir='ltr'><strong>de</strong></span> <span class='ocrx_word' id='word_1_306' title='bbox 682 2508 935 2582; x_wconf 88' lang='lat' dir='ltr'><strong>Virgine,</strong></span> <span class='ocrx_word' id='word_1_307' title='bbox 966 2507 1103 2580; x_wconf 91' lang='lat' dir='ltr'><strong>quia</strong></span> <span class='ocrx_word' id='word_1_308' title='bbox 1135 2507 1385 2582; x_wconf 90' lang='lat' dir='ltr'><strong>egressio</strong></span> <span class='ocrx_word' id='word_1_309' title='bbox 1435 2507 1543 2566; x_wconf 91' lang='lat' dir='ltr'><strong>ista</strong></span> <span class='ocrx_word' id='word_1_310' title='bbox 1571 2508 1796 2567; x_wconf 88' lang='lat' dir='ltr'><strong>dulcior</strong></span> <span class='ocrx_word' id='word_1_311' title='bbox 1824 2515 1879 2565; x_wconf 89' lang='lat' dir='ltr'><strong>et</strong></span> <span class='ocrx_word' id='word_1_312' title='bbox 1905 2510 2048 2567; x_wconf 77' lang='lat' dir='ltr'><strong>atie-</strong></span> 
     </span>
    </p>
   </div>
   <div class='ocr_carea' id='block_1_32' title="bbox 325 2598 2045 2672">
    <p class='ocr_par' dir='ltr' id='par_1_32' title="bbox 325 2598 2045 2672">
     <span class='ocr_line' id='line_1_32' title="bbox 325 2598 2045 2672; baseline -0.001 -13"><span class='ocrx_word' id='word_1_313' title='bbox 325 2600 582 2660; x_wconf 88' lang='lat' dir='ltr'><strong>ctuosior</strong></span> <span class='ocrx_word' id='word_1_314' title='bbox 606 2598 1260 2667; x_wconf 62' lang='lat' dir='ltr'><strong>estliumanaamiseriaa,</strong></span> <span class='ocrx_word' id='word_1_315' title='bbox 1283 2613 1419 2672; x_wconf 64' lang='lat' dir='ltr'><strong>quae</strong></span> <span class='ocrx_word' id='word_1_316' title='bbox 1439 2598 1795 2656; x_wconf 87' lang='lat' dir='ltr'><strong>intuentium</strong></span> <span class='ocrx_word' id='word_1_317' title='bbox 1819 2606 2045 2671; x_wconf 91' lang='lat' dir='ltr'><strong>pectora</strong></span> 
     </span>
    </p>
   </div>
   <div class='ocr_carea' id='block_1_33' title="bbox 324 2684 2045 2757">
    <p class='ocr_par' dir='ltr' id='par_1_33' title="bbox 324 2684 2045 2757">
     <span class='ocr_line' id='line_1_33' title="bbox 324 2684 2045 2757; baseline -0.001 -9"><span class='ocrx_word' id='word_1_318' title='bbox 324 2688 605 2757; x_wconf 84' lang='lat' dir='ltr'><strong>concutit,</strong></span> <span class='ocrx_word' id='word_1_319' title='bbox 662 2687 867 2745; x_wconf 90' lang='lat' dir='ltr'><strong>irrorat</strong></span> <span class='ocrx_word' id='word_1_320' title='bbox 919 2685 1134 2756; x_wconf 88' lang='lat' dir='ltr'><strong>oculos,</strong></span> <span class='ocrx_word' id='word_1_321' title='bbox 1195 2692 1249 2742; x_wconf 89' lang='lat' dir='ltr'><strong>et</strong></span> <span class='ocrx_word' id='word_1_322' title='bbox 1297 2684 1478 2744; x_wconf 89' lang='lat' dir='ltr'><strong>beatis</strong></span> <span class='ocrx_word' id='word_1_323' title='bbox 1533 2686 1790 2745; x_wconf 90' lang='lat' dir='ltr'><strong>fontibus</strong></span> <span class='ocrx_word' id='word_1_324' title='bbox 1845 2687 2045 2746; x_wconf 89' lang='lat' dir='ltr'><strong>vultus</strong></span> 
     </span>
    </p>
   </div>
   <div class='ocr_carea' id='block_1_34' title="bbox 322 2770 2038 2846">
    <p class='ocr_par' dir='ltr' id='par_1_34' title="bbox 322 2770 2038 2846">
     <span class='ocr_line' id='line_1_34' title="bbox 322 2770 2038 2846; baseline -0.002 -12"><span class='ocrx_word' id='word_1_325' title='bbox 322 2773 654 2834; x_wconf 88' lang='lat' dir='ltr'><strong>amantium</strong></span> <span class='ocrx_word' id='word_1_326' title='bbox 680 2770 1067 2846; x_wconf 85' lang='lat' dir='ltr'><strong>superfundit.</strong></span> <span class='ocrx_word' id='word_1_327' title='bbox 1100 2771 1206 2829; x_wconf 89' lang='lat' dir='ltr'><strong>Hic</strong></span> <span class='ocrx_word' id='word_1_328' title='bbox 1235 2771 1427 2830; x_wconf 91' lang='lat' dir='ltr'><strong>locum</strong></span> <span class='ocrx_word' id='word_1_329' title='bbox 1459 2772 1770 2846; x_wconf 88' lang='lat' dir='ltr'><strong>voluptatis</strong></span> <span class='ocrx_word' id='word_1_330' title='bbox 1811 2781 2038 2832; x_wconf 86' lang='lat' dir='ltr'><strong>uterum</strong></span> 
     </span>
    </p>
   </div>
   <div class='ocr_carea' id='block_1_35' title="bbox 322 2859 2041 2934">
    <p class='ocr_par' dir='ltr' id='par_1_35' title="bbox 322 2859 2041 2934">
     <span class='ocr_line' id='line_1_35' title="bbox 322 2859 2041 2934; baseline -0.001 -14"><span class='ocrx_word' id='word_1_331' title='bbox 322 2861 525 2921; x_wconf 62' lang='lat' dir='ltr'><strong>Marias</strong></span> <span class='ocrx_word' id='word_1_332' title='bbox 553 2859 833 2932; x_wconf 90' lang='lat' dir='ltr'><strong>intelligo,</strong></span> <span class='ocrx_word' id='word_1_333' title='bbox 865 2859 928 2916; x_wconf 94' lang='lat' dir='ltr'><strong>in</strong></span> <span class='ocrx_word' id='word_1_334' title='bbox 967 2875 1082 2934; x_wconf 91' lang='lat' dir='ltr'><strong>quo</strong></span> <span class='ocrx_word' id='word_1_335' title='bbox 1107 2860 1427 2918; x_wconf 87' lang='lat' dir='ltr'><strong>cumulavit</strong></span> <span class='ocrx_word' id='word_1_336' title='bbox 1454 2875 1656 2918; x_wconf 89' lang='lat' dir='ltr'><strong>omnes</strong></span> <span class='ocrx_word' id='word_1_337' title='bbox 1679 2859 1914 2919; x_wconf 87' lang='lat' dir='ltr'><strong>delicias</strong></span> <span class='ocrx_word' id='word_1_338' title='bbox 1941 2863 2041 2920; x_wconf 88' lang='lat' dir='ltr'><strong>de-</strong></span> 
     </span>
    </p>
   </div>
   <div class='ocr_carea' id='block_1_36' title="bbox 2135 1707 3847 1785">
    <p class='ocr_par' dir='ltr' id='par_1_36' title="bbox 2135 1707 3847 1785">
     <span class='ocr_line' id='line_1_36' title="bbox 2135 1707 3847 1785; baseline 0.005 -21"><span class='ocrx_word' id='word_1_339' title='bbox 2135 1707 2294 1765; x_wconf 89' lang='lat' dir='ltr'><strong>ditur</strong></span> <span class='ocrx_word' id='word_1_340' title='bbox 2321 1714 2372 1765; x_wconf 91' lang='lat' dir='ltr'><strong>et</strong></span> <span class='ocrx_word' id='word_1_341' title='bbox 2411 1723 2541 1766; x_wconf 91' lang='lat' dir='ltr'><strong>cum</strong></span> <span class='ocrx_word' id='word_1_342' title='bbox 2585 1716 2938 1782; x_wconf 86' lang='lat' dir='ltr'><strong>paupertate,</strong></span> <span class='ocrx_word' id='word_1_343' title='bbox 2978 1710 3115 1784; x_wconf 91' lang='lat' dir='ltr'><strong>quia</strong></span> <span class='ocrx_word' id='word_1_344' title='bbox 3164 1712 3375 1785; x_wconf 90' lang='lat' dir='ltr'><strong>pannis</strong></span> <span class='ocrx_word' id='word_1_345' title='bbox 3426 1712 3724 1771; x_wconf 86' lang='lat' dir='ltr'><strong>vilissimis</strong></span> <span class='ocrx_word' id='word_1_346' title='bbox 3756 1715 3847 1772; x_wconf 89' lang='lat' dir='ltr'><strong>in-</strong></span> 
     </span>
    </p>
   </div>
   <div class='ocr_carea' id='block_1_37' title="bbox 2136 1797 3841 1875">
    <p class='ocr_par' dir='ltr' id='par_1_37' title="bbox 2136 1797 3841 1875">
     <span class='ocr_line' id='line_1_37' title="bbox 2136 1797 3841 1875; baseline 0.005 -23"><span class='ocrx_word' id='word_1_347' title='bbox 2136 1798 2367 1855; x_wconf 92' lang='lat' dir='ltr'><strong>volutus</strong></span> <span class='ocrx_word' id='word_1_348' title='bbox 2410 1803 2464 1854; x_wconf 88' lang='lat' dir='ltr'><strong>et</strong></span> <span class='ocrx_word' id='word_1_349' title='bbox 2505 1798 2744 1870; x_wconf 75' lang='lat' dir='ltr'><strong>praesepi</strong></span> <span class='ocrx_word' id='word_1_350' title='bbox 2775 1797 3088 1856; x_wconf 91' lang='lat' dir='ltr'><strong>durissimo</strong></span> <span class='ocrx_word' id='word_1_351' title='bbox 3127 1799 3438 1858; x_wconf 88' lang='lat' dir='ltr'><strong>reclinatus</strong></span> <span class='ocrx_word' id='word_1_352' title='bbox 3466 1803 3612 1871; x_wconf 85' lang='lat' dir='ltr'><strong>(Luc.</strong></span> <span class='ocrx_word' id='word_1_353' title='bbox 3646 1803 3699 1871; x_wconf 88' lang='lat' dir='ltr'><strong>II)</strong></span> <span class='ocrx_word' id='word_1_354' title='bbox 3726 1819 3841 1875; x_wconf 87' lang='lat' dir='ltr'><strong>jam</strong></span> 
     </span>
    </p>
   </div>
   <div class='ocr_carea' id='block_1_38' title="bbox 2131 1885 3846 1963">
    <p class='ocr_par' dir='ltr' id='par_1_38' title="bbox 2131 1885 3846 1963">
     <span class='ocr_line' id='line_1_38' title="bbox 2131 1885 3846 1963; baseline 0.004 -21"><span class='ocrx_word' id='word_1_355' title='bbox 2131 1899 2205 1942; x_wconf 84' lang='lat' dir='ltr'><strong>ex</strong></span> <span class='ocrx_word' id='word_1_356' title='bbox 2261 1891 2396 1942; x_wconf 90' lang='lat' dir='ltr'><strong>tunc</strong></span> <span class='ocrx_word' id='word_1_357' title='bbox 2447 1885 2824 1942; x_wconf 86' lang='lat' dir='ltr'><strong>sanctissimis</strong></span> <span class='ocrx_word' id='word_1_358' title='bbox 2871 1887 3147 1945; x_wconf 90' lang='lat' dir='ltr'><strong>membris</strong></span> <span class='ocrx_word' id='word_1_359' title='bbox 3190 1888 3369 1961; x_wconf 86' lang='lat' dir='ltr'><strong>legem</strong></span> <span class='ocrx_word' id='word_1_360' title='bbox 3420 1889 3678 1963; x_wconf 83' lang='lat' dir='ltr'><strong>martyrii</strong></span> <span class='ocrx_word' id='word_1_361' title='bbox 3709 1907 3846 1963; x_wconf 68' lang='grc' dir='ltr'><strong>βηθ-</strong></span> 
     </span>
    </p>
   </div>
   <div class='ocr_carea' id='block_1_39' title="bbox 2131 1973 3846 2051">
    <p class='ocr_par' dir='ltr' id='par_1_39' title="bbox 2131 1973 3846 2051">
     <span class='ocr_line' id='line_1_39' title="bbox 2131 1973 3846 2051; baseline 0.005 -21"><span class='ocrx_word' id='word_1_362' title='bbox 2131 1973 2362 2046; x_wconf 82' lang='lat' dir='ltr'><strong>ﬁgebat.</strong></span> <span class='ocrx_word' id='word_1_363' title='bbox 2418 1973 2724 2046; x_wconf 89' lang='lat' dir='ltr'><strong>Egreditur</strong></span> <span class='ocrx_word' id='word_1_364' title='bbox 2781 1975 3018 2046; x_wconf 90' lang='lat' dir='ltr'><strong>occulte,</strong></span> <span class='ocrx_word' id='word_1_365' title='bbox 3075 1977 3212 2051; x_wconf 92' lang='lat' dir='ltr'><strong>quia</strong></span> <span class='ocrx_word' id='word_1_366' title='bbox 3279 1977 3692 2036; x_wconf 87' lang='lat' dir='ltr'><strong>subtilissimus</strong></span> <span class='ocrx_word' id='word_1_367' title='bbox 3746 1979 3846 2039; x_wconf 86' lang='lat' dir='ltr'><strong>ille</strong></span> 
     </span>
    </p>
   </div>
   <div class='ocr_carea' id='block_1_40' title="bbox 2130 2063 3845 2140">
    <p class='ocr_par' dir='ltr' id='par_1_40' title="bbox 2130 2063 3845 2140">
     <span class='ocr_line' id='line_1_40' title="bbox 2130 2063 3845 2140; baseline 0.002 -17"><span class='ocrx_word' id='word_1_368' title='bbox 2130 2065 2423 2123; x_wconf 88' lang='lat' dir='ltr'><strong>fraudium</strong></span> <span class='ocrx_word' id='word_1_369' title='bbox 2455 2063 2826 2136; x_wconf 86' lang='lat' dir='ltr'><strong>investigator</strong></span> <span class='ocrx_word' id='word_1_370' title='bbox 2843 2065 2915 2122; x_wconf 90' lang='lat' dir='ltr'><strong>ab</strong></span> <span class='ocrx_word' id='word_1_371' title='bbox 2943 2066 3248 2125; x_wconf 88' lang='lat' dir='ltr'><strong>altitudine</strong></span> <span class='ocrx_word' id='word_1_372' title='bbox 3281 2073 3453 2124; x_wconf 54' lang='lat' dir='ltr'><strong>tanta?</strong></span> <span class='ocrx_word' id='word_1_373' title='bbox 3488 2067 3845 2140; x_wconf 89' lang='lat' dir='ltr'><strong>dignationis</strong></span> 
     </span>
    </p>
   </div>
   <div class='ocr_carea' id='block_1_41' title="bbox 2131 2153 3842 2227">
    <p class='ocr_par' dir='ltr' id='par_1_41' title="bbox 2131 2153 3842 2227">
     <span class='ocr_line' id='line_1_41' title="bbox 2131 2153 3842 2227; baseline 0.002 -16"><span class='ocrx_word' id='word_1_374' title='bbox 2131 2153 2480 2211; x_wconf 83' lang='lat' dir='ltr'><strong>excluditur.</strong></span> <span class='ocrx_word' id='word_1_375' title='bbox 2519 2153 2668 2211; x_wconf 87' lang='lat' dir='ltr'><strong>Hinc</strong></span> <span class='ocrx_word' id='word_1_376' title='bbox 2705 2160 2789 2211; x_wconf 89' lang='lat' dir='ltr'><strong>est</strong></span> <span class='ocrx_word' id='word_1_377' title='bbox 2833 2154 2988 2226; x_wconf 90' lang='lat' dir='ltr'><strong>quod</strong></span> <span class='ocrx_word' id='word_1_378' title='bbox 3031 2155 3322 2227; x_wconf 89' lang='lat' dir='ltr'><strong>ambiguis</strong></span> <span class='ocrx_word' id='word_1_379' title='bbox 3373 2155 3842 2215; x_wconf 89' lang='lat' dir='ltr'><strong>altercationibus</strong></span> 
     </span>
    </p>
   </div>
   <div class='ocr_carea' id='block_1_42' title="bbox 2130 2243 3836 2317">
    <p class='ocr_par' dir='ltr' id='par_1_42' title="bbox 2130 2243 3836 2317">
     <span class='ocr_line' id='line_1_42' title="bbox 2130 2243 3836 2317; baseline 0.001 -15"><span class='ocrx_word' id='word_1_380' title='bbox 2130 2243 2396 2317; x_wconf 86' lang='lat' dir='ltr'><strong>fatigatus</strong></span> <span class='ocrx_word' id='word_1_381' title='bbox 2419 2290 2432 2313; x_wconf 97' lang='lat'><strong>,</strong></span> <span class='ocrx_word' id='word_1_382' title='bbox 2462 2259 2619 2302; x_wconf 90' lang='lat' dir='ltr'><strong>nunc</strong></span> <span class='ocrx_word' id='word_1_383' title='bbox 2655 2243 2824 2302; x_wconf 92' lang='lat' dir='ltr'><strong>illum</strong></span> <span class='ocrx_word' id='word_1_384' title='bbox 2863 2249 3069 2313; x_wconf 87' lang='lat' dir='ltr'><strong>tentat,</strong></span> <span class='ocrx_word' id='word_1_385' title='bbox 3105 2259 3262 2302; x_wconf 91' lang='lat' dir='ltr'><strong>nunc</strong></span> <span class='ocrx_word' id='word_1_386' title='bbox 3302 2250 3585 2302; x_wconf 88' lang='lat' dir='ltr'><strong>tentatum</strong></span> <span class='ocrx_word' id='word_1_387' title='bbox 3623 2245 3836 2303; x_wconf 87' lang='lat' dir='ltr'><strong>Filium</strong></span> 
     </span>
    </p>
   </div>
   <div class='ocr_carea' id='block_1_43' title="bbox 2127 2332 3838 2406">
    <p class='ocr_par' dir='ltr' id='par_1_43' title="bbox 2127 2332 3838 2406">
     <span class='ocr_line' id='line_1_43' title="bbox 2127 2332 3838 2406; baseline 0 -15"><span class='ocrx_word' id='word_1_388' title='bbox 2127 2332 2372 2406; x_wconf 86' lang='lat' dir='ltr'><strong>appellat</strong></span> <span class='ocrx_word' id='word_1_389' title='bbox 2429 2332 2736 2401; x_wconf 81' lang='lat' dir='ltr'><strong>Altissinii,</strong></span> <span class='ocrx_word' id='word_1_390' title='bbox 2772 2347 2926 2390; x_wconf 89' lang='lat' dir='ltr'><strong>nunc</strong></span> <span class='ocrx_word' id='word_1_391' title='bbox 2972 2332 3206 2390; x_wconf 87' lang='lat' dir='ltr'><strong>instruit</strong></span> <span class='ocrx_word' id='word_1_392' title='bbox 3252 2349 3506 2404; x_wconf 90' lang='lat' dir='ltr'><strong>crucem,</strong></span> <span class='ocrx_word' id='word_1_393' title='bbox 3539 2348 3696 2391; x_wconf 92' lang='lat' dir='ltr'><strong>nunc</strong></span> <span class='ocrx_word' id='word_1_394' title='bbox 3735 2334 3838 2391; x_wconf 91' lang='lat' dir='ltr'><strong>de-</strong></span> 
     </span>
    </p>
   </div>
   <div class='ocr_carea' id='block_1_44' title="bbox 2127 2419 3837 2496">
    <p class='ocr_par' dir='ltr' id='par_1_44' title="bbox 2127 2419 3837 2496">
     <span class='ocr_line' id='line_1_44' title="bbox 2127 2419 3837 2496; baseline 0.002 -19"><span class='ocrx_word' id='word_1_395' title='bbox 2127 2421 2316 2492; x_wconf 89' lang='lat' dir='ltr'><strong>struit,</strong></span> <span class='ocrx_word' id='word_1_396' title='bbox 2373 2421 2661 2480; x_wconf 89' lang='lat' dir='ltr'><strong>mandatis</strong></span> <span class='ocrx_word' id='word_1_397' title='bbox 2705 2437 2805 2496; x_wconf 89' lang='lat' dir='ltr'><strong>per</strong></span> <span class='ocrx_word' id='word_1_398' title='bbox 2842 2421 3149 2478; x_wconf 89' lang='lat' dir='ltr'><strong>mulierem</strong></span> <span class='ocrx_word' id='word_1_399' title='bbox 3184 2419 3278 2476; x_wconf 86' lang='lat'><strong>55</strong></span> <span class='ocrx_word' id='word_1_400' title='bbox 3335 2429 3677 2480; x_wconf 89' lang='lat' dir='ltr'><strong>consuetum</strong></span> <span class='ocrx_word' id='word_1_401' title='bbox 3728 2422 3837 2480; x_wconf 91' lang='lat' dir='ltr'><strong>sibi</strong></span> 
     </span>
    </p>
   </div>
   <div class='ocr_carea' id='block_1_45' title="bbox 2127 2509 3836 2584">
    <p class='ocr_par' dir='ltr' id='par_1_45' title="bbox 2127 2509 3836 2584">
     <span class='ocr_line' id='line_1_45' title="bbox 2127 2509 3836 2584; baseline -0.001 -16"><span class='ocrx_word' id='word_1_402' title='bbox 2127 2525 2408 2583; x_wconf 89' lang='lat' dir='ltr'><strong>organum</strong></span> <span class='ocrx_word' id='word_1_403' title='bbox 2443 2535 2454 2568; x_wconf 90' lang='lat'>:</span> <span class='ocrx_word' id='word_1_404' title='bbox 2494 2535 2514 2562; x_wconf 73' lang='grc' dir='ltr'>κ</span> <span class='ocrx_word' id='word_1_405' title='bbox 2552 2511 2710 2568; x_wconf 85' lang='lat' dir='ltr'><strong>Nihil</strong></span> <span class='ocrx_word' id='word_1_406' title='bbox 2743 2511 2867 2582; x_wconf 91' lang='lat' dir='ltr'><strong>tibi,</strong></span> <span class='ocrx_word' id='word_1_407' title='bbox 2905 2517 2960 2568; x_wconf 92' lang='lat' dir='ltr'><strong>et</strong></span> <span class='ocrx_word' id='word_1_408' title='bbox 2992 2511 3148 2584; x_wconf 91' lang='lat' dir='ltr'><strong>justo</strong></span> <span class='ocrx_word' id='word_1_409' title='bbox 3186 2509 3271 2567; x_wconf 89' lang='lat' dir='ltr'><strong>illi</strong></span> <span class='ocrx_word' id='word_1_410' title='bbox 3309 2513 3525 2583; x_wconf 82' lang='lat' dir='ltr'><strong>(Matth.</strong></span> <span class='ocrx_word' id='word_1_411' title='bbox 3566 2522 3775 2583; x_wconf 83' lang='lat' dir='ltr'><strong>xxvn).</strong></span> <span class='ocrx_word' id='word_1_412' title='bbox 3811 2532 3836 2560; x_wconf 87' lang='lat'><strong>»</strong></span> 
     </span>
    </p>
   </div>
   <div class='ocr_carea' id='block_1_46' title="bbox 2201 2599 3839 2675">
    <p class='ocr_par' dir='ltr' id='par_1_46' title="bbox 2201 2599 3839 2675">
     <span class='ocr_line' id='line_1_46' title="bbox 2201 2599 3839 2675; baseline -0.002 -16"><span class='ocrx_word' id='word_1_413' title='bbox 2201 2600 2478 2675; x_wconf 89' lang='lat' dir='ltr'><strong>Sequitur</strong></span> <span class='ocrx_word' id='word_1_414' title='bbox 2508 2621 2520 2659; x_wconf 88' lang='lat'><strong>:</strong></span> <span class='ocrx_word' id='word_1_415' title='bbox 2560 2625 2579 2649; x_wconf 82' lang='lat'><strong>-</strong></span> <span class='ocrx_word' id='word_1_416' title='bbox 2615 2601 2702 2658; x_wconf 87' lang='lat' dir='ltr'><strong>Ad</strong></span> <span class='ocrx_word' id='word_1_417' title='bbox 2730 2599 3083 2672; x_wconf 90' lang='lat' dir='ltr'><strong>irrigandam</strong></span> <span class='ocrx_word' id='word_1_418' title='bbox 3116 2599 3447 2658; x_wconf 90' lang='lat' dir='ltr'><strong>universam</strong></span> <span class='ocrx_word' id='word_1_419' title='bbox 3476 2599 3839 2672; x_wconf 84' lang='lat' dir='ltr'><strong>superficiem</strong></span> 
     </span>
    </p>
   </div>
   <div class='ocr_carea' id='block_1_47' title="bbox 2126 2681 3831 2762">
    <p class='ocr_par' dir='ltr' id='par_1_47' title="bbox 2126 2681 3831 2762">
     <span class='ocr_line' id='line_1_47' title="bbox 2126 2681 3831 2762; baseline -0.001 -16"><span class='ocrx_word' id='word_1_420' title='bbox 2126 2694 2312 2747; x_wconf 73' lang='lat' dir='ltr'><strong>terrze.</strong></span> <span class='ocrx_word' id='word_1_421' title='bbox 2341 2681 2343 2683; x_wconf 62' lang='grc'><strong>’</strong></span> <span class='ocrx_word' id='word_1_422' title='bbox 2371 2714 2396 2737; x_wconf 74' lang='grc' dir='ltr'><strong>ι»</strong></span> <span class='ocrx_word' id='word_1_423' title='bbox 2442 2689 2527 2746; x_wconf 83' lang='lat' dir='ltr'><strong>Ad</strong></span> <span class='ocrx_word' id='word_1_424' title='bbox 2575 2695 2859 2747; x_wconf 88' lang='lat' dir='ltr'><strong>terrenam</strong></span> <span class='ocrx_word' id='word_1_425' title='bbox 2905 2689 3199 2746; x_wconf 89' lang='lat' dir='ltr'><strong>miseriam</strong></span> <span class='ocrx_word' id='word_1_426' title='bbox 3235 2688 3600 2762; x_wconf 74' lang='lat' dir='ltr'><strong>expiandam,</strong></span> <span class='ocrx_word' id='word_1_427' title='bbox 3655 2704 3831 2762; x_wconf 90' lang='lat' dir='ltr'><strong>quam</strong></span> 
     </span>
    </p>
   </div>
   <div class='ocr_carea' id='block_1_48' title="bbox 2125 2779 3834 2856">
    <p class='ocr_par' dir='ltr' id='par_1_48' title="bbox 2125 2779 3834 2856">
     <span class='ocr_line' id='line_1_48' title="bbox 2125 2779 3834 2856; baseline 0 -19"><span class='ocrx_word' id='word_1_428' title='bbox 2125 2780 2293 2838; x_wconf 88' lang='lat' dir='ltr'><strong>nobis</strong></span> <span class='ocrx_word' id='word_1_429' title='bbox 2333 2780 2394 2839; x_wconf 90' lang='lat' dir='ltr'><strong>in</strong></span> <span class='ocrx_word' id='word_1_430' title='bbox 2434 2779 2826 2839; x_wconf 70' lang='lat' dir='ltr'><strong>haereditatem</strong></span> <span class='ocrx_word' id='word_1_431' title='bbox 2861 2781 3088 2854; x_wconf 90' lang='lat' dir='ltr'><strong>primus</strong></span> <span class='ocrx_word' id='word_1_432' title='bbox 3136 2780 3236 2839; x_wconf 92' lang='lat' dir='ltr'><strong>ille</strong></span> <span class='ocrx_word' id='word_1_433' title='bbox 3287 2786 3544 2853; x_wconf 89' lang='lat' dir='ltr'><strong>peccator</strong></span> <span class='ocrx_word' id='word_1_434' title='bbox 3577 2781 3834 2856; x_wconf 88' lang='lat' dir='ltr'><strong>relique-</strong></span> 
     </span>
    </p>
   </div>
   <div class='ocr_carea' id='block_1_49' title="bbox 2124 2869 3837 2942">
    <p class='ocr_par' dir='ltr' id='par_1_49' title="bbox 2124 2869 3837 2942">
     <span class='ocr_line' id='line_1_49' title="bbox 2124 2869 3837 2942; baseline 0 -15"><span class='ocrx_word' id='word_1_435' title='bbox 2124 2877 2228 2927; x_wconf 92' lang='lat' dir='ltr'><strong>rat.</strong></span> <span class='ocrx_word' id='word_1_436' title='bbox 2271 2870 2414 2929; x_wconf 92' lang='lat' dir='ltr'><strong>Volo</strong></span> <span class='ocrx_word' id='word_1_437' title='bbox 2469 2876 2532 2927; x_wconf 91' lang='lat' dir='ltr'><strong>ut</strong></span> <span class='ocrx_word' id='word_1_438' title='bbox 2568 2871 2880 2942; x_wconf 85' lang='lat' dir='ltr'><strong>Apostolus</strong></span> <span class='ocrx_word' id='word_1_439' title='bbox 2924 2870 3018 2928; x_wconf 94' lang='lat' dir='ltr'><strong>hic</strong></span> <span class='ocrx_word' id='word_1_440' title='bbox 3059 2886 3194 2929; x_wconf 90' lang='lat' dir='ltr'><strong>eum</strong></span> <span class='ocrx_word' id='word_1_441' title='bbox 3230 2869 3398 2941; x_wconf 91' lang='lat' dir='ltr'><strong>mihi,</strong></span> <span class='ocrx_word' id='word_1_442' title='bbox 3429 2870 3580 2928; x_wconf 88' lang='lat' dir='ltr'><strong>sicut</strong></span> <span class='ocrx_word' id='word_1_443' title='bbox 3638 2875 3694 2928; x_wconf 90' lang='lat' dir='ltr'><strong>et</strong></span> <span class='ocrx_word' id='word_1_444' title='bbox 3733 2884 3837 2928; x_wconf 89' lang='lat' dir='ltr'><strong>su-</strong></span> 
     </span>
    </p>
   </div>
   <div class='ocr_carea' id='block_1_50' title="bbox 321 2947 3837 3058">
    <p class='ocr_par' dir='ltr' id='par_1_50' title="bbox 321 2947 3837 3058">
     <span class='ocr_line' id='line_1_50' title="bbox 321 2947 3837 3058; baseline 0.003 -51"><span class='ocrx_word' id='word_1_445' title='bbox 321 2949 594 3058; x_wconf 67' lang='lat' dir='ltr'><strong>liciarum</strong></span> <span class='ocrx_word' id='word_1_446' title='bbox 627 2949 928 3049; x_wconf 84' lang='lat' dir='ltr'><strong>Dominus,</strong></span> <span class='ocrx_word' id='word_1_447' title='bbox 959 2948 1031 3006; x_wconf 93' lang='lat' dir='ltr'><strong>de</strong></span> <span class='ocrx_word' id='word_1_448' title='bbox 1056 2951 1232 3048; x_wconf 80' lang='lat' dir='ltr'><strong>cujus</strong></span> <span class='ocrx_word' id='word_1_449' title='bbox 1274 2947 1497 3058; x_wconf 69' lang='lat' dir='ltr'><strong>deliciis</strong></span> <span class='ocrx_word' id='word_1_450' title='bbox 1531 2947 1781 3049; x_wconf 81' lang='lat' dir='ltr'><strong>Spiritus</strong></span> <span class='ocrx_word' id='word_1_451' title='bbox 1809 2957 2042 3010; x_wconf 91' lang='lat' dir='ltr'><strong>sanctus</strong></span> <span class='ocrx_word' id='word_1_452' title='bbox 2052 2999 2096 3058; x_wconf 64' lang='grc' dir='ltr'>Ο</span> <span class='ocrx_word' id='word_1_453' title='bbox 2127 2957 2342 3031; x_wconf 91' lang='lat' dir='ltr'><strong>perius,</strong></span> <span class='ocrx_word' id='word_1_454' title='bbox 2385 2959 2443 3016; x_wconf 89' lang='lat' dir='ltr'><strong>in</strong></span> <span class='ocrx_word' id='word_1_455' title='bbox 2504 2967 2751 3032; x_wconf 90' lang='lat' dir='ltr'><strong>quatuor</strong></span> <span class='ocrx_word' id='word_1_456' title='bbox 2793 2958 2978 3032; x_wconf 87' lang='lat' dir='ltr'><strong>capita</strong></span> <span class='ocrx_word' id='word_1_457' title='bbox 3017 2957 3347 3030; x_wconf 84' lang='lat' dir='ltr'><strong>distribuat,</strong></span> <span class='ocrx_word' id='word_1_458' title='bbox 3396 2959 3534 3032; x_wconf 93' lang='lat' dir='ltr'><strong>quia</strong></span> <span class='ocrx_word' id='word_1_459' title='bbox 3575 2959 3837 3018; x_wconf 88' lang='lat' dir='ltr'><strong>securius</strong></span> 
     </span>
    </p>
   </div>
   <div class='ocr_carea' id='block_1_51' title="bbox 321 3034 3832 3122">
    <p class='ocr_par' dir='ltr' id='par_1_51' title="bbox 321 3034 3832 3122">
     <span class='ocr_line' id='line_1_51' title="bbox 321 3034 3832 3122; baseline 0.002 -24"><span class='ocrx_word' id='word_1_460' title='bbox 321 3040 701 3098; x_wconf 86' lang='lat' dir='ltr'><strong>admiratorio</strong></span> <span class='ocrx_word' id='word_1_461' title='bbox 743 3053 1006 3097; x_wconf 87' lang='lat' dir='ltr'><strong>sermone</strong></span> <span class='ocrx_word' id='word_1_462' title='bbox 1052 3037 1110 3094; x_wconf 92' lang='lat' dir='ltr'><strong>in</strong></span> <span class='ocrx_word' id='word_1_463' title='bbox 1150 3037 1364 3096; x_wconf 90' lang='lat' dir='ltr'><strong>amoris</strong></span> <span class='ocrx_word' id='word_1_464' title='bbox 1393 3039 1624 3098; x_wconf 75' lang='lat' dir='ltr'><strong>(lantico</strong></span> <span class='ocrx_word' id='word_1_465' title='bbox 1661 3038 1742 3097; x_wconf 92' lang='lat' dir='ltr'><strong>sic</strong></span> <span class='ocrx_word' id='word_1_466' title='bbox 1773 3046 1993 3098; x_wconf 88' lang='lat' dir='ltr'><strong>eructat</strong></span> <span class='ocrx_word' id='word_1_467' title='bbox 2021 3034 2096 3098; x_wconf 64' lang='lat' dir='ltr'><strong>tu</strong></span> <span class='ocrx_word' id='word_1_468' title='bbox 2123 3047 2249 3118; x_wconf 88' lang='lat' dir='ltr'><strong>ejus</strong></span> <span class='ocrx_word' id='word_1_469' title='bbox 2297 3047 2716 3119; x_wconf 79' lang='lat' dir='ltr'><strong>expositionem</strong></span> <span class='ocrx_word' id='word_1_470' title='bbox 2754 3048 3028 3121; x_wconf 89' lang='lat' dir='ltr'><strong>suscipio.</strong></span> <span class='ocrx_word' id='word_1_471' title='bbox 3069 3072 3094 3096; x_wconf 72' lang='grc' dir='ltr'>α</span> <span class='ocrx_word' id='word_1_472' title='bbox 3123 3047 3230 3117; x_wconf 88' lang='lat' dir='ltr'><strong>Qui</strong></span> <span class='ocrx_word' id='word_1_473' title='bbox 3276 3049 3458 3106; x_wconf 89' lang='lat' dir='ltr'><strong>factus</strong></span> <span class='ocrx_word' id='word_1_474' title='bbox 3489 3052 3592 3117; x_wconf 89' lang='lat' dir='ltr'><strong>est,</strong></span> <span class='ocrx_word' id='word_1_475' title='bbox 3623 3047 3832 3122; x_wconf 90' lang='lat' dir='ltr'><strong>inquit,</strong></span> 
     </span>
    </p>
   </div>
   <div class='ocr_carea' id='block_1_52' title="bbox 325 3127 2034 3200">
    <p class='ocr_par' dir='ltr' id='par_1_52' title="bbox 325 3127 2034 3200">
     <span class='ocr_line' id='line_1_52' title="bbox 325 3127 2034 3200; baseline -0.001 -13"><span class='ocrx_word' id='word_1_476' title='bbox 325 3155 352 3178; x_wconf 71' lang='grc' dir='ltr'><strong>α</strong></span> <span class='ocrx_word' id='word_1_477' title='bbox 381 3128 528 3199; x_wconf 62' lang='lat' dir='ltr'><strong>Quae</strong></span> <span class='ocrx_word' id='word_1_478' title='bbox 557 3135 642 3187; x_wconf 91' lang='lat' dir='ltr'><strong>est</strong></span> <span class='ocrx_word' id='word_1_479' title='bbox 671 3129 798 3200; x_wconf 89' lang='lat' dir='ltr'><strong>ista,</strong></span> <span class='ocrx_word' id='word_1_480' title='bbox 831 3143 964 3200; x_wconf 69' lang='lat' dir='ltr'><strong>quae</strong></span> <span class='ocrx_word' id='word_1_481' title='bbox 1001 3127 1258 3185; x_wconf 87' lang='lat' dir='ltr'><strong>ascendit</strong></span> <span class='ocrx_word' id='word_1_482' title='bbox 1309 3129 1379 3186; x_wconf 88' lang='lat' dir='ltr'><strong>de</strong></span> <span class='ocrx_word' id='word_1_483' title='bbox 1425 3127 1644 3187; x_wconf 88' lang='lat' dir='ltr'><strong>deserto</strong></span> <span class='ocrx_word' id='word_1_484' title='bbox 1693 3128 1914 3186; x_wconf 91' lang='lat' dir='ltr'><strong>deliciis</strong></span> <span class='ocrx_word' id='word_1_485' title='bbox 1947 3130 2034 3186; x_wconf 82' lang='lat' dir='ltr'><strong>af-</strong></span> 
     </span>
    </p>
   </div>
   <div class='ocr_carea' id='block_1_53' title="bbox 319 3217 2033 3294">
    <p class='ocr_par' dir='ltr' id='par_1_53' title="bbox 319 3217 2033 3294">
     <span class='ocr_line' id='line_1_53' title="bbox 319 3217 2033 3294; baseline -0.001 -15"><span class='ocrx_word' id='word_1_486' title='bbox 319 3220 560 3280; x_wconf 83' lang='lat' dir='ltr'><strong>ﬂuens?</strong></span> <span class='ocrx_word' id='word_1_487' title='bbox 588 3221 762 3293; x_wconf 83' lang='lat' dir='ltr'><strong>(Cant.</strong></span> <span class='ocrx_word' id='word_1_488' title='bbox 795 3221 898 3292; x_wconf 89' lang='lat' dir='ltr'><strong>VI.)</strong></span> <span class='ocrx_word' id='word_1_489' title='bbox 941 3239 967 3270; x_wconf 88' lang='lat'><strong>»</strong></span> <span class='ocrx_word' id='word_1_490' title='bbox 1003 3217 1279 3293; x_wconf 90' lang='lat' dir='ltr'><strong>Nunquid</strong></span> <span class='ocrx_word' id='word_1_491' title='bbox 1318 3219 1381 3276; x_wconf 90' lang='lat' dir='ltr'><strong>in</strong></span> <span class='ocrx_word' id='word_1_492' title='bbox 1426 3219 1649 3292; x_wconf 90' lang='lat' dir='ltr'><strong>angelis</strong></span> <span class='ocrx_word' id='word_1_493' title='bbox 1684 3219 2033 3294; x_wconf 88' lang='lat' dir='ltr'><strong>voluptatem</strong></span> 
     </span>
    </p>
   </div>
   <div class='ocr_carea' id='block_1_54' title="bbox 316 3307 2037 3386">
    <p class='ocr_par' dir='ltr' id='par_1_54' title="bbox 316 3307 2037 3386">
     <span class='ocr_line' id='line_1_54' title="bbox 316 3307 2037 3386; baseline -0.002 -18"><span class='ocrx_word' id='word_1_494' title='bbox 316 3310 493 3370; x_wconf 89' lang='lat' dir='ltr'><strong>habet</strong></span> <span class='ocrx_word' id='word_1_495' title='bbox 523 3310 879 3382; x_wconf 86' lang='lat' dir='ltr'><strong>Altissimus,</strong></span> <span class='ocrx_word' id='word_1_496' title='bbox 911 3311 969 3367; x_wconf 93' lang='lat' dir='ltr'><strong>in</strong></span> <span class='ocrx_word' id='word_1_497' title='bbox 1006 3309 1223 3386; x_wconf 88' lang='lat' dir='ltr'><strong>quibus</strong></span> <span class='ocrx_word' id='word_1_498' title='bbox 1255 3308 1374 3382; x_wconf 92' lang='lat' dir='ltr'><strong>ipse</strong></span> <span class='ocrx_word' id='word_1_499' title='bbox 1404 3307 1613 3382; x_wconf 90' lang='lat' dir='ltr'><strong>reperit</strong></span> <span class='ocrx_word' id='word_1_500' title='bbox 1643 3310 1979 3382; x_wconf 89' lang='lat' dir='ltr'><strong>pravitatem</strong></span> <span class='ocrx_word' id='word_1_501' title='bbox 2010 3309 2037 3365; x_wconf 86' lang='lat'><strong>?</strong></span> 
     </span>
    </p>
   </div>
   <div class='ocr_carea' id='block_1_55' title="bbox 318 3398 2038 3476">
    <p class='ocr_par' dir='ltr' id='par_1_55' title="bbox 318 3398 2038 3476">
     <span class='ocr_line' id='line_1_55' title="bbox 318 3398 2038 3476; baseline -0.004 -16"><span class='ocrx_word' id='word_1_502' title='bbox 318 3401 601 3476; x_wconf 86' lang='lat' dir='ltr'><strong>Nunquid</strong></span> <span class='ocrx_word' id='word_1_503' title='bbox 656 3400 720 3458; x_wconf 91' lang='lat' dir='ltr'><strong>in</strong></span> <span class='ocrx_word' id='word_1_504' title='bbox 775 3399 1228 3471; x_wconf 89' lang='lat' dir='ltr'><strong>constellatione,</strong></span> <span class='ocrx_word' id='word_1_505' title='bbox 1259 3398 1346 3458; x_wconf 90' lang='lat' dir='ltr'><strong>vel</strong></span> <span class='ocrx_word' id='word_1_506' title='bbox 1383 3398 1790 3457; x_wconf 91' lang='lat' dir='ltr'><strong>scintillatione</strong></span> <span class='ocrx_word' id='word_1_507' title='bbox 1840 3398 2038 3456; x_wconf 90' lang='lat' dir='ltr'><strong>stella-</strong></span> 
     </span>
    </p>
   </div>
   <div class='ocr_carea' id='block_1_56' title="bbox 321 3486 2037 3564">
    <p class='ocr_par' dir='ltr' id='par_1_56' title="bbox 321 3486 2037 3564">
     <span class='ocr_line' id='line_1_56' title="bbox 321 3486 2037 3564; baseline -0.004 -13"><span class='ocrx_word' id='word_1_508' title='bbox 321 3507 477 3560; x_wconf 87' lang='lat' dir='ltr'><strong>rum,</strong></span> <span class='ocrx_word' id='word_1_509' title='bbox 512 3505 763 3564; x_wconf 90' lang='lat' dir='ltr'><strong>quarum</strong></span> <span class='ocrx_word' id='word_1_510' title='bbox 794 3489 925 3548; x_wconf 61' lang='lat' dir='ltr'><strong>alia:</strong></span> <span class='ocrx_word' id='word_1_511' title='bbox 957 3494 1378 3548; x_wconf 90' lang='lat' dir='ltr'><strong>convertuntur</strong></span> <span class='ocrx_word' id='word_1_512' title='bbox 1421 3487 1480 3544; x_wconf 90' lang='lat' dir='ltr'><strong>in</strong></span> <span class='ocrx_word' id='word_1_513' title='bbox 1507 3487 1873 3561; x_wconf 88' lang='lat' dir='ltr'><strong>sanguinem,</strong></span> <span class='ocrx_word' id='word_1_514' title='bbox 1905 3486 2037 3544; x_wconf 69' lang='lat' dir='ltr'><strong>aliae</strong></span> 
     </span>
    </p>
   </div>
   <div class='ocr_carea' id='block_1_57' title="bbox 319 3575 2035 3648">
    <p class='ocr_par' dir='ltr' id='par_1_57' title="bbox 319 3575 2035 3648">
     <span class='ocr_line' id='line_1_57' title="bbox 319 3575 2035 3648; baseline -0.004 -9"><span class='ocrx_word' id='word_1_515' title='bbox 319 3579 536 3639; x_wconf 89' lang='lat' dir='ltr'><strong>cadunt</strong></span> <span class='ocrx_word' id='word_1_516' title='bbox 564 3578 636 3637; x_wconf 91' lang='lat' dir='ltr'><strong>de</strong></span> <span class='ocrx_word' id='word_1_517' title='bbox 663 3578 829 3648; x_wconf 63' lang='lat' dir='ltr'><strong>coelo,</strong></span> <span class='ocrx_word' id='word_1_518' title='bbox 856 3577 988 3636; x_wconf 60' lang='lat' dir='ltr'><strong>alia;</strong></span> <span class='ocrx_word' id='word_1_519' title='bbox 1017 3577 1078 3636; x_wconf 91' lang='lat' dir='ltr'><strong>in</strong></span> <span class='ocrx_word' id='word_1_520' title='bbox 1107 3576 1371 3635; x_wconf 89' lang='lat' dir='ltr'><strong>tenebras</strong></span> <span class='ocrx_word' id='word_1_521' title='bbox 1401 3575 1786 3634; x_wconf 88' lang='lat' dir='ltr'><strong>obscurantur</strong></span> <span class='ocrx_word' id='word_1_522' title='bbox 1815 3575 1842 3633; x_wconf 88' lang='lat'>?</span> <span class='ocrx_word' id='word_1_523' title='bbox 1871 3576 2035 3633; x_wconf 83' lang='lat' dir='ltr'><strong>Nun-</strong></span> 
     </span>
    </p>
   </div>
   <div class='ocr_carea' id='block_1_58' title="bbox 317 3664 2032 3743">
    <p class='ocr_par' dir='ltr' id='par_1_58' title="bbox 317 3664 2032 3743">
     <span class='ocr_line' id='line_1_58' title="bbox 317 3664 2032 3743; baseline -0.003 -15"><span class='ocrx_word' id='word_1_524' title='bbox 317 3669 464 3743; x_wconf 88' lang='lat' dir='ltr'><strong>quid</strong></span> <span class='ocrx_word' id='word_1_525' title='bbox 496 3671 557 3728; x_wconf 89' lang='lat' dir='ltr'><strong>in</strong></span> <span class='ocrx_word' id='word_1_526' title='bbox 582 3684 734 3740; x_wconf 90' lang='lat' dir='ltr'><strong>aere,</strong></span> <span class='ocrx_word' id='word_1_527' title='bbox 769 3667 859 3726; x_wconf 90' lang='lat' dir='ltr'><strong>vel</strong></span> <span class='ocrx_word' id='word_1_528' title='bbox 888 3667 1039 3742; x_wconf 88' lang='lat' dir='ltr'><strong>igne,</strong></span> <span class='ocrx_word' id='word_1_529' title='bbox 1064 3665 1154 3726; x_wconf 91' lang='lat' dir='ltr'><strong>vel</strong></span> <span class='ocrx_word' id='word_1_530' title='bbox 1190 3666 1376 3724; x_wconf 89' lang='lat' dir='ltr'><strong>ventis</strong></span> <span class='ocrx_word' id='word_1_531' title='bbox 1397 3668 1424 3721; x_wconf 74' lang='grc' dir='ltr'><strong><em>τ</em></strong></span> <span class='ocrx_word' id='word_1_532' title='bbox 1455 3664 1858 3738; x_wconf 89' lang='lat' dir='ltr'><strong>Nequaquam,</strong></span> <span class='ocrx_word' id='word_1_533' title='bbox 1891 3667 2032 3740; x_wconf 90' lang='lat' dir='ltr'><strong>quia</strong></span> 
     </span>
    </p>
   </div>
   <div class='ocr_carea' id='block_1_59' title="bbox 324 3753 2033 3830">
    <p class='ocr_par' dir='ltr' id='par_1_59' title="bbox 324 3753 2033 3830">
     <span class='ocr_line' id='line_1_59' title="bbox 324 3753 2033 3830; baseline -0.004 -14"><span class='ocrx_word' id='word_1_534' title='bbox 324 3781 344 3809; x_wconf 80' lang='grc' dir='ltr'>ι</span> <span class='ocrx_word' id='word_1_535' title='bbox 377 3773 495 3818; x_wconf 91' lang='lat' dir='ltr'><strong>non</strong></span> <span class='ocrx_word' id='word_1_536' title='bbox 553 3758 616 3815; x_wconf 87' lang='lat' dir='ltr'><strong>in</strong></span> <span class='ocrx_word' id='word_1_537' title='bbox 662 3756 795 3830; x_wconf 83' lang='lat' dir='ltr'><strong>igne</strong></span> <span class='ocrx_word' id='word_1_538' title='bbox 847 3756 1151 3827; x_wconf 91' lang='lat' dir='ltr'><strong>Dominus,</strong></span> <span class='ocrx_word' id='word_1_539' title='bbox 1185 3770 1302 3812; x_wconf 90' lang='lat' dir='ltr'><strong>non</strong></span> <span class='ocrx_word' id='word_1_540' title='bbox 1333 3754 1390 3811; x_wconf 88' lang='lat' dir='ltr'><strong>in</strong></span> <span class='ocrx_word' id='word_1_541' title='bbox 1421 3753 1806 3812; x_wconf 91' lang='lat' dir='ltr'><strong>commotione</strong></span> <span class='ocrx_word' id='word_1_542' title='bbox 1835 3753 2033 3811; x_wconf 87' lang='lat' dir='ltr'><strong>Domi-</strong></span> 
     </span>
    </p>
   </div>
   <div class='ocr_carea' id='block_1_60' title="bbox 320 3843 2034 3919">
    <p class='ocr_par' dir='ltr' id='par_1_60' title="bbox 320 3843 2034 3919">
     <span class='ocr_line' id='line_1_60' title="bbox 320 3843 2034 3919; baseline -0.004 -13"><span class='ocrx_word' id='word_1_543' title='bbox 320 3862 454 3918; x_wconf 90' lang='lat' dir='ltr'><strong>nus,</strong></span> <span class='ocrx_word' id='word_1_544' title='bbox 487 3862 607 3906; x_wconf 90' lang='lat' dir='ltr'><strong>non</strong></span> <span class='ocrx_word' id='word_1_545' title='bbox 643 3845 704 3903; x_wconf 91' lang='lat' dir='ltr'><strong>in</strong></span> <span class='ocrx_word' id='word_1_546' title='bbox 737 3844 944 3919; x_wconf 90' lang='lat' dir='ltr'><strong>spiritu</strong></span> <span class='ocrx_word' id='word_1_547' title='bbox 989 3843 1276 3903; x_wconf 92' lang='lat' dir='ltr'><strong>Dominus</strong></span> <span class='ocrx_word' id='word_1_548' title='bbox 1325 3844 1424 3917; x_wconf 90' lang='lat' dir='ltr'><strong>(III</strong></span> <span class='ocrx_word' id='word_1_549' title='bbox 1445 3846 1576 3912; x_wconf 86' lang='lat' dir='ltr'><strong>Reg.</strong></span> <span class='ocrx_word' id='word_1_550' title='bbox 1616 3844 1770 3914; x_wconf 89' lang='lat' dir='ltr'><strong>XIX),</strong></span> <span class='ocrx_word' id='word_1_551' title='bbox 1805 3863 1826 3893; x_wconf 78' lang='grc' dir='ltr'><strong><em>ι</em></strong></span> <span class='ocrx_word' id='word_1_552' title='bbox 1858 3843 1906 3900; x_wconf 90' lang='lat' dir='ltr'><strong>si</strong></span> <span class='ocrx_word' id='word_1_553' title='bbox 1934 3858 2034 3900; x_wconf 86' lang='lat' dir='ltr'><strong>ve-</strong></span> 
     </span>
    </p>
   </div>
   <div class='ocr_carea' id='block_1_61' title="bbox 320 3931 2034 4008">
    <p class='ocr_par' dir='ltr' id='par_1_61' title="bbox 320 3931 2034 4008">
     <span class='ocr_line' id='line_1_61' title="bbox 320 3931 2034 4008; baseline -0.004 -14"><span class='ocrx_word' id='word_1_554' title='bbox 320 3951 430 3994; x_wconf 82' lang='lat' dir='ltr'><strong>rax</strong></span> <span class='ocrx_word' id='word_1_555' title='bbox 477 3942 563 3994; x_wconf 89' lang='lat' dir='ltr'><strong>est</strong></span> <span class='ocrx_word' id='word_1_556' title='bbox 598 3934 696 3992; x_wconf 93' lang='lat' dir='ltr'><strong>ille</strong></span> <span class='ocrx_word' id='word_1_557' title='bbox 742 3933 844 4008; x_wconf 92' lang='lat' dir='ltr'><strong>qui</strong></span> <span class='ocrx_word' id='word_1_558' title='bbox 891 3947 1065 3991; x_wconf 90' lang='lat' dir='ltr'><strong>curru</strong></span> <span class='ocrx_word' id='word_1_559' title='bbox 1100 3932 1291 4004; x_wconf 86' lang='lat' dir='ltr'><strong>igneo,</strong></span> <span class='ocrx_word' id='word_1_560' title='bbox 1325 3937 1379 3988; x_wconf 92' lang='lat' dir='ltr'><strong>et</strong></span> <span class='ocrx_word' id='word_1_561' title='bbox 1409 3931 1575 4004; x_wconf 91' lang='lat' dir='ltr'><strong>equis</strong></span> <span class='ocrx_word' id='word_1_562' title='bbox 1605 3931 1792 4004; x_wconf 89' lang='lat' dir='ltr'><strong>igneis</strong></span> <span class='ocrx_word' id='word_1_563' title='bbox 1822 3937 1907 3988; x_wconf 91' lang='lat' dir='ltr'><strong>est</strong></span> <span class='ocrx_word' id='word_1_564' title='bbox 1940 3947 2034 3988; x_wconf 91' lang='lat' dir='ltr'><strong>as-</strong></span> 
     </span>
    </p>
   </div>
   <div class='ocr_carea' id='block_1_62' title="bbox 321 4018 2030 4098">
    <p class='ocr_par' dir='ltr' id='par_1_62' title="bbox 321 4018 2030 4098">
     <span class='ocr_line' id='line_1_62' title="bbox 321 4018 2030 4098; baseline -0.004 -14"><span class='ocrx_word' id='word_1_565' title='bbox 321 4030 593 4098; x_wconf 89' lang='lat' dir='ltr'><strong>sumptus</strong></span> <span class='ocrx_word' id='word_1_566' title='bbox 640 4023 702 4081; x_wconf 95' lang='lat' dir='ltr'><strong>in</strong></span> <span class='ocrx_word' id='word_1_567' title='bbox 743 4021 950 4080; x_wconf 72' lang='lat' dir='ltr'><strong>coelum</strong></span> <span class='ocrx_word' id='word_1_568' title='bbox 992 4024 1096 4090; x_wconf 88' lang='lat' dir='ltr'><strong>(1V</strong></span> <span class='ocrx_word' id='word_1_569' title='bbox 1120 4024 1250 4089; x_wconf 86' lang='lat' dir='ltr'><strong>Reg.</strong></span> <span class='ocrx_word' id='word_1_570' title='bbox 1283 4023 1365 4088; x_wconf 88' lang='lat' dir='ltr'><strong>Il).</strong></span> <span class='ocrx_word' id='word_1_571' title='bbox 1398 4018 1681 4092; x_wconf 92' lang='lat' dir='ltr'><strong>Nunquid</strong></span> <span class='ocrx_word' id='word_1_572' title='bbox 1733 4019 1794 4076; x_wconf 91' lang='lat' dir='ltr'><strong>in</strong></span> <span class='ocrx_word' id='word_1_573' title='bbox 1843 4019 2030 4092; x_wconf 88' lang='lat' dir='ltr'><strong>aquis,</strong></span> 
     </span>
    </p>
   </div>
   <div class='ocr_carea' id='block_1_63' title="bbox 321 4111 2033 4182">
    <p class='ocr_par' dir='ltr' id='par_1_63' title="bbox 321 4111 2033 4182">
     <span class='ocr_line' id='line_1_63' title="bbox 321 4111 2033 4182; baseline -0.003 -8"><span class='ocrx_word' id='word_1_574' title='bbox 321 4115 425 4174; x_wconf 90' lang='lat' dir='ltr'><strong>ubi</strong></span> <span class='ocrx_word' id='word_1_575' title='bbox 476 4115 676 4174; x_wconf 80' lang='lat' dir='ltr'><strong>furens</strong></span> <span class='ocrx_word' id='word_1_576' title='bbox 721 4120 776 4172; x_wconf 91' lang='lat' dir='ltr'><strong>et</strong></span> <span class='ocrx_word' id='word_1_577' title='bbox 828 4118 1116 4171; x_wconf 82' lang='lat' dir='ltr'><strong>tortuosos</strong></span> <span class='ocrx_word' id='word_1_578' title='bbox 1162 4112 1478 4170; x_wconf 89' lang='lat' dir='ltr'><strong>Leviathan</strong></span> <span class='ocrx_word' id='word_1_579' title='bbox 1532 4111 1897 4182; x_wconf 89' lang='lat' dir='ltr'><strong>immoratur,</strong></span> <span class='ocrx_word' id='word_1_580' title='bbox 1934 4119 2033 4170; x_wconf 91' lang='lat' dir='ltr'><strong>aut</strong></span> 
     </span>
    </p>
   </div>
   <div class='ocr_carea' id='block_1_64' title="bbox 321 4199 2033 4276">
    <p class='ocr_par' dir='ltr' id='par_1_64' title="bbox 321 4199 2033 4276">
     <span class='ocr_line' id='line_1_64' title="bbox 321 4199 2033 4276; baseline -0.002 -15"><span class='ocrx_word' id='word_1_581' title='bbox 321 4201 382 4262; x_wconf 89' lang='lat' dir='ltr'><strong>in</strong></span> <span class='ocrx_word' id='word_1_582' title='bbox 434 4208 601 4272; x_wconf 89' lang='lat' dir='ltr'><strong>terra,</strong></span> <span class='ocrx_word' id='word_1_583' title='bbox 636 4218 769 4276; x_wconf 73' lang='lat' dir='ltr'><strong>quae</strong></span> <span class='ocrx_word' id='word_1_584' title='bbox 808 4203 915 4261; x_wconf 89' lang='lat' dir='ltr'><strong>sub</strong></span> <span class='ocrx_word' id='word_1_585' title='bbox 953 4200 1253 4260; x_wconf 88' lang='lat' dir='ltr'><strong>maledicto</strong></span> <span class='ocrx_word' id='word_1_586' title='bbox 1301 4200 1443 4259; x_wconf 68' lang='lat' dir='ltr'><strong>Adaa</strong></span> <span class='ocrx_word' id='word_1_587' title='bbox 1491 4201 1687 4275; x_wconf 89' lang='lat' dir='ltr'><strong>spinas</strong></span> <span class='ocrx_word' id='word_1_588' title='bbox 1732 4199 1940 4259; x_wconf 89' lang='lat' dir='ltr'><strong>emittit</strong></span> <span class='ocrx_word' id='word_1_589' title='bbox 1978 4207 2033 4257; x_wconf 91' lang='lat' dir='ltr'><strong>et</strong></span> 
     </span>
    </p>
   </div>
   <div class='ocr_carea' id='block_1_65' title="bbox 2122 3132 3832 3208">
    <p class='ocr_par' dir='ltr' id='par_1_65' title="bbox 2122 3132 3832 3208">
     <span class='ocr_line' id='line_1_65' title="bbox 2122 3132 3832 3208; baseline 0 -18"><span class='ocrx_word' id='word_1_590' title='bbox 2122 3132 2286 3191; x_wconf 91' lang='lat' dir='ltr'><strong>nobis</strong></span> <span class='ocrx_word' id='word_1_591' title='bbox 2350 3134 2647 3206; x_wconf 86' lang='lat' dir='ltr'><strong>sapientia,</strong></span> <span class='ocrx_word' id='word_1_592' title='bbox 2691 3134 2935 3208; x_wconf 88' lang='lat' dir='ltr'><strong>justitia,</strong></span> <span class='ocrx_word' id='word_1_593' title='bbox 2985 3133 3356 3192; x_wconf 89' lang='lat' dir='ltr'><strong>sanctificatio</strong></span> <span class='ocrx_word' id='word_1_594' title='bbox 3409 3139 3463 3191; x_wconf 89' lang='lat' dir='ltr'><strong>et</strong></span> <span class='ocrx_word' id='word_1_595' title='bbox 3518 3133 3832 3207; x_wconf 90' lang='lat' dir='ltr'><strong>redemptio</strong></span> 
     </span>
    </p>
   </div>
   <div class='ocr_carea' id='block_1_66' title="bbox 2120 3221 3826 3296">
    <p class='ocr_par' dir='ltr' id='par_1_66' title="bbox 2120 3221 3826 3296">
     <span class='ocr_line' id='line_1_66' title="bbox 2120 3221 3826 3296; baseline 0.002 -19"><span class='ocrx_word' id='word_1_596' title='bbox 2120 3222 2163 3290; x_wconf 88' lang='grc' dir='ltr'><strong>(ι</strong></span> <span class='ocrx_word' id='word_1_597' title='bbox 2192 3223 2309 3279; x_wconf 85' lang='lat' dir='ltr'><strong>Cor.</strong></span> <span class='ocrx_word' id='word_1_598' title='bbox 2341 3228 2395 3294; x_wconf 93' lang='lat' dir='ltr'><strong>I).</strong></span> <span class='ocrx_word' id='word_1_599' title='bbox 2432 3244 2452 3272; x_wconf 74' lang='grc' dir='ltr'><strong>ι</strong></span> <span class='ocrx_word' id='word_1_600' title='bbox 2499 3221 2585 3279; x_wconf 90' lang='lat' dir='ltr'><strong>Ad</strong></span> <span class='ocrx_word' id='word_1_601' title='bbox 2629 3238 2732 3279; x_wconf 87' lang='lat' dir='ltr'><strong>nos</strong></span> <span class='ocrx_word' id='word_1_602' title='bbox 2770 3222 2982 3296; x_wconf 91' lang='lat' dir='ltr'><strong>quippe</strong></span> <span class='ocrx_word' id='word_1_603' title='bbox 3033 3223 3294 3291; x_wconf 90' lang='lat' dir='ltr'><strong>veniens,</strong></span> <span class='ocrx_word' id='word_1_604' title='bbox 3345 3222 3448 3296; x_wconf 92' lang='lat' dir='ltr'><strong>qui</strong></span> <span class='ocrx_word' id='word_1_605' title='bbox 3491 3239 3724 3282; x_wconf 89' lang='lat' dir='ltr'><strong>eramus</strong></span> <span class='ocrx_word' id='word_1_606' title='bbox 3769 3223 3826 3280; x_wconf 93' lang='lat' dir='ltr'><strong>in</strong></span> 
     </span>
    </p>
   </div>
   <div class='ocr_carea' id='block_1_67' title="bbox 2118 3310 3830 3384">
    <p class='ocr_par' dir='ltr' id='par_1_67' title="bbox 2118 3310 3830 3384">
     <span class='ocr_line' id='line_1_67' title="bbox 2118 3310 3830 3384; baseline 0 -16"><span class='ocrx_word' id='word_1_607' title='bbox 2118 3326 2363 3379; x_wconf 85' lang='lat' dir='ltr'><strong>carcere,</strong></span> <span class='ocrx_word' id='word_1_608' title='bbox 2397 3310 2582 3384; x_wconf 89' lang='lat' dir='ltr'><strong>primo</strong></span> <span class='ocrx_word' id='word_1_609' title='bbox 2631 3312 2894 3370; x_wconf 91' lang='lat' dir='ltr'><strong>omnium</strong></span> <span class='ocrx_word' id='word_1_610' title='bbox 2935 3312 3194 3370; x_wconf 90' lang='lat' dir='ltr'><strong>tenebras</strong></span> <span class='ocrx_word' id='word_1_611' title='bbox 3235 3312 3577 3384; x_wconf 61' lang='lat' dir='ltr'><strong>ignorantia</strong></span> <span class='ocrx_word' id='word_1_612' title='bbox 3620 3317 3830 3370; x_wconf 70' lang='lat' dir='ltr'><strong>nostrae</strong></span> 
     </span>
    </p>
   </div>
   <div class='ocr_carea' id='block_1_68' title="bbox 2117 3401 3823 3476">
    <p class='ocr_par' dir='ltr' id='par_1_68' title="bbox 2117 3401 3823 3476">
     <span class='ocr_line' id='line_1_68' title="bbox 2117 3401 3823 3476; baseline 0 -18"><span class='ocrx_word' id='word_1_613' title='bbox 2117 3401 2338 3474; x_wconf 89' lang='lat' dir='ltr'><strong>depulit</strong></span> <span class='ocrx_word' id='word_1_614' title='bbox 2393 3403 2516 3460; x_wconf 88' lang='lat' dir='ltr'><strong>luce</strong></span> <span class='ocrx_word' id='word_1_615' title='bbox 2566 3403 2864 3472; x_wconf 63' lang='lat' dir='ltr'><strong>sapientiae</strong></span> <span class='ocrx_word' id='word_1_616' title='bbox 2914 3418 3072 3470; x_wconf 64' lang='lat' dir='ltr'><strong>suae,</strong></span> <span class='ocrx_word' id='word_1_617' title='bbox 3129 3401 3339 3460; x_wconf 90' lang='lat' dir='ltr'><strong>deinde</strong></span> <span class='ocrx_word' id='word_1_618' title='bbox 3393 3418 3495 3476; x_wconf 92' lang='lat' dir='ltr'><strong>per</strong></span> <span class='ocrx_word' id='word_1_619' title='bbox 3540 3401 3823 3476; x_wconf 91' lang='lat' dir='ltr'><strong>justitiam</strong></span> 
     </span>
    </p>
   </div>
   <div class='ocr_carea' id='block_1_69' title="bbox 2117 3489 3824 3564">
    <p class='ocr_par' dir='ltr' id='par_1_69' title="bbox 2117 3489 3824 3564">
     <span class='ocr_line' id='line_1_69' title="bbox 2117 3489 3824 3564; baseline -0.001 -17"><span class='ocrx_word' id='word_1_620' title='bbox 2117 3505 2250 3562; x_wconf 60' lang='lat' dir='ltr'><strong>quae</strong></span> <span class='ocrx_word' id='word_1_621' title='bbox 2304 3506 2377 3547; x_wconf 82' lang='lat' dir='ltr'><strong>ex</strong></span> <span class='ocrx_word' id='word_1_622' title='bbox 2431 3489 2542 3547; x_wconf 86' lang='lat' dir='ltr'><strong>fide</strong></span> <span class='ocrx_word' id='word_1_623' title='bbox 2570 3500 2655 3548; x_wconf 77' lang='lat' dir='ltr'><strong>est</strong></span> <span class='ocrx_word' id='word_1_624' title='bbox 2701 3495 2868 3563; x_wconf 74' lang='lat' dir='ltr'><strong>(Rom.</strong></span> <span class='ocrx_word' id='word_1_625' title='bbox 2904 3493 2984 3561; x_wconf 72' lang='grc' dir='ltr'><strong>Χ),</strong></span> <span class='ocrx_word' id='word_1_626' title='bbox 3019 3489 3191 3548; x_wconf 90' lang='lat' dir='ltr'><strong>solvit</strong></span> <span class='ocrx_word' id='word_1_627' title='bbox 3243 3490 3411 3548; x_wconf 91' lang='lat' dir='ltr'><strong>funes</strong></span> <span class='ocrx_word' id='word_1_628' title='bbox 3464 3498 3824 3564; x_wconf 89' lang='lat' dir='ltr'><strong>peccatorum</strong></span> 
     </span>
    </p>
   </div>
   <div class='ocr_carea' id='block_1_70' title="bbox 2118 3577 3824 3652">
    <p class='ocr_par' dir='ltr' id='par_1_70' title="bbox 2118 3577 3824 3652">
     <span class='ocr_line' id='line_1_70' title="bbox 2118 3577 3824 3652; baseline 0 -18"><span class='ocrx_word' id='word_1_629' title='bbox 2118 3584 2467 3648; x_wconf 90' lang='lat' dir='ltr'><strong>nostrorum,</strong></span> <span class='ocrx_word' id='word_1_630' title='bbox 2515 3577 2878 3636; x_wconf 85' lang='lat' dir='ltr'><strong>sanctilicans</strong></span> <span class='ocrx_word' id='word_1_631' title='bbox 2935 3593 3038 3636; x_wconf 89' lang='lat' dir='ltr'><strong>nos</strong></span> <span class='ocrx_word' id='word_1_632' title='bbox 3090 3578 3153 3636; x_wconf 92' lang='lat' dir='ltr'><strong>in</strong></span> <span class='ocrx_word' id='word_1_633' title='bbox 3204 3594 3310 3636; x_wconf 91' lang='lat' dir='ltr'><strong>suo</strong></span> <span class='ocrx_word' id='word_1_634' title='bbox 3362 3593 3618 3652; x_wconf 92' lang='lat' dir='ltr'><strong>corpore,</strong></span> <span class='ocrx_word' id='word_1_635' title='bbox 3671 3577 3824 3634; x_wconf 86' lang='lat' dir='ltr'><strong>redi-</strong></span> 
     </span>
    </p>
   </div>
   <div class='ocr_carea' id='block_1_71' title="bbox 2115 3665 3828 3740">
    <p class='ocr_par' dir='ltr' id='par_1_71' title="bbox 2115 3665 3828 3740">
     <span class='ocr_line' id='line_1_71' title="bbox 2115 3665 3828 3740; baseline -0.002 -16"><span class='ocrx_word' id='word_1_636' title='bbox 2115 3681 2279 3724; x_wconf 91' lang='lat' dir='ltr'><strong>mens</strong></span> <span class='ocrx_word' id='word_1_637' title='bbox 2315 3665 2375 3722; x_wconf 93' lang='lat' dir='ltr'><strong>in</strong></span> <span class='ocrx_word' id='word_1_638' title='bbox 2426 3669 2675 3740; x_wconf 66' lang='lat' dir='ltr'><strong>corporis</strong></span> <span class='ocrx_word' id='word_1_639' title='bbox 2725 3667 3007 3740; x_wconf 85' lang='lat' dir='ltr'><strong>passione.</strong></span> <span class='ocrx_word' id='word_1_640' title='bbox 3058 3691 3084 3715; x_wconf 72' lang='grc' dir='ltr'><strong><em>α</em></strong></span> <span class='ocrx_word' id='word_1_641' title='bbox 3115 3667 3400 3726; x_wconf 90' lang='lat' dir='ltr'><strong>Dominus</strong></span> <span class='ocrx_word' id='word_1_642' title='bbox 3448 3667 3605 3725; x_wconf 88' lang='lat' dir='ltr'><strong>enim</strong></span> <span class='ocrx_word' id='word_1_643' title='bbox 3655 3665 3828 3726; x_wconf 88' lang='lat' dir='ltr'><strong>solvit</strong></span> 
     </span>
    </p>
   </div>
   <div class='ocr_carea' id='block_1_72' title="bbox 2115 3755 3822 3830">
    <p class='ocr_par' dir='ltr' id='par_1_72' title="bbox 2115 3755 3822 3830">
     <span class='ocr_line' id='line_1_72' title="bbox 2115 3755 3822 3830; baseline -0.001 -18"><span class='ocrx_word' id='word_1_644' title='bbox 2115 3755 2486 3830; x_wconf 89' lang='lat' dir='ltr'><strong>compeditos,</strong></span> <span class='ocrx_word' id='word_1_645' title='bbox 2528 3755 2811 3814; x_wconf 70' lang='lat' dir='ltr'><strong>Diminus</strong></span> <span class='ocrx_word' id='word_1_646' title='bbox 2858 3755 3149 3814; x_wconf 89' lang='lat' dir='ltr'><strong>illuminat</strong></span> <span class='ocrx_word' id='word_1_647' title='bbox 3191 3771 3370 3814; x_wconf 63' lang='lat' dir='ltr'><strong>caseos</strong></span> <span class='ocrx_word' id='word_1_648' title='bbox 3411 3759 3579 3828; x_wconf 86' lang='lat' dir='ltr'><strong>(Psal.</strong></span> <span class='ocrx_word' id='word_1_649' title='bbox 3624 3757 3822 3826; x_wconf 82' lang='lat' dir='ltr'><strong>CXLV),</strong></span> 
     </span>
    </p>
   </div>
   <div class='ocr_carea' id='block_1_73' title="bbox 2114 3845 3822 3919">
    <p class='ocr_par' dir='ltr' id='par_1_73' title="bbox 2114 3845 3822 3919">
     <span class='ocr_line' id='line_1_73' title="bbox 2114 3845 3822 3919; baseline -0.002 -15"><span class='ocrx_word' id='word_1_650' title='bbox 2114 3846 2423 3904; x_wconf 82' lang='lat' dir='ltr'><strong>sanctificat</strong></span> <span class='ocrx_word' id='word_1_651' title='bbox 2465 3846 2896 3904; x_wconf 68' lang='lat' dir='ltr'><strong>tabernaculum</strong></span> <span class='ocrx_word' id='word_1_652' title='bbox 2937 3861 3110 3904; x_wconf 91' lang='lat' dir='ltr'><strong>suum</strong></span> <span class='ocrx_word' id='word_1_653' title='bbox 3138 3847 3302 3919; x_wconf 81' lang='lat' dir='ltr'><strong>(Psal.</strong></span> <span class='ocrx_word' id='word_1_654' title='bbox 3333 3848 3509 3917; x_wconf 86' lang='lat' dir='ltr'><strong>XLV);</strong></span> <span class='ocrx_word' id='word_1_655' title='bbox 3541 3845 3612 3903; x_wconf 90' lang='lat' dir='ltr'><strong>de</strong></span> <span class='ocrx_word' id='word_1_656' title='bbox 3646 3860 3822 3902; x_wconf 88' lang='lat' dir='ltr'><strong>manu</strong></span> 
     </span>
    </p>
   </div>
   <div class='ocr_carea' id='block_1_74' title="bbox 2115 3933 3822 4006">
    <p class='ocr_par' dir='ltr' id='par_1_74' title="bbox 2115 3933 3822 4006">
     <span class='ocr_line' id='line_1_74' title="bbox 2115 3933 3822 4006; baseline -0.003 -12"><span class='ocrx_word' id='word_1_657' title='bbox 2115 3937 2357 3994; x_wconf 89' lang='lat' dir='ltr'><strong>redemit</strong></span> <span class='ocrx_word' id='word_1_658' title='bbox 2409 3935 2607 3993; x_wconf 57' lang='lat' dir='ltr'><strong>inimi&#39;:</strong></span> <span class='ocrx_word' id='word_1_659' title='bbox 2661 3937 2832 4004; x_wconf 88' lang='lat' dir='ltr'><strong>(Psal.</strong></span> <span class='ocrx_word' id='word_1_660' title='bbox 2865 3937 2981 4006; x_wconf 89' lang='lat' dir='ltr'><strong>cv).</strong></span> <span class='ocrx_word' id='word_1_661' title='bbox 3021 3955 3047 3988; x_wconf 80' lang='lat'>»</span> <span class='ocrx_word' id='word_1_662' title='bbox 3080 3934 3392 4006; x_wconf 86' lang='lat' dir='ltr'><strong>Dividitur,</strong></span> <span class='ocrx_word' id='word_1_663' title='bbox 3424 3942 3477 3992; x_wconf 89' lang='lat' dir='ltr'><strong>et</strong></span> <span class='ocrx_word' id='word_1_664' title='bbox 3511 3935 3570 3991; x_wconf 92' lang='lat' dir='ltr'><strong>in</strong></span> <span class='ocrx_word' id='word_1_665' title='bbox 3601 3933 3822 4006; x_wconf 86' lang='lat' dir='ltr'><strong>patien-</strong></span> 
     </span>
    </p>
   </div>
   <div class='ocr_carea' id='block_1_75' title="bbox 2117 4021 3825 4100">
    <p class='ocr_par' dir='ltr' id='par_1_75' title="bbox 2117 4021 3825 4100">
     <span class='ocr_line' id='line_1_75' title="bbox 2117 4021 3825 4100; baseline -0.003 -17"><span class='ocrx_word' id='word_1_666' title='bbox 2117 4025 2276 4094; x_wconf 90' lang='lat' dir='ltr'><strong>tiam,</strong></span> <span class='ocrx_word' id='word_1_667' title='bbox 2305 4041 2420 4100; x_wconf 91' lang='lat' dir='ltr'><strong>qua</strong></span> <span class='ocrx_word' id='word_1_668' title='bbox 2449 4035 2771 4099; x_wconf 81' lang='lat' dir='ltr'><strong>pecczi&#39;ores</strong></span> <span class='ocrx_word' id='word_1_669' title='bbox 2800 4024 3077 4093; x_wconf 87' lang='lat' dir='ltr'><strong>sustinet;</strong></span> <span class='ocrx_word' id='word_1_670' title='bbox 3114 4023 3177 4081; x_wconf 89' lang='lat' dir='ltr'><strong>in</strong></span> <span class='ocrx_word' id='word_1_671' title='bbox 3209 4021 3686 4092; x_wconf 88' lang='lat' dir='ltr'><strong>misericordiam,</strong></span> <span class='ocrx_word' id='word_1_672' title='bbox 3710 4038 3825 4095; x_wconf 93' lang='lat' dir='ltr'><strong>qua</strong></span> 
     </span>
    </p>
   </div>
   <div class='ocr_carea' id='block_1_76' title="bbox 2115 4111 3826 4192">
    <p class='ocr_par' dir='ltr' id='par_1_76' title="bbox 2115 4111 3826 4192">
     <span class='ocr_line' id='line_1_76' title="bbox 2115 4111 3826 4192; baseline -0.002 -20"><span class='ocrx_word' id='word_1_673' title='bbox 2115 4114 2460 4187; x_wconf 78' lang='lat' dir='ltr'><strong>pmnitentes</strong></span> <span class='ocrx_word' id='word_1_674' title='bbox 2520 4114 2707 4181; x_wconf 69' lang='grc' dir='ltr'><strong>Γονυῐς</strong></span> <span class='ocrx_word' id='word_1_675' title='bbox 2767 4114 2826 4170; x_wconf 91' lang='lat' dir='ltr'><strong>in</strong></span> <span class='ocrx_word' id='word_1_676' title='bbox 2889 4113 3243 4185; x_wconf 83' lang='lat' dir='ltr'><strong>largitatem,</strong></span> <span class='ocrx_word' id='word_1_677' title='bbox 3301 4127 3414 4186; x_wconf 92' lang='lat' dir='ltr'><strong>qua</strong></span> <span class='ocrx_word' id='word_1_678' title='bbox 3469 4111 3826 4192; x_wconf 84' lang='lat' dir='ltr'><strong>proficientes</strong></span> 
     </span>
    </p>
   </div>
   <div class='ocr_carea' id='block_1_77' title="bbox 2115 4201 3824 4276">
    <p class='ocr_par' dir='ltr' id='par_1_77' title="bbox 2115 4201 3824 4276">
     <span class='ocr_line' id='line_1_77' title="bbox 2115 4201 3824 4276; baseline 0 -16"><span class='ocrx_word' id='word_1_679' title='bbox 2115 4201 2354 4270; x_wconf 79' lang='lat' dir='ltr'><strong>e&#39;xaltat;</strong></span> <span class='ocrx_word' id='word_1_680' title='bbox 2392 4203 2451 4260; x_wconf 90' lang='lat' dir='ltr'><strong>in</strong></span> <span class='ocrx_word' id='word_1_681' title='bbox 2484 4204 2904 4273; x_wconf 82' lang='lat' dir='ltr'><strong>fortitudinem,</strong></span> <span class='ocrx_word' id='word_1_682' title='bbox 2939 4219 3053 4276; x_wconf 91' lang='lat' dir='ltr'><strong>qua</strong></span> <span class='ocrx_word' id='word_1_683' title='bbox 3081 4203 3360 4261; x_wconf 85' lang='lat' dir='ltr'><strong>exaltatos</strong></span> <span class='ocrx_word' id='word_1_684' title='bbox 3391 4208 3710 4261; x_wconf 89' lang='lat' dir='ltr'><strong>conservat.</strong></span> <span class='ocrx_word' id='word_1_685' title='bbox 3745 4202 3824 4260; x_wconf 93' lang='lat' dir='ltr'><strong>De</strong></span> 
     </span>
    </p>
   </div>
   <div class='ocr_carea' id='block_1_78' title="bbox 323 4287 3825 4366">
    <p class='ocr_par' dir='ltr' id='par_1_78' title="bbox 323 4287 3825 4366">
     <span class='ocr_line' id='line_1_78' title="bbox 323 4287 3825 4366; baseline -0 -16"><span class='ocrx_word' id='word_1_686' title='bbox 323 4290 622 4351; x_wconf 80' lang='lat' dir='ltr'><strong>tribulos?</strong></span> <span class='ocrx_word' id='word_1_687' title='bbox 649 4291 777 4350; x_wconf 91' lang='lat' dir='ltr'><strong>Non</strong></span> <span class='ocrx_word' id='word_1_688' title='bbox 824 4297 906 4349; x_wconf 90' lang='lat' dir='ltr'><strong>est</strong></span> <span class='ocrx_word' id='word_1_689' title='bbox 949 4289 1108 4349; x_wconf 93' lang='lat' dir='ltr'><strong>locus</strong></span> <span class='ocrx_word' id='word_1_690' title='bbox 1157 4290 1487 4364; x_wconf 84' lang='lat' dir='ltr'><strong>voluptatis,</strong></span> <span class='ocrx_word' id='word_1_691' title='bbox 1519 4290 1632 4348; x_wconf 92' lang='lat' dir='ltr'><strong>nisi</strong></span> <span class='ocrx_word' id='word_1_692' title='bbox 1665 4295 1865 4348; x_wconf 90' lang='lat' dir='ltr'><strong>uterus</strong></span> <span class='ocrx_word' id='word_1_693' title='bbox 1897 4287 2030 4346; x_wconf 90' lang='lat' dir='ltr'><strong>Vir-</strong></span> <span class='ocrx_word' id='word_1_694' title='bbox 2058 4293 2228 4366; x_wconf 88' lang='lat' dir='ltr'><strong>_hoc</strong></span> <span class='ocrx_word' id='word_1_695' title='bbox 2285 4294 2536 4352; x_wconf 90' lang='lat' dir='ltr'><strong>secundo</strong></span> <span class='ocrx_word' id='word_1_696' title='bbox 2585 4295 2950 4366; x_wconf 86' lang='lat' dir='ltr'><strong>quaternario</strong></span> <span class='ocrx_word' id='word_1_697' title='bbox 3004 4299 3116 4351; x_wconf 90' lang='lat' dir='ltr'><strong>toto</strong></span> <span class='ocrx_word' id='word_1_698' title='bbox 3161 4292 3268 4350; x_wconf 88' lang='lat' dir='ltr'><strong>hoc</strong></span> <span class='ocrx_word' id='word_1_699' title='bbox 3314 4293 3570 4351; x_wconf 90' lang='lat' dir='ltr'><strong>adventu</strong></span> <span class='ocrx_word' id='word_1_700' title='bbox 3619 4299 3825 4349; x_wconf 66' lang='lat' dir='ltr'><strong>vestra)</strong></span> 
     </span>
    </p>
   </div>
   <div class='ocr_carea' id='block_1_79' title="bbox 322 4397 497 4454">
    <p class='ocr_par' dir='ltr' id='par_1_79' title="bbox 322 4397 497 4454">
     <span class='ocr_line' id='line_1_79' title="bbox 322 4397 497 4454; baseline 0.011 -16"><span class='ocrx_word' id='word_1_701' title='bbox 322 4397 497 4454; x_wconf 83' lang='lat' dir='ltr'><strong>ginis.</strong></span> 
     </span>
    </p>
   </div>
   <div class='ocr_carea' id='block_1_80' title="bbox 393 4465 2034 4543">
    <p class='ocr_par' dir='ltr' id='par_1_80' title="bbox 393 4465 2034 4543">
     <span class='ocr_line' id='line_1_80' title="bbox 393 4465 2034 4543; baseline -0.002 -15"><span class='ocrx_word' id='word_1_702' title='bbox 393 4470 482 4529; x_wconf 84' lang='lat' dir='ltr'><strong>EX</strong></span> <span class='ocrx_word' id='word_1_703' title='bbox 533 4469 641 4527; x_wconf 88' lang='lat' dir='ltr'><strong>hoc</strong></span> <span class='ocrx_word' id='word_1_704' title='bbox 685 4468 973 4543; x_wconf 89' lang='lat' dir='ltr'><strong>egreditur</strong></span> <span class='ocrx_word' id='word_1_705' title='bbox 1011 4482 1143 4526; x_wconf 93' lang='lat' dir='ltr'><strong>cum</strong></span> <span class='ocrx_word' id='word_1_706' title='bbox 1201 4465 1579 4536; x_wconf 89' lang='lat' dir='ltr'><strong>humanitate,</strong></span> <span class='ocrx_word' id='word_1_707' title='bbox 1613 4465 1749 4540; x_wconf 92' lang='lat' dir='ltr'><strong>quia</strong></span> <span class='ocrx_word' id='word_1_708' title='bbox 1794 4465 2034 4525; x_wconf 90' lang='lat' dir='ltr'><strong>vestitus</strong></span> 
     </span>
    </p>
   </div>
   <div class='ocr_carea' id='block_1_81' title="bbox 322 4556 2032 4620">
    <p class='ocr_par' dir='ltr' id='par_1_81' title="bbox 322 4556 2032 4620">
     <span class='ocr_line' id='line_1_81' title="bbox 322 4556 2032 4620; baseline -0.002 -2"><span class='ocrx_word' id='word_1_709' title='bbox 322 4561 508 4620; x_wconf 88' lang='lat' dir='ltr'><strong>cilicio</strong></span> <span class='ocrx_word' id='word_1_710' title='bbox 556 4568 768 4619; x_wconf 65' lang='lat' dir='ltr'><strong>nostra)</strong></span> <span class='ocrx_word' id='word_1_711' title='bbox 810 4558 1171 4618; x_wconf 88' lang='lat' dir='ltr'><strong>mortalitatis</strong></span> <span class='ocrx_word' id='word_1_712' title='bbox 1218 4557 1469 4616; x_wconf 91' lang='lat' dir='ltr'><strong>visibilis</strong></span> <span class='ocrx_word' id='word_1_713' title='bbox 1524 4557 1796 4616; x_wconf 90' lang='lat' dir='ltr'><strong>humanis</strong></span> <span class='ocrx_word' id='word_1_714' title='bbox 1849 4556 2032 4616; x_wconf 90' lang='lat' dir='ltr'><strong>oculis</strong></span> 
     </span>
    </p>
   </div>
   <div class='ocr_carea' id='block_1_82' title="bbox 323 4647 2030 4728">
    <p class='ocr_par' dir='ltr' id='par_1_82' title="bbox 323 4647 2030 4728">
     <span class='ocr_line' id='line_1_82' title="bbox 323 4647 2030 4728; baseline -0.002 -18"><span class='ocrx_word' id='word_1_715' title='bbox 323 4651 603 4728; x_wconf 87' lang='lat' dir='ltr'><strong>apparuit,</strong></span> <span class='ocrx_word' id='word_1_716' title='bbox 639 4660 692 4709; x_wconf 91' lang='lat' dir='ltr'><strong>et</strong></span> <span class='ocrx_word' id='word_1_717' title='bbox 721 4651 792 4710; x_wconf 89' lang='lat' dir='ltr'><strong>de</strong></span> <span class='ocrx_word' id='word_1_718' title='bbox 822 4649 1061 4724; x_wconf 88' lang='lat' dir='ltr'><strong>Virgine</strong></span> <span class='ocrx_word' id='word_1_719' title='bbox 1109 4651 1350 4723; x_wconf 89' lang='lat' dir='ltr'><strong>virgam,</strong></span> <span class='ocrx_word' id='word_1_720' title='bbox 1385 4647 1455 4706; x_wconf 91' lang='lat' dir='ltr'><strong>de</strong></span> <span class='ocrx_word' id='word_1_721' title='bbox 1499 4647 1647 4706; x_wconf 91' lang='lat' dir='ltr'><strong>libro</strong></span> <span class='ocrx_word' id='word_1_722' title='bbox 1688 4654 1881 4705; x_wconf 91' lang='lat' dir='ltr'><strong>autem</strong></span> <span class='ocrx_word' id='word_1_723' title='bbox 1930 4665 2030 4722; x_wconf 90' lang='lat' dir='ltr'><strong>ge-</strong></span> 
     </span>
    </p>
   </div>
   <div class='ocr_carea' id='block_1_83' title="bbox 321 4740 2030 4810">
    <p class='ocr_par' dir='ltr' id='par_1_83' title="bbox 321 4740 2030 4810">
     <span class='ocr_line' id='line_1_83' title="bbox 321 4740 2030 4810; baseline -0.004 -8"><span class='ocrx_word' id='word_1_724' title='bbox 321 4743 635 4802; x_wconf 88' lang='lat' dir='ltr'><strong>nerationis</strong></span> <span class='ocrx_word' id='word_1_725' title='bbox 678 4742 890 4802; x_wconf 89' lang='lat' dir='ltr'><strong>lineam</strong></span> <span class='ocrx_word' id='word_1_726' title='bbox 938 4742 1174 4810; x_wconf 86' lang='lat' dir='ltr'><strong>faciens,</strong></span> <span class='ocrx_word' id='word_1_727' title='bbox 1208 4740 1529 4800; x_wconf 89' lang='lat' dir='ltr'><strong>divinitatis</strong></span> <span class='ocrx_word' id='word_1_728' title='bbox 1573 4741 1811 4800; x_wconf 88' lang='lat' dir='ltr'><strong>hamum</strong></span> <span class='ocrx_word' id='word_1_729' title='bbox 1860 4740 2030 4798; x_wconf 86' lang='lat' dir='ltr'><strong>inne-</strong></span> 
     </span>
    </p>
   </div>
   <div class='ocr_carea' id='block_1_84' title="bbox 322 4830 2030 4907">
    <p class='ocr_par' dir='ltr' id='par_1_84' title="bbox 322 4830 2030 4907">
     <span class='ocr_line' id='line_1_84' title="bbox 322 4830 2030 4907; baseline 0.001 -18"><span class='ocrx_word' id='word_1_730' title='bbox 322 4833 466 4901; x_wconf 86' lang='lat' dir='ltr'><strong>xuit,</strong></span> <span class='ocrx_word' id='word_1_731' title='bbox 510 4847 680 4907; x_wconf 90' lang='lat' dir='ltr'><strong>quem</strong></span> <span class='ocrx_word' id='word_1_732' title='bbox 717 4847 886 4890; x_wconf 90' lang='lat' dir='ltr'><strong>carne</strong></span> <span class='ocrx_word' id='word_1_733' title='bbox 914 4831 1139 4904; x_wconf 91' lang='lat' dir='ltr'><strong>operuit</strong></span> <span class='ocrx_word' id='word_1_734' title='bbox 1173 4830 1466 4905; x_wconf 89' lang='lat' dir='ltr'><strong>virginali,</strong></span> <span class='ocrx_word' id='word_1_735' title='bbox 1497 4838 1558 4890; x_wconf 87' lang='lat' dir='ltr'><strong>ut</strong></span> <span class='ocrx_word' id='word_1_736' title='bbox 1587 4831 1758 4890; x_wconf 90' lang='lat' dir='ltr'><strong>draco</strong></span> <span class='ocrx_word' id='word_1_737' title='bbox 1784 4846 2030 4904; x_wconf 90' lang='lat' dir='ltr'><strong>magnus</strong></span> 
     </span>
    </p>
   </div>
   <div class='ocr_carea' id='block_1_85' title="bbox 316 4918 2028 4979">
    <p class='ocr_par' dir='ltr' id='par_1_85' title="bbox 316 4918 2028 4979">
     <span class='ocr_line' id='line_1_85' title="bbox 316 4918 2028 4979; baseline -0.001 -2"><span class='ocrx_word' id='word_1_738' title='bbox 316 4919 543 4979; x_wconf 90' lang='lat' dir='ltr'><strong>illectus</strong></span> <span class='ocrx_word' id='word_1_739' title='bbox 576 4920 645 4977; x_wconf 90' lang='lat' dir='ltr'><strong>ad</strong></span> <span class='ocrx_word' id='word_1_740' title='bbox 677 4935 908 4978; x_wconf 90' lang='lat' dir='ltr'><strong>carnem</strong></span> <span class='ocrx_word' id='word_1_741' title='bbox 953 4920 1171 4978; x_wconf 89' lang='lat' dir='ltr'><strong>ferrum</strong></span> <span class='ocrx_word' id='word_1_742' title='bbox 1216 4919 1404 4976; x_wconf 89' lang='lat' dir='ltr'><strong>divini</strong></span> <span class='ocrx_word' id='word_1_743' title='bbox 1438 4918 1703 4978; x_wconf 89' lang='lat' dir='ltr'><strong>numinis</strong></span> <span class='ocrx_word' id='word_1_744' title='bbox 1738 4918 2028 4978; x_wconf 83' lang='lat' dir='ltr'><strong>subsenti-</strong></span> 
     </span>
    </p>
   </div>
   <div class='ocr_carea' id='block_1_86' title="bbox 315 5006 2031 5082">
    <p class='ocr_par' dir='ltr' id='par_1_86' title="bbox 315 5006 2031 5082">
     <span class='ocr_line' id='line_1_86' title="bbox 315 5006 2031 5082; baseline -0.001 -17"><span class='ocrx_word' id='word_1_745' title='bbox 315 5014 416 5065; x_wconf 89' lang='lat' dir='ltr'><strong>ret.</strong></span> <span class='ocrx_word' id='word_1_746' title='bbox 459 5006 765 5081; x_wconf 79' lang='lat' dir='ltr'><strong>Egreditur</strong></span> <span class='ocrx_word' id='word_1_747' title='bbox 802 5015 855 5063; x_wconf 89' lang='lat' dir='ltr'><strong>et</strong></span> <span class='ocrx_word' id='word_1_748' title='bbox 907 5022 1039 5066; x_wconf 90' lang='lat' dir='ltr'><strong>cum</strong></span> <span class='ocrx_word' id='word_1_749' title='bbox 1096 5007 1366 5078; x_wconf 89' lang='lat' dir='ltr'><strong>novitate,</strong></span> <span class='ocrx_word' id='word_1_750' title='bbox 1421 5007 1555 5082; x_wconf 90' lang='lat' dir='ltr'><strong>quia</strong></span> <span class='ocrx_word' id='word_1_751' title='bbox 1614 5021 1916 5082; x_wconf 90' lang='lat' dir='ltr'><strong>nunquam</strong></span> <span class='ocrx_word' id='word_1_752' title='bbox 1949 5007 2031 5065; x_wconf 92' lang='lat' dir='ltr'><strong>sic</strong></span> 
     </span>
    </p>
   </div>
   <div class='ocr_carea' id='block_1_87' title="bbox 313 5096 2029 5170">
    <p class='ocr_par' dir='ltr' id='par_1_87' title="bbox 313 5096 2029 5170">
     <span class='ocr_line' id='line_1_87' title="bbox 313 5096 2029 5170; baseline 0 -16"><span class='ocrx_word' id='word_1_753' title='bbox 313 5105 484 5154; x_wconf 87' lang='lat' dir='ltr'><strong>natus</strong></span> <span class='ocrx_word' id='word_1_754' title='bbox 540 5103 626 5154; x_wconf 90' lang='lat' dir='ltr'><strong>est</strong></span> <span class='ocrx_word' id='word_1_755' title='bbox 674 5097 868 5166; x_wconf 82' lang='lat' dir='ltr'><strong>homo,</strong></span> <span class='ocrx_word' id='word_1_756' title='bbox 909 5097 1057 5155; x_wconf 90' lang='lat' dir='ltr'><strong>sicut</strong></span> <span class='ocrx_word' id='word_1_757' title='bbox 1101 5097 1222 5170; x_wconf 93' lang='lat' dir='ltr'><strong>ipse</strong></span> <span class='ocrx_word' id='word_1_758' title='bbox 1263 5096 1534 5155; x_wconf 89' lang='lat' dir='ltr'><strong>nascitur.</strong></span> <span class='ocrx_word' id='word_1_759' title='bbox 1586 5096 1816 5154; x_wconf 90' lang='lat' dir='ltr'><strong>Primus</strong></span> <span class='ocrx_word' id='word_1_760' title='bbox 1872 5096 2029 5154; x_wconf 89' lang='lat' dir='ltr'><strong>enim</strong></span> 
     </span>
    </p>
   </div>
   <div class='ocr_carea' id='block_1_88' title="bbox 314 5185 2029 5258">
    <p class='ocr_par' dir='ltr' id='par_1_88' title="bbox 314 5185 2029 5258">
     <span class='ocr_line' id='line_1_88' title="bbox 314 5185 2029 5258; baseline 0.001 -15"><span class='ocrx_word' id='word_1_761' title='bbox 314 5186 487 5244; x_wconf 89' lang='lat' dir='ltr'><strong>homo</strong></span> <span class='ocrx_word' id='word_1_762' title='bbox 537 5185 722 5258; x_wconf 90' lang='lat' dir='ltr'><strong>primo</strong></span> <span class='ocrx_word' id='word_1_763' title='bbox 760 5186 830 5244; x_wconf 92' lang='lat' dir='ltr'><strong>de</strong></span> <span class='ocrx_word' id='word_1_764' title='bbox 880 5192 1030 5244; x_wconf 83' lang='lat' dir='ltr'><strong>terra</strong></span> <span class='ocrx_word' id='word_1_765' title='bbox 1063 5187 1361 5256; x_wconf 87' lang='lat' dir='ltr'><strong>formatur,</strong></span> <span class='ocrx_word' id='word_1_766' title='bbox 1393 5185 1666 5255; x_wconf 90' lang='lat' dir='ltr'><strong>secundo,</strong></span> <span class='ocrx_word' id='word_1_767' title='bbox 1708 5186 1920 5244; x_wconf 87' lang='lat' dir='ltr'><strong>mulier</strong></span> <span class='ocrx_word' id='word_1_768' title='bbox 1953 5202 2029 5244; x_wconf 84' lang='lat' dir='ltr'><strong>ex</strong></span> 
     </span>
    </p>
   </div>
   <div class='ocr_carea' id='block_1_89' title="bbox 313 5274 2028 5347">
    <p class='ocr_par' dir='ltr' id='par_1_89' title="bbox 313 5274 2028 5347">
     <span class='ocr_line' id='line_1_89' title="bbox 313 5274 2028 5347; baseline 0.003 -19"><span class='ocrx_word' id='word_1_769' title='bbox 313 5274 437 5346; x_wconf 84' lang='lat' dir='ltr'><strong>ejus</strong></span> <span class='ocrx_word' id='word_1_770' title='bbox 490 5274 662 5334; x_wconf 89' lang='lat' dir='ltr'><strong>latere</strong></span> <span class='ocrx_word' id='word_1_771' title='bbox 720 5275 1054 5347; x_wconf 85' lang='lat' dir='ltr'><strong>fabricatur,</strong></span> <span class='ocrx_word' id='word_1_772' title='bbox 1112 5277 1277 5335; x_wconf 83' lang='lat' dir='ltr'><strong>tertio</strong></span> <span class='ocrx_word' id='word_1_773' title='bbox 1335 5276 1471 5335; x_wconf 88' lang='lat' dir='ltr'><strong>Cain</strong></span> <span class='ocrx_word' id='word_1_774' title='bbox 1519 5277 2028 5335; x_wconf 88' lang='lat' dir='ltr'><strong>consuetudinario</strong></span> 
     </span>
    </p>
   </div>
   <div class='ocr_carea' id='block_1_90' title="bbox 312 5364 2028 5440">
    <p class='ocr_par' dir='ltr' id='par_1_90' title="bbox 312 5364 2028 5440">
     <span class='ocr_line' id='line_1_90' title="bbox 312 5364 2028 5440; baseline 0.001 -17"><span class='ocrx_word' id='word_1_775' title='bbox 312 5365 512 5423; x_wconf 82' lang='lat' dir='ltr'><strong>ordine</strong></span> <span class='ocrx_word' id='word_1_776' title='bbox 565 5365 833 5424; x_wconf 90' lang='lat' dir='ltr'><strong>nascendi</strong></span> <span class='ocrx_word' id='word_1_777' title='bbox 873 5366 1133 5440; x_wconf 83' lang='lat' dir='ltr'><strong>gignitur</strong></span> <span class='ocrx_word' id='word_1_778' title='bbox 1181 5366 1253 5424; x_wconf 91' lang='lat' dir='ltr'><strong>ab</strong></span> <span class='ocrx_word' id='word_1_779' title='bbox 1305 5371 1569 5439; x_wconf 88' lang='lat' dir='ltr'><strong>utroque.</strong></span> <span class='ocrx_word' id='word_1_780' title='bbox 1611 5364 1782 5423; x_wconf 85' lang='lat' dir='ltr'><strong>Solus</strong></span> <span class='ocrx_word' id='word_1_781' title='bbox 1822 5365 1926 5423; x_wconf 91' lang='lat' dir='ltr'><strong>iste</strong></span> <span class='ocrx_word' id='word_1_782' title='bbox 1958 5366 2028 5424; x_wconf 91' lang='lat' dir='ltr'><strong>de</strong></span> 
     </span>
    </p>
   </div>
   <div class='ocr_carea' id='block_1_91' title="bbox 314 5454 2028 5529">
    <p class='ocr_par' dir='ltr' id='par_1_91' title="bbox 314 5454 2028 5529">
     <span class='ocr_line' id='line_1_91' title="bbox 314 5454 2028 5529; baseline 0.002 -19"><span class='ocrx_word' id='word_1_783' title='bbox 314 5454 431 5510; x_wconf 86' lang='lat' dir='ltr'><strong>sola</strong></span> <span class='ocrx_word' id='word_1_784' title='bbox 464 5454 686 5526; x_wconf 85' lang='lat' dir='ltr'><strong>virgine</strong></span> <span class='ocrx_word' id='word_1_785' title='bbox 719 5455 986 5526; x_wconf 88' lang='lat' dir='ltr'><strong>nascitur,</strong></span> <span class='ocrx_word' id='word_1_786' title='bbox 1021 5463 1074 5514; x_wconf 89' lang='lat' dir='ltr'><strong>et</strong></span> <span class='ocrx_word' id='word_1_787' title='bbox 1106 5455 1364 5529; x_wconf 87' lang='lat' dir='ltr'><strong>Virginis</strong></span> <span class='ocrx_word' id='word_1_788' title='bbox 1394 5460 1624 5513; x_wconf 89' lang='lat' dir='ltr'><strong>uterum</strong></span> <span class='ocrx_word' id='word_1_789' title='bbox 1655 5469 1804 5513; x_wconf 82' lang='lat' dir='ltr'><strong>novo</strong></span> <span class='ocrx_word' id='word_1_790' title='bbox 1830 5462 1884 5512; x_wconf 92' lang='lat' dir='ltr'><strong>et</strong></span> <span class='ocrx_word' id='word_1_791' title='bbox 1914 5455 2028 5514; x_wconf 88' lang='lat' dir='ltr'><strong>sin-</strong></span> 
     </span>
    </p>
   </div>
   <div class='ocr_carea' id='block_1_92' title="bbox 2058 4357 3825 4454">
    <p class='ocr_par' dir='ltr' id='par_1_92' title="bbox 2058 4357 3825 4454">
     <span class='ocr_line' id='line_1_92' title="bbox 2058 4357 3825 4454; baseline -0.001 -15"><span class='ocrx_word' id='word_1_792' title='bbox 2058 4357 2460 4441; x_wconf 88' lang='lat' dir='ltr'><strong>Dfraternitati</strong></span> <span class='ocrx_word' id='word_1_793' title='bbox 2505 4383 2908 4442; x_wconf 67' lang='lat' dir='ltr'><strong>contabulatas</strong></span> <span class='ocrx_word' id='word_1_794' title='bbox 2940 4398 3092 4450; x_wconf 92' lang='lat' dir='ltr'><strong>sum,</strong></span> <span class='ocrx_word' id='word_1_795' title='bbox 3129 4398 3230 4454; x_wconf 90' lang='lat' dir='ltr'><strong>per</strong></span> <span class='ocrx_word' id='word_1_796' title='bbox 3267 4382 3580 4440; x_wconf 87' lang='lat' dir='ltr'><strong>ﬂuminum</strong></span> <span class='ocrx_word' id='word_1_797' title='bbox 3617 4380 3825 4439; x_wconf 90' lang='lat' dir='ltr'><strong>decur-</strong></span> 
     </span>
    </p>
   </div>
   <div class='ocr_carea' id='block_1_93' title="bbox 2119 4468 3826 4544">
    <p class='ocr_par' dir='ltr' id='par_1_93' title="bbox 2119 4468 3826 4544">
     <span class='ocr_line' id='line_1_93' title="bbox 2119 4468 3826 4544; baseline -0.002 -16"><span class='ocrx_word' id='word_1_798' title='bbox 2119 4470 2338 4530; x_wconf 91' lang='lat' dir='ltr'><strong>sionem</strong></span> <span class='ocrx_word' id='word_1_799' title='bbox 2368 4477 2422 4528; x_wconf 90' lang='lat' dir='ltr'><strong>et</strong></span> <span class='ocrx_word' id='word_1_800' title='bbox 2458 4473 2762 4531; x_wconf 87' lang='lat' dir='ltr'><strong>nominum</strong></span> <span class='ocrx_word' id='word_1_801' title='bbox 2789 4471 3318 4544; x_wconf 89' lang='lat' dir='ltr'><strong>interpretationem</strong></span> <span class='ocrx_word' id='word_1_802' title='bbox 3359 4468 3600 4527; x_wconf 90' lang='lat' dir='ltr'><strong>moralia</strong></span> <span class='ocrx_word' id='word_1_803' title='bbox 3628 4468 3826 4543; x_wconf 77' lang='lat' dir='ltr'><strong>mysti-</strong></span> 
     </span>
    </p>
   </div>
   <div class='ocr_carea' id='block_1_94' title="bbox 2117 4557 3820 4632">
    <p class='ocr_par' dir='ltr' id='par_1_94' title="bbox 2117 4557 3820 4632">
     <span class='ocr_line' id='line_1_94' title="bbox 2117 4557 3820 4632; baseline -0.002 -14"><span class='ocrx_word' id='word_1_804' title='bbox 2117 4561 2199 4618; x_wconf 88' lang='lat' dir='ltr'><strong>cis</strong></span> <span class='ocrx_word' id='word_1_805' title='bbox 2230 4561 2618 4618; x_wconf 90' lang='lat' dir='ltr'><strong>internectens</strong></span> <span class='ocrx_word' id='word_1_806' title='bbox 2643 4579 2654 4627; x_wconf 94' lang='lat'>;</span> <span class='ocrx_word' id='word_1_807' title='bbox 2684 4569 2878 4618; x_wconf 86' lang='lat' dir='ltr'><strong>utrum</strong></span> <span class='ocrx_word' id='word_1_808' title='bbox 2911 4559 3129 4632; x_wconf 92' lang='lat' dir='ltr'><strong>aliquid</strong></span> <span class='ocrx_word' id='word_1_809' title='bbox 3169 4559 3364 4631; x_wconf 89' lang='lat' dir='ltr'><strong>digne,</strong></span> <span class='ocrx_word' id='word_1_810' title='bbox 3407 4573 3508 4616; x_wconf 90' lang='lat' dir='ltr'><strong>vos</strong></span> <span class='ocrx_word' id='word_1_811' title='bbox 3541 4557 3820 4615; x_wconf 88' lang='lat' dir='ltr'><strong>videritis.</strong></span> 
     </span>
    </p>
   </div>
   <div class='ocr_carea' id='block_1_95' title="bbox 2118 4649 3822 4723">
    <p class='ocr_par' dir='ltr' id='par_1_95' title="bbox 2118 4649 3822 4723">
     <span class='ocr_line' id='line_1_95' title="bbox 2118 4649 3822 4723; baseline -0.001 -16"><span class='ocrx_word' id='word_1_812' title='bbox 2118 4651 2333 4710; x_wconf 90' lang='lat' dir='ltr'><strong>Verum</strong></span> <span class='ocrx_word' id='word_1_813' title='bbox 2377 4665 2493 4708; x_wconf 90' lang='lat' dir='ltr'><strong>non</strong></span> <span class='ocrx_word' id='word_1_814' title='bbox 2531 4650 2728 4708; x_wconf 92' lang='lat' dir='ltr'><strong>omnia</strong></span> <span class='ocrx_word' id='word_1_815' title='bbox 2777 4664 3082 4723; x_wconf 88' lang='lat' dir='ltr'><strong>possumus</strong></span> <span class='ocrx_word' id='word_1_816' title='bbox 3113 4649 3381 4722; x_wconf 65' lang='lat' dir='ltr'><strong>prassenti</strong></span> <span class='ocrx_word' id='word_1_817' title='bbox 3433 4662 3698 4707; x_wconf 89' lang='lat' dir='ltr'><strong>sermone</strong></span> <span class='ocrx_word' id='word_1_818' title='bbox 3724 4663 3822 4706; x_wconf 89' lang='lat' dir='ltr'><strong>co-</strong></span> 
     </span>
    </p>
   </div>
   <div class='ocr_carea' id='block_1_96' title="bbox 2113 4738 3024 4808">
    <p class='ocr_par' dir='ltr' id='par_1_96' title="bbox 2113 4738 3024 4808">
     <span class='ocr_line' id='line_1_96' title="bbox 2113 4738 3024 4808; baseline 0 -12"><span class='ocrx_word' id='word_1_819' title='bbox 2113 4745 2350 4808; x_wconf 89' lang='lat' dir='ltr'><strong>arctare,</strong></span> <span class='ocrx_word' id='word_1_820' title='bbox 2381 4738 2678 4796; x_wconf 81' lang='lat' dir='ltr'><strong>fastidium</strong></span> <span class='ocrx_word' id='word_1_821' title='bbox 2719 4739 3024 4797; x_wconf 88' lang='lat' dir='ltr'><strong>evitantes.</strong></span> 
     </span>
    </p>
   </div>
   <div class='ocr_carea' id='block_1_97' title="bbox 2187 4823 3825 4900">
    <p class='ocr_par' dir='ltr' id='par_1_97' title="bbox 2187 4823 3825 4900">
     <span class='ocr_line' id='line_1_97' title="bbox 2187 4823 3825 4900; baseline -0.001 -17"><span class='ocrx_word' id='word_1_822' title='bbox 2187 4827 2304 4899; x_wconf 91' lang='lat' dir='ltr'><strong>Ego</strong></span> <span class='ocrx_word' id='word_1_823' title='bbox 2334 4825 2516 4885; x_wconf 91' lang='lat' dir='ltr'><strong>habeo</strong></span> <span class='ocrx_word' id='word_1_824' title='bbox 2554 4834 2797 4900; x_wconf 90' lang='lat' dir='ltr'><strong>quatuor</strong></span> <span class='ocrx_word' id='word_1_825' title='bbox 2826 4826 3010 4900; x_wconf 89' lang='lat' dir='ltr'><strong>capita</strong></span> <span class='ocrx_word' id='word_1_826' title='bbox 3051 4825 3307 4886; x_wconf 87' lang='lat' dir='ltr'><strong>dulciora</strong></span> <span class='ocrx_word' id='word_1_827' title='bbox 3351 4823 3660 4900; x_wconf 90' lang='lat' dir='ltr'><strong>prioribus,</strong></span> <span class='ocrx_word' id='word_1_828' title='bbox 3692 4839 3825 4897; x_wconf 70' lang='lat' dir='ltr'><strong>quas</strong></span> 
     </span>
    </p>
   </div>
   <div class='ocr_carea' id='block_1_98' title="bbox 2114 4914 3825 4989">
    <p class='ocr_par' dir='ltr' id='par_1_98' title="bbox 2114 4914 3825 4989">
     <span class='ocr_line' id='line_1_98' title="bbox 2114 4914 3825 4989; baseline 0.001 -17"><span class='ocrx_word' id='word_1_829' title='bbox 2114 4915 2368 4974; x_wconf 87' lang='lat' dir='ltr'><strong>fortassis</strong></span> <span class='ocrx_word' id='word_1_830' title='bbox 2399 4915 2603 4974; x_wconf 87' lang='lat' dir='ltr'><strong>vestris</strong></span> <span class='ocrx_word' id='word_1_831' title='bbox 2634 4916 2904 4975; x_wconf 90' lang='lat' dir='ltr'><strong>cordibus</strong></span> <span class='ocrx_word' id='word_1_832' title='bbox 2944 4917 3185 4975; x_wconf 91' lang='lat' dir='ltr'><strong>suavius</strong></span> <span class='ocrx_word' id='word_1_833' title='bbox 3219 4915 3676 4989; x_wconf 89' lang='lat' dir='ltr'><strong>complacebunt.</strong></span> <span class='ocrx_word' id='word_1_834' title='bbox 3713 4914 3825 4974; x_wconf 88' lang='lat' dir='ltr'><strong>Do-</strong></span> 
     </span>
    </p>
   </div>
   <div class='ocr_carea' id='block_1_99' title="bbox 2113 5002 3822 5077">
    <p class='ocr_par' dir='ltr' id='par_1_99' title="bbox 2113 5002 3822 5077">
     <span class='ocr_line' id='line_1_99' title="bbox 2113 5002 3822 5077; baseline -0.001 -16"><span class='ocrx_word' id='word_1_835' title='bbox 2113 5004 2310 5062; x_wconf 87' lang='lat' dir='ltr'><strong>minus</strong></span> <span class='ocrx_word' id='word_1_836' title='bbox 2364 5002 2520 5062; x_wconf 91' lang='lat' dir='ltr'><strong>enim</strong></span> <span class='ocrx_word' id='word_1_837' title='bbox 2579 5013 2767 5063; x_wconf 89' lang='lat' dir='ltr'><strong>noster</strong></span> <span class='ocrx_word' id='word_1_838' title='bbox 2817 5005 3072 5064; x_wconf 89' lang='lat' dir='ltr'><strong>elevatus</strong></span> <span class='ocrx_word' id='word_1_839' title='bbox 3127 5005 3186 5062; x_wconf 89' lang='lat' dir='ltr'><strong>in</strong></span> <span class='ocrx_word' id='word_1_840' title='bbox 3237 5019 3427 5072; x_wconf 91' lang='lat' dir='ltr'><strong>cruce,</strong></span> <span class='ocrx_word' id='word_1_841' title='bbox 3471 5002 3822 5077; x_wconf 86' lang='lat' dir='ltr'><strong>largissimas</strong></span> 
     </span>
    </p>
   </div>
   <div class='ocr_carea' id='block_1_100' title="bbox 2113 5091 3823 5167">
    <p class='ocr_par' dir='ltr' id='par_1_100' title="bbox 2113 5091 3823 5167">
     <span class='ocr_line' id='line_1_100' title="bbox 2113 5091 3823 5167; baseline -0.003 -17"><span class='ocrx_word' id='word_1_842' title='bbox 2113 5092 2413 5164; x_wconf 89' lang='lat' dir='ltr'><strong>sanguinis</strong></span> <span class='ocrx_word' id='word_1_843' title='bbox 2471 5093 2656 5150; x_wconf 89' lang='lat' dir='ltr'><strong>undas</strong></span> <span class='ocrx_word' id='word_1_844' title='bbox 2710 5109 2740 5148; x_wconf 89' lang='lat' dir='ltr'><strong>a</strong></span> <span class='ocrx_word' id='word_1_845' title='bbox 2797 5099 3041 5167; x_wconf 87' lang='lat' dir='ltr'><strong>quatuor</strong></span> <span class='ocrx_word' id='word_1_846' title='bbox 3090 5093 3181 5150; x_wconf 87' lang='lat' dir='ltr'><strong>sui</strong></span> <span class='ocrx_word' id='word_1_847' title='bbox 3248 5091 3502 5164; x_wconf 87' lang='lat' dir='ltr'><strong>corporis</strong></span> <span class='ocrx_word' id='word_1_848' title='bbox 3563 5091 3823 5164; x_wconf 81' lang='lat' dir='ltr'><strong>partibUs</strong></span> 
     </span>
    </p>
   </div>
   <div class='ocr_carea' id='block_1_101' title="bbox 2111 5182 3822 5256">
    <p class='ocr_par' dir='ltr' id='par_1_101' title="bbox 2111 5182 3822 5256">
     <span class='ocr_line' id='line_1_101' title="bbox 2111 5182 3822 5256; baseline -0.001 -16"><span class='ocrx_word' id='word_1_849' title='bbox 2111 5183 2505 5241; x_wconf 89' lang='lat' dir='ltr'><strong>abundantius</strong></span> <span class='ocrx_word' id='word_1_850' title='bbox 2541 5184 2750 5242; x_wconf 90' lang='lat' dir='ltr'><strong>emisit.</strong></span> <span class='ocrx_word' id='word_1_851' title='bbox 2796 5183 2991 5255; x_wconf 90' lang='lat' dir='ltr'><strong>Spinis</strong></span> <span class='ocrx_word' id='word_1_852' title='bbox 3036 5185 3191 5242; x_wconf 91' lang='lat' dir='ltr'><strong>enim</strong></span> <span class='ocrx_word' id='word_1_853' title='bbox 3245 5182 3638 5256; x_wconf 88' lang='lat' dir='ltr'><strong>pungentibus</strong></span> <span class='ocrx_word' id='word_1_854' title='bbox 3690 5197 3822 5240; x_wconf 86' lang='lat' dir='ltr'><strong>san-</strong></span> 
     </span>
    </p>
   </div>
   <div class='ocr_carea' id='block_1_102' title="bbox 2112 5270 3822 5346">
    <p class='ocr_par' dir='ltr' id='par_1_102' title="bbox 2112 5270 3822 5346">
     <span class='ocr_line' id='line_1_102' title="bbox 2112 5270 3822 5346; baseline -0.004 -14"><span class='ocrx_word' id='word_1_855' title='bbox 2112 5273 2433 5332; x_wconf 91' lang='lat' dir='ltr'><strong>ctissimum</strong></span> <span class='ocrx_word' id='word_1_856' title='bbox 2481 5282 2647 5346; x_wconf 87' lang='lat' dir='ltr'><strong>caput</strong></span> <span class='ocrx_word' id='word_1_857' title='bbox 2699 5275 2868 5332; x_wconf 90' lang='lat' dir='ltr'><strong>nivea</strong></span> <span class='ocrx_word' id='word_1_858' title='bbox 2919 5275 3137 5333; x_wconf 88' lang='lat' dir='ltr'><strong>cervice</strong></span> <span class='ocrx_word' id='word_1_859' title='bbox 3190 5275 3495 5343; x_wconf 80' lang='lat' dir='ltr'><strong>reﬂexum,</strong></span> <span class='ocrx_word' id='word_1_860' title='bbox 3543 5278 3598 5330; x_wconf 89' lang='lat' dir='ltr'><strong>et</strong></span> <span class='ocrx_word' id='word_1_861' title='bbox 3643 5270 3822 5329; x_wconf 86' lang='lat' dir='ltr'><strong>clavis</strong></span> 
     </span>
    </p>
   </div>
   <div class='ocr_carea' id='block_1_103' title="bbox 2109 5363 3822 5442">
    <p class='ocr_par' dir='ltr' id='par_1_103' title="bbox 2109 5363 3822 5442">
     <span class='ocr_line' id='line_1_103' title="bbox 2109 5363 3822 5442; baseline 0.001 -21"><span class='ocrx_word' id='word_1_862' title='bbox 2109 5363 2282 5440; x_wconf 88' lang='lat' dir='ltr'><strong>pedes</strong></span> <span class='ocrx_word' id='word_1_863' title='bbox 2309 5372 2364 5423; x_wconf 90' lang='lat' dir='ltr'><strong>et</strong></span> <span class='ocrx_word' id='word_1_864' title='bbox 2394 5381 2620 5431; x_wconf 89' lang='lat' dir='ltr'><strong>manus,</strong></span> <span class='ocrx_word' id='word_1_865' title='bbox 2655 5373 2708 5423; x_wconf 90' lang='lat' dir='ltr'><strong>et</strong></span> <span class='ocrx_word' id='word_1_866' title='bbox 2740 5366 2938 5425; x_wconf 92' lang='lat' dir='ltr'><strong>lancea</strong></span> <span class='ocrx_word' id='word_1_867' title='bbox 2983 5367 3133 5426; x_wconf 90' lang='lat' dir='ltr'><strong>latus</strong></span> <span class='ocrx_word' id='word_1_868' title='bbox 3175 5369 3300 5442; x_wconf 89' lang='lat' dir='ltr'><strong>ejus</strong></span> <span class='ocrx_word' id='word_1_869' title='bbox 3345 5365 3822 5426; x_wconf 75' lang='lat' dir='ltr'><strong>transverberati-</strong></span> 
     </span>
    </p>
   </div>
   <div class='ocr_carea' id='block_1_104' title="bbox 2113 5454 3819 5533">
    <p class='ocr_par' dir='ltr' id='par_1_104' title="bbox 2113 5454 3819 5533">
     <span class='ocr_line' id='line_1_104' title="bbox 2113 5454 3819 5533; baseline -0.001 -21"><span class='ocrx_word' id='word_1_870' title='bbox 2113 5454 2280 5523; x_wconf 91' lang='lat' dir='ltr'><strong>tibus,</strong></span> <span class='ocrx_word' id='word_1_871' title='bbox 2332 5454 2618 5530; x_wconf 89' lang='lat' dir='ltr'><strong>pretiosus</strong></span> <span class='ocrx_word' id='word_1_872' title='bbox 2673 5455 2911 5529; x_wconf 89' lang='lat' dir='ltr'><strong>sanguis</strong></span> <span class='ocrx_word' id='word_1_873' title='bbox 2961 5458 3221 5528; x_wconf 90' lang='lat' dir='ltr'><strong>emicuit,</strong></span> <span class='ocrx_word' id='word_1_874' title='bbox 3266 5459 3432 5533; x_wconf 90' lang='lat' dir='ltr'><strong>cujus</strong></span> <span class='ocrx_word' id='word_1_875' title='bbox 3486 5455 3819 5530; x_wconf 85' lang='lat' dir='ltr'><strong>aspersione</strong></span> 
     </span>
    </p>
   </div>
  </div>
