4070 6198
186 198 293 259 563

808 202 867 261 ὃ.
912 199 1131 262 PETRI
1171 200 1493 261 DAMIANI
1533 200 1691 260 OPP.
1736 200 1929 262 PARS
1970 200 2109 263 SEU
2149 202 2400 263 TOMUS
2440 203 2512 262 II.
2552 237 2622 249 —
2661 197 3078 265 SERMONES.

3581 201 3683 262 564

179 322 363 398 judex
394 322 664 382 transivit
696 323 756 382 in
796 330 1034 398 patrem,
1066 323 1247 383 iratus
1276 324 1337 382 in
1370 324 1586 396 mitem,
1622 324 1685 383 in
1718 324 2152 395 mise—A(Psal.
2186 331 2433 395 xxxw).
2453 327 2581 409 u_Et
2597 325 2722 400 ipse
2751 323 2974 383 Filius:
3008 349 3036 374 α
3064 322 3193 382 Non
3220 339 3423 398 quaero
3451 327 3696 401 gloriam

187 412 495 472 ricordiam
545 412 748 486 virga,
806 413 1106 487 captivitas
1170 412 1229 470 in
1287 429 1577 472 coronam.
1638 414 1900 472 Christus

184 519 319 577 ergo
365 502 497 561 fons
537 502 744 573 latens,
784 509 838 561 et
874 502 1131 562 occultus
1160 503 1222 561 in
1260 503 1423 562 caelis
1446 522 1461 575 ;
1506 504 1631 563 fons
1677 511 1896 579 patens,

186 599 243 667 et
279 600 513 666 apertus
551 593 610 651 in
658 591 841 649 terris.
878 590 1003 649 Illic
1047 591 1117 648 de
1158 600 1317 650 utero
1354 591 1555 662 Patris,
1596 592 1692 650 bic
1735 609 1898 664 egre-

186 680 348 742 ditur
391 683 462 741 de
504 689 668 740 utero
720 680 996 753 Virginis.
1030 682 1159 740 Illic
1199 680 1403 739 vivens
1450 690 1660 741 terram
1701 683 1900 756 irrigat

188 771 534 840 viventium,
566 769 660 828 hic
690 769 944 829 moriens
973 777 1182 829 terram
1223 772 1619 831 morientium.
1652 772 1779 831 Illic
1808 775 1896 832 di—

187 860 407 920 viditur
445 860 503 918 in
557 860 990 934 quaternarium
1040 861 1473 933 admirabilem;
1526 864 1620 921 hic
1668 862 1730 922 in
1770 863 1899 922 dul-

189 962 332 1007 cem.
360 946 559 1007 Dulcis
588 947 888 1017 Dominus,
930 947 1119 1006 dulcis
1149 948 1406 1021 domina,
1444 950 1585 1025 quia
1611 950 1709 1021 ille
1747 952 1900 1011 Deus

186 1054 355 1097 meus
384 1038 779 1097 misericordia
807 1053 952 1109 mea,
992 1039 1117 1097 haec
1155 1038 1391 1098 domina
1419 1056 1544 1098 mea
1574 1042 1899 1101 misericor-

189 1127 305 1186 dia;
332 1135 511 1203 porta.
547 1128 729 1187 Ducat
758 1143 861 1187 nos
898 1135 1083 1187 mater
1111 1128 1183 1187 ad
1227 1128 1463 1200 Filium,
1500 1131 1622 1190 lilia
1669 1132 1741 1191 ad
1788 1133 1899 1191 Pa-

190 1223 354 1288 trem,
392 1232 601 1292 sponsa
636 1217 707 1277 ad
745 1233 1047 1294 sponsum,
1085 1220 1187 1293 qui
1217 1226 1302 1279 est
1332 1219 1664 1281 benedictus
1701 1223 1763 1281 in
1793 1241 1904 1291 sa:-

186 1306 341 1365 cula.
372 1307 586 1366 Amen.

826 1378 1074 1441 SERMO
1130 1379 1257 1438 XII.

382 1475 457 1523 DE
500 1476 979 1528 REBUBRECTIONE
1022 1480 1248 1528 DOMINI.
1276 1469 1466 1541 (XXVII
1497 1481 1702 1549 MART.)

193 1570 377 1645 Super
425 1572 569 1632 illud
626 1573 880 1653 psal._IIA:
913 1579 1198 1653 Postulaei
1251 1581 1468 1653 Patrem
1516 1601 1710 1653 meum,
1746 1590 1899 1650 dedit

714 1650 856 1704 mihi
880 1654 1084 1719 gentes.
1113 1650 1379 1709 Alleluia.

264 1748 327 1846 Si
365 1751 741 1846 consulamus
785 1754 1137 1846 adjutorium
1185 1756 1271 1831 [f.,
1312 1759 1685 1843 auditorium]
1724 1771 1909 1846 juris.

191 1840 546 1913 peritorum,
597 1842 853 1917 primum
904 1842 1141 1917 capituli
1194 1847 1468 1919 propositi
1524 1840 1771 1919 verbum
1827 1866 1911 1927 sic

189 1927 533 2021 describitur
588 1948 617 2021 :7
657 1931 943 2021 postulare
1003 1939 1086 1991 est
1134 1934 1486 1996 desiderium
1547 1958 1719 2006 suum
1745 1997 1761 2021 ,
1816 1954 1908 2014 vel

188 2018 361 2076 amici
388 2019 481 2077 sui
509 2019 570 2077 in
599 2020 733 2113 jure
763 2020 914 2113 apud
940 2037 1110 2113 eum,
1131 2024 1232 2113 qui
1256 2026 1646 2098 jurisdictioni
1678 2018 1903 2113 praeest,

192 2122 501 2180 exponere,
548 2108 640 2167 vel
677 2107 915 2168 alterius
956 2110 1238 2172 desiderio
1290 2107 1697 2185 contradicere:
1732 2107 1911 2194 Actus

194 2195 299 2298 iste
324 2196 613 2296 publicus
660 2205 868 2298 est,het.
904 2206 987 2258 est
1030 2200 1764 2298 omniumadvocatorum,
1806 2225 1909 2298 qui

191 2284 458 2358 gloriosae
486 2286 644 2345 vocis
671 2285 872 2345 conﬁsi
892 2289 1247 2378 munimine,
1290 2293 1446 2368 lapsa
1487 2284 1909 2378 erigunt,yfa‘ti-

191 2378 320 2449 gata
368 2383 656 2469 reparant,
684 2392 812 2469 nec
824 2376 1022 2469 minus
1058 2381 1364 2452 provident
1414 2386 1672 2452 humano
1705 2376 1907 2469 generi

190 2464 461 2612 gutamdsi
487 2465 730 2612 tclypeis
768 2464 863 2523 56
903 2475 959 2526 et
1010 2470 1336 2532 thoracibus
1385 2492 1509 2537 sese
1549 2464 1910 2566 patriamque

233 2568 264 2611 e
290 2569 360 2612 en
407 2569 478 2611 an
514 2600 526 2612 .

233 2568 526 2612 etendant.

265 2642 332 2743 In
366 2644 762 2743 exsequendo
814 2651 946 2743 actu
988 2649 1103 2743 isto
1137 2654 1440 2743 attendere
1487 2660 1766 2723 debemus
1807 2667 1909 2743 qni

196 2732 463 2807 postulet,
517 2748 715 2806 quem,
775 2734 898 2809 ubi,
944 2742 999 2794 et
1050 2739 1190 2813 quid
1246 2745 1512 2815 postulet.
1579 2732 1909 2815 Advocatus

200 2824 449 2917 postulat
472 2824 727 2917 judicent
761 2825 823 2917 in
843 2826 978 2900 jure
1006 2844 1125 2887 rem
1151 2846 1340 2903 suam,
1374 2836 1464 2894 vel
1494 2838 1604 2898 sibi
1634 2844 1906 2917 postulat,

195 2911 419 2971 actione
457 2913 760 2986 proposita.
793 2913 860 2973 In
900 2917 1127 2992 negotio
1162 2924 1433 2994 praesenti
1480 2911 1789 2990 advocatus
1827 2911 1911 2993 est

200 2998 709 3096 Uhristusrjudex
756 3003 913 3064 Deus
954 3005 1155 3078 Pater;
1205 3017 1260 3068 et
1300 3010 1460 3073 locus
1492 3016 1644 3089 juris
1683 3022 1906 3096 patibu-

199 3091 320 3151 lum
362 3094 580 3184 crucis;
626 3111 716 3154 res
754 3097 1035 3169 postulata
1073 3098 1327 3160 Ecclesia
1357 3104 1428 3163 de
1461 3091 1767 3184 gentibus;
1804 3129 1909 3172 no-

200 3195 334 3240 men
360 3182 622 3255 actionis,
662 3185 857 3259 petitio
887 3187 1256 3249 haareditatis.
1291 3192 1465 3254 Recte
1501 3198 1701 3259 Jesum
1743 3182 1910 3261 Chri-

198 3275 353 3329 stum
402 3270 651 3367 dicimus
686 3274 1047 3336 advocatum.
1083 3276 1247 3337 Unde
1270 3281 1524 3343 Joannes
1561 3306 1573 3345 :
1605 3308 1633 3341 «
1669 3287 1730 3348 Si
1778 3292 1914 3367 quis

198 3357 538 3431 peccaverit,
567 3360 907 3422 advocatum
949 3363 1230 3427 habemus
1259 3371 1413 3442 apud
1455 3373 1679 3435 Patrem
1710 3357 1912 3437 Doini-

198 3462 343 3547 num
388 3449 589 3547 Jesum
635 3450 966 3547 Christum;
995 3454 1117 3529 ipse
1165 3465 1248 3517 est
1277 3462 1602 3536 pr0pitiatio
1648 3484 1749 3542 pro
1780 3485 1912 3547 pec-

198 3538 339 3633 catis
387 3540 600 3633 nostris
628 3544 697 3633 _(I
733 3545 891 3601 Joan.
930 3548 1013 3614 Il).
1046 3565 1074 3599 »
1107 3547 1435 3610 Advocatus
1473 3554 1580 3614 iste
1613 3538 1913 3633 apud'Pa-

203 3632 347 3718 trem
393 3626 748 3718 desiderium
794 3646 969 3690 suum
1017 3638 1306 3708 exposuit,
1336 3643 1567 3712 quando
1597 3626 1701 3718 pro
1729 3645 1915 3705 salute

198 3713 454 3807 humani
473 3716 703 3807 generis
727 3718 953 3779 oblatus
973 3728 1077 3795 est,
1100 3724 1239 3798 quia
1260 3725 1382 3801 ipse
1403 3713 1738 3806 voluit-(13a.
1769 3735 1905 3806 LIII).

200 3803 563 3893 Desiderium
619 3809 744 3883 ejus
789 3816 873 3868 est
931 3810 1091 3871 salus
1146 3822 1359 3887 nostra,
1408 3836 1584 3893 quam
1621 3803 1697 3880 in
1747 3803 1915 3883 cruce

199 3892 425 3984 sitiens~
451 3911 637 3984 usque
685 3898 746 3955 in
787 3898 965 3969 ﬁnem
1008 3915 1143 3960 suos
1188 3902 1399 3975 legitur
1427 3892 1704 3970 dilexisse
1736 3913 1913 3984 (Joan.

201 3986 351 4073 xiii).
390 3980 502 4042 Sed
528 3990 584 4041 et
614 3985 721 4044 hoc
756 3984 1107 4047 desiderium
1156 3992 1476 4052 amicorum
1528 3996 1658 4067 fuit,
1700 3980 1918 4073 quibus

200 4070 391 4130 dixit:
425 4098 452 4122 κ
480 4073 610 4165 Jam
642 4090 777 4165 non,
796 4075 982 4165 dicam
1012 4093 1115 4137 vos
1141 4095 1358 4154 servos,
1393 4083 1491 4141 sed
1514 4070 1750 4160 amicos,
1780 4088 1918 4165 quia

203 4177 405 4221 servus
433 4163 613 4222 nescit
645 4163 786 4237 quid
824 4164 995 4224 faciat
1041 4166 1315 4229 dominus
1359 4172 1505 4244 ejus.
1564 4175 1678 4235 Vos
1722 4163 1917 4236 autem

1982 431 2167 475 meam
2194 436 2208 488 ;
2241 425 2326 476 est
2356 416 2456 491 qui
2490 423 2730 489 quaerat,
2762 422 2816 472 et
2839 413 3061 489 judicet
3088 415 3263 487 (Joan.
3300 417 3442 487 vni).
3477 444 3503 467 ιο

2054 507 2119 564 In
2166 506 2454 581 plerisque
2499 522 2677 565 sacrae
2718 505 3028 580 Scriptura:
3075 505 3216 565 locis
3266 510 3407 568 ordo
3458 510 3699 586 quidam

1974 595 2328 670 judiciorum
2373 597 2446 654 ab
2494 597 2618 669 ipso
2657 595 2773 654 Deo
2820 595 3049 653 institui
3104 595 3335 654 videtur
3373 605 3428 655 et
3459 600 3697 661 servari.

1980 683 2226 754 Quidam
2260 686 2350 743 vir
2376 685 2643 758 simplex,
2685 691 2739 741 et
2768 691 2958 742 rectus
2984 698 3051 741 ac
3082 683 3294 742 timens
3327 686 3534 757 Deum,
3560 702 3702 747 cum

1980 773 2209 845 expleto
2257 773 2443 831 ofﬁcio
2491 772 2775 831 matutino
2831 771 3201 844 egrederetur
3239 788 3313 831 ex
3349 776 3607 845 ecclesia,
3640 780 3701 833 et

1978 877 2011 919 a
2038 861 2337 934 discipulis
2366 869 2695 935 rogaretur:
2728 859 2877 929 Quid
2915 860 3131 919 audisti
3187 863 3248 920 in
3302 863 3559 936 ecclesia,
3592 880 3704 939 pa-

1979 958 2063 1008 ter
2088 950 2115 1008 ?
2144 950 2499 1025 Respondit:
2537 947 2795 1020 Quatuor
2836 949 3061 1020 audivi,
3095 965 3199 1008 sex
3246 952 3461 1009 notavi.
3499 951 3701 1011 Subti—

1977 1039 2050 1098 lis
2092 1041 2264 1112 plane
2305 1040 2602 1112 responsio
2652 1039 2761 1099 fuit
2799 1045 2853 1097 et
2898 1038 3106 1098 ﬁdelis.
3149 1038 3407 1109 Quatuor
3445 1057 3702 1116 namque

1976 1127 2294 1187 versiculos
2358 1127 2573 1187 Psalmi
2617 1127 2828 1186 decimi
2874 1128 3064 1186 octavi
3103 1128 3390 1199 audierat,
3431 1130 3695 1190 scilicet:

1978 1241 2001 1272 ι
2039 1219 2162 1277 Lex
2200 1218 2432 1278 Domini
2461 1218 2833 1278 immaculata
2879 1223 3221 1277 convertens
3255 1221 3481 1279 animas
3520 1224 3697 1291 (Psal.

1977 1308 2201 1379 CXVIII),
2233 1331 2259 1357 ιι
2291 1314 2347 1365 et
2377 1313 2488 1365 tres
2522 1305 2687 1377 alios,
2726 1305 2830 1381 qui
2858 1311 3207 1382 sequuntur,
3236 1305 3301 1365 in
3335 1307 3555 1382 quibus
3586 1323 3697 1366 sex

1978 1401 2269 1468 notantur,
2298 1411 2431 1469 quae
2466 1401 2641 1455 sunt:
2677 1396 2791 1466 lex,
2825 1396 3243 1465 testimonium,
3269 1395 3515 1470 justitia,
3550 1412 3703 1471 prie-

1979 1495 2230 1562 ceptum,
2267 1486 2456 1557 timor,
2490 1484 2728 1559 judicia.
2762 1485 2829 1543 1n
2860 1485 2952 1544 bis
2984 1486 3192 1560 partim
3230 1501 3514 1560 persona),
3554 1502 3698 1561 quae

1981 1578 2040 1636 in
2075 1577 2209 1651 jure
2235 1583 2374 1636 sunt
2402 1576 2760 1646 necessariae,
2797 1576 3005 1647 partim
3045 1582 3210 1635 actus
3257 1591 3460 1635 eorum
3494 1577 3698 1651 expri-

1914 1672 2243 1748 Bmuntur.
2276 1666 2423 1725 Nam
2449 1672 2504 1724 et
2530 1665 2827 1735 Dominus,
2862 1666 2963 1739 qui
2995 1666 3181 1740 judex
3211 1673 3316 1738 est,
3357 1672 3412 1725 et
3447 1666 3562 1739 lex,
3601 1682 3699 1726 se-

1991 1757 2247 1817 cundum
2275 1771 2453 1830 quam
2479 1756 2790 1832 judicatur,
2818 1763 2874 1815 et
2898 1755 3157 1817 ofﬁcium
3187 1758 3421 1817 testium
3452 1759 3560 1819 sub
3588 1761 3701 1819 hoc

1991 1847 2247 1913 nomine,
2289 1846 2704 1916 testimonium,
2749 1845 2954 1905 actoris
3002 1861 3233 1922 quoque
3277 1853 3331 1906 et
3370 1849 3451 1908 rei
3492 1849 3701 1908 merita

1990 1952 2093 2011 per
2119 1936 2230 1994 hoc
2266 1950 2500 2004 nomen,
2535 1933 2797 2009 justitite,
2829 1933 3181 2009 designatur.
3223 1935 3369 1995 Nam
3399 1942 3455 1995 et
3493 1939 3699 1996 merita

1990 2040 2294 2084 causarum
2345 2025 2597 2099 partium
2631 2024 2945 2083 assertione
2988 2024 3342 2098 panduntur.
3403 2024 3699 2086 Sententia

1985 2112 2200 2188 judicis
2232 2113 2345 2171 sub
2394 2112 2500 2171 hoc
2537 2112 2794 2184 nomine,
2826 2118 3177 2186 praaceptum
3207 2132 3223 2185 ;
3263 2116 3610 2174 accusatoris
3642 2121 3701 2173 et

1989 2202 2349 2262 exsecutoris
2397 2201 2602 2269 ofﬁcia,
2630 2201 2858 2261 duobus
2902 2202 3127 2277 ultimis
3171 2203 3529 2273 nominibus,
3563 2219 3700 2280 qua

1991 2300 2145 2362 sunt,
2199 2292 2373 2352 timor
2419 2298 2475 2349 et
2515 2284 2755 2366 judicia,
2802 2292 3153 2352 indicantur.
3194 2293 3464 2369 Quinque
3506 2296 3703 2369 priora

1991 2384 2147 2442 binis
2188 2383 2593 2442 accedentibus
2643 2382 3001 2453 innituntur,
3064 2390 3293 2443 sextum
3351 2382 3697 2458 quadrinis:

1995 2494 2017 2524 α
2056 2471 2180 2529 Lex
2209 2470 2440 2529 Domini
2465 2470 2837 2529 imma‘culata
2872 2479 3215 2531 convertens
3244 2471 3489 2531 animas.
3521 2470 3694 2529 Testi-

1992 2558 2257 2619 monium
2302 2557 2538 2617 Domini
2579 2558 2767 2627 ﬁdele,
2798 2559 3138 2633 sapientiam
3172 2567 3453 2635 praestans
3484 2575 3703 2634 parvu-

1990 2652 2080 2711 lis.
2116 2650 2367 2711 Justitiaa
2420 2649 2653 2709 Domini
2706 2658 2893 2721 recta),
2926 2650 3282 2710 lastilicantes
3309 2650 3496 2710 corda.
3541 2650 3702 2709 Prae-

1993 2748 2221 2814 ceptum
2264 2739 2497 2798 Domini
2534 2738 2817 2806 lucidum,
2862 2738 3209 2797 illuminans
3243 2740 3457 2799 oculos.
3500 2739 3706 2799 Timor

1993 2827 2090 2885 57
2123 2829 2356 2888 Domini
2405 2835 2637 2888 sanctus
2683 2844 3029 2902 permanens
3072 2829 3133 2887 in
3162 2829 3447 2888 swculum
3475 2826 3698 2887 saeculi.

1990 2919 2216 2978 Judicia
2256 2916 2488 2977 Domini
2538 2934 2673 2975 vera
2718 2918 3029 2993 justiﬁcata
3065 2918 3125 2977 in
3169 2919 3493 2993 semetipsa.
3535 2917 3707 2976 Desi-

1930 3008 2272 3110 C“derabilia
2320 3025 2494 3110 super
2535 3023 2767 3079 aurum,
2808 3016 2872 3110 et.
2912 3007 3161 3084 lapidem
3192 3010 3507 3083 pretiosum
3547 3006 3705 3110 mul-

1998 3106 2142 3169 tum,
2172 3105 2228 3156 et
2267 3097 2525 3156 dulciora
2565 3111 2736 3169 super
2764 3097 2875 3155 mel
2908 3104 2963 3156 et
2999 3098 3199 3156 favum
3242 3099 3454 3166 (Ibid).
3488 3116 3514 3149 ιο
3550 3094 3706 3153 Ρηθο

1993 3186 2107 3244 fata
2147 3201 2285 3244 sane
2337 3183 2573 3243 Domini
2609 3182 2884 3241 dicuntur
2914 3199 3055 3242 esse.
3098 3183 3200 3242 Est
3235 3185 3393 3241 enim
3422 3184 3536 3251 lex,
3571 3196 3707 3255 quas

1993 3290 2109 3333 non
2138 3282 2222 3333 est
2254 3272 2510 3344 Domini,
2544 3278 2607 3330 ut
2642 3272 2877 3346 peccati,
2917 3271 2987 3330 de
3029 3287 3145 3347 qua
3178 3272 3315 3330 dicit
3346 3270 3654 3344 Apostolus
3690 3288 3703 3327 :

1996 3386 2025 3419 ‹‹
2056 3364 2235 3423 Video
2262 3363 2433 3421 aliam
2471 3362 2650 3435 legem
2692 3362 2752 3420 in
2784 3364 3061 3421 membris
3093 3362 3254 3432 meis,
3286 3368 3706 3437 repugnantem

1994 3451 2108 3526 legi
2135 3451 2351 3510 mentis
2385 3467 2531 3509 mete
2568 3457 2625 3508 et
2664 3450 3050 3524 captivantem
3090 3466 3180 3509 me
3211 3452 3273 3510 in
3309 3451 3431 3526 lege
3466 3448 3705 3523 peccati,

1994 3558 2130 3616 quae
2155 3548 2241 3599 est
2265 3541 2325 3599 in
2358 3539 2635 3599 membris
2668 3540 2809 3599 meis
2839 3544 3009 3611 (Rom.
3040 3541 3161 3612 vn).
3197 3563 3225 3591 ιι
3267 3538 3413 3599 Sunt
3438 3545 3497 3596 et
3525 3536 3706 3611 justi-

1996 3632 2092 3689 tiae
2141 3631 2436 3699 humanas,
2470 3630 2541 3688 de
2590 3629 2805 3706 quibus
2847 3629 3099 3687 dicitur:
3149 3650 3171 3681 c
3204 3629 3418 3688 Omnes
3464 3626 3710 3701 justitias

2000 3729 2209 3779 nostrae
2255 3728 2529 3796 tanquam
2577 3734 2801 3792 pannus
2841 3723 3214 3777 menstruataa
3266 3720 3413 3789 licet“.
3450 3718 3630 3785 LXIV).
3676 3737 3708 3769 ι

2000 3812 2149 3873 Sunt
2187 3818 2241 3871 et
2277 3817 2559 3889 praecepta
2602 3811 2879 3879 humana,
2920 3809 3137 3884 quibus
3183 3809 3387 3869 Petrus
3427 3807 3710 3869 obedien-

1997 3904 2137 3964 dum
2187 3919 2305 3963 non
2355 3918 2480 3962 esse
2530 3901 2707 3960 dicit:
2759 3924 2781 3954 ι
2829 3900 3093 3973 Obedire,
3146 3901 3443 3976 inquiens,
3491 3904 3715 3973 oportet

1999 3996 2184 4071 magis
2211 3995 2328 4054 Deo
2353 4009 2530 4071 quam
2554 3991 2896 4051 hominibus
2921 3994 3069 4062 (Act.
3098 3998 3182 4063 V).
3210 4017 3234 4043 -
3272 3991 3474 4051 Timor
3498 3989 3717 4064 quippe

2000 4086 2297 4144 humanus
2334 4099 2369 4142 a
2406 4082 2650 4142 Domino
2690 4080 3048 4155 reprobatur.
3092 4081 3259 4141 Unde
3294 4080 3374 4139 ait
3406 4105 3419 4137 ε
3464 4102 3486 4132 ι
3522 4078 3717 4138 Nolite

2000 4160 2204 4235 timere
2248 4187 2346 4231 eos
2379 4173 2481 4247 qui
2511 4170 2777 4229 occidunt
2810 4185 3036 4244 corpus,
3076 4169 3334 4229 animam
3369 4175 3563 4228 autem
3593 4182 3712 4225 non

200 4246 327 4306 dixi
373 4248 607 4340 amicos,
654 4249 787 4323 quia
833 4253 1030 4312 omnia
1080 4270 1213 4329 quae
1258 4257 1458 4317 audivi
1506 4276 1540 4317 a
1582 4261 1745 4322 Patre
1789 4279 1920 4325 meo
2000 4268 2246 4340 possunt
2273 4262 2532 4323 occidere
2561 4264 2782 4332 (Matth.
2818 4268 2898 4330 ι).
2940 4286 2959 4311 ι

204 4345 336 4399 nota
363 4341 471 4399 feci
503 4339 667 4401 vobis
696 4346 874 4410 (Joan.
909 4348 1038 4415 XV).
1074 4370 1099 4394 υ
1133 4345 1278 4406 Item
1309 4372 1321 4406 :
1358 4372 1384 4399 α
1418 4349 1691 4427 Majorem
1721 4354 1914 4413 chari-

2073 4354 2140 4412 In
2173 4350 2474 4426 propositis
2502 4355 2699 4409 autem
2729 4347 3033 4409 versiculis
3069 4348 3266 4408 omnia
3291 4348 3568 4407 dicuntur
3587 4361 3716 4405 esse

201 4436 374 4489 tatem
419 4446 591 4490 nemo
632 4407 823 4502 habet,
876 4407 1052 4508 quam
1101 4443 1164 4495 ut
1211 4407 1691 4501 animamwsuaiii
1727 4407 2139 4517 ponatDDe—i:
2172 4407 2468 4508 ,
2522 4407 2749 4497 scilicet
2791 4437 2883 4495 lex
2950 4407 3090 4496 bina
3132 4437 3305 4496 habet
3353 4434 3669 4495 accidentia
3696 4482 3710 4504 ,

203 4519 337 4596 quis
380 4533 483 4592 pro
523 4519 725 4579 amicis
774 4520 899 4579 suis
929 4524 1128 4597 (Ibid).
1160 4546 1188 4577 »
1225 4527 1653 4589 Convenienter
1692 4529 1918 4591 Patrem

2001 4549 2137 4608 quae
2177 4535 2315 4590 sunt
2362 4528 2768 4599 immaculata;
2813 4531 3155 4586 convertens
3191 4526 3437 4597 animas,
3478 4525 3601 4582 sive
3637 4524 3715 4582 de

206 4609 453 4684 postulat
498 4609 602 4684 qui
639 4626 866 4684 semper
906 4614 1220 4674 exauditus
1249 4623 1351 4676 est.
1383 4617 1531 4676 Nam
1560 4627 1613 4678 et
1650 4621 1825 4695 vulgo
1865 4628 1921 4681 et
2002 4622 2127 4694 lege
2166 4619 2450 4693 intelligas
2480 4616 2748 4685 naturali,
2787 4616 2878 4674 vel
2915 4616 3144 4691 scripta,
3174 4630 3277 4674 seu
3316 4613 3442 4687 lege
3482 4612 3707 4687 gratia?-

206 4700 517 4775 vulgariter
542 4700 754 4760 dicitur
787 4721 799 4760 :
829 4704 1060 4761 Securus
1098 4707 1253 4762 vadit
1288 4710 1363 4764 ad
1386 4712 1657 4781 placitum
1684 4715 1781 4783 qui
1808 4731 1918 4786 pa-

205 4799 340 4849 trem
374 4792 534 4847 habet
554 4791 818 4860 judicem.
847 4790 928 4849 De
958 4808 1024 4852 eo
1052 4809 1306 4869 namque
1338 4796 1501 4856 Pater
1525 4798 1676 4858 dixit
1707 4823 1719 4858 :
1758 4825 1782 4852 α
1808 4801 1917 4859 Hic

207 4890 291 4943 est
316 4881 502 4942 Filius
532 4896 694 4940 meus
724 4880 986 4951 dilectus,
1016 4883 1074 4963 in
1101 4900 1219 4957 quo
1252 4885 1394 4944 mihi
1422 4886 1569 4946 bene
1594 4889 1917 4963 complacui

206 4976 427 5047 (Matth.
457 4986 519 5033 III
550 4979 605 5031 et
634 4972 805 5045 xvn).
845 4994 864 5023 ι
901 4973 1046 5031 Nam
1088 4990 1224 5034 cum
1275 4977 1455 5038 Filius
1491 4981 1751 5055 ejusdem
1779 4983 1915 5043 sub.

203 5072 432 5132 stantize
474 5068 548 5128 sit
594 5085 729 5127 cum
767 5074 944 5143 patre,
994 5069 1056 5128 in
1096 5076 1301 5129 natura
1348 5072 1580 5147 quidem
1635 5075 1912 5149 humana,

206 5177 382 5237 quam
410 5158 520 5219 sibi
557 5157 930 5233 personaliter
956 5157 1168 5233 univit,
1200 5160 1447 5235 postulat
1476 5179 1576 5237 pro
1608 5164 1793 5236 nobis,
1823 5166 1915 5225 vel

203 5250 413 5327 allegat
467 5248 777 5324 propitium
819 5246 1100 5322 judicent,
1132 5254 1187 5307 et
1215 5251 1487 5326 propositi
1516 5254 1605 5312 sui
1646 5253 1915 5313 desiderii

206 5338 374 5400 nobis
401 5338 651 5398 fructum
689 5344 957 5410 reportat.
1000 5337 1116 5398 Nec
1152 5338 1475 5416 incongrue
1512 5342 1736 5401 Patrem
1768 5343 1914 5403 dici-

208 5442 358 5499 mus,
396 5442 532 5486 cum
560 5427 621 5485 in
654 5441 898 5501 persona
932 5425 1066 5486 Filii
1099 5425 1381 5505 Propheta
1411 5430 1561 5489 dicat
1589 5455 1601 5490 :
1634 5453 1661 5486 α
1687 5431 1911 5503 Judica,

204 5515 465 5587 Domine,
521 5522 788 5574 nocentes
846 5531 972 5586 me,
1025 5532 1298 5592 expugna
1358 5516 1767 5595 impugnantes
1821 5535 1914 5579 me

2002 4710 2331 4784 Unicuique
2365 4707 2520 4765 enim
2556 4707 2761 4764 harum
2795 4704 2969 4764 trium
3011 4704 3205 4781 legum
3233 4748 3247 4775 ,
3282 4703 3497 4762 scilicet
3537 4707 3710 4761 natu-

2001 4801 2130 4871 rali,
2160 4800 2386 4873 scriptae
2411 4802 2465 4855 et
2490 4796 2602 4867 legi
2633 4796 2833 4868 gratiae
2861 4795 2985 4853 haec
3014 4794 3129 4853 duo
3157 4794 3531 4853 conveniunt.
3559 4791 3706 4850 Nam

2000 4889 2369 4948 immaculata
2396 4886 2563 4945 debet
2598 4900 2722 4943 esse
2767 4891 2822 4942 et
2858 4892 3199 4944 convertens
3243 4885 3492 4943 animas.
3522 4884 3705 4943 Natu-

2000 4977 2138 5037 ralis
2181 4977 2277 5036 lex
2322 4977 2445 5034 hzec
2492 4974 2606 5033 duo
2659 4973 2904 5032 habebat
2957 4980 3259 5048 praecepta.
3306 4995 3327 5024 ι
3378 4972 3541 5043 Quod
3598 4973 3705 5033 tibi

1999 5069 2125 5129 ﬁeri
2177 5083 2291 5127 non
2337 5066 2443 5138 vis,
2479 5063 2580 5123 alii
2619 5080 2691 5122 ne
2733 5064 2975 5134 feceris;
3016 5071 3073 5124 et
3108 5064 3263 5140 quod
3294 5064 3398 5123 tibi
3436 5063 3525 5122 vis
3553 5063 3704 5137 ﬁeri,

1997 5158 2098 5218 alii
2153 5157 2325 5216 facias
2378 5158 2525 5230 (Tob.
2578 5156 2675 5227 1v).
2736 5178 2758 5205 ι
2816 5154 2957 5225 Quae
3012 5162 3151 5215 sunt
3205 5171 3322 5214 non
3368 5155 3589 5223 obesse,
3648 5161 3707 5213 et

1996 5249 2285 5324 prodesse.
2333 5247 2404 5305 Et
2441 5247 2547 5305 hoc
2585 5253 2869 5322 quantum
2911 5246 2983 5304 ad
3022 5245 3299 5319 primum,
3337 5244 3554 5304 scilicet
3592 5244 3706 5302 im-

1999 5337 2321 5408 maculata;
2378 5346 2661 5413 quantum
2729 5336 2797 5393 ad
2869 5334 3228 5407 secundum,
3279 5358 3301 5384 ι
3366 5339 3706 5393 convertens

1997 5426 2241 5485 animas.
2282 5447 2307 5479 »
2340 5424 2407 5483 In
2444 5425 2631 5499 primo
2663 5439 2776 5483 non
2818 5422 3074 5482 maleﬁca
3100 5465 3115 5495 ,
3145 5423 3207 5481 in
3237 5423 3492 5483 secundo
3522 5422 3701 5481 bene-

1997 5519 2139 5588 fica;
2197 5516 2257 5575 in
2311 5516 2494 5591 primo
2547 5516 2671 5573 sine
2731 5513 2955 5572 macula
3011 5511 3272 5585 malitiae,
3332 5513 3391 5571 in
3442 5511 3703 5573 eccundo
