4070 6198
281 207 391 268 565

1844 210 2093 272 SERMO
2129 211 2256 272 XII.

3705 215 3810 274 566

275 339 622 393 convertens
647 329 875 390 animas
903 328 977 388 ad
1001 331 1522 391 mansuetudinem
1554 333 1992 395 benevolentia.
2018 335 2250 399 AUnde
2277 336 2425 396 illud
2452 355 2465 396 :
2505 359 2526 390 ι
2576 337 2837 396 Lucerna
2862 337 3108 411 pedibus
3149 337 3294 396 meis
3319 338 3566 398 verbum
3606 343 3804 410 tuum,

274 423 425 482 Nam
436 438 571 482 cum
584 429 700 480 tres
717 419 1006 478 naturales
1025 420 1297 492 potentia
1315 421 1499 481 insint
1514 424 1748 495 anima,
1759 425 2000 496 scilicet,

273 512 383 584 ira,
419 513 586 585 ratio,
615 508 1106 583 concupiscentia,
1138 510 1606 583 concupiscentia
1637 514 1766 572 data
1800 523 1906 582 est,
1940 521 2005 574 ut

278 601 569 661 movearis
594 601 665 658 ad
696 598 1082 673 appetendum
1117 614 1251 673 qua
1283 600 1385 657 tibi
1429 600 1591 660 licita
1622 610 1758 662 sunt
1783 623 1797 674 ;
1829 605 1906 662 ita
1932 604 2004 662 ad

277 687 710 760 indignandum
737 693 936 745 contra
967 701 1033 742 ea
1072 702 1210 760 qua
1239 686 1442 744 illicita
1470 697 1645 762 sunt;
1699 691 1842 749 ratio
1875 691 2004 748 data

279 777 457 838 estin
490 777 751 836 medium
777 775 1056 833 cohibens
1083 782 1138 832 et
1165 775 1420 849 dirigens
1450 785 1791 852 utrumque,
1831 797 1901 840 ne
1929 783 2005 840 ita

281 867 436 927 ultra
481 865 756 924 terminos
808 863 913 921 ira
964 856 1282 931 moveatur,
1323 871 1376 922 et
1415 883 1489 925 ne
1541 869 2004 942 concupiscentia

279 962 507 1030 appetat
538 954 759 1013 illicita.
804 952 1006 1028 Itaque
1036 951 1135 1012 lex
1183 955 1484 1025 naturalis,
1529 966 1820 1030 quantum
1852 961 1914 1019 in
1945 979 2005 1020 se

278 1055 388 1117 est,
428 1052 514 1105 est
553 1043 944 1103 immaculata.
978 1044 1101 1101 Lex
1132 1059 1363 1118 quoque
1394 1045 1603 1119 scripta
1634 1048 2004 1110 immaculata

279 1145 368 1196 est
413 1143 471 1194 et
507 1141 850 1194 convertens
895 1134 1139 1193 animas.
1183 1132 1585 1205 Immaculata,
1632 1138 1690 1195 id
1733 1146 1834 1207 est,
1878 1141 2006 1200 sine

281 1225 550 1286 sordibus
595 1223 961 1294 idololatria,
999 1231 1344 1282 convertens
1381 1224 1606 1284 animas
1640 1229 1711 1286 ad
1743 1230 2002 1288 servien-

281 1315 424 1376 dum
475 1316 630 1387 Deo;
667 1315 824 1390 quod
877 1321 1100 1373 tantum
1141 1312 1252 1372 tilii
1306 1314 1484 1372 Israel
1526 1317 1826 1377 faciebant.
1885 1321 2002 1378 Lex

282 1412 480 1464 autem
537 1402 737 1478 gratia
788 1418 986 1461 revera
1024 1407 1109 1460 est
1149 1402 1519 1462 immaculata
1569 1411 1624 1463 et
1663 1416 2005 1466 convertens

277 1496 526 1554 animas.
569 1493 715 1552 Nam
754 1499 811 1552 et
847 1492 1103 1551 Ecclesia
1142 1493 1268 1566 lege
1297 1494 1570 1554 ducitur:
1599 1497 1823 1556 Dicitur
1847 1499 2004 1557 enim

280 1599 409 1644 esse
451 1583 579 1642 sine
610 1582 859 1652 macula,
903 1588 960 1640 ct
992 1596 1138 1653 ruga
1182 1584 1406 1653 (Ep/ws.
1461 1588 1562 1654 V);
1608 1584 1733 1643 sine
1778 1587 2004 1645 macula

2087 431 2144 482 et
2197 424 2398 483 lumen
2441 426 2661 483 semitis
2706 426 2850 483 meis
2893 429 3056 496 (Psal.
3110 428 3336 498 CXVIII).
3393 448 3414 478 ι
3476 427 3544 485 Et
3592 427 3796 487 beatus

2088 513 2326 573 Petrus:
2358 538 2379 566 α
2397 514 2502 574 Cui
2531 513 2882 581 benefacitis,
2900 514 3112 588 inquit,
3135 515 3494 574 attendentes
3517 521 3791 589 tanquam

2088 602 2338 661 lucerna
2367 603 2580 662 lucenti
2617 604 2674 660 in
2715 601 3028 675 caliginoso
3058 602 3179 662 loco
3209 608 3282 673 (II
3309 608 3459 662 Petr.
3493 609 3553 674 ι).
3591 627 3616 654 ι)
3660 602 3796 663 Sin-

2084 690 2360 766 gulariter
2387 700 2584 750 autem
2615 691 2843 767 ponitur
2882 699 3257 764 praceptum,
3299 693 3574 766 quamvis
3611 693 3793 752 multa

2085 781 2202 838 sint
2244 789 2561 853 praecepta:
2610 783 2765 854 quia,
2809 789 2873 838 ut
2913 781 2994 837 ait
3039 779 3349 850 Gregorius
3387 785 3561 850 (Hom.
3610 781 3677 839 27
3738 784 3797 837 in

2084 872 2390 939 EvangelJ,
2423 876 2770 943 praeceptum
2798 869 3032 927 Domini
3070 876 3127 927 et
3161 885 3349 927 unum
3376 876 3482 942 est,
3520 877 3576 928 et
3610 870 3794 929 multa

2087 964 2255 1025 sunt;
2307 957 2489 1016 multa
2530 967 2755 1032 propter
2799 956 3192 1016 diversitatem
3233 959 3463 1031 operis;
3506 974 3693 1017 unum
3734 961 3797 1018 in

2089 1046 2279 1104 radice
2305 1047 2624 1106 charitatis.

2163 1155 2189 1187 ‹‹
2233 1135 2430 1194 Timor
2466 1137 2697 1196 Domini
2738 1143 2968 1195 sanctus
3019 1151 3366 1209 permanens
3405 1137 3468 1196 in
3516 1138 3796 1198 saculum

2086 1226 2282 1285 saculi
2311 1229 2474 1298 (Psal.
2513 1231 2630 1291 CX).
2669 1248 2695 1279 »
2737 1226 2985 1284 Excluso
3016 1227 3272 1283 humano
3301 1226 3530 1296 timore,
3566 1227 3659 1285 hic
3689 1243 3794 1284 no-

2087 1322 2238 1373 tatur
2290 1315 2504 1386 tilialis,
2567 1315 2688 1374 sive
2741 1322 2951 1374 castus.
3006 1315 3070 1372 In
3142 1315 3267 1385 hoc,
3323 1316 3476 1388 quod
3532 1315 3789 1374 dicitur:

2089 1403 2260 1462 timor
2309 1402 2539 1460 Domini
2597 1410 2847 1473 sanctus,
2907 1402 3253 1476 intelligitur
3325 1409 3553 1473 castus;
3607 1411 3662 1461 et
3711 1410 3793 1461 est

2088 1493 2324 1553 initium
2369 1491 2667 1566 sapientia
2705 1493 2874 1551 timor
2913 1491 3166 1551 Domini.
3208 1491 3369 1562 Quod
3410 1499 3604 1550 autem
3646 1491 3796 1550 dici~

2091 1593 2222 1644 tur:
2253 1600 2595 1660 permanens
2638 1583 2700 1641 in
2749 1583 3031 1643 saculum
3070 1581 3295 1653 saculi,
3350 1581 3588 1639 lilialem
3639 1580 3792 1638 desi-

279 1671 563 1741 criminis,
605 1673 730 1729 sine
768 1686 911 1744 ruga
948 1669 1358 1728 simulationis.
1400 1671 1588 1730 Etiam
1625 1674 1721 1732 lex
1753 1683 2248 1758 evange-Bgnat.

277 1760 394 1820 lica
421 1767 507 1822 est
541 1761 669 1820 sine
701 1776 895 1820 errore
928 1760 1186 1829 haresis,
1221 1769 1568 1822 convertens
1597 1765 1822 1824 animas
1856 1767 2004 1824 sim-

278 1849 527 1922 pliciter,
573 1857 628 1908 et
665 1849 876 1907 directe
915 1849 1042 1906 sine
1091 1849 1366 1922 figmento
1409 1851 1753 1926 hypocrisis.
1793 1855 2000 1913 Atten-

279 1939 402 1997 dite
449 1937 664 2009 gradus
713 1937 872 2010 istos,
920 1937 1057 2009 quia
1095 1937 1282 2010 prima
1321 1939 1418 1997 lex
1465 1947 1550 1999 est
1586 1941 1998 2015 immaculata;

281 2025 559 2096 secunda,
613 2025 826 2100 magis;
879 2025 1040 2084 tertia
1077 2027 1358 2100 maxima,
1417 2029 1501 2088 sic
1555 2037 1610 2089 et
1662 2040 2001 2092 convertens

278 2130 530 2178 animas.

356 2203 783 2265 Testimonium
804 2205 1037 2266 Domini
1064 2206 1204 2265 bina
1227 2207 1397 2266 habet
1421 2209 1758 2281 accidentia,
1786 2210 2001 2270 scilicet

283 2292 476 2364 ﬁdele,
525 2292 867 2366 sapientiam
915 2301 1192 2368 prastans
1242 2295 1522 2368 parvulis.
1575 2295 1998 2357 Testimonium

282 2381 519 2441 Domini
551 2381 781 2453 dicitur,
814 2397 1182 2456 quaecunque
1208 2383 1266 2442 in
1297 2384 1525 2458 scriptis
1555 2385 1767 2444 sanctis
1798 2387 1998 2446 testifi-

279 2478 449 2532 catur
476 2472 776 2542 Dominus,
808 2479 910 2530 aut
938 2474 1278 2546 promittens
1297 2481 1398 2534 aut
1420 2475 1779 2550 pracipiens.
1811 2478 2001 2536 Conti-

281 2570 502 2621 nentur
529 2562 722 2636 itaque
757 2561 1083 2621 testimonia
1121 2562 1183 2621 in
1233 2563 1532 2637 promissis
1571 2570 1627 2622 et
1676 2569 1996 2640 praceptis,

275 2654 417 2727 quia
432 2669 568 2728 qua
585 2654 883 2733 promittit,
907 2653 1079 2712 solvit
1095 2653 1217 2712 sive
1230 2654 1251 2727 j
1260 2655 1403 2712 ustis
1424 2655 1686 2728 pramia,
1705 2657 1828 2714 sive
1848 2658 1999 2731 inju-

275 2744 384 2802 stis
413 2750 710 2802 tormenta.
747 2742 1100 2817 Sapientiam
1124 2750 1400 2818 praestans
1427 2745 1706 2818 parvulis,
1729 2746 1790 2804 in
1819 2763 1998 2821 quan-

275 2837 401 2890 tum
423 2836 508 2888 est
532 2830 903 2904 pracipiens;
929 2831 1066 2904 quia
1088 2831 1192 2906 qui
1217 2832 1448 2906 parvuli
1473 2839 1611 2891 sunt
1635 2834 1896 2906 scientia,
1920 2852 1994 2894 ex

275 2918 578 2993 praceptis
614 2919 849 2978 Domini
878 2919 1204 2979 redduntur
1234 2921 1539 2994 sapientes,
1571 2928 1635 2979 ut
1683 2920 1764 2979 ibi
1801 2931 1993 2981 osten-

272 3008 471 3070 ditur:
501 3031 530 3064 α
561 3011 611 3068 Α
644 3009 929 3068 mandatis
953 3010 1069 3068 tuis
1098 3008 1385 3068 intellexi.
1419 3035 1439 3061 ο
1473 3012 1571 3070 Est
1598 3011 1795 3085 itaque
1826 3012 1993 3071 ﬁdele

270 3098 678 3158 testimonium
725 3098 960 3157 Domini
1010 3100 1068 3156 in
1115 3098 1525 3172 explanatione
1573 3108 1986 3174 praceptorum

266 3189 420 3263 ejus.
446 3188 514 3246 In
537 3189 724 3262 primo
747 3189 1008 3262 intellige
1033 3185 1130 3242 58
1155 3189 1564 3263 promissiones
1589 3198 1644 3248 et
1666 3190 1987 3248 commina-

269 3279 495 3348 tiones;
531 3277 595 3335 in
625 3279 882 3338 secundo
907 3279 1346 3351 prohibitiones.
1383 3277 1580 3337 Fidele
1609 3285 1713 3349 est,
1741 3280 1986 3354 promit-

273 3371 401 3426 tens
451 3373 507 3425 et
550 3367 944 3438 comminans;
985 3366 1326 3441 sapientiam
1371 3375 1654 3440 prastans
1701 3367 1981 3441 parvulis,

268 3455 588 3530 prohibens
620 3462 676 3514 et
713 3455 1076 3529 pracipiens.

337 3545 593 3605 Justitia
642 3545 875 3604 Domini
913 3545 1067 3604 binis
1105 3551 1528 3605 convertuntur
1565 3545 1979 3616 accidentibus,

263 3653 402 3712 qua
431 3643 588 3710 sunt,
618 3644 808 3710 recta,
840 3637 1195 3697 latiticantes
1224 3637 1414 3696 corda.
1447 3636 1697 3696 Justitia
1723 3638 1978 3707 Domini,

261 3739 438 3799 opera
472 3727 769 3799 justorum
795 3748 808 3783 :
837 3725 995 3784 unde
1026 3731 1082 3783 et
1111 3725 1220 3798 ipsi
1256 3725 1400 3798 justi
1438 3723 1822 3798 appellantur.
1869 3723 1978 3784 Sed

262 3816 546 3876 dicuntur
573 3830 698 3874 esse
727 3813 981 3885 Domini,
1012 3814 1170 3888 quia,
1208 3836 1230 3866 ι
1265 3829 1438 3872 omne
1459 3814 1658 3872 datum
1694 3815 1979 3888 optimum

260 3911 318 3964 et
379 3919 555 3963 omne
604 3904 827 3963 donum
872 3904 1192 3978 perfectum
1238 3903 1548 3962 desursum
1594 3908 1698 3972 est,
1738 3901 1977 3962 descen-

259 3993 408 4052 dens
453 4008 487 4050 a
522 3993 688 4053 Patre
725 3993 1019 4053 luminum
1051 3995 1188 4057 (Jac.
1223 3997 1286 4060 t).
1323 4014 1349 4041 ν
1380 3990 1530 4061 Quid
1569 3989 1730 4049 enim
1779 3990 1974 4064 habes,

257 4096 295 4141 ο
356 4081 548 4150 homo,
607 4080 763 4155 quod
819 4095 939 4138 non
992 4076 1313 4152 accepisti?
1359 4081 1403 4150 (Ι
1455 4081 1573 4136 Cor.
1637 4079 1738 4152 tv.)
1790 4079 1971 4138 Item:

265 4193 287 4222 ι
326 4169 523 4229 Gratia
550 4168 653 4228 Dei
682 4185 813 4228 sum
842 4169 904 4228 id
931 4167 1086 4243 quod
1117 4183 1249 4226 sum
1278 4168 1322 4241 (Ι
1347 4168 1464 4224 Cor.
1517 4167 1645 4240 xv).
1679 4187 1706 4220 »
1756 4167 1838 4226 Ea
1865 4184 1975 4227 au-

261 4266 378 4318 tem
425 4275 600 4332 opera
651 4259 894 4334 iustitia
962 4257 1235 4333 appellari
1315 4262 1572 4331 possunt,
1647 4273 1780 4332 qua
1863 4258 1976 4317 ﬁde

257 4356 579 4408 nascuntur
629 4354 685 4406 et
723 4347 1031 4408 dilectione
1075 4354 1576 4406 consummantur.
1623 4347 1768 4405 Nam
1823 4347 1976 4406 sicut

2152 1767 2380 1828 Judicia
2426 1781 2563 1824 vero
2615 1765 2848 1823 Domini
2898 1777 3007 1821 suo
3050 1761 3420 1835 quaternario
3473 1761 3785 1819 vehuntur.

2085 1862 2232 1922 Sunt
2293 1872 2442 1926 Vera,
2521 1853 2831 1926 justilicata
2883 1852 2942 1910 in
2998 1851 3322 1923 semetipsa,
3379 1848 3786 1908 desiderabilia

2081 1964 2256 2023 super
2283 1959 2492 2004 aurum
2521 1949 2576 2000 et
2603 1941 2851 2013 lapidem
2881 1939 3192 2014 pretiosum
3232 1937 3503 2008 multum,
3529 1937 3787 1994 dulciora

2081 2052 2254 2111 super
2293 2032 2407 2092 mel
2447 2038 2501 2088 et
2541 2030 2760 2087 favum.
2811 2027 3040 2086 Judicia
3075 2026 3309 2085 Domini
3356 2033 3492 2086 sunt
3537 2024 3786 2084 retribu-

2083 2129 2286 2196 tiones,
2324 2121 2536 2196 quibus
2576 2118 2667 2177 vel
2715 2118 2985 2192 reprobos
3025 2119 3212 2191 punit,
3254 2116 3343 2175 vel
3375 2117 3562 2189 justos
3600 2131 3791 2174 remu-

2079 2224 2259 2277 nerat.
2298 2217 2378 2274 Ea
2415 2210 2686 2288 quamvis
2721 2210 2835 2267 sint
2873 2225 3025 2283 sape
3053 2209 3296 2277 occulta,
3331 2224 3556 2283 semper
3594 2213 3785 2266 tamen

2082 2323 2216 2367 vera
2241 2308 2411 2371 sunt;
2443 2307 2498 2360 et
2515 2301 2688 2374 justa,
2723 2298 3022 2356 veritatem
3046 2297 3188 2372 justi
3208 2296 3424 2370 judicis
3463 2295 3779 2369 sequentia.

2081 2400 2231 2459 Sunt
2295 2393 2602 2469 justiﬁcata
2648 2391 2711 2448 in
2763 2389 3090 2462 semetipsa,
3152 2402 3267 2445 non
3325 2386 3471 2444 sicut
3531 2387 3787 2444 humana

2073 2487 2310 2562 judicia,
2355 2499 2491 2558 ,qua
2523 2479 2760 2540 aliunde
2805 2479 3154 2548 formantur,
3190 2476 3340 2534 sicut
3375 2491 3448 2532 ex
3494 2474 3786 2546 allegatio-

2079 2576 2254 2634 nibus
2284 2573 2711 2638 advocatorum,
2755 2572 2810 2624 et
2845 2583 2918 2624 ex
2960 2563 3416 2638 depositionibus
3454 2563 3689 2620 testium
3733 2567 3787 2618 et

2078 2661 2508 2722 recitationibus
2583 2659 3124 2716 instrumentorum.
3200 2652 3362 2711 Unde
3417 2658 3472 2709 et
3530 2667 3631 2724 per
3682 2651 3788 2707 hoc

2077 2768 2229 2825 sape
2269 2749 2554 2808 falluntur
2584 2745 2828 2820 judices,
2871 2749 2925 2800 et
2959 2742 3228 2816 quamvis
3265 2740 3405 2799 ordo
3442 2738 3785 2812 judiciarius

2076 2846 2354 2905 servetur,
2407 2849 2832 2908 nonnunquam
2869 2839 3061 2890 tamen
3101 2830 3383 2888 innocens
3429 2830 3780 2888 condemna-

2077 2937 2189 2997 tur,
2247 2933 2302 2984 et
2358 2939 2568 2983 nocens
2623 2920 2959 2980 absolvitur.
3015 2919 3246 2977 Judicia
3297 2924 3488 2976 autem
3547 2917 3648 2976 Dei
3706 2933 3776 2974 ex

2077 3017 2397 3092 semetipsis
2437 3013 2909 3089 justificationem
2946 3009 3257 3084 accipiunt,
3313 3010 3461 3066 sicut
3510 3023 3611 3082 per
3649 3023 3779 3081 pro-

2076 3109 2307 3183 phetam
2351 3103 2596 3162 dicitur:
2634 3101 2813 3160 «Non
2871 3100 3192 3159 secundum
3242 3097 3526 3156 visionem
3581 3097 3782 3155 oculo-

2077 3212 2207 3255 rum
2239 3193 2540 3268 judicabit,
2589 3207 2696 3249 nec
2729 3192 3046 3250 secundum
3097 3187 3369 3246 auditum
3407 3186 3639 3246 aurium
3683 3203 3778 3244 ar-

2072 3291 2232 3361 guet,
2265 3283 2361 3342 sed
2389 3280 2666 3354 judicabit
2701 3281 2763 3337 in
2802 3278 3028 3352 justitia
3065 3292 3363 3351 pauperes,
3395 3282 3450 3334 et
3478 3282 3684 3350 arguet
3715 3277 3777 3334 in

2072 3378 2343 3452 aquitate
2401 3389 2502 3448 pro
2561 3372 2879 3429 mansuetis
2930 3376 3097 3426 terra
3156 3371 3306 3436 (Isai.
3371 3372 3480 3433 x1).
3537 3387 3566 3417 ι)
3629 3365 3777 3425 Sunt

2071 3473 2263 3524 autem
2314 3460 2734 3531 desiderabilia,
2783 3459 2841 3516 id
2903 3465 3006 3526 est,
3062 3454 3371 3514 desiderari
3430 3453 3777 3527 dignissima

2071 3568 2243 3626 super
2280 3549 2512 3608 divitias
2539 3557 2594 3604 et
2623 3546 2875 3604 delicias.
2919 3543 2986 3602 In
3029 3559 3172 3602 auro
3207 3550 3262 3600 et
3302 3541 3491 3616 lapide
3529 3543 3774 3616 pretioso

2069 3641 2326 3713 intellige
2367 3637 2633 3707 divitias;
2676 3635 2738 3692 in
2781 3633 2973 3704 melle,
3003 3639 3058 3690 et
3089 3633 3219 3690 favo
3248 3631 3506 3690 delicias.
3537 3631 3771 3690 Divitia

2067 3735 2260 3786 autem
2294 3727 2549 3784 maxime
2590 3722 2994 3794 intelliguntur
3022 3720 3084 3778 in
3110 3719 3357 3792 pecunia
3393 3727 3448 3778 et
3496 3720 3768 3794 potentia.

2066 3815 2162 3872 59
2202 3819 2308 3876 Per
2339 3816 2590 3890 lapidem
2630 3813 2970 3887 pretiosum,
3013 3825 3127 3884 quo
3156 3815 3414 3884 potentes
3462 3816 3518 3867 et
3551 3808 3773 3867 nobiles

2065 3913 2330 3976 utuntur,
2375 3906 2559 3979 gloria
2612 3903 2902 3977 potentia.
2955 3899 3128 3958 Porro
3172 3899 3392 3956 divitia
3450 3898 3582 3957 alia
3635 3914 3769 3958 cum

2063 3995 2397 4055 difﬁcultate
2462 3992 2863 4066 acquiruntur,
2921 3988 3052 4048 alia
3103 3989 3230 4047 sine
3287 3987 3642 4048 diﬂicultate.
3701 3987 3764 4044 In

2064 4083 2255 4155 melle,
2283 4082 2434 4157 quod
2462 4081 2753 4156 liquidum
2788 4087 2873 4138 est
2909 4078 3152 4148 delicia,
3193 4087 3248 4136 et
3281 4078 3603 4150 voluptates
3645 4075 3770 4136 sine

2062 4173 2275 4231 labore.
2317 4173 2384 4230 In
2417 4172 2568 4240 favo,
2611 4170 2766 4245 quod
2809 4169 2925 4227 mel
2964 4174 3019 4227 et
3059 4183 3248 4226 ceram
3279 4167 3536 4226 continet
3567 4166 3763 4239 simul,

2060 4261 2380 4335 voluptates
2417 4275 2555 4319 cum
2582 4258 2938 4317 difﬁcultate.

2131 4351 2274 4410 Ecce
2323 4351 2560 4425 quidam
2616 4349 2789 4407 ludus
2827 4346 3174 4420 judiciarius
3211 4345 3462 4405 occurrit
3496 4345 3663 4404 nobis
3706 4345 3762 4402 in

257 4439 388 4498 sine
451 4440 562 4498 ﬁde
615 4439 975 4512 impossibile
1036 4445 1120 4496 est
1177 4452 1533 4513 quemquam
1587 4436 1811 4509 placere
1857 4417 2370 4513 DeoDScripturis
2401 4438 2586 4496 Deum
2631 4417 2854 4496 Patrem
2893 4440 3329 4509 reprasentans.
3371 4435 3560 4492 Locus
3592 4434 3762 4506 juris,

255 4531 441 4603 (Hebr.
498 4532 579 4602 II),
630 4530 710 4588 ita
756 4537 814 4589 et
869 4529 1014 4588 fides
1072 4529 1196 4587 sine
1251 4527 1525 4602 Operibus
1600 4534 1830 4588 mortua
1888 4535 1973 4587 est

255 4623 400 4689 (Jac.
448 4627 532 4689 ιι).
571 4619 738 4678 Fides
769 4626 986 4690 autem,
1027 4633 1159 4694 qua
1212 4633 1313 4691 per
1354 4616 1728 4676 dilectionem
1769 4633 1971 4691 opera-

254 4712 374 4777 tur,
417 4715 475 4765 et
504 4709 732 4782 proticit
757 4717 810 4767 et
851 4707 1065 4767 suﬂicit
1095 4706 1166 4765 ad
1196 4706 1460 4766 salutem.
1495 4707 1602 4766 Ha
1632 4714 1772 4767 sunt
1793 4707 1971 4781 justi-

253 4795 356 4855 tia
407 4797 642 4855 Domini
690 4802 877 4868 recta,
933 4797 1290 4856 latilicantes
1332 4797 1504 4855 corda
1550 4813 1652 4870 per
1707 4811 1968 4855 serenam

247 4885 697 4946 conscientiam.

327 4977 685 5050 Praceptum
736 4977 892 5037 binis
932 4979 1144 5051 gaudet
1181 4977 1594 5037 accidentibus.
1649 4979 1748 5038 Est
1809 4979 1968 5039 enim

249 5069 543 5138 lucidum,
597 5068 942 5128 illuminans
981 5069 1180 5129 oculos
1229 5085 1304 5127 ex
1356 5069 1448 5128 sui
1481 5071 1760 5131 doctrina.
1819 5070 1968 5131 Sunt

247 5160 469 5234 quippe
487 5158 761 5233 quadam
782 5158 991 5228 lucida,
1018 5165 1208 5218 etnon
1233 5156 1634 5217 illuminantia
1660 5177 1676 5229 ;
1710 5167 1773 5219 ut
1797 5161 1966 5219 carbo

247 5249 382 5308 sine
447 5250 682 5308 ﬂamma
754 5247 982 5308 lucidus
1044 5255 1149 5319 est,
1216 5262 1334 5306 non
1391 5251 1582 5306 tamen
1645 5247 1961 5308 illuminat.

247 5338 518 5399 Flamma
569 5341 696 5398 sine
747 5340 995 5399 carbone
1036 5346 1092 5398 et
1136 5339 1288 5396 lucet
1330 5342 1384 5395 et
1431 5336 1750 5395 illuminat.
1811 5338 1966 5398 Pra-

243 5435 483 5504 ceptum
514 5430 752 5490 Domini
779 5429 1042 5490 lucidum
1077 5435 1162 5486 est
1206 5428 1334 5487 sine
1364 5426 1705 5485 confusione
1741 5434 1967 5488 senten-

245 5522 504 5588 tiarum;
559 5523 855 5582 illuminat
904 5522 1100 5581 oculos
1152 5538 1224 5579 ex
1267 5519 1566 5579 infusione
1625 5521 1962 5592 gratiarum.

2054 4529 2114 4588 in
2146 4545 2263 4602 quo
2293 4529 2621 4586 Advocatus
2669 4536 2861 4584 noster
2899 4524 3172 4597 postulat,
3211 4522 3535 4597 patibulum
3573 4521 3760 4579 crucis

2053 4619 2183 4677 fuit.
2213 4619 2356 4675 Cum
2387 4616 2547 4674 enim
2579 4633 2650 4673 ex
2681 4615 2870 4672 otlicio
2900 4629 3006 4672 suo
3034 4611 3294 4670 advocati
3318 4611 3566 4668 habeant
3589 4617 3760 4679 stare,

2054 4708 2173 4780 ipse
2201 4722 2316 4764 non
2343 4713 2518 4775 stans,
2552 4706 2650 4762 sed
2683 4712 2795 4763 toto
2821 4718 3057 4778 corpore
3083 4708 3324 4760 extenso
3357 4701 3419 4758 in
3449 4698 3606 4774 ligno
3633 4714 3762 4758 cru-

2051 4798 2154 4869 cis,
2216 4797 2370 4870 apud
2418 4795 2644 4854 Patrem
2686 4811 2786 4868 pro
2838 4791 3020 4852 nobis'
3049 4791 3339 4866 allegavit,
3399 4789 3755 4849 desiderium

2053 4904 2229 4947 suum
2264 4893 2319 4945 et
2351 4886 2670 4944 amicorum
2713 4900 2952 4945 suorum
2991 4898 3311 4958 exponens,
3353 4887 3408 4939 et
3443 4879 3759 4938 adversarii

2051 4978 2336 5036 desiderio
2387 4977 2782 5036 contradicens
2832 4989 3019 5049 usque
3065 4973 3136 5030 ad
3185 4970 3400 5046 proprii
3455 4968 3759 5040 sanguinis

2052 5069 2414 5128 etl‘usionem.
2458 5067 2603 5126 Rem
2635 5083 2798 5126 suam
2837 5065 3106 5139 postulat,
3134 5063 3193 5120 id
3223 5068 3307 5120 est
3341 5077 3524 5135 genus
3559 5061 3762 5119 huma-

2052 5174 2214 5227 num,
2245 5158 2395 5233 quod
2427 5157 2547 5232 ipse
2585 5157 2819 5226 creavit,
2853 5156 3022 5228 cujus
3055 5171 3258 5213 verum
3296 5151 3623 5212 dominium
3654 5156 3756 5213 ha-

2052 5249 2237 5308 bebat.
2293 5249 2602 5306 Ecclesiam
2653 5248 2724 5305 de
2773 5245 3042 5319 gentibus
3111 5244 3370 5302 converti
3426 5243 3758 5317 postulavit,

2052 5345 2328 5412 tanquam
2359 5336 2624 5410 proprius
2656 5337 2839 5394 hares
2864 5333 3216 5393 hareditatis
3249 5334 3584 5406 petitionem
3617 5349 3753 5408 pro-

2052 5445 2293 5504 ponens,
2339 5434 2392 5484 et
2425 5427 2484 5484 in
2522 5427 2936 5500 possessionem
2963 5425 3035 5484 de
3053 5425 3188 5498 jure
3214 5422 3365 5482 mitti
3392 5424 3746 5484 desiderans.

2052 5519 2254 5579 Petilio
2293 5525 2486 5577 autem
2531 5516 2880 5577 hareditatis
2905 5531 2977 5575 ex
3009 5515 3211 5576 ordine
3245 5521 3298 5574 et
3338 5516 3587 5588 regulari
3616 5516 3751 5590 jure
