4070 6198
302 235 457 315 567,

920 239 979 300 8.
1019 239 1243 300 PETRI
1283 241 1603 319 DAMIANI
1642 243 1798 303 OPP.
1845 243 2036 303 PARS
2076 242 2217 304 SEU
2255 243 2506 307 TOMUS
2548 247 2620 307 II.
2667 280 2729 292 --
2769 247 3187 309 SERMONES.

3697 255 3810 315 568

302 364 647 443 proponitur
687 348 969 423 adversus
1004 376 1139 423 eum
1185 364 1287 439 qui
1328 365 1577 439 possidet
1613 380 1719 443 pro
1758 368 2008 440 mercde,
2031 373 2371 445 Atanquam
2401 378 2526 446 post
2555 372 2828 432 hibernas
2865 372 3178 433 furentium
3207 378 3513 433 ventorum
3542 374 3809 435 nivium-

306 454 397 515 vel
456 468 803 529 possessore.
855 451 965 511 Pro
1018 452 1250 511 haerede
1300 453 1550 525 possidet
1602 455 1707 531 qui
1767 455 1905 516 dicit
1958 473 2018 516 se

304 543 593 604 bteredem
630 556 776 609 esse,
807 554 944 600 cum
974 555 1093 598 non
1124 541 1234 611 sit;
1278 556 1381 615 pro
1414 557 1736 617 possessore
1768 546 2017 619 possidet

304 629 454 705 quis,
506 644 639 687 cum
678 626 842 686 nullo
882 624 1049 687 titulo
1087 634 1268 701 potest
1318 631 1471 688 tueri
1509 646 1675 689 suam
1715 632 2017 706 possessio-

305 733 459 787 nem,
513 717 637 791 qui,
696 716 744 774 si
804 715 1135 789 requiratur
1191 732 1372 791 quare
1425 720 1729 792 possideat,
1785 722 2012 781 nullam

301 806 476 865 aliam
514 820 749 864 causam
787 804 1013 877 allegat,
1058 804 1172 862 nisi
1210 806 1349 879 quia
1394 807 1477 866 sic
1518 809 1799 881 possideo.
1841 810 2012 870 Recte

302 903 497 956 autem
528 892 824 968 proposuit
854 892 1138 952 Dominus
1157 899 1361 953 ‘noster
1389 896 1667 957 adversus
1690 899 2007 972 diabolum,

303 988 403 1063 qui
455 985 847 1045 haereditatem
889 984 1121 1043 Domini
1166 1001 1269 1059 pro
1318 1002 1639 1060 possessore
1687 989 2012 1064 possidebat

301 1074 596 1149 malignus
622 1072 836 1147 praedo.
867 1072 947 1131 De
978 1088 1094 1148 quo
1125 1075 1437 1148 propheta:
1466 1100 1486 1129 ι
1524 1077 1626 1137 νω
1652 1078 1752 1153 qui
1784 1079 2008 1152 praeda-

303 1164 403 1237 ris,
431 1179 626 1223 nonne
652 1164 774 1237 ipse
799 1163 1191 1238 praedaberis‘?
1217 1168 1365 1237 (Isai.
1400 1170 1640 1241 XXXIII.)
1670 1189 1697 1221 ιο
1748 1176 1757 1183 ·

368 1251 435 1310 In
459 1252 571 1311 hac
598 1250 987 1321 advocatione,
1020 1249 1144 1309 sive
1167 1251 1554 1325 postulatione
1593 1254 1870 1313 Advocati
1901 1270 2006 1313 no-

295 1344 397 1404 slri
430 1342 687 1401 maxime
712 1342 924 1416 gaudet
952 1342 1207 1401 Ecclesia
1235 1343 1328 1402 die
1356 1346 1789 1406 resurrectionis
1815 1346 2008 1408 Domi-

299 1431 468 1502 nicze,
497 1429 638 1505 quia
666 1429 997 1511 Advocatus
1024 1431 1357 1504 postulavit,
1406 1434 1542 1509 quia
1581 1436 1863 1509 postulata
1890 1436 2005 1494 im-

296 1519 560 1595 petravit,
592 1519 731 1592 quia
757 1519 1060 1594 impetrata
1083 1519 1338 1580 obtinuit
1365 1530 1420 1582 et
1451 1524 1720 1597 possedit.
1757 1524 1898 1584 Inde
1921 1532 2005 1585 est

294 1611 447 1689 quod
476 1608 778 1685 tripliciter
807 1610 1036 1670 laudem
1070 1612 1391 1688 subjungit.
1429 1614 1811 1675 Introducens
1844 1617 2003 1675 enim

298 1699 515 1759 Filium
553 1698 885 1774 loquentem
916 1699 986 1758 ad
1017 1699 1266 1773 Patrem,
1294 1707 1350 1760 et
1373 1701 1660 1763 dicentem
1686 1727 1699 1763 :
1730 1728 1751 1757 α
1796 1704 2002 1765 Postu-

293 1786 410 1846 lavi
453 1786 678 1846 Patrem
735 1802 974 1856 meum;
1020 1811 1046 1837 υ
1092 1788 1345 1848 Ecclesia
1393 1792 1786 1865 respondet”
1846 1793 2002 1852 Alle-

294 1876 433 1948 luia,
468 1898 495 1930 ι
524 1876 581 1935 id
605 1882 710 1947 est,
741 1881 849 1933 Deo
876 1878 1086 1944 laudes,
1124 1879 1262 1953 quia
1293 1880 1611 1952 postulasti.
1646 1882 1818 1941 Item:
1842 1906 1863 1933 ιι
1900 1883 2003 1942 De-

287 1967 371 2025 dit
401 1967 546 2026 mihi
576 1976 794 2041 gentes.
829 1989 857 2021 n
885 1967 954 2026 Et
978 1971 1280 2043 respondet
1305 1971 1582 2031 Ecclesia:
1606 1996 1628 2025 ι
1662 1973 1943 2043 Alleluia;
1972 1996 2000 2027 υ

291 2056 347 2116 id
384 2064 488 2129 est,
519 2061 625 2115 Deo
657 2058 867 2123 laudes,
900 2057 1037 2131 quia
1066 2058 1400 2132 impetrasti.
1434 2061 1579 2120 Item
1610 2082 1622 2120 :
1654 2083 1681 2115 ‹‹
1712 2062 1781 2121 In
1810 2063 2002 2121 haere-

287 2143 522 2204 ditatem
562 2145 708 2204 mibi
748 2148 922 2218 (Psal.
976 2151 1059 2217 II).
1096 2170 1121 2197 ιι
1160 2146 1489 2223 Respondet
1531 2169 1542 2208 :
1585 2171 1613 2203 ‹‹
1644 2149 1936 2222 Alleluia;
1976 2174 1999 2202 ι

287 2234 425 2309 quia
448 2234 753 2295 obtinuisti
786 2242 842 2294 et
870 2236 1195 2309 possedisti.

358 2322 771 2381 Consociemnr
800 2323 978 2397 igitur
1002 2332 1056 2383 et
1082 2341 1189 2384 nos
1222 2325 1283 2384 in
1312 2326 1465 2386 hanc
1496 2328 1724 2388 laudem
1758 2329 2000 2387 univer-

288 2408 426 2467 salis
472 2410 764 2481 Ecclesiae,
804 2418 867 2470 ut
900 2428 1036 2471 cum
1076 2412 1275 2472 electis
1324 2416 1383 2473 in
1430 2417 1828 2476 btereditatem
1883 2417 1998 2478 Do-

291 2496 436 2556 mini
465 2498 756 2565 intraturi.
793 2500 860 2558 ad
906 2503 1384 2562 resurrectionem
1426 2506 1657 2565 Domini
1696 2509 2000 2581 pervenire

289 2586 589 2645 valeamus
627 2595 901 2665 perpetuo
938 2591 1216 2663 gavisuri.
1252 2592 1418 2663 Quod
1456 2596 1579 2670 ipse
1608 2606 1881 2672 praestare
1917 2600 2000 2659 di-

286 2683 497 2749 gnetur
521 2676 623 2751 qui
654 2679 796 2736 vivit
822 2686 877 2737 et
912 2689 1112 2755 regnat
1141 2696 1245 2755 per
1272 2684 1469 2744 omnia
1495 2686 1710 2747 saecula
1749 2690 1997 2749 saeculo-

287 2779 440 2824 rum.
473 2766 682 2824 Amen.

281 3009 498 3093 33111.
532 3006 875 3093 §ermo_de
906 3008 987 3093 S._
1012 3007 1271 3093 Georgio
1312 3022 1627 3093 martyre.

282 3089 464 3173 XX__V.
514 3088 749 3173 Sermo
773 3089 803 3150 Ι
832 3089 1010 3173 de_S.
1044 3088 1259 3153 Marco
1304 3088 1726 3173 evangelista.

363 3169 589 3232 Sermo
619 3168 679 3230 Il
706 3169 782 3231 de
823 3171 1064 3233 eodem.

372 3247 601 3311 Sermo
637 3246 734 3310 III
758 3250 835 3312 de
862 3251 1109 3313 eodem.

280 3329 552 3414 XX_VIII.
592 3327 820 3414 S_e_rt_no
843 3329 879 3393 Ι
902 3330 979 3414 de
1010 3328 1082 3393 S.
1127 3330 1321 3395 Vitale
1345 3340 1664 3414 martyre.

363 3408 592 3474 Sermo
621 3407 688 3471 II
707 3410 783 3473 de
805 3412 1049 3474 eodem.

861 3514 957 3574 60
988 3518 1237 3583 SERMO
1261 3523 1419 3584 XIII.

564 3601 638 3649 DE
657 3602 706 3648 8.
730 3601 986 3650 GEORGIO
1011 3605 1314 3654 MARTYRE.
1348 3605 1522 3662 (XXIII
1550 3600 1707 3666 APB.)

354 3669 650 3731 Hodierna
695 3670 993 3744 festivitas,
1038 3674 1427 3749 dilectissimi,
1465 3678 1752 3752 paschalis
1793 3677 1995 3752 gloriae

286 3760 547 3820 iustitiam
586 3761 864 3835 geminat,
901 3766 959 3821 et
1002 3764 1166 3823 velut
1202 3766 1450 3839 pretiosa
1487 3781 1710 3839 gemma
1754 3782 1992 3838 aurum,

281 3850 377 3911 cui
420 3851 797 3927 imprimitur,
835 3855 1039 3914 decore
1077 3858 1295 3932 proprii
1348 3858 1677 3932 splendoris
1723 3859 1990 3919 illustrat.

283 3942 429 4013 Apte
458 3940 738 3999 nimirum
764 3941 873 4001 hoc
896 3943 1264 4017 potissimum
1292 3952 1542 4021 tempore
1562 3946 1727 4005 beato
1749 3946 1995 4022 Georgio

279 4044 615 4090 concessum
648 4038 735 4090 est
762 4032 1141 4108 triumphare,
1176 4036 1429 4111 quando,
1459 4043 1740 4097 transacta
1771 4038 1993 4097 hiema-

283 4120 354 4181 lis
381 4121 753 4182 inclementia
787 4123 1055 4195 turbinis,
1090 4125 1269 4185 austri
1308 4126 1507 4186 fomite
1546 4127 1813 4200 resoluto,
1860 4129 1992 4187 laeta

285 4217 432 4269 terra
498 4210 763 4269 alacriter
826 4212 1093 4285 parturit,
1147 4220 1204 4272 et
1254 4215 1691 4290 erumpentibus
1748 4215 1994 4276 diversis

284 4298 593 4358 herbarum
620 4306 793 4376 atque
835 4299 1109 4361 arborum
1146 4302 1407 4368 ﬂoribus,
1452 4313 1727 4379 tanquam
1763 4305 1990 4365 adoles-

283 4394 468 4462 cente,
504 4396 569 4449 ut
606 4388 685 4448 ita
725 4389 945 4466 loquar,
976 4399 1142 4452 aetate
1176 4393 1455 4467 pubescit.
1497 4392 1779 4469 Georgius
1806 4395 1991 4471 siqui-

2100 476 2216 535 que
2255 463 2548 536 procellas,
2585 465 2887 524 oraculum
2929 466 3037 523 hoc
3065 464 3282 523 divinae
3315 465 3526 523 meruit
3551 468 3810 527 vocatio-

2099 551 2192 608 nis
2237 552 2485 611 audire:
2526 575 2552 606 α
2588 553 2754 625 Veni,
2805 554 3015 629 inquit,
3071 553 3339 613 columba
3386 570 3531 626 mea,
3596 572 3812 630 sponsa

2097 654 2247 710 mea,
2276 639 2525 699 formosa
2550 657 2713 713 mea;
2755 642 2875 717 jam
2919 634 3104 702 hiems
3134 643 3384 715 transiit,
3420 643 3606 701 imber
3636 645 3809 716 abiit,

2098 734 2152 785 et
2184 730 2448 800 recessit;
2482 731 2651 790 ﬂores
2687 740 3078 806 apparuerunt
3104 733 3166 791 in
3198 740 3347 790 terra
3381 737 3611 803 nostra;
3657 740 3812 792 tem-

2096 834 2207 892 pus
2234 821 2550 892 putationis
2579 822 2817 879 advenit
2845 825 3026 896 (Cant.
3079 822 3160 892 II).
3204 847 3223 873 ι
3270 821 3446 880 Plane
3484 821 3555 878 de
3591 821 3813 881 militia

2097 906 2406 967 translatus
2443 917 2528 967 est
2560 911 2621 969 in
2670 910 2957 980 militiam,
3007 911 3147 985 quia
3197 910 3407 969 terreni
3454 910 3807 980 tribunatus,

2094 1016 2212 1074 quo
2266 1001 2634 1075 fungebatur,
2689 1003 2943 1063 ofﬁcium
3010 1002 3353 1061 Christianas
3406 1002 3629 1061 militia)
3676 1016 3815 1077 pro-

2093 1088 2343 1148 fessione
2381 1091 2645 1161 mutavit,
2687 1098 2761 1162 et,
2800 1099 2865 1151 ut
2907 1108 3105 1151 revera
3145 1098 3416 1150 strenuus
3444 1089 3612 1149 miles
3638 1091 3813 1163 prius

2093 1178 2288 1236 omnia
2337 1194 2440 1238 sua
2489 1181 2839 1254 pauperibus
2883 1181 3164 1252 tribuens,
3220 1179 3503 1239 sarcinam
3552 1184 3810 1239 terrena

2092 1266 2381 1325 facultatis
2405 1269 2610 1341 abjecit
2629 1287 2644 1341 ;
2687 1267 2883 1343 sicque
2922 1270 3089 1341 liber,
3121 1274 3174 1327 et
3205 1268 3529 1343 expeditus,
3567 1283 3631 1326 ac
3662 1268 3810 1327 ﬁdei

2098 1355 2270 1414 lorica
2317 1357 2665 1431 praecinctus
2712 1358 2772 1416 in
2815 1358 3001 1433 ipsam
3047 1358 3210 1417 densi
3250 1358 3580 1416 certaminis
3612 1358 3808 1416 aciem

2096 1444 2354 1505 fervidus
2382 1461 2445 1504 se
2477 1447 2689 1507 Christi
2721 1447 2962 1508 bellator
2994 1448 3301 1520 immersit,
3328 1453 3554 1505 servato
3582 1444 3809 1504 scilicet

2090 1533 2315 1606 ordine,
2357 1539 2424 1592 ut
2464 1551 2658 1594 rerum
2701 1536 2928 1610 pondus
2973 1542 3106 1594 ante
3145 1535 3475 1611 deponeret,
3517 1538 3691 1607 atque
3718 1533 3810 1592 ita

2089 1621 2456 1697 postmodum
2529 1624 2600 1682 ad
2674 1640 2940 1701 campum
2995 1625 3327 1684 certaminis
3380 1622 3812 1699 imperterritus

2024 1730 2071 1791 Β
2093 1711 2396 1785 prosiliret.

2162 1799 2328 1858 Unde
2354 1805 2441 1857 est
2469 1799 2620 1874 quod
2656 1801 2716 1859 in
2757 1801 2881 1874 lege
2917 1801 3271 1877 praecipitur,
3298 1808 3364 1861 ut
3385 1802 3560 1861 homo
3587 1800 3809 1860 formi-

2086 1889 2342 1960 dolosus,
2385 1897 2442 1949 et
2479 1891 2648 1950 corde
2686 1892 2895 1966 pavido
2935 1909 3049 1952 non
3091 1893 3418 1967 egrediatur
3450 1894 3523 1952 ab
3552 1893 3804 1963 bellum,

2085 1979 2186 2039 sed
2224 1979 2413 2052 vadat,
2454 1980 2668 2057 inquit,
2699 1988 2756 2040 et
2784 1988 3108 2041 revertatur
3149 1983 3219 2041 ad
3266 1991 3473 2042 terram
3502 1999 3687 2055 suam,
3718 2000 3803 2043 ne

2083 2083 2292 2143 pavere
2332 2069 2499 2128 faciat
2550 2069 2719 2129 corda
2764 2071 3005 2130 fratrum
3056 2087 3318 2142 suorum,
3371 2072 3520 2131 sicut
3564 2077 3619 2130 et
3671 2074 3804 2147 ipse

2082 2157 2421 2231 perterritus
2474 2166 2558 2218 est
2596 2163 2770 2230 (Deut.
2821 2161 2945 2233 XX).
2992 2158 3216 2230 Quibus
3263 2160 3543 2219 nimirum
3599 2161 3802 2220 verbis

2084 2246 2306 2322 liquido
2349 2249 2729 2323 perdocemur
2767 2250 2904 2325 quia
2934 2265 3035 2323 pro
3067 2250 3402 2309 defensione
3440 2250 3569 2309 fidei
3609 2250 3798 2310 dimi-

2080 2352 2208 2396 care
2245 2338 2466 2397 fortiter
2511 2345 2568 2397 et
2603 2339 2810 2397 idonee
2849 2346 3146 2414 nequeunt
3189 2339 3291 2415 qui
3331 2339 3523 2398 adhuc
3576 2339 3803 2398 nudari

2086 2429 2326 2488 terrenis
2381 2430 2589 2504 opibus
2642 2431 3089 2504 pertimescunt;
3146 2430 3619 2504 tolerabiliusque
3672 2438 3797 2502 est,

2085 2525 2148 2577 ut
2220 2518 2456 2576 domum
2513 2517 2940 2591 quodammodo
3006 2518 3310 2577 redeuntes
3358 2517 3691 2589 ignobiliter
3736 2526 3804 2576 et

2082 2605 2347 2666 imbelles
2380 2606 2601 2678 vivant,
2642 2622 2816 2681 quam
2857 2622 3053 2665 secum
3083 2612 3139 2664 et
3165 2606 3310 2665 alios
3335 2622 3367 2663 a
3398 2605 3803 2680 triumphandi

2080 2697 2263 2773 gloria
2294 2712 2398 2771 per
2440 2696 2743 2769 degeneris
2770 2697 3038 2771 exempla
3068 2697 3291 2755 timoris
3329 2705 3608 2756 avertant.
3646 2697 3799 2755 Bea-

2080 2794 2173 2848 tus
2209 2802 2345 2845 vero
2383 2785 2665 2861 Georgius
2710 2787 2890 2845 sancti
2932 2787 3182 2861 Spiritus
3218 2788 3353 2861 igne
3379 2803 3706 2858 succensus,
3732 2795 3801 2844 et

2081 2875 2299 2935 vexillo
2327 2876 2517 2934 crucis
2548 2875 3082 2950 inexpugnabiliter
3110 2876 3519 2949 praemunitus,
3549 2876 3629 2934 sic
3655 2891 3799 2934 cum

2076 2964 2284 3040 iniquo
2314 2981 2445 3040 rege
2475 2981 2818 3040 congressus
2842 2972 2947 3035 est,
2976 2974 3040 3025 ut
3067 2973 3123 3024 et
3153 2966 3493 3041 iniquorum
3524 2966 3797 3026 omnium

2019 3093 2065 3155 α
2084 3054 2408 3155 principem
2440 3053 2779 3155 inusatellite
2808 3057 3095 3155 vinceret,
3124 3062 3179 3114 et
3208 3057 3277 3114 ad
3302 3055 3599 3155 agendum
3624 3055 3798 3155 forti-

2087 3152 2171 3204 ter
2198 3142 2412 3201 Christi
2440 3142 2694 3201 militum
2729 3143 2957 3203 animos
2982 3144 3263 3203 incitaret.
3299 3144 3369 3202 Et
3395 3143 3630 3219 quidem
3660 3142 3798 3201 Dio-

2083 3234 2367 3293 cletianus
2398 3238 2536 3291 tunc
2568 3233 2900 3307 imperator,
2933 3234 3084 3292 sicut
3108 3235 3168 3292 in
3202 3234 3483 3308 descripta
3511 3232 3799 3307 passionis

2083 3323 2208 3396 ejus
2265 3321 2547 3396 reperitur
2598 3322 2855 3394 historia,
2913 3323 3080 3398 cujus
3155 3339 3240 3395 os,
3310 3323 3482 3398 juxta
3549 3321 3796 3381 Psalmi-

2084 3416 2252 3480 stam,
2314 3409 2718 3468 maledictione
2774 3411 3011 3484 plenum
3069 3419 3208 3484 erat,
3281 3419 3339 3470 et
3401 3408 3797 3469 amaritudine

2084 3497 2204 3570 61,
2263 3505 2318 3557 et
2371 3497 2479 3556 sub
2532 3497 2735 3573 lingua
2793 3501 2918 3574 ejus
2978 3499 3139 3560 labor
3194 3508 3249 3559 et
3312 3501 3473 3560 dolor
3525 3499 3626 3573 qui
3699 3514 3796 3556 se-

2082 3587 2249 3647 debat
2301 3600 2437 3646 cum
2498 3585 2780 3647 divitibus
2848 3588 2910 3647 in
2981 3589 3240 3662 occultis,
3314 3596 3377 3648 ut
3448 3585 3798 3647 interﬁceret

2083 3675 2473 3748 innocentem,
2545 3675 2833 3735 insidians
2883 3677 3050 3750 quasi
3105 3677 3196 3736 leo
3244 3678 3306 3736 in
3357 3676 3631 3752 spelunca
3685 3692 3797 3736 sua

2084 3767 2248 3838 (Psal.
2294 3768 2377 3838 v),
2426 3765 2612 3839 primo
2659 3767 2825 3841 quasi
2866 3766 3273 3826 vestimentum
3338 3768 3465 3826 ovis
3507 3765 3796 3826 subdolus

2082 3849 2295 3919 induit,
2349 3858 2405 3907 et
2443 3850 2528 3908 sic
2556 3852 2803 3926 quadam
2837 3858 2955 3910 arte
2987 3854 3256 3913 versutia;
3285 3869 3351 3912 ac
3383 3853 3587 3912 fucatis
3621 3852 3791 3909 blan-

2082 3938 2477 3997 dimentorum
2527 3940 2816 4000 coloribus
2861 3940 3030 3999 illum
3079 3941 3319 4001 suadere
3364 3940 3620 4000 tentavit.
3662 3938 3791 4000 Sed

2081 4044 2217 4087 cum
2258 4028 2506 4103 insignis
2535 4027 2749 4087 athleta
2788 4028 3025 4099 Christi,
3074 4031 3404 4104 spumantia
3440 4045 3514 4087 ex
3558 4029 3790 4104 antiqui

2082 4123 2364 4196 serpentis
2391 4139 2490 4182 ore
2522 4139 2743 4181 venena
2772 4131 3182 4196 contemneret,
3214 4130 3415 4181 etnon
3447 4121 3570 4196 jam
3613 4121 3787 4202 primi

2081 4212 2336 4286 parentis
2379 4211 2685 4283 originem,
2734 4212 2832 4269 sed
2871 4212 3110 4271 secundi
3148 4211 3340 4286 potius
3382 4210 3443 4268 in
3482 4225 3542 4268 se
3584 4209 3787 4267 vivere

2080 4300 2279 4359 titulos
2321 4299 2757 4371 demonstraret,
2808 4300 3072 4373 protinus
3109 4299 3208 4358 ille
3256 4306 3529 4373 tanquam
3579 4298 3788 4369 sagitta

2080 4390 2149 4449 de
2180 4389 2408 4449 Satanae
2448 4390 2713 4463 pharetra
2742 4390 3031 4463 prodiens,
3073 4389 3388 4447 immanem
3436 4388 3641 4462 lupum
3678 4385 3786 4460 qui

282 4477 410 4537 dem
456 4450 683 4552 'Grtece,
730 4450 886 4538 terra
922 4450 2285 4560 VLatinonsonatijquiDlatebat
2329 4450 2575 4553 aperuit,
2630 4484 2685 4537 et
2734 4450 2806 4536 ad
2856 4450 3159 4537 inferenda
3201 4478 3430 4536 diversa
3478 4450 3783 4551 partarum

283 4565 581 4637 nimirum,
617 4569 791 4643 juxta
825 4568 918 4627 sui
971 4571 1317 4646 praesagium
1355 4571 1631 4643 nominis,
1674 4588 1786 4631 non
1820 4572 1991 4631 modo

280 4671 404 4716 sua:
466 4658 673 4717 mentis
722 4675 927 4733 agrum
979 4660 1297 4734 spiritualis
1353 4663 1615 4721 exercitii
1667 4662 1991 4738 disciplinis

278 4745 554 4817 excoluit,
581 4746 679 4805 sed
708 4754 759 4805 et
793 4756 1003 4808 sanctae
1024 4749 1442 4809 exhortationis
1465 4758 1521 4807 et
1550 4751 1661 4825 pia:
1688 4750 1992 4825 correptio-

282 4832 373 4892 nis
399 4850 627 4895 vomere
661 4842 943 4896 terrenam
976 4837 1233 4897 ultorum
1272 4837 1443 4896 corda
1480 4838 1773 4913 proscidit,
1816 4839 1989 4897 vitio-

279 4936 527 4995 rumque
556 4922 828 4998 vepribus
860 4925 1059 4995 erutis,
1096 4925 1341 4983 fecunda
1373 4925 1431 4983 in
1462 4925 1546 4984 eis
1578 4926 1860 4984 virtutum
1893 4943 1987 4986 ar-

279 5009 443 5068 busta
473 5010 770 5085 plantavit.

349 5095 551 5156 Merito
600 5097 777 5172 igitur
823 5099 996 5158 hodie
1050 5098 1202 5157 beati
1249 5098 1425 5173 hujus
1471 5100 1743 5176 martyris
1793 5103 1988 5162 anima

277 5188 403 5257 post
443 5192 744 5245 cruentam
786 5185 984 5245 furiosi
1023 5185 1305 5261 principis
1350 5187 1589 5259 rabiem,
1636 5196 1759 5263 post
1796 5192 1987 5249 carni-

281 5275 456 5334 ﬁcum
489 5278 742 5337 feraliter
778 5279 1145 5338 saevientium
1182 5277 1625 5350 immanitatem,
1673 5287 1798 5355 post
1839 5281 1986 5339 dila-

276 5366 450 5424 cerati
503 5368 757 5441 corporis
813 5368 1102 5443 exquisita
1158 5366 1458 5443 supplicia,
1516 5375 1640 5442 post
1697 5369 1868 5442 ignis,
1922 5386 1987 5429 ac

276 5454 436 5528 ferri,
467 5455 632 5530 picis,
678 5464 735 5515 et
771 5456 1073 5533 sulphuris
1111 5456 1313 5531 iniqua
1348 5463 1648 5527 tormenta,
1682 5465 1808 5531 post
1855 5473 1986 5516 ver-

273 5541 477 5602 berum
536 5541 790 5618 denique
847 5545 1066 5620 plagas,
1142 5550 1266 5621 post
1336 5559 1630 5604 carcerum
1695 5545 1978 5617 tenebras,

2074 4567 2357 4643 supplicia
2397 4573 2636 4627 cruenta
2664 4567 2847 4625 bestia
2875 4567 3130 4626 feraliter
3163 4566 3452 4626 ebullivit.
3487 4564 3784 4625 Glomera-

2076 4658 2148 4716 tis
2174 4657 2369 4729 itaque
2395 4656 2765 4715 carnificibus
2795 4657 2994 4715 beatus
3024 4663 3238 4731 martyr
3261 4654 3613 4724 extenditur,
3643 4668 3784 4712 ver-

2075 4747 2308 4807 beribus
2336 4746 2616 4818 tunditur,
2641 4747 2803 4805 duris
2824 4745 3082 4805 czedibus
3110 4746 3382 4804 laniatur.
3411 4745 3630 4803 Dehinc
3657 4748 3781 4801 rota

2073 4836 2280 4912 gladiis
2298 4843 2515 4895 armata
2532 4837 2819 4911 profertur
2838 4837 2897 4894 in
2921 4836 3202 4906 medium,
3218 4844 3283 4895 ut
3296 4836 3514 4895 circum
3533 4835 3781 4906 ligatum

2077 4926 2347 5000 martyris
2391 4940 2597 4999 corpus
2630 4931 2787 4985 tanto
2824 4923 3117 4984 crudelius
3154 4932 3370 4997 quanto
3401 4922 3786 4997 multiplicius

2073 5015 2408 5089 perforetur.
2443 5014 2665 5072 Artifex
2696 5013 2967 5089 [artiﬁcis]
2992 5013 3273 5072 nimirum
3301 5013 3516 5079 feritas,
3550 5026 3705 5069 nova
3730 5017 3788 5068 et

2075 5103 2371 5179 exquisita
2397 5118 2704 5178 poenarum
2736 5105 2961 5164 invenit
2989 5110 3351 5178 argumenta,
3378 5111 3434 5161 et
3460 5101 3534 5161 ad
3560 5102 3788 5160 satian—

2073 5192 2208 5252 dam
2239 5194 2326 5251 sui
2369 5194 2595 5253 furoris
2623 5194 2843 5253 rabiem
2880 5193 3319 5268 philosophatur
3353 5192 3414 5250 in
3450 5190 3788 5250 excedenda

2073 5281 2428 5341 crudelitatis
2456 5282 2733 5341 humanae
2764 5298 3057 5352 mensura,
3090 5283 3363 5353 ignorans
3388 5280 3605 5339 scilicet
3643 5280 3787 5353 quia

2072 5370 2390 5444 pretiosum
2425 5370 2632 5429 nitoris
2657 5371 2948 5445 conspicui
2984 5370 3368 5441 margaritum
3392 5367 3543 5427 vivis
3571 5367 3787 5440 utique

2073 5476 2339 5534 supernae
2382 5459 2747 5519 Hierusalem
2789 5460 3077 5535 lapidibus
3125 5459 3519 5529 inferendum,
3561 5463 3788 5533 quanto

2072 5547 2379 5622 asperioris
2428 5547 2585 5607 limae
2622 5548 2960 5608 scabredine
2998 5548 3089 5609 vel
3138 5548 3333 5608 mallei
3370 5546 3639 5607 tunsione
3683 5561 3787 5619 po-
