4070 6198
217 235 334 297 569

1751 231 1999 292 SEBMO
2038 233 2197 293 XIII.

3627 227 3734 287 570

214 360 386 430 litur,
438 364 598 418 tanto
639 356 972 433 praeclarius
1028 354 1307 414 redditur.
1371 355 1580 414 Aderat
1624 356 1794 431 plane
1841 358 2235 422 su-Aherbas
2289 365 2342 416 et
2398 358 2555 432 ligna
2613 359 2892 433 pomifera
2961 357 3335 431 germinaret,
3391 370 3455 414 ac
3520 356 3733 414 deinde

215 464 442 522 pernus
477 454 532 507 et
571 447 884 506 invisibilis
923 446 1190 516 Arbiter,
1215 446 1316 518 qui
1355 448 1446 504 ad.
1477 463 1599 505 sua
1641 447 1936 520 dispensa-

2026 455 2276 519 segetum
2345 449 2564 508 fructus
2622 450 2866 509 aﬂ‘erret.
2933 449 3164 523 Separat
3212 450 3386 506 etiam
3448 463 3604 507 nunc
3658 447 3732 506 ab

213 537 402 596 tionis
456 537 783 608 arbitrium,
822 541 879 593 et
939 534 1071 592 hinc
1113 550 1322 593 manus
1375 535 1684 608 impiorum
1736 535 1942 594 savire
2024 536 2218 592 electis
2269 537 2390 594 suis
2441 541 2817 612 reproborum
2866 539 3126 597 turbines
3163 536 3634 610 persequentium
3677 543 3734 591 et

211 625 596 699 permitteret,
658 631 713 683 et
755 623 891 702 inde
930 639 1222 695 gemmam
1273 638 1438 681 suam
1484 622 1761 681 inviolata
1806 639 1938 696 pro-

212 713 367 786 pria
403 712 706 771 soliditatis
742 711 1067 785 integritate
1116 719 1385 768 servaret.
1428 710 1538 780 Qui
1581 718 1634 768 et
1684 711 1732 769 si
1783 726 1940 768 mar-

216 803 369 877 tyris
427 804 517 860 sui
587 803 847 860 membra
916 803 1258 859 carnificum
1335 802 1605 860 manibus
1683 802 1934 867 tradidit,

213 895 478 953 animam
529 902 720 951 tamen
781 893 1223 966 inexpugnabili
1274 891 1406 949 ﬁdei
1451 907 1582 949 arce
1623 893 1935 951 subnixam

210 983 511 1042 indefesso
568 981 939 1056 protectionis
1002 997 1123 1040 sua
1195 981 1523 1038 munimine
1600 981 1931 1040 custodivit.

213 1074 340 1132 Nec
377 1074 449 1131 ad
495 1074 601 1132 hoc
649 1089 744 1131 eos
793 1070 1054 1146 permisit
1092 1072 1372 1144 attingere
1413 1070 1564 1144 quod
1621 1071 1846 1141 latebat,
1876 1072 1934 1129 id

213 1161 414 1220 solum
451 1161 534 1218 eis
582 1159 864 1234 objiciens
901 1159 1052 1234 quod
1098 1159 1461 1218 extrinsecus
1505 1162 1850 1234 apparebat;
1881 1168 1934 1218 et

212 1259 496 1328 tanquam
559 1267 727 1325 aqua
799 1250 1030 1323 diluvii,
1090 1266 1280 1308 arcam
1365 1251 1600 1325 quidem
1673 1252 1933 1327 undique

212 1343 651 1415 circumﬂuere,
699 1359 801 1402 nec
846 1349 1034 1401 tamen
1091 1350 1353 1417 poterant
1396 1345 1598 1403 intima
1633 1353 1931 1419 penetrare

209 1434 374 1502 (Gen.
406 1437 530 1502 VII).

289 1523 454 1582 Dicat
502 1524 698 1596 itaque
741 1523 942 1582 beatus
981 1522 1280 1597 Georgius,
1323 1525 1515 1583 dicat:
1561 1551 1586 1576 α
1632 1525 1755 1585 Nisi
1795 1530 1931 1604 quia

211 1613 501 1672 Dominus
552 1619 670 1670 erat
717 1613 776 1670 in
820 1613 1008 1684 nobis,
1059 1630 1193 1672 cum
1251 1615 1620 1687 insurgerent
1668 1617 1932 1676 homines

209 1705 274 1759 in
323 1718 453 1772 nos,
501 1703 739 1761 forsitan
799 1703 966 1761 vivos
1001 1702 1378 1774 deglutissent
1418 1722 1520 1764 nos

210 1802 477 1852 sceretur
530 1794 689 1852 furor
735 1809 937 1853 eorum
980 1794 1288 1853 adversum
1324 1811 1446 1867 nos,
1494 1798 1726 1858 forsitan
1781 1806 1939 1866 velut

207 1897 367 1956 aqua
421 1881 812 1941 absorbuisset
877 1898 979 1941 nos
1039 1887 1209 1950 (Psal.
1255 1891 1486 1954 CXXIII).
1533 1913 1550 1934 -
1595 1889 1734 1948 Hac
1802 1903 1938 1952 sunt

211 1970 488 2028 videlicet
531 1987 724 2045 aqua,
765 1971 835 2028 de
877 1971 1090 2044 quibus
1132 1988 1230 2045 per
1271 1973 1630 2034 Psalmistam
1676 1977 1939 2042 Salvator

208 2063 337 2120 ait:
402 2087 426 2112 α
466 2062 709 2121 Salvum
748 2078 842 2120 me
887 2063 992 2132 fac,
1030 2061 1294 2132 Domine,
1349 2067 1627 2138 quoniam
1683 2071 1937 2132 intrave-

209 2154 357 2205 runt
381 2163 555 2221 aqua
593 2164 782 2222 usque
817 2147 888 2205 ad
934 2148 1186 2206 animam
1227 2165 1412 2208 meam
1455 2154 1618 2224 (Psal.
1653 2160 1758 2230 Xl).
1795 2183 1820 2209 ιι
1867 2163 1938 2220 Et

206 2249 317 2308 per
349 2234 598 2292 Jonam:
657 2259 681 2284 α
716 2235 1012 2311 Projecisti
1067 2251 1176 2304 me,
1213 2237 1424 2310 inquit,
1467 2242 1525 2296 in
1578 2246 1933 2316 profundum

209 2325 272 2380 in
319 2323 490 2382 corde
538 2326 734 2396 maris,
783 2332 838 2381 et
873 2325 1088 2383 ﬂumen
1133 2325 1514 2388 circumdedit
1546 2347 1678 2401 Ine;
1735 2351 1937 2396 omnes

208 2412 474 2486 gurgites
522 2414 626 2480 tui,
682 2421 737 2471 et
789 2415 997 2473 ﬂuctus
1052 2415 1135 2472 tui
1192 2432 1367 2490 super
1427 2434 1519 2477 me
1583 2425 1938 2485 transierunt

209 2505 359 2569 (Jan.
398 2508 485 2570 II).
525 2526 547 2553 ι
600 2503 709 2563 Sed
762 2503 852 2561 his
904 2505 1073 2578 aquis
1132 2511 1187 2561 et
1237 2505 1400 2576 mari,
1448 2508 1619 2580 juxta
1676 2512 1933 2588 Scriptu-

209 2605 336 2647 ram
396 2590 678 2650 Dominus
731 2593 1043 2651 terminum
1099 2592 1514 2668 circumposuit
1563 2603 1737 2666 (Psat.
1790 2609 1932 2673 CIII),

209 2681 355 2752 quia
391 2683 711 2740 secundum
751 2682 1195 2755 dispensationis
1232 2698 1357 2741 sua
1409 2700 1766 2759 mensuram,
1816 2707 1933 2750 non

208 2772 542 2830 secundum
606 2772 995 2844 perve‘rsitatis
1056 2772 1330 2830 humana
1384 2776 1932 2852 concupiscentiam,

213 2860 492 2934 reprobos
516 2860 574 2917 in
609 2859 818 2918 electos
843 2877 980 2919 suos
1010 2861 1219 2919 savire
1247 2863 1546 2934 permittit.

284 2955 440 3014 Hinc
481 2962 566 3014 est
607 2957 765 3015 enim
809 2955 963 3031 quod
1009 2955 1070 3013 in
1118 2957 1325 3014 mundi
1369 2959 1656 3018 nascentis
1694 2961 1933 3019 exordio

2023 627 2489 699 quasi'furentes
2536 637 2750 686 coercet
2804 632 3052 701 impetus
3100 633 3520 701 tempestatum,
3563 641 3729 699 quos,

2022 724 2076 774 et
2103 717 2148 774 si
2171 717 2371 782 furere
2402 735 2587 794 usque
2613 721 2680 777 ad
2733 719 3047 791 inﬂigenda
3079 719 3415 791 corporibus
3449 722 3730 774 tormenta

2021 806 2300 876 concedit,
2359 822 2432 864 ne
2498 815 2685 864 tamen
2753 808 2976 865 animas
3047 806 3277 874 ladant,
3345 806 3560 863 invicta
3632 821 3730 863 eos

2021 903 2190 968 atque
2253 895 2518 968 pervigili
2589 896 2808 953 brachii
2876 897 2968 953 sui
3050 895 3398 968 proiectione
3464 893 3730 961 custodit,

2021 983 2442 1057 quodammodo
2493 982 2692 1040 dicens
2754 983 2893 1041 mari
2944 1003 2954 1040 :
3006 982 3132 1040 Huc
3189 998 3372 1055 usque
3412 983 3629 1048 venies,
3673 985 3730 1036 et

2022 1088 2137 1129 non
2199 1073 2463 1142 [rocedes
2500 1073 2775 1147 amplius,
2815 1081 2869 1130 et
2925 1073 3019 1130 hic
3067 1072 3394 1142 confringes
3441 1076 3728 1128 tumentes

2019 1162 2228 1220 ﬂuctus
2259 1170 2403 1232 tuos,
2433 1178 2499 1220 ac
2539 1165 2586 1220 si
2621 1172 2875 1236 patenter
2906 1164 3075 1233 dicat,
3116 1179 3300 1236 usque
3329 1161 3396 1217 ad
3431 1159 3731 1218 inferenda

2018 1253 2352 1325 corporibus
2381 1261 2434 1310 te
2479 1261 2760 1311 tormenta
2811 1253 3045 1322 relaxo;
3078 1269 3150 1310 ne
3188 1259 3381 1311 autem
3430 1264 3614 1322 usque
3657 1248 3727 1304 ad

2017 1342 2273 1399 animam
2297 1341 2547 1399 cumulis
2577 1342 3098 1399 intumescentibus
3124 1342 3394 1415 proﬂuas,
3423 1339 3564 1413 legis
3588 1353 3730 1395 mea

2017 1429 2120 1488 tibi
2170 1430 2328 1488 littus
2367 1446 2613 1504 oppono,
2660 1439 2723 1488 ut
2761 1431 2900 1488 dum
2948 1432 3129 1488 furori
3173 1432 3458 1489 ﬂuctuum
3490 1437 3725 1487 tuorum

2017 1521 2178 1579 littus
2220 1521 2508 1595 objicitur,
2552 1528 2700 1578 terra
2738 1521 2926 1579 cordis
2965 1521 3035 1578 ad
3083 1520 3423 1595 proferenda
3469 1519 3724 1576 fructum

2015 1613 2275 1687 germina
2306 1613 2482 1671 libera
2516 1612 2898 1686 relinquatur.

1576 1727 1588 1765 :
1637 1723 1770 1766 cum
1816 1708 2000 1785 ira-13
2089 1706 2158 1762 Et
2217 1706 2354 1780 quia
2418 1704 2719 1777 Georgius,
2777 1711 2840 1764 ut
2892 1703 3159 1776 superius
3219 1700 3500 1769 diximus,
3557 1703 3722 1756 terra

2019 1794 2204 1854 cultor
2253 1793 2617 1868 exprimitur,
2664 1801 2812 1851 recte
2850 1795 2959 1851 hoc
2992 1790 3314 1864 allegorica
3352 1789 3552 1860 ﬁgura
3595 1801 3728 1858 my-

2019 1881 2258 1940 sterium
2314 1881 2502 1940 eidem
2561 1880 2894 1938 beatissimo
2945 1877 3186 1951 martyri
3245 1882 3557 1948 coaptatur.
3618 1871 3727 1931 Cui

2019 1971 2254 2044 scilicet,
2293 1979 2347 2029 et
2401 1971 2449 2029 si
2496 1987 2683 2044 usque
2735 1969 2804 2028 ad
2865 1969 3023 2028 littus
3071 1969 3260 2027 carnis
3311 1963 3726 2040 persecutionis

2019 2060 2228 2118 ﬂuctus
2285 2059 2574 2130 efferbuit,
2630 2058 3041 2116 solidissimam
3092 2063 3282 2114 tamen
3339 2054 3551 2112 anima
3601 2056 3727 2126 ejus

2022 2155 2227 2206 terram
2281 2150 2531 2223 procella
2579 2148 2946 2222 tempestuosi
2988 2147 3238 2207 turbinis
3279 2161 3393 2203 non
3447 2143 3723 2210 involvit;

2018 2254 2124 2297 nec
2169 2254 2304 2296 eum
2353 2254 2562 2310 vorago
2610 2239 2793 2312 pelagi
2845 2238 3087 2296 furentis
3117 2235 3410 2294 absorbuit
3449 2232 3551 2305 qui
3605 2232 3728 2304 spei

2017 2344 2140 2386 sua
2167 2328 2482 2386 anchoram
2519 2343 2633 2386 non
2671 2327 2729 2384 in
2771 2329 2954 2401 putris
2993 2343 3182 2385 arena
3221 2322 3534 2382 subsicivio
3574 2322 3724 2394 [suc-

2015 2417 2231 2486 ciduo],
2291 2413 2390 2471 sed
2446 2414 2503 2470 in
2566 2414 2852 2472 soliditate
2908 2423 3083 2489 petra
3137 2428 3271 2486 qua
3326 2409 3590 2467 Christus
3643 2416 3728 2466 est

2016 2506 2065 2576 (Ι
2116 2505 2233 2562 Cor.
2291 2503 2374 2573 X),
2429 2501 2577 2560 ﬁxit.
2634 2503 2785 2560 Hinc
2839 2510 2923 2560 est
2974 2502 3243 2576 profecto,
3297 2497 3452 2572 quod
3503 2495 3725 2554 Veritas

2016 2593 2136 2650 ait:
2183 2616 2206 2641 α
2238 2591 2346 2661 Qui
2395 2592 2561 2649 audit
2615 2592 2790 2651 verba
2846 2607 2970 2649 mea
3029 2598 3084 2648 et
3135 2591 3266 2648 facit
3318 2605 3404 2659 ea,
3463 2585 3728 2644 similabo

2017 2697 2150 2740 eum
2181 2683 2306 2739 viro
2344 2683 2634 2755 prudenti,
2664 2683 2764 2754 qui
2797 2681 3105 2739 adiﬁcavit
3133 2679 3370 2736 domum
3411 2690 3578 2734 suam
3625 2690 3724 2732 su-

2015 2789 2117 2847 pra
2175 2779 2412 2845 petram.
2455 2771 2754 2830 Venerunt
2807 2771 3063 2838 ﬂamina,
3120 2769 3407 2827 ﬂaverunt
3458 2765 3614 2824 venti
3674 2771 3728 2821 et

2015 2863 2382 2936 impegerunt
2416 2860 2475 2918 in
2514 2861 2751 2918 domum
2805 2859 2990 2928 illam,
3038 2864 3091 2916 et
3140 2872 3258 2914 non
3305 2854 3535 2924 cecidit;
3590 2853 3725 2911 fun-

2014 2952 2142 3009 data
2175 2951 2328 3009 enim
2371 2956 2490 3007 erat
2519 2965 2691 3022 supra
2729 2957 2946 3022 petram
2993 2948 3214 3014 (Matth.
3257 2957 3362 3013 VII,
3393 2947 3524 2999 Luc.
3556 2946 3660 3006 VI).
3696 2961 3722 2991 »

215 3060 380 3103 mare
423 3045 578 3104 Deus
615 3027 918 3104 divisit-ab
951 3044 1110 3102 arida
1158 3046 1313 3116 (Gen.
1347 3046 1400 3119 ι).
1447 3045 1596 3114 Quid
1642 3049 1797 3106 enim
1833 3065 1933 3121 per
1954 3040 2163 3121 nVere
2212 3039 2462 3112 insignis
2507 3038 2600 3094 hic
2651 3037 2817 3095 miles
2864 3034 3077 3093 Christi
3116 3049 3287 3108 supra
3329 3039 3543 3105 petram
3569 3027 3723 3121 fidei

211 3133 562 3208 mysterium
596 3150 775 3203 mare,
810 3134 924 3192 nisi
963 3133 1233 3216 reprobos
1267 3135 1553 3205 homines,
1580 3144 1636 3194 et
1670 3118 1933 3196 infideles
1954 3118 1998 3147 υ
2022 3148 2144 3190 sua
2204 3131 2576 3189 fundamenta
2635 3127 2949 3199 constituit,
3009 3127 3113 3200 qui
3176 3122 3430 3216 pramii-
3457 3118 3724 3216 .calestis

208 3207 495 3295 inSinuat,
527 3225 629 3298 qui
665 3225 951 3282 nimirum
975 3207 1225 3298 quadam
1262 3223 1512 3282 carnalis
1560 3224 1782 3298 ingenii
1819 3226 1930 3283 sal-
2021 3220 2234 3279 intuitu
2294 3219 2486 3276 minas
2543 3217 2871 3290 principum
2923 3217 3154 3288 sprevit,
3213 3214 3363 3270 male
3417 3207 3722 3268 blandien-

208 3313 426 3386 sugine
475 3313 688 3385 callidi,
719 3314 818 3371 sed
875 3311 1025 3371 odiis
1068 3328 1134 3370 ac
1190 3310 1238 3370 si
1285 3311 1630 3371 multatibus
1680 3313 1931 3371 invicem
2020 3312 2161 3368 tium
2255 3309 2667 3383 promissiones
2742 3306 2942 3376 irrisit,
3021 3303 3360 3361 carnificum
3443 3306 3723 3358 tormenta

211 3400 602 3460 inveniuntur
651 3415 878 3474 semper
923 3402 1126 3471 amari,
1173 3408 1227 3459 et
1274 3403 1430 3460 velut
1474 3417 1629 3459 mare
1687 3401 1932 3460 diversis
2018 3400 2379 3473 contempsit,
2427 3399 2666 3470 ferrum,
2704 3398 2888 3468 ignes,
2934 3393 3154 3468 gladios
3195 3406 3260 3448 ac
3305 3391 3534 3447 diversa
3585 3403 3724 3459 sup-

215 3490 606 3550 tentationum
662 3491 896 3549 ﬂatibus
955 3491 1376 3561 intumescunt,
1433 3490 1932 3565 cupiditatumque
2018 3489 2325 3564 pliciorum
2419 3501 2628 3560 genera
2720 3483 2950 3542 invicta
3037 3479 3328 3554 patientia
3433 3477 3727 3549 majestate

214 3578 540 3636 carnalium
605 3578 870 3652 procellis
926 3594 993 3636 ac
1053 3580 1488 3652 tempestatibus
1543 3577 1932 3652 quatiuntur?
2014 3578 2273 3638 calcavit.

210 3668 365 3739 Quid
408 3685 543 3728 vero
571 3669 750 3742 arida,
791 3669 904 3728 nisi
943 3669 1198 3728 animam
1230 3669 1491 3743 designat
1541 3669 1755 3726 fontem
1795 3668 1930 3726 ﬁdei
2088 3671 2260 3728 Hunc
2297 3665 2543 3726 caelestis
2582 3663 2803 3723 militia
2855 3662 3209 3728 bellatorem,
3249 3660 3450 3718 fratres
3501 3654 3724 3715 charis-

211 3759 532 3826 sitientem,
564 3759 654 3835 vel
701 3760 770 3817 ad
817 3765 1134 3818 creatorem
1173 3775 1347 3819 suum
1387 3760 1608 3818 ardenti
1647 3759 1930 3818 desiderio
2017 3757 2174 3827 simi,
2205 3771 2318 3813 non
2363 3749 2996 3843 tantum_a(lmiremur_,
3043 3747 3139 3843 sed
3181 3747 3353 3843 etiam
3383 3745 3720 3843 imitemur;

212 3845 313 3903 62
357 3834 630 3923 tanquam
659 3849 971 3910 sitibundis
1009 3850 1278 3910 faucibus
1305 3849 1674 3909 anhelantem
1704 3849 1731 3908 ’Β
1766 3849 1931 3908 Unde
2017 3848 2078 3905 in
2104 3845 2250 3904 illud
2278 3843 2524 3902 caelestis
2561 3841 2759 3916 gloria
2787 3840 3093 3914 pramium
3118 3839 3236 3910 jam
3271 3834 3506 3908 spiritus
3533 3834 3723 3905 erigas

213 3944 274 3996 et
314 3939 582 4012 quadam
627 3942 822 3999 anima
862 3941 966 4000 hac
1016 3942 1107 4000 siti
1161 3941 1402 4001 feliciter
1452 3942 1632 4015 arida,
1675 3948 1931 4000 astuans
2017 3943 2134 4008 tur,
2162 3942 2227 3994 ut
2251 3935 2393 3992 dum
2421 3933 2480 3990 in
2511 3932 2639 4004 ejus
2666 3927 3149 4002 contemplatione
3184 3942 3283 3985 cor
3311 3925 3560 4015 ﬁgimus,
3605 3937 3720 3981 non

219 4025 540 4084 clamavit:
607 4051 626 4079 ι
664 4026 862 4086 Sitivit
913 4028 1108 4088 anima
1165 4045 1290 4087 mea
1337 4030 1406 4088 ad
1463 4012 1644 4088 Deum
1703 4028 1927 4100 vivum,
2015 4038 2378 4092 moveamur,
2409 4029 2605 4079 utrum
2655 4016 2913 4076 mundus
2952 4015 3306 4075 lenocinator
3345 4012 3612 4081 arrideat,
3644 4026 3713 4068 an

213 4116 454 4190 quando
494 4118 721 4175 veniam
762 4126 817 4176 et
845 4120 1128 4194 apparebo
1174 4127 1307 4178 ante
1339 4119 1543 4178 faciem
1575 4119 1927 4187 Dei?(Psal.
2016 4122 2166 4172 certe
2218 4113 2417 4170 minax
2486 4107 2932 4168 adversitatibus
2984 4105 3210 4176 fremat,
3266 4103 3518 4160 dicentes
3585 4116 3721 4159 cum

215 4210 423 4274 XXXI.)
468 4229 494 4256 »
558 4207 646 4264 Ab
694 4207 853 4266 arida
905 4225 1042 4283 ergo
1122 4225 1280 4267 mare
1334 4209 1634 4278 dividitur,
1697 4209 1931 4282 quando
2020 4205 2314 4264 Psalmist
2359 4223 2371 4260 :
2413 4229 2437 4250 «
2481 4203 2640 4262 Sicut
2679 4195 2774 4253 63
2815 4201 3066 4260 tenebra
3111 4198 3255 4273 ejus,
3296 4197 3374 4255 ita
3417 4202 3471 4253 et
3518 4195 3719 4283 lumen

214 4295 373 4354 Deus
417 4297 782 4370 omnipotens
829 4315 861 4356 a
910 4282 994 4356 sei
1021 4299 1338 4358 sitientium
1399 4301 1774 4374 reproborum
1817 4300 1929 4357 im-
2018 4295 2143 4368 ejus
2174 4299 2338 4365 (λίσαι.
2369 4297 2687 4380 CXXXVIII).
2725 4315 2750 4338 »
2794 4289 3142 4380 mandemus
3176 4286 3370 4380 itaque
3407 4299 3531 4353 nos,
3557 4282 3727 4380 juxta

214 4392 387 4460 petus
429 4387 711 4460 reprimit,
746 4396 800 4446 et
837 4394 1113 4463 tanquam
1165 4389 1326 4446 littus
1371 4389 1614 4446 marinis
1657 4387 1931 4446 ﬂuctibus
1959 4444 1998 4463 Α
2022 4382 2188 4440 Pauli
2228 4388 2597 4455 praceptum,
2631 4379 2704 4436 ab
2739 4379 2899 4436 omni
2939 4376 3628 4463 iniquinamento-carnis
3669 4376 3724 4426 et

212 4444 432 4546 objicit,
466 4444 604 4534 dum
641 4444 1637 4535 conatibusjt‘erves‘cen'tisinsania
1803 4444 1928 4532 mo?
1958 4444 2000 4500 ﬂ
2019 4444 2252 4545 spiritus
2292 4473 2369 4537 (II
2403 4444 2520 4527 Cor.
2572 4444 2699 4537 VII),
2741 4473 2804 4524 ut
2850 4467 2912 4522 in
2953 4444 3102 4522 illud
3157 4459 3529 4520 beatitudinis
3577 4464 3725 4546 tem—

211 4563 537 4621 deraminis
582 4564 828 4623 limitem
871 4565 1010 4639 ﬁgit.
1051 4565 1211 4635 Quod
1253 4566 1505 4640 profecto
1543 4565 1644 4622 illa
1681 4565 1781 4622 Dei
1815 4580 1932 4622 vox

212 4648 436 4723 probat,
502 4667 616 4723 qua
670 4651 819 4709 dixit
870 4671 881 4710 :
951 4651 1148 4722 «Quis
1197 4651 1480 4710 conclusit
1533 4650 1694 4709 ostiis
1753 4667 1929 4721 mare,

208 4737 450 4813 quando
486 4740 842 4813 erumpebat,
875 4741 1040 4816 quasi
1077 4744 1150 4799 de
1181 4741 1357 4800 vulva
1403 4741 1766 4816 procedens?
1812 4743 1932 4810 (Job

211 4833 507 4898 XXXVIII.)
542 4829 610 4888 Et
635 4830 808 4904 paulo
837 4837 999 4904 post:
1037 4855 1062 4886 «
1088 4832 1457 4892 Circumdedi
1489 4833 1634 4891 illud
1669 4832 1933 4891 terminis

214 4917 384 4987 meis,
411 4925 468 4975 et
510 4919 673 4992 posui
717 4925 953 4990 vectem,
996 4928 1050 4978 et
1078 4923 1244 4993 ostia,
1274 4931 1328 4980 et
1361 4922 1529 4980 dixi:
1587 4922 1777 4996 Usque
1819 4923 1933 4980 huc

211 5005 434 5074 venies,
479 5014 533 5064 et
572 5023 689 5066 non
733 5009 1002 5082 procedes
1039 5011 1314 5085 amplius,
1355 5017 1409 5068 et
1461 5012 1556 5068 hic
1603 5012 1934 5085 confringes

214 5102 506 5156 tumentes
549 5099 760 5159 ﬂuctus
799 5107 926 5158 tuos
966 5100 1162 5173 (Ibid).
1198 5124 1222 5150 υ
1271 5101 1580 5159 Enimvero
1637 5107 1783 5159 recte
1835 5117 1934 5174 per

214 5201 377 5244 mare
412 5202 512 5244 cor
548 5189 710 5261 pravi
754 5189 1008 5246 hominis
1055 5187 1406 5263 designatur,
1453 5189 1606 5265 quod
1669 5189 1934 5247 videlicet

217 5274 413 5332 furore
459 5282 545 5332 est
586 5277 908 5350 turbidum,
937 5278 1085 5336 rixis
1119 5293 1405 5348 amarum,
1439 5278 1685 5336 elatione
1731 5293 1933 5350 super-

215 5364 332 5422 bia
368 5365 680 5438 tumidum,
720 5367 966 5441 caligine
996 5369 1302 5427 malitiosa
1343 5369 1561 5428 fraudis
1599 5368 1930 5426 obscurum.

215 5451 521 5526 Separavit
571 5469 706 5527 ergo
749 5461 885 5514 tunc
923 5456 1079 5516 Deus
1119 5472 1276 5516 mare
1328 5463 1384 5515 et
1429 5457 1681 5514 minaces
1727 5455 1936 5514 ﬂuctus

210 5540 286 5600 ab
331 5539 715 5602 inundatione
752 5549 919 5604 terra
955 5547 1325 5622 compescuit,
1367 5551 1430 5608 ut
1479 5553 1626 5603 terra
1681 5543 1934 5602 virentes

2017 4544 2203 4634 plum,
2239 4559 2331 4617 cui
2369 4572 2525 4615 nunc
2563 4556 2741 4615 aciem
2776 4552 2988 4610 mentis
3039 4550 3418 4618 intendimus,
3451 4544 3720 4620 quando-

2017 4664 2132 4723 que
2165 4647 2338 4705 etiam
2379 4643 2605 4716 ingredi
2639 4655 2977 4698 mereamur.
3015 4637 3168 4696 Hinc
3215 4644 3299 4694 est
3342 4634 3496 4707 quod
3529 4634 3723 4723 Aaron

2017 4720 2180 4812 prius
2216 4751 2364 4809 aqua
2393 4734 2640 4801 lavatur,
2667 4739 2722 4789 et
2762 4731 2842 4788 sic
2878 4728 3242 4803 postmodum
3287 4720 3720 4812 tabernaculum

2019 4811 2445 4884 sacriﬁcaturus
2473 4821 2799 4897 ingreditur
2832 4821 3030 4889 (Emod.
3067 4820 3244 4886 xxx).
3290 4815 3368 4873 De
3400 4828 3517 4887 quo
3545 4811 3718 4868 nimi-

2020 4931 2151 4974 rum
2182 4917 2326 4973 bene
2355 4913 2425 4972 ad
2461 4911 2695 4987 Moysen
2727 4909 2927 4969 divina
2957 4923 3092 4968 voce
3124 4903 3458 4981 pracipitur
3490 4919 3502 4957 :
3543 4922 3563 4947 α
3599 4899 3719 4956 Tu-

2020 5005 2166 5074 nica,
2218 5004 2432 5079 inquit,
2488 5001 2782 5072 vestietur,
2836 4995 3207 5057 feminalibus
3257 4990 3428 5050 lineis
3476 4987 3723 5046 verenda

2021 5095 2246 5164 celabit,
2305 5078 2633 5165 accingetur
2676 5107 2816 5150 zona
2864 5091 3037 5156 linea,
3077 5085 3319 5146 cidarim
3360 5083 3572 5141 lineam
3615 5078 3726 5135 im-

2023 5189 2192 5258 ponet
2220 5182 2412 5256 capiti.
2445 5181 2582 5239 Hac
2609 5181 2765 5238 enim
2809 5179 3147 5235 vestimenta
3175 5180 3315 5235 sunt
3337 5177 3552 5240 sancta,
3592 5168 3726 5243 qui-

2021 5274 2265 5332 buscum
2341 5271 2494 5330 lotus
2544 5271 2748 5338 fuerat,
2796 5267 3072 5326 induetur
3108 5269 3247 5338 (Leu.
3301 5262 3444 5335 XVI).
3480 5286 3497 5309 ι
3554 5259 3728 5330 Quis-

2021 5363 2154 5436 quis
2179 5360 2334 5417 enim
2366 5358 2424 5415 in
2460 5355 2827 5414 tabernaculo
2868 5352 3101 5424 Christi,
3135 5351 3290 5426 quod
3331 5356 3416 5409 est
3455 5349 3727 5417 Ecclesia,

2021 5447 2394 5520 semetipsum
2443 5443 2558 5501 Deo
2605 5443 2922 5501 sacriﬁcare
2977 5441 3291 5510 contendit,
3343 5455 3575 5498 necesse
3625 5447 3729 5508 est,

2023 5547 2087 5602 ut
2134 5545 2439 5613 postquam
2483 5532 2709 5592 lavacro
2755 5531 2900 5592 sacri
2951 5533 3124 5592 fontis
3179 5531 3456 5603 abluitur,
3489 5527 3732 5586 diversis
