4070 6198
346 258 446 319 571
963 261 1022 320 8.
1065 261 1287 323 PETRI
1324 261 1647 322 DAMIANI
1684 261 1841 322 OPP.
1887 262 2078 324 PARS
2119 261 2261 323 SEU
2299 261 2550 322 TOMUS
2589 262 2663 323 II.
2708 296 2776 312 -
2815 261 3229 324 SERMONES.
3743 264 3854 324 572

345 387 519 447 etiam
572 389 854 448 virtutum
909 389 1167 449 vestibus
1218 389 1512 462 induatur,
1573 390 1720 450 sicut
1765 389 2394 466 scriptumAredemit,
2429 388 2597 448 Jesus
2645 389 2908 450 Christus
2959 390 3244 449 Dominus
3298 392 3509 462 noster,
3557 390 3660 463 qui
3715 405 3850 450 cum

347 483 432 534 est
487 496 500 536 :
559 500 585 528 σι
635 476 963 536 Sacerdotes
1017 478 1100 536 tui
1169 479 1492 538 induantur
1541 479 1826 554 justitiam
1875 483 2050 548 (Psal.
2133 479 2252 539 Deo
2292 479 2455 537 Patre
2487 484 2542 536 et
2583 477 2804 552 Spiritu
2831 485 3024 539 sancto
3053 478 3202 538 vivit
3229 483 3286 537 et
3317 483 3517 554 regnat
3551 479 3614 538 in
3638 481 3853 540 sacula

348 572 590 636 CXXXI),
621 588 650 621 »
705 574 990 642 quatenus
1035 567 1136 640 qui
1188 568 1246 625 in
1291 568 1515 626 Christo
1551 584 1650 641 per
1700 569 2051 642 baptismum
2134 567 2508 627 saculorum.
2536 568 2748 626 Amen.

350 671 538 715 novus
573 658 743 714 homo
789 655 1126 726 renascitur,
1172 673 1290 715 non
1325 659 1446 731 jam
1487 657 1758 730 pelliceas
1809 659 2050 729 tunicas,
2778 654 3024 716 SERMO
3055 655 3213 718 XIV.

353 745 714 804 mortalitatis
770 744 1032 802 videlicet
1087 745 1307 804 indices
1357 748 1580 810 vestiat.
1639 747 1738 805 sed
1797 748 2053 821 deposito
2359 760 2399 806 I.
2426 761 2498 806 DE
2525 762 2572 806 s.
2607 759 2806 807 MARCO
2833 759 3257 806 EVANGELISTA.
3289 751 3443 817 (XXV
3472 753 3631 816 APR.)

349 834 527 892 veteri
568 833 800 891 homine
839 849 1054 891 novum
1097 834 1320 904 induat,
1357 844 1411 893 et
1450 836 1508 893 in
1556 853 1621 894 eo
1669 853 1770 910 per
1816 837 2053 895 munda
2203 839 2404 908 Hodie,
2446 837 2831 905 dilectissimi,
2881 837 3042 896 velut
3079 837 3362 910 pretiosus
3401 843 3575 910 atque
3615 839 3853 913 conspi-

347 921 798 981 conversationis
844 923 1104 980 studium
1147 924 1458 982 innovatus
1513 925 1687 982 vivat.
1735 924 1805 982 Et
1844 931 2049 982 notau-
2133 945 2276 988 cuus
2329 943 2520 986 coram
2575 927 2762 985 oculis
2813 928 3026 984 nostris
3079 941 3222 984 auro
3291 926 3542 984 radianti
3593 927 3856 1000 beryllus

345 1013 490 1071 dum
535 1013 691 1086 quod
724 1027 924 1070 omnes
971 1012 1089 1070 illa
1149 1020 1333 1071 vestes
1395 1014 1566 1071 linea
1621 1013 2049 1083 discribuntur;
2132 1019 2507 1092 imprimitur,
2579 1016 2720 1075 dum
2796 1016 3167 1074 illucescente
3255 1015 3404 1073 beati
3481 1016 3854 1086 evangelista

347 1102 537 1161 linum
595 1101 808 1176 quippe
862 1101 933 1159 ad
990 1102 1296 1159 candorem
1352 1119 1484 1160 cum
1541 1102 1732 1160 labore
1787 1103 2045 1175 perduci-
2135 1106 2310 1166 Marci
2347 1105 2726 1174 solemnitate,
2767 1105 3032 1177 paschale
3075 1103 3242 1162 nobis
3273 1103 3557 1174 gaudium
3583 1105 3854 1177 gemina-

350 1198 464 1260 tur,
513 1195 568 1247 et
620 1189 905 1248 virtutum
960 1191 1074 1248 vita
1120 1207 1235 1248 non
1293 1190 1615 1266 acquiritur
1670 1191 1778 1249 sub
1831 1199 2054 1266 torpore
2136 1203 2248 1258 tur.
2303 1197 2372 1254 Et
2425 1204 2555 1269 apte
2608 1196 2779 1264 satis,
2835 1194 2976 1252 dum
3025 1201 3218 1252 sancta
3270 1192 3520 1251 Ecclesia
3574 1191 3638 1249 in
3692 1192 3858 1250 festis
3951 1201 3970 1214 ’

345 1281 601 1353 desidia,
659 1281 756 1340 sed
809 1282 873 1340 in
929 1281 1228 1341 laboriosa
1287 1281 1476 1355 potius
1549 1281 1824 1340 exercitio
1879 1281 2052 1340 disci-
2133 1286 2324 1345 adhuc
2374 1283 2741 1359 paschalibus
2794 1291 3139 1358 perseverat,
3174 1283 3376 1341 beatus
3407 1282 3504 1340 hic
3547 1281 3641 1339 vir
3667 1281 3856 1339 felici-

345 1371 540 1446 plina.
1344 1413 1350 1418 -
2134 1383 2219 1433 ter
2274 1374 2548 1432 transiit:
2611 1373 2750 1446 quia
2799 1387 2900 1446 per
2953 1371 3217 1447 martyrii
3262 1371 3515 1445 palmam
3571 1369 3855 1429 saculum

419 1460 710 1519 Puril‘icati
748 1459 942 1534 igitur,
971 1460 1353 1531 dilectissimi,
1387 1477 1488 1534 per
1517 1461 1654 1520 novi
1696 1461 2053 1534 baptismatis
2135 1465 2244 1524 hoc
2295 1464 2454 1522 triste
2510 1463 2781 1533 deseruit,
2841 1469 2896 1519 et
2951 1461 3326 1536 triumphalis
3384 1459 3587 1533 gloria
3655 1459 3860 1518 titulos

346 1558 792 1620 sacramentum,
846 1550 1158 1608 induamur
1207 1567 1310 1610 nos
1361 1551 1516 1609 linea
1568 1552 1780 1622 tunica,
1815 1557 1874 1609 ut
1924 1566 2054 1608 can-
2134 1551 2486 1627 hymnidicis
2523 1551 2866 1625 angelorum
2905 1550 3095 1609 choris
3135 1549 3318 1610 victor
3353 1549 3646 1609 laureatus
3693 1547 3862 1606 inve-

348 1639 454 1696 dor
516 1653 622 1696 nos
672 1645 883 1697 sancta
925 1640 1376 1698 conversationis
1420 1648 1679 1698 exornet.
1735 1639 2051 1698 Feminali-
2135 1642 2240 1700 xit.
2275 1641 2450 1699 Porro
2477 1646 2672 1700 autem
2703 1640 2853 1698 sicut
2877 1646 3128 1714 quatuor
3153 1639 3398 1698 ﬂumina
3439 1653 3514 1695 ex
3543 1653 3665 1697 uno
3694 1651 3865 1712 para.

347 1729 459 1787 bus
484 1729 736 1818 verenda
761 1737 1046 1802 tegantur,
1080 1737 1144 1788 ut
1170 1730 1309 1788 dum
1350 1731 1608 1789 honesta
1650 1731 1786 1788 vita
1825 1736 2054 1803 tegmen
2079 1730 2252 1818 Bdisi
2307 1731 2461 1788 fonte
2511 1728 2848 1804 procedunt,
2913 1743 3045 1802 qua
3103 1727 3276 1786 totius
3302 1726 3542 1818 “mundi
3594 1726 3861 1818 partibus

345 1817 685 1887 assumitur,
716 1820 1135 1891 prateritorum
1181 1819 1495 1878 criminum
1534 1826 1664 1880 ante
1709 1821 1811 1878 Dei
1860 1821 2057 1880 oculos
2081 1814 2117 1818 ⁷
2141 1819 2414 1888 inﬂuunt,
2457 1819 2537 1876 ita
2577 1819 2728 1877 beati
2777 1823 3030 1893 quatuor
3074 1815 3452 1889 evangelista
3489 1815 3561 1874 de
3601 1814 3858 1884 Christo,

348 1906 642 1979 turpitudo
667 1907 906 1965 celetur.
941 1908 1102 1966 Unde
1130 1907 1315 1966 David
1347 1929 1357 1967 :
1400 1933 1425 1960 α
1454 1909 1635 1978 Beati,
1667 1909 1879 1982 inquit,
1907 1924 2056 1983 quo-
2140 1908 2242 1982 qui
2281 1908 2409 1966 fons
2449 1908 2604 1977 vita,
2632 1915 2687 1965 et
2723 1908 2884 1979 origo
2932 1914 3015 1965 est
3061 1906 3380 1980 sapientia,
3419 1904 3587 1979 quasi
3615 1904 3858 1962 totidem

346 2010 478 2054 rum
515 1996 771 2055 remissa
799 2007 932 2055 sunt
971 1998 1328 2073 iniquitates,
1361 2007 1416 2058 et
1453 2015 1705 2074 quorum
1741 2006 1881 2058 tecta
1920 2009 2057 2057 sunt
2139 1998 2395 2071 gurgites
2429 1998 2744 2069 proﬂuunt,
2788 2003 2843 2054 et
2885 1997 3104 2054 arentia
3149 1996 3542 2053 humanorum
3591 1993 3860 2052 cordium

343 2093 572 2157 peccata
641 2091 803 2158 (Psal.
864 2090 1062 2160 XXXI).
1125 2114 1147 2140 η
1213 2089 1368 2147 Zona
1417 2090 1660 2164 insuper
1713 2090 1865 2147 linea
1915 2104 2055 2148 con-
2139 2101 2278 2142 arva
2314 2084 2590 2143 doctrina
2629 2100 2751 2143 sua
2789 2084 3022 2143 ﬂuentis
3061 2082 3402 2142 infundunt.
3433 2081 3598 2140 Unde
3627 2081 3717 2138 vir
3749 2078 3860 2138 Sa-

343 2173 721 2247 stringamur,
780 2177 954 2250 capiti
1003 2193 1236 2251 quoque
1302 2177 1511 2236 cidaris
1579 2179 1934 2252 imponatur,
1991 2185 2056 2236 ut
2139 2174 2304 2246 piens
2347 2187 2482 2232 cum
2523 2171 2940 2245 pramisisset:
2997 2191 3026 2224 «
3062 2169 3263 2229 Posuit
3291 2169 3474 2228 David
3506 2184 3682 2244 puero
3742 2182 3859 2227 suo

339 2263 639 2336 praecincti
705 2264 766 2322 in
822 2265 1062 2322 veritate
1115 2264 1344 2324 lumbos
1418 2266 1647 2339 mentis,
1685 2275 2054 2341 protegamur
2138 2261 2390 2320 excitare
2427 2275 2622 2333 regem
2663 2275 2739 2318 ex
2785 2259 2911 2333 ipso
2964 2258 3370 2330 fortissimum,
3424 2265 3478 2316 et
3533 2258 3593 2314 in
3643 2256 3859 2314 throno

340 2351 504 2423 galea
551 2367 651 2425 spe
690 2353 912 2412 salutis.
948 2353 1060 2424 Sic,
1106 2355 1188 2412 sic
1224 2355 1509 2413 nimirum
1559 2363 1613 2414 et
1665 2359 1872 2415 veteris
1920 2374 2052 2430 pec-
2143 2351 2378 2409 honoris
2432 2351 2725 2409 sedentem
2770 2349 2834 2407 in
2873 2349 3314 2423 sempiternum,
3373 2368 3402 2402 Io
3456 2354 3663 2420 prasto
3708 2345 3859 2404 sub-

341 2440 450 2497 cati
482 2439 746 2512 squalore
787 2442 1034 2514 purgati,
1069 2449 1123 2499 et
1163 2458 1328 2500 nova
1371 2445 1825 2503 conversationis
1867 2445 2052 2502 nitore
2136 2439 2336 2513 junxit
2385 2462 2398 2497 :
2449 2464 2476 2489 ‹‹
2506 2437 2617 2507 Qui
2657 2437 2861 2510 implet
2907 2438 3074 2512 quasi
3126 2437 3341 2495 Phison
3387 2436 3754 2509 sapientiam,
3805 2439 3866 2493 et

340 2528 655 2600 conspicui,
687 2528 862 2602 digne
898 2529 1258 2588 celebramus
1297 2531 1562 2604 paschale
1595 2534 1954 2606 mysterium,
1998 2540 2052 2591 et
2142 2529 2287 2586 sicut
2315 2527 2506 2601 Tigris
2546 2529 2607 2584 in
2642 2525 2849 2584 diebus
2889 2541 3199 2595 novorum,
3231 2524 3336 2600 qui
3382 2523 3658 2597 adimplet
3682 2522 3864 2596 quasi

341 2618 642 2679 beatorum
680 2630 999 2695 martyrum
1044 2623 1320 2681 veraciter
1357 2624 1658 2681 imitamur
1686 2625 2045 2698 exemplum.
2142 2618 2464 2691 Euphrates
2509 2632 2772 2688 sensum,
2811 2617 2914 2692 qui
2969 2615 3313 2689 multiplicat
3362 2614 3528 2691 quasi
3587 2612 3866 2672 Jordanis

345 2708 460 2766 Nec
509 2710 843 2783 desperctis,
889 2713 1089 2769 fratres
1133 2712 1266 2782 mei,
1296 2711 1425 2770 licet
1469 2712 1660 2770 adhuc
1704 2711 1944 2781 inﬁrmi,
1978 2713 2050 2770 li-
2137 2706 2199 2763 in
2259 2714 2510 2780 tempore
2559 2705 2759 2764 messis
2789 2751 2804 2775 ,
2858 2705 2960 2780 qui
3035 2704 3210 2762 mittit
3268 2704 3632 2777 disciplinam
3703 2703 3868 2761 sicut

342 2806 426 2854 cet
485 2800 873 2859 exterioribus
928 2801 1180 2858 fortassis
1229 2801 1418 2858 adhuc
1473 2801 1697 2859 actibus
1748 2803 2046 2874 implicati,
2139 2793 2896 2868 lucem,etassistensquasi
2915 2794 3191 2854 Gehonin
3211 2792 3307 2852 die
3331 2792 3639 2851 vindemia
3661 2795 3864 2862 (Ecca.

343 2903 459 2946 non
501 2889 814 2963 desperetis
859 2890 930 2947 ad
979 2897 1300 2961 martyrum
1347 2905 1447 2948 vos
1486 2891 1840 2949 consortium
1871 2892 2048 2962 perti-
2135 2890 2327 2957 XXIV).
2362 2911 2388 2935 »ι
2421 2885 2573 2944 Hinc
2607 2885 2783 2943 etiam
2821 2885 2995 2958 paulo
3023 2890 3149 2956 post
3177 2885 3258 2942 ait
3290 2902 3306 2941 :
3362 2904 3384 2934 ι
3418 2881 3538 2954 Ego
3573 2881 3865 2954 sapientia

342 2991 500 3045 nere,
542 2979 642 3051 qui
690 2985 1011 3053 martyrum
1055 2977 1323 3049 victorias
1376 2994 1476 3037 vos
1520 2979 1926 3052 recognoscitis
1973 2995 2046 3037 ex
2134 2974 2312 3033 eﬂ‘udi
2340 2973 2621 3042 ﬂumina;
2663 2989 2768 3046 ego
2800 2973 2966 3047 quasi
2996 2980 3208 3032 trames
3233 2987 3402 3048 aqua
3450 2971 3755 3028 immensa
3788 2971 3865 3029 de

340 3064 508 3122 corde
546 3065 805 3138 diligere.
857 3065 1125 3140 Quinque
1180 3072 1330 3124 certe
1374 3065 1658 3141 Salphaad
1714 3066 1852 3124 ﬁlia
1896 3063 2334 3141 internﬂuvio,
2381 3077 2486 3136 ego
2537 3063 2705 3136 quasi
2764 3062 2981 3122 ﬂuvius
3028 3063 3212 3120 Dorix
3265 3059 3531 3134 [Diorix),
3589 3065 3644 3116 et
3701 3057 3866 3118 sicut

342 3153 546 3212 fratres
592 3116 729 3213 sucos
789 3116 1108 3214 noscuntur
1172 3116 1586 3227 hareditatem,
1646 3156 1840 3230 Moyse
1907 3116 2510 3229 con-caquaductus
2547 3151 2707 3212 exivi
2743 3150 2813 3209 de
2852 3151 3137 3225 paradiso.
3173 3151 3308 3209 Dixi
3343 3169 3356 3208 :
3390 3147 3612 3221 Bigabo
3649 3163 3864 3207 meum

338 3241 628 3313 stituente,
666 3245 879 3303 sortita
917 3247 1094 3317 (Num.
1144 3259 1320 3304 XXVII
1374 3252 1429 3302 et
1477 3247 1734 3318 XXXVI);
1788 3247 2048 3321 quinque
2135 3245 2368 3302 hortum
2411 3235 2878 3315 plantationum,'
2907 3248 2964 3298 et
3008 3239 3306 3299 inebriabo
3355 3239 3499 3312 patri
3561 3237 3676 3296 mei
3719 3238 3866 3296 fru-

339 3329 621 3391 nimirum
660 3339 716 3392 et
756 3332 1015 3406 femina,
1066 3341 1132 3393 ut
1183 3351 1282 3408 per
1342 3335 1678 3411 quinarium
1735 3350 2045 3393 numerum
2133 3341 2291 3392 ctum
2345 3333 2548 3404 (Ibid).
2605 3351 2634 3384 »
2698 3329 2960 3390 Christus
3019 3330 3213 3404 itaque
3267 3329 3545 3403 sapientia
3615 3325 3862 3398 Patris,

332 3421 583 3480 exterior
611 3424 923 3497 occupatio,
957 3439 1061 3496 per
1097 3424 1442 3484 muliebrem
1486 3441 1623 3483 vero
1654 3441 1860 3483 sexum
1889 3425 2048 3482 intir-
2133 3425 2235 3499 qui
2274 3425 2345 3482 de
2381 3422 2644 3497 paradiso
2682 3437 2784 3495 per
2824 3422 3167 3495 mysterium
3207 3426 3523 3493 assumpta
3570 3418 3861 3478 humani-

334 3509 502 3568 mitas
533 3512 883 3585 designetur.
923 3514 1196 3572 Jonathas
1227 3531 1464 3588 quoque
1512 3515 1574 3573 in
1609 3515 1858 3589 quodam
1895 3515 2048 3573 inter
2135 3515 2262 3573 tatis
2309 3513 2512 3584 exivit,
2568 3514 2802 3571 hortum
2844 3527 3044 3582 suum,
3091 3511 3148 3570 id
3197 3517 3303 3582 est,
3348 3517 3603 3570 sanctam
3647 3505 3858 3566 Eccle-

335 3607 650 3674 utrumque
688 3604 1010 3662 meditullio
1058 3605 1298 3677 positus,
1331 3622 1434 3664 nec
1475 3621 1609 3664 cum
1652 3605 2045 3664 Saulreman-
2133 3605 2299 3677 siam,
2346 3620 2448 3678 per
2494 3609 2740 3676 quatuor
2786 3602 3190 3676 evangelistas,
3233 3608 3511 3676 tanquam
3563 3614 3663 3673 per
3713 3599 3856 3657 toti-

334 3690 408 3748 sit
464 3692 526 3749 in
569 3693 756 3765 malis,
805 3709 910 3752 nec
948 3694 1128 3752 David
1187 3695 1533 3770 aquiparari
1579 3696 1764 3768 potuit
1811 3711 2048 3769 prorsus
2131 3695 2263 3752 dem
2299 3694 2543 3753 caelestis
2589 3694 2864 3753 doctrina
2903 3693 3132 3763 ﬂuvios,
3171 3692 3451 3765 irrigavit.
3500 3691 3660 3748 Inter
3700 3705 3861 3762 quos

333 3779 394 3836 in
427 3779 592 3839 bonis
641 3785 688 3855 (Ι
713 3788 842 3854 Reg.
889 3797 1060 3855 XVIII,
1094 3798 1204 3844 XIX
1246 3792 1301 3844 et
1344 3790 1472 3858 XX).
1507 3785 1617 3844 Sed
1670 3787 1808 3861 quia
1842 3785 2048 3844 dilecto
2130 3785 2415 3848 nimirum
2457 3785 2659 3843 beatus
2701 3784 2926 3843 Marcus
2963 3783 3124 3842 velut
3169 3781 3370 3842 Gehon
3416 3779 3759 3854 perspicuus
3788 3795 3858 3840 ac

334 3864 434 3924 Dei
480 3868 780 3944 Propheta
819 3873 926 3930 fuit
965 3873 1209 3943 amicus,
1253 3881 1308 3932 et
1347 3876 1418 3933 de
1465 3875 1660 3932 futuro
1707 3875 1832 3948 ejus
1881 3875 2044 3948 gavi-
2131 3891 2312 3948 purus
2346 3881 2583 3944 eructat,
2625 3880 2681 3932 et
2727 3875 3013 3933 humanas
3053 3878 3275 3932 mentes
3315 3870 3600 3930 salutiferi
3653 3871 3858 3930 mado-

334 3973 436 4016 sus
492 3966 577 4017 est
620 3961 868 4019 fraterna
911 3963 1265 4034 benignitate
1319 3980 1605 4035 successu,
1659 3965 1749 4038 pie
1797 3965 2049 4024 creditur
2131 3964 2210 4023 ris
2247 3964 2629 4023 inundatione
2680 3963 2966 4022 fecundat.
3017 3961 3152 4033 Qui,
3183 3961 3352 4034 juxta
3392 3960 3710 4034 Scriptura
3757 3976 3852 4020 se-

331 4047 404 4105 ab
431 4051 557 4122 ejus
594 4052 880 4110 consortio
922 4069 1078 4112 nunc
1117 4054 1179 4111 in
1215 4054 1418 4129 spiritu
1468 4070 1583 4113 non
1636 4070 1758 4113 esse
1796 4054 2048 4128 divisus,
2130 4054 2296 4126 riem,
2327 4053 2534 4112 circuit
2573 4067 2806 4112 omnem
2845 4059 3056 4112 terram
3102 4050 3414 4124 [Ethiopia
3464 4051 3612 4118 (Gen.
3669 4052 3756 4119 II),
3789 4049 3850 4108 id

331 4135 426 4192 cui
480 4137 621 4196 dum
676 4139 738 4195 in
787 4155 957 4198 carne
1017 4140 1256 4211 viveret,
1311 4141 1668 4200 unanimiter
1712 4141 1932 4200 exstitit
1985 4143 2047 4200 in
2129 4149 2233 4214 est,
2287 4142 2728 4202 universitatem
2800 4139 3202 4215 complectitur
3269 4138 3542 4198 Ecclesia
3590 4138 3851 4211 peccatis

330 4237 525 4282 amore
553 4241 658 4284 con
661 4226 921 4300 junctus.
2127 4231 2589 4306 pracedentibus
2613 4231 2949 4305 denigrata.
2977 4231 3060 4289 De
3091 4230 3259 4304 cujus
3287 4227 3599 4302 [Ethiopia
3626 4228 3851 4300 populo

403 4310 516 4370 Nos
569 4321 806 4386 autem,
866 4315 1260 4388 dilectissimi,
1311 4319 1412 4393 qui
1464 4319 1854 4392 exagitantem
1905 4319 2043 4380 Saul
2127 4338 2228 4396 per
2279 4323 2614 4396 prophetam
2666 4321 2952 4381 Dominus
3007 4320 3146 4379 dicit
3209 4337 3224 4378 :
3282 4342 3310 4371 ι
3361 4318 3519 4378 Ultra
3583 4319 3845 4378 ﬂumina

330 4403 600 4477 spiritum
644 4407 880 4476 malum,
926 4409 1250 4468 auxiliante
1294 4410 1428 4478 Deo,
1472 4417 1595 4484 post
1635 4416 1790 4483 terga
1824 4411 2099 4486 dimisi-_
2130 4401 2460 4486 Ethiopia,
2504 4411 2642 4470 inde
2687 4413 2972 4486 supplices
3019 4411 3130 4470 mei
3174 4411 3430 4484 (Sophon.
3477 4409 3579 4480 III).
3617 4429 3643 4459 ι
3697 4406 3849 4477 Qua

327 4475 459 4551 mus
499 4497 547 4564 (Ι
580 4499 711 4566 Reg.
756 4501 920 4570 XVI);
965 4498 1084 4556 imo
1122 4499 1222 4574 qui
1264 4475 1582 4559 Pharaonis
1611 4475 1932 4560 exercitum
1981 4475 2302 4561 inDetiam
2333 4475 2848 4576 'persecutionibus
2905 4516 3101 4576 pressa
3157 4475 3296 4558 dicit
3369 4500 3431 4557 in
3502 4475 3760 4556 Canticis
3828 4517 3842 4552 :

326 4582 472 4639 mari
517 4583 714 4642 Rubro
763 4585 1091 4645 demersum
1152 4590 1345 4660 (Emod.
1405 4592 1591 4661 XVIII),
1623 4605 1726 4663 per
1767 4591 2033 4648 virtutem
2127 4613 2153 4642 α
2182 4591 2358 4664 Nigra
2400 4607 2552 4662 sum,
2599 4591 2698 4649 sed
2747 4590 3013 4649 formosa.
3059 4611 3086 4644 ››
3131 4589 3202 4648 Ει
3241 4589 3413 4662 paulo
3445 4591 3617 4662 post:
3673 4608 3699 4635 ι
3729 4585 3852 4642 No-

323 4673 663 4731 sacramenti
722 4675 1025 4748 paschalis,
1085 4677 1397 4747 evasimus,
1452 4693 1555 4751 pro
1607 4680 1797 4736 carnis
1847 4685 2034 4738 tamen
2122 4681 2218 4738 lite
2242 4697 2331 4740 me
2359 4680 2723 4740 considerare
2750 4680 2907 4754 quod
2945 4681 3104 4738 fusca
3142 4679 3276 4749 sim,
3306 4677 3444 4754 quia
3481 4674 3847 4736 decoloravit

324 4758 421 4816 64
460 4762 794 4823 inﬁrmitate
839 4767 1027 4826 adhuc
1073 4784 1373 4826 versamur
1417 4770 1478 4827 in
1518 4786 1731 4840 eremo,
1784 4775 2036 4828 transea-
2125 4787 2216 4829 me
2257 4771 2338 4829 sol
2389 4773 2562 4842 (Cant.
2626 4774 2682 4843 1).
2725 4792 2745 4821 ι
2811 4768 2922 4829 Sed
2971 4770 3203 4828 eosdem
3260 4775 3486 4827 sanctos
3535 4765 3844 4839 evangeli-

323 4867 457 4910 mus
493 4855 564 4911 ad
604 4855 737 4912 vita
774 4857 1223 4928 perfectionem,
1274 4858 1341 4915 ad
1389 4866 1595 4915 terram
1639 4857 1854 4917 scilicet
1895 4859 2037 4916 lacte
2121 4868 2252 4932 stas,
2305 4878 2450 4936 quos
2499 4862 2725 4935 Moyses
2764 4861 3010 4921 ﬂumina
3058 4876 3158 4934 per
3197 4859 3403 4934 typica
3446 4855 3703 4917 historia
3746 4873 3847 4915 se-

323 4948 379 4997 et
413 4942 580 5000 melle
612 4951 963 5002 manantem.
999 4945 1227 5016 Egressi
1267 4946 1335 5003 de
1369 4945 1654 5016 Sodomis,
1691 4964 1808 5006 non
1838 4949 1898 5006 in
1932 4950 2035 5007 Se-
2123 4953 2266 5010 riem
2314 4957 2508 5008 narrat
2539 4975 2552 5007 :
2598 4950 2863 5009 Ezechiel
2891 4947 2987 5005 65
3018 4950 3295 5024 propheta
3325 4950 3435 5008 sub
3461 4948 3844 5006 diversorum

321 5045 424 5102 gor
477 5031 699 5090 diutius
758 5033 1159 5103 immoremur,
1213 5035 1310 5091 sed
1372 5036 1612 5105 liberati,
1670 5052 1802 5094 cum
1865 5038 2030 5108 Loth,
2118 5037 2462 5096 animalium
2507 5039 2695 5111 specie
2743 5054 2805 5096 se
2836 5038 3050 5097 vidisse
3099 5037 3438 5112 pronuntiat
3481 5061 3492 5094 :
3548 5057 3575 5090 «
3613 5034 3846 5095 Simili-

321 5120 534 5177 montis
596 5121 871 5178 verticem
927 5121 1186 5180 celeriter
1257 5125 1635 5183 ascendamus
1695 5127 1844 5198 (Gen.
1907 5127 2033 5197 XIX)
2121 5127 2278 5196 tudo,
2309 5127 2516 5200 inquit,
2555 5127 2752 5186 vultus
2789 5143 2988 5187 eorum
3031 5128 3204 5187 facies
3231 5123 3531 5196 hominis;
3568 5131 3626 5184 et
3655 5123 3847 5183 facies

321 5215 606 5281 quatenus
665 5211 766 5283 qui
821 5211 970 5269 inter
1026 5212 1147 5286 ipsa
1201 5213 1447 5271 tirocinii
1503 5213 1854 5287 rudimenta,
1911 5216 2032 5287 jam
2119 5215 2302 5274 leonis
2345 5232 2379 5273 a
2425 5216 2647 5275 dextris
2687 5216 2949 5290 ipsorum
2979 5221 3246 5290 quatuor,
3282 5220 3338 5272 et
3387 5213 3564 5272 facies
3604 5212 3846 5271 bovisa

321 5299 618 5356 beatorum
673 5308 997 5375 martyrum
1056 5303 1337 5377 capimus
1389 5306 1640 5377 gaudere
1695 5307 2025 5379 triumphis,
2118 5307 2368 5366 sinistris
2411 5307 2668 5381 ipsorum
2712 5313 2976 5383 quatuor,
3011 5311 3066 5364 et
3109 5306 3284 5364 facies
3325 5303 3542 5378 aquila
3578 5301 3842 5374 desuper

320 5388 670 5464 quandoque
710 5391 780 5446 ad
838 5391 945 5448 hoc
991 5391 1165 5449 etiam
1205 5393 1612 5466 provehamur,
1649 5402 1711 5453 ut
1741 5396 2030 5455 discamus
2118 5398 2377 5470 ipsorum
2426 5405 2674 5471 quatuor
2724 5399 2935 5470 (Ezech.
2985 5397 3041 5468 Ι).
3072 5416 3100 5450 »
3159 5396 3317 5454 Inter
3370 5409 3501 5467 qua
3561 5390 3846 5450 videlicet

319 5487 374 5538 et
403 5479 511 5552 ipsi
555 5480 909 5555 triumphare
937 5497 1069 5540 cum
1118 5485 1346 5541 sanctis.
1378 5484 1447 5542 Et
1495 5485 1616 5557 ipse
1647 5485 1719 5543 sit
1755 5486 2029 5546 fortitudo
2115 5486 2390 5545 animalia
2428 5487 2630 5548 beatus
2674 5487 2903 5546 Marcus
2946 5485 3199 5545 secundo
3237 5483 3360 5543 loco
3406 5481 3631 5558 positus
3657 5479 3842 5538 inve-

322 5574 515 5629 nostra
555 5569 697 5628 dum
754 5573 1014 5644 protegit,
1065 5574 1164 5649 qui
1216 5573 1396 5631 factus
1440 5581 1524 5632 est
1572 5574 1838 5647 pretium,
1893 5592 2026 5636 cum
2117 5578 2297 5650 nitur,
2349 5581 2488 5653 quia
2539 5579 2722 5638 leonis
2774 5579 2974 5639 faciem
3023 5578 3241 5638 habere
3270 5574 3630 5635 describitur.
3674 5571 3839 5630 Nam
