4070 6198
125 248 223 308 573

1646 246 1896 308 SERMO
1934 246 2088 307 XIV.

3520 251 3625 310 574

123 371 256 447 quia
295 387 326 428 a
360 368 610 429 clamore
647 369 805 430 vocis
838 370 900 428 in
933 369 1156 430 deserto
1204 385 1376 429 suum
1405 370 1604 445 incipit
1651 371 2140 434 Evan-Acautius
2193 371 2284 429 vel
2340 349 2979 448 circumspectius'per
3047 373 3229 432 alium
3300 373 3618 446 quemlibet

120 461 356 538 gelium,
412 467 562 520 recte
618 462 801 520 leonis
859 462 1091 520 sortitus
1143 469 1228 518 est
1279 461 1548 534 speciem.
1612 461 1725 520 Sed
1782 462 1829 520 si
1905 477 2079 535 quam
2136 477 2233 533 per
2276 477 2338 519 os
2380 462 2526 519 beati
2576 463 2750 521 Marci
2797 465 2974 523 fuisse
3021 464 3311 536 locutum,
3366 462 3505 521 adeo
3558 470 3622 522 ut

119 551 405 609 subtiliter
433 549 556 624 ipsa
597 549 901 622 Evangelii
940 550 1064 620 ejus
1107 550 1268 623 origo
1306 549 1700 623 perpenditur,
1733 564 1828 606 or-

116 641 474 699 dinatissima
503 640 685 699 sancti
728 639 976 714 Spiritus
1015 641 1074 698 in
1118 657 1185 698 eo
1213 641 1565 714 dispensatio
1605 639 1827 714 reperi-

116 740 225 790 tur.
254 731 325 788 In
375 731 523 787 hanc
566 728 778 802 quippe
830 744 1028 786 vocem
1077 745 1319 787 exorsus
1370 730 1604 804 erupit:
1647 752 1667 780 α
1702 729 1826 787 Ini-

115 821 256 879 tium
278 818 580 890 Evangelii
604 819 742 877 Jesu
767 817 1000 883 Christi,
1023 817 1158 875 Filii
1191 818 1287 876 Dei
1316 821 1502 892 (Marc.
1526 820 1581 888 ι).
1616 843 1636 867 ι
1667 818 1829 877 Sicut

111 910 388 982 scriptum
415 915 499 965 est
529 907 590 965 in
622 906 770 964 Isaia
798 908 1071 979 prOpheta
1105 930 1116 964 :
1161 930 1182 959 α
1219 908 1361 966 Ecce
1391 923 1494 981 ego
1528 907 1689 965 mitto
1719 923 1829 964 an-

109 998 308 1072 gelum
343 1012 537 1056 meum
570 1003 702 1053 ante
729 996 932 1053 faciem
962 1004 1139 1065 tuam,
1160 996 1261 1070 qui
1295 997 1639 1070 przeparabit
1670 997 1826 1055 viam

111 1095 270 1146 tuam
317 1095 451 1143 ante
508 1093 577 1144 te.
617 1084 742 1143 Vox
807 1085 1110 1143 clamantis
1164 1085 1221 1142 in
1277 1087 1499 1143 deserto
1556 1110 1567 1142 :
1628 1086 1828 1144 Parate

109 1176 266 1233 viam
331 1172 582 1239 Domini,
641 1179 821 1230 rectas
875 1172 1042 1230 facite
1097 1171 1326 1230 semitas
1381 1172 1480 1229 Dei
1543 1174 1742 1231 nostri.
1796 1194 1824 1226 »

111 1263 424 1322 Matthteus
475 1267 670 1319 autem
715 1261 853 1318 dicit
907 1285 920 1318 :
970 1282 998 1313 ‹‹
1041 1260 1214 1318 Liber
1254 1261 1642 1334 generationis
1686 1262 1823 1321 Jesu

110 1351 326 1410 Christi
367 1351 476 1409 ﬁlii
524 1350 707 1409 David
752 1353 973 1420 (Matth.
1010 1356 1075 1419 ι).
1109 1372 1136 1403 ››
1167 1351 1316 1420 Quid
1367 1357 1450 1409 est
1498 1366 1634 1423 ergo
1671 1351 1825 1425 quod

111 1441 209 1500 ille
277 1441 439 1511 dicit,
503 1440 637 1498 Filii
683 1440 824 1510 Dei;
880 1439 1007 1511 iste,
1065 1439 1172 1497 tilii
1227 1440 1430 1511 David,
1485 1441 1599 1500 nisi
1669 1441 1825 1515 quod

110 1546 212 1604 per
239 1544 461 1604 organa
489 1545 594 1588 sua
629 1529 876 1602 Spiritus
898 1535 1130 1588 sanctus
1161 1530 1490 1588 mediatoris
1516 1529 1619 1587 Dei
1645 1537 1701 1588 et
1729 1531 1828 1588 ho-

112 1618 342 1676 minum
368 1625 728 1675 sacramenta
756 1617 1042 1684 distinxit,
1079 1624 1144 1674 ut
1171 1633 1271 1691 per
1295 1618 1540 1677 alterum
1570 1634 1706 1677 eum
1741 1618 1828 1676 Fi-

1908 551 2029 622 ipsa
2071 548 2471 622 descriptionis
2509 552 2704 621 series,
2734 559 2784 608 et
2824 553 2962 610 ordo
2999 553 3306 609 verborum
3344 567 3616 624 magnum

1908 641 2192 697 contineat
2231 647 2673 697 sacramentum.
2717 641 2899 712 Quod,
2941 646 3004 699 ut
3046 640 3276 698 facilius
3313 640 3614 711 eluccscat,

1909 727 1971 785 in
2005 727 2127 800 ipso
2166 725 2297 784 libri
2334 727 2459 800 ejus
2496 729 2734 786 exordio
2773 746 2877 788 nos
2905 730 3158 788 breviter
3194 729 3464 787 intimare
3503 745 3618 788 non

1909 814 2117 888 pigeat.
2854 809 2872 834 ⁸

1984 903 2244 961 Primum
2284 918 2536 979 namque
2582 904 2926 963 miraculum
2970 905 3148 979 ponit,
3189 920 3303 978 quo
3333 904 3616 964 Dominus

1911 993 2235 1051 daemonem
2279 1008 2381 1065 per
2419 1009 2515 1051 eos
2551 994 2806 1052 hominis
2841 995 3206 1066 clamantem,
3243 1001 3424 1053 tacere
3468 1012 3622 1068 prte-

1914 1085 2082 1158 cepit,
2115 1100 2365 1157 eumque
2389 1086 2653 1156 protinus
2682 1086 2925 1159 expulit.
2961 1112 2985 1135 «
3013 1085 3374 1158 Obmutesce,
3409 1086 3621 1161 inquit,

1914 1183 1970 1232 et
1998 1173 2094 1232 exi
2125 1174 2196 1231 ab
2232 1174 2467 1231 homine
2503 1177 2696 1243 (Ma-rc.
2742 1179 2800 1247 ι).
2836 1196 2863 1228 ››
2910 1174 3238 1234 Secundum
3275 1176 3618 1234 miraculum

1912 1273 2014 1335 est,
2067 1281 2184 1340 quo
2239 1265 2658 1323 febricitantem
2711 1283 2941 1325 socrum
2993 1267 3165 1338 Petri,
3217 1267 3456 1340 depulso
3505 1267 3628 1341 typi

1909 1355 2115 1424 calore,
2167 1355 2391 1412 sanavit
2438 1356 2632 1426 (Ibid).
2690 1355 2949 1414 Tertium
3003 1363 3106 1428 est,
3165 1372 3283 1430 quo
3331 1358 3623 1432 leprosum

1910 1443 2094 1516 tetigit
2139 1450 2193 1500 et
2230 1444 2497 1516 purgavit
2546 1445 2748 1516 (Ibid.).
2783 1444 3063 1514 Quartum
3099 1461 3331 1519 quoque
3379 1453 3478 1515 est,
3507 1462 3624 1521 quo

1911 1533 2291 1609 paralyticum
2343 1532 2689 1605 grabbatum
2756 1533 2956 1592 tollere
3012 1543 3068 1592 et
3136 1536 3294 1593 abire
3359 1537 3630 1610 praecepit

1911 1626 2102 1696 (Marc.
2136 1623 2213 1695 ιι).
2263 1621 2372 1692 Qui
2425 1621 2691 1680 videlicet
2728 1623 2887 1693 ordo,
2927 1623 2975 1680 si
3022 1623 3285 1696 diligenti
3333 1641 3470 1684 cura
3502 1641 3626 1699 per-

113 1708 258 1804 Eum
285 1705 799 1804 Dei,per'alterum
820 1706 1140 1804 ostenderet
1161 1722 1284 1804 esse
1305 1707 1498 1804 tilium
1530 1707 2200 1804 hominis?Bpenditur,
2251 1710 2551 1770 manifeste
2624 1711 2786 1769 docet
2854 1718 3067 1786 quanta
3137 1713 3451 1786 magisterii
3503 1720 3623 1771 arte

114 1796 419 1870 Tanquam
454 1795 612 1853 enim
654 1811 755 1868 per
790 1796 969 1854 unius
1004 1795 1160 1854 tibiae
1202 1796 1317 1854 duo
1357 1795 1694 1868 spiramina,
1735 1795 1886 1854 vel"
1912 1799 2164 1873 Spiritus
2211 1807 2438 1858 sanctus
2488 1800 2792 1859 scribentis
2834 1801 3125 1859 calamum
3176 1803 3395 1871 tenuit,
3450 1809 3504 1859 et
3551 1802 3622 1859 ad

113 1885 306 1958 potius
345 1899 446 1956 per
483 1884 628 1942 duas
666 1884 938 1942 Ecclesiae
967 1900 1135 1942 nares
1174 1901 1328 1944 unus
1353 1886 1540 1944 efﬂuit
1569 1887 1824 1960 spiritus,

112 1975 251 2033 dum
281 1975 567 2032 incarnati
605 1973 779 2033 Verbi
809 1976 916 2033 iste
942 1976 1225 2049 divinam,
1257 1977 1356 2036 ille
1393 1979 1824 2050 generationem

112 2063 384 2122 describit
425 2064 763 2122 humanam.

180 2154 300 2214 Sed
347 2169 578 2212 movere
625 2161 828 2228 potest,
866 2171 971 2214 cur
1030 2156 1231 2215 beatus
1279 2158 1631 2232 evangelista
1674 2158 1828 2216 Mar-

111 2262 232 2316 cus,
286 2251 587 2320 postquam
642 2245 966 2320 positurum
1017 2263 1076 2305 se
1128 2247 1297 2307 Isaiae
1333 2250 1505 2307 verba
1543 2249 1825 2322 promisit,

111 2350 230 2393 non
263 2335 529 2407 protinus
570 2334 758 2405 Isaiae,
787 2331 884 2394 sed
926 2335 1226 2394 Malachiaa
1265 2337 1456 2410 potius
1488 2338 1637 2395 dicta
1688 2338 1828 2396 sub-

112 2422 335 2492 intulit,
371 2421 571 2497 sicque
599 2424 964 2496 postmodum
1004 2426 1076 2483 ad
1115 2424 1283 2484 Isaiae
1321 2425 1493 2484 verba
1520 2424 1829 2498 pervenit?

113 2510 258 2567 Nam
290 2508 449 2584 quod
479 2511 882 2583 praemittitur:
909 2534 935 2562 «
969 2511 1113 2570 Ecce
1143 2512 1311 2570 mitto
1325 2512 1601 2585 angelum
1632 2526 1827 2571 meum

113 2601 262 2668 {MaL
310 2605 420 2672 ιιι),
464 2620 486 2650 ι
535 2599 846 2658 Malacliias
884 2600 1141 2674 protulit,
1195 2600 1298 2675 qui
1347 2601 1702 2659 novissimus
1745 2605 1830 2658 est

112 2688 422 2747 duodecim
469 2689 898 2762 prophetarum.
948 2689 1111 2759 Quod
1157 2698 1353 2749 autem
1406 2688 1824 2762 subjungitur:

115 2799 139 2829 (ι
170 2776 302 2836 Vox
353 2775 659 2836 clamantis
701 2779 763 2836 in
805 2778 1028 2837 deserto
1071 2783 1224 2847 (Isai.
1282 2784 1406 2850 XL),
1460 2801 1481 2830 η
1531 2777 1699 2836 Isaias
1745 2785 1830 2836 est

112 2869 516 2928 indubitanter
566 2869 891 2930 oraculum.
933 2871 1050 2928 Cur
1100 2885 1234 2943 ergo
1289 2869 1390 2943 qui
1446 2869 1655 2927 Isaiam
1703 2884 1831 2942 pro-

1909 1887 2317 1946 dcclarandum
2406 1890 2813 1963 redemptionis
2893 1890 3169 1948 humanae
3252 1892 3616 1965 mysterium,

1909 1976 2074 2050 quasi
2117 1992 2217 2049 per
2261 1979 2576 2051 quamdam
2625 1979 2860 2049 lineam,
2898 1980 3094 2037 omnia
3140 1980 3515 2052 dispensavit.
3554 1981 3618 2038 In

1908 2066 2222 2140 dejectione
2260 2083 2511 2141 namque
2546 2067 2718 2141 primi
2761 2068 3016 2126 hominis
3047 2068 3327 2141 principio
3357 2069 3620 2128 diabolus

1909 2160 2137 2220 locutus
2188 2168 2289 2230 est,
2349 2179 2414 2221 ac
2460 2177 2696 2235 pomum
2741 2162 2985 2219 vetitum
3029 2161 3250 2218 comedi
3301 2162 3614 2233 persuasit;

1909 2251 2119 2308 deinde
2143 2250 2375 2322 mulier,
2403 2251 2539 2326 quia
2568 2251 2627 2308 in
2660 2249 3053 2308 delectationis
3091 2249 3616 2322 concupiscentiam

1909 2341 2145 2412 corruit,
2202 2340 2362 2400 velut
2413 2343 2712 2400 mstuantis
2767 2341 3029 2399 ardorem
3111 2339 3288 2397 febris
3349 2339 3616 2398 incurrit.

1909 2430 2092 2489 Adam
2129 2446 2263 2488 vero
2298 2438 2599 2504 postquam
2647 2430 2746 2513 de‘
2764 2429 2955 2486 fructu
2997 2426 3141 2500 ligni
3177 2427 3327 2484 male
3373 2442 3619 2485 consen-

1910 2520 2104 2578 tiendo
2129 2519 2381 2592 gustavit
2414 2520 2561 2588 (Gen.
2597 2522 2703 2590 ιιι),
2745 2517 3012 2574 omnium
3050 2531 3186 2574 mox
3228 2516 3505 2574 vitiorum
3537 2515 3621 2574 le-

1908 2626 2008 2684 pra
2035 2609 2339 2682 perfusus;
2380 2613 2668 2679 postremo
2705 2606 2898 2673 etiam,
2940 2612 3215 2678 tanquam
3250 2605 3620 2678 paralyticus,

1909 2715 1940 2757 a
1968 2699 2191 2757 cunctis
2223 2697 2390 2756 bonis
2426 2695 2699 2768 Operibus
2742 2702 2826 2752 est
2861 2694 3154 2751 interioris
3191 2693 3447 2751 hominis
3493 2694 3623 2751 lan-

1909 2805 2085 2862 guore
2124 2788 2480 2847 constrictus.
2512 2785 2656 2856 Quia
2693 2801 2826 2858 ergo
2862 2785 3047 2843 Filius
3086 2784 3208 2853 Dei,
3259 2784 3407 2843 sicut
3442 2785 3622 2843 Joan-

1908 2893 2011 2935 nes
2062 2876 2354 2950 apostolus
2403 2875 2582 2944 dicit,
2635 2874 2926 2932 destruere
2980 2874 3136 2931 venit
3186 2888 3358 2946 opera
3407 2872 3618 2931 diaboli

114 2959 292 3028 misit,
346 2973 464 3015 non
515 2973 653 3017 mox
689 2957 896 3017 Isaiam
941 2958 1212 3030 reddidit,
1247 2958 1344 3016 sed
1387 2956 1732 3016 Malachiam
1765 2957 1830 3030 in,
1913 2969 1956 3037 (Ι
1983 2969 2139 3022 Joan,
2179 2967 2282 3034 ιιι),
2313 2979 2412 3036 per
2456 2966 2713 3021 eamdem
2761 2963 2916 3019 viam
2963 2968 3300 3033 persecutus
3348 2967 3430 3018 est
3475 2975 3623 3019 mor-

115 3051 514 3110 testimonium
551 3051 715 3123 prius
749 3050 1039 3109 adduxit?
1083 3049 1362 3124 Nunquid
1407 3050 1579 3108 homo
1620 3047 1826 3122 spiritu
1852 3062 2050 3126 ntem,
2085 3069 2198 3126 qua
2237 3052 2336 3108 illa
2370 3052 2628 3124 ingressa
2666 3050 2853 3109 fuerat
2886 3051 2949 3108 in
2983 3050 3180 3108 orbem
3212 3056 3517 3107 terrarum.
3548 3043 3619 3105 Et

113 3140 211 3198 Dei
246 3140 483 3214 pleIIIIS,
521 3140 840 3212 praisertim
872 3140 932 3197 in
971 3139 1094 3213 ipso
1132 3153 1255 3197 sua!
1289 3138 1633 3196 narrationis
1667 3152 1832 3194 BXOP-
1854 3138 2016 3202 "ubi
2065 3143 2257 3200 fusum
2289 3148 2372 3199 est
2418 3139 2753 3213 perditionis
2796 3146 3010 3197 nostrae
3059 3154 3369 3209 venenum,
3400 3138 3624 3196 anima-

111 3229 220 3299 dio,
247 3229 350 3286 vel
393 3243 587 3286 errare
621 3229 826 3302 potuit,
866 3229 958 3287 vel
995 3228 1268 3298 mentiri;
1315 3234 1377 3286 ut
1416 3226 1517 3302 qui
1563 3225 1831 3284 Veritatis
1917 3248 2044 3289 rum
2101 3229 2358 3288 medicus
2392 3229 2593 3287 salutis
2627 3228 2832 3301 objecit
2876 3229 3221 3296 antidotum,
3254 3235 3426 3301 atque
3464 3227 3620 3286 unde

110 3327 266 3393 gesta
291 3318 664 3388 describeret,
691 3317 908 3376 librum
940 3333 1116 3377 suum
1147 3319 1444 3381 mendacio
1472 3317 1830 3377 dedicasset?
1915 3329 2158 3378 mortem
2234 3318 2413 3376 hostis
2481 3316 2725 3374 callidus
2789 3316 3136 3386 introduxit,
3193 3333 3294 3389 per
3347 3318 3619 3374 eumdem

111 3408 220 3468 Sed
271 3410 390 3466 hoc
426 3407 671 3465 docendi
713 3406 1038 3480 magisterio
1085 3408 1302 3466 factum
1350 3416 1452 3479 est,
1495 3415 1560 3468 ut
1597 3409 1659 3467 in
1706 3408 1830 3480 ipso
1913 3410 2198 3469 tramitem
2230 3409 2574 3479 Redemptor
2625 3411 2818 3463 noster
2874 3406 3166 3463 redeuntis
3201 3404 3337 3462 vitae
3373 3406 3620 3477 primor-

108 3496 418 3570 Evangelii
445 3496 540 3554 sui
585 3497 869 3571 principio
915 3496 1164 3571 Spiritus
1211 3504 1460 3568 sanctus,
1491 3499 1659 3572 cujus
1707 3499 1830 3572 ipse
1910 3505 2005 3563 dia
2034 3503 2388 3571 reformavit,
2414 3505 2700 3574 quatenus
2728 3505 2780 3555 et
2811 3497 3126 3564 diabolum,
3155 3497 3259 3572 qui
3290 3495 3352 3552 in
3382 3495 3615 3552 ruinam

105 3596 309 3645 auctor
367 3592 507 3655 erat,
567 3585 888 3644 ostenderet
933 3601 995 3644 se
1048 3599 1239 3644 unum
1292 3586 1678 3660 eamdemque
1728 3602 1830 3660 Per
1911 3602 2165 3653 nostram
2213 3593 2442 3650 locutus
2488 3590 2692 3655 fuerat,
2729 3589 2965 3662 jamjam
3015 3594 3194 3644 tacere
3234 3583 3617 3659 compelleret,

100 3676 381 3735 omnium
426 3676 836 3750 Prophetarum
879 3691 980 3733 0P3
1026 3674 1204 3734 Ῑυίθδθ
1249 3676 1527 3746 Ῑοευιυων
1561 3684 1624 3734 Ut
1674 3677 1826 3750 (100d
1909 3691 1965 3744 et
2008 3685 2187 3741 Evam
2227 3699 2260 3741 a
2301 3680 2559 3740 febribus
2607 3680 2907 3738 aestuantis
2948 3676 3431 3750 concupiscentiae
3469 3674 3614 3732 libe-

100 3764 169 3822 ab
206 3779 338 3824 uno
388 3765 712 3838 specialiter
748 3764 962 3823 diCItllI‘
1003 3764 1076 3822 ab
1126 3763 1400 3822 omnibus
1446 3765 1830 3823 communiter
1909 3783 2079 3848 paret,
2105 3783 2276 3848 atque
2303 3790 2337 3832 ῃ,
2374 3773 2499 3832 viro
2547 3788 2665 3830 non
2705 3770 2876 3830 modo
2918 3769 3133 3842 lcpmm
3179 3765 3452 3826 vitiorum
3493 3780 3620 3823 δερ..

95 3855 451 3927 proferatur.

1984 3881 2212 3937 'umque
2260 3864 2597 3937 detergeret,
2639 3862 2737 3919 sed
2781 3859 3048 3919 eumdem
3099 3873 3328 3932 quoque
3383 3861 3621 3914 eatenus

163 3942 477 4018 Quidquid
519 3959 651 4018 ergo
689 3943 829 4028 dicit
872 3943 1202 4016 Malachias,
1251 3942 1391 4001 dicit
1440 3943 1830 4004 nihilominus
1907 3949 2287 4025 paralyticum
2345 3950 2417 4008 ad
2474 3949 2796 4008 exercenda
2845 3945 3076 4021 pietatis
3135 3959 3303 4018 opera
3353 3940 3616 4000 validum

89 4043 145 4093 et
178 4035 484 4105 Isaias,'et
526 4036 995 4111 uniuscujusque
1037 4036 1213 4095 verba
1251 4051 1353 4109 per
1385 4036 1666 4094 unitatem
1708 4037 1827 4110 spi-
1908 4041 2274 4114 liberumque
2299 4039 2540 4098 laxaret.
2572 4038 2731 4097 Sicut
2755 4052 2889 4110 ergo
2910 4035 2969 4092 in
2994 4035 3113 4092 illis
3130 4032 3334 4108 primis
3359 4031 3621 4090 homini-

89 4130 241 4189 ritus
288 4129 369 4188 ab
415 4128 689 4188 omnibus
729 4135 867 4189 sunt
911 4129 1148 4204 prolata.
1182 4129 1248 4187 In
1296 4144 1412 4202 quo
1459 4130 1634 4188 etiam
1674 4129 1825 4188 illud
1906 4130 2015 4187 bus
2038 4134 2222 4187 totum
2245 4128 2412 4202 periit
2436 4144 2618 4199 genus
2643 4127 2993 4194 humanum,
3019 4121 3186 4182 sicin
3211 4120 3392 4179 istisa
3419 4119 3614 4180 Salva-

86 4214 304 4280 beatus
368 4220 720 4292 evangelista
765 4220 952 4292 docet,
991 4227 1054 4279 ut
1102 4220 1151 4279 si
1190 4220 1332 4294 quid
1376 4219 1498 4295 ipse
1542 4219 1820 4295 loquitur,
1907 4223 2026 4275 tore
2062 4217 2277 4273 cur":"s
2314 4224 2396 4274 est
2445 4215 2552 4276 sub
2590 4218 2792 4289 ﬁgurae
2832 4213 3104 4288 mysterio
3138 4210 3312 4269 saluti
3355 4209 3615 4284 pristinae

85 4309 249 4381 quod
282 4324 319 4366 a
360 4309 586 4367 caeteris
623 4309 997 4382 evangelistis
1034 4308 1303 4368 videatur
1341 4325 1464 4368 esse
1502 4309 1821 4379 diversum,
1907 4306 2266 4364 l‘eStilUtt.itl.

87 4411 294 4496 unum.
319 4401 521 4453 tamen
538 4396 958 4506 intelliganttir
987 4411 1188 4506 omnes
1219 4397 1472 4470 proferre
1499 4411 1927 4506 segmonemD‘
1981 4395 2050 4455 In
2338 4395 2517 4468 igitur
2559 4392 2874 4506 evangelici
2921 4390 3098 4488 hujus
3139 4388 3274 4448 libri
3321 4388 3613 4506 studiosius

82 4499 184 4556 per
233 4485 399 4559 ejus,
450 4485 552 4558 qui
604 4487 667 4543 in
711 4486 984 4545 omnibus
1029 4485 1309 4560 loquitur,
1351 4485 1531 4543 sancti
1575 4477 2087 4557 Spiritus”lector
2113 4484 2369 4543 addiscat
2395 4483 2688 4557 sequentis
2725 4481 2858 4552 styli
2891 4478 3069 4538 series
3099 4493 3277 4551 quam
3309 4477 3612 4550 profunda,

83 4575 408 4632 unitatem.
467 4574 632 4632 Unde
685 4574 832 4634 sicut
885 4575 948 4633 in
1006 4573 1320 4649 pr0phetis,
1378 4574 1460 4631 sic
1524 4573 1695 4631 etiam
1761 4574 1825 4631 in
1911 4591 2083 4648 quam
2129 4573 2370 4646 mystica
2429 4571 2844 4630 charismatum
2898 4573 3255 4626 sacramenta
3305 4566 3612 4623 contineat.

80 4662 480 4735 evangelistis
535 4678 903 4736 nequaquam
958 4663 1261 4721 scribentis
1314 4662 1568 4721 hominis
1648 4661 1824 4719 mini-
1914 4664 2028 4722 Nec
2066 4661 2303 4731 mirum,
2331 4676 2461 4720 cum
2513 4659 2658 4718 liber
2701 4657 2800 4715 ille
2844 4672 2960 4715 non
3014 4655 3145 4730 plus
3206 4655 3382 4713 Marci
3441 4669 3617 4728 quam

82 4753 271 4810 sterio
329 4752 408 4808 sit
460 4751 756 4810 diversum
800 4751 951 4827 quod
999 4768 1114 4810 una
1150 4750 1419 4808 dictantis
1466 4749 1715 4824 Spiritus
1741 4755 1827 4807 est
1915 4753 2064 4811 Petri
2098 4751 2474 4824 perhibeatur
2515 4747 2774 4822 apostoli.
2805 4746 3099 4822 Quidquid
3129 4744 3287 4803 enim
3334 4744 3441 4800 iste
3473 4741 3616 4801 scri-

80 4842 452 4900 auctoritate
497 4840 805 4914 prolatum.
865 4841 1178 4899 Enimvero
1232 4841 1500 4915 quisquis
1561 4839 1826 4912 Evange-
1912 4842 2044 4914 psit,
2079 4855 2152 4896 ex
2192 4855 2290 4896 ore
2328 4838 2476 4897 beati
2517 4836 2776 4910 magistri
2820 4835 3082 4902 callidus,
3116 4842 3178 4892 ut
3223 4833 3301 4891 ita
3343 4832 3616 4902 dixerim,

81 4931 239 4989 lium
301 4930 461 4988 beati
510 4929 686 4987 Marci
730 4930 929 4989 subtili
981 4929 1352 4988 meditatione
1401 4928 1738 4998 considerat,
1774 4935 1829 4985 et
1913 4930 2242 5003 explorator
2278 4926 2522 4986 audivit.
2579 4927 2712 4986 Fuit
2755 4925 2931 4995 enim,
2963 4925 3109 4984 sicut
3155 4921 3487 4981 authentica
3530 4920 3620 4977 hi-

78 5020 220 5090 alta,
260 5027 340 5079 ut
386 5018 631 5092 dignum
678 5026 782 5090 est,
814 5020 1183 5094 indagatione
1233 5024 1550 5091 pertractat,
1585 5018 1829 5076 rudibus
1913 5021 2221 5080 storiarum
2275 5019 2444 5076 tradit
2497 5019 2831 5093 antiquitas,
2865 5016 3034 5074 levita
3069 5013 3388 5073 secundum
3429 5010 3620 5068 carnis

79 5112 349 5184 quidem
402 5114 459 5166 et
517 5124 633 5166 non
686 5110 968 5168 accuratis
1045 5109 1393 5182 descriptum
1462 5109 1674 5177 verbis,
1730 5109 1826 5167 sed
1911 5113 2218 5185 originem,
2250 5111 2600 5169 sacerdosin
2635 5109 2805 5166 Israel
2838 5106 3154 5165 secundum
3181 5104 3404 5162 ordinis
3433 5102 3621 5175 digni-

83 5200 428 5261 uberrimis
469 5200 728 5259 inveniet
776 5202 1021 5260 cmlestis
1063 5201 1464 5275 intelligentim
1504 5202 1829 5260 redundare
1914 5209 2106 5259 tatem.
2139 5199 2464 5258 Conversus
2507 5200 2576 5256 ad
2609 5199 2800 5266 fidem,
2837 5197 3018 5254 factus
3053 5200 3138 5253 est
3175 5192 3325 5250 beati
3372 5191 3526 5250 Petri
3557 5193 3615 5248 in

81 5289 430 5366 mysteriis.
473 5287 574 5345 Est
607 5288 774 5362 plane
812 5291 947 5363 styli
994 5289 1272 5349 brevitate
1307 5291 1690 5362 succinctum,
1731 5291 1826 5349 sed
1912 5289 2249 5363 baptismate
2275 5288 2642 5360 tilius,atque
2672 5287 2729 5343 in
2755 5285 2954 5342 divino
2981 5297 3244 5340 sermone
3275 5281 3616 5356 discipulus.

79 5379 406 5456 profunda
453 5379 714 5451 mysterii
759 5379 1035 5454 spiritalis
1082 5378 1176 5437 66
1218 5381 1477 5439 ubertate
1524 5380 1824 5439 diffusum.
1873 5370 1880 5377 ”
1913 5377 2291 5452 Evangelium
2323 5377 2386 5434 in
2417 5375 2600 5445 Italia,
2633 5373 2903 5446 magistro
2940 5371 3248 5441 nesciente,
3279 5371 3616 5445 descripsit;

79 5470 547 5528 Persorutantes
589 5483 844 5544 namque
887 5485 1089 5527 omnes
1133 5469 1250 5528 fere
1291 5470 1531 5544 paginas
1579 5469 1831 5542 Scriptu-
1911 5470 2262 5541 descriptum
2338 5483 2471 5524 vero
2543 5459 2667 5539 ejus
2730 5462 2950 5536 judicio
3014 5468 3341 5521 reverenter
3389 5462 3616 5522 obtulit.

75 5573 322 5629 rarum,
395 5557 663 5616 invenire
711 5557 814 5618 vix
874 5574 1183 5632 possumus
1243 5559 1510 5634 spiritum
1572 5558 1829 5617 veritatis
1911 5559 2044 5632 Qui,
2078 5558 2238 5632 pium
2260 5563 2436 5633 atque
2466 5554 2797 5628 religiosum
2826 5551 3182 5632 comperiens
3219 5553 3443 5611 furtum
3471 5567 3614 5624 gau~
