4070 6198
417 225 526 286 575

1035 224 1095 284 S.
1139 222 1360 283 PETRI
1396 221 1719 282 DAM'lANI
1758 221 1917 284 OPP.
1961 220 2155 283 PARS
2194 221 2337 283 SEU
2370 221 2621 284 TOMUS
2657 223 2734 283 II.
2776 254 2846 268 —-
2884 222 3313 285 SEBMONES.

3825 230 3932 292 576

414 353 675 426 denaque
711 362 886 409 suum
929 347 1298 422 interpretem
1338 345 1709 421 purissimam
1754 347 2011 407 tenuisse
2056 346 2201 408 ﬁ-A
2284 344 2414 405 Jam
2463 362 2599 406 vero
2652 346 2784 420 quis
2834 351 3054 407 tantam
3104 345 3257 407 Petri
3305 347 3571 423 gloriam,
3622 352 3760 428 quis
3813 360 3931 415 tam

413 441 549 500 dem
590 453 658 497 ac
701 435 1150 497 sincerissimam
1197 436 1515 501 veritatem,
1550 435 1909 495 auctoritatis
1949 436 2128 495 robur

413 531 696 599 attribuit,
724 523 820 581 67
859 525 1285 600 legendumque
1321 530 1533 583 sancta
1570 525 1890 585 universali
1930 526 2125 585 Eccle-

413 621 517 680 sia
564 614 868 690 delegavit.
918 613 1289 672 Postmodum
1342 629 1478 672 vero
1529 614 1617 672 vir
1664 615 2009 688 apostolicus
2052 616 2126 674 ad

414 707 731 782 [Egyptum
775 702 1058 760 transiens
1087 718 1186 776 per
1216 703 1460 776 Lybiam
1500 702 1857 763 Marmarica
1894 711 1946 763 et
1981 704 2122 762 Am-

415 796 694 855 moniaca
750 791 884 850 ﬁdei
930 806 1124 848 semen
1178 792 1424 865 sparsit;
1477 791 1848 865 Pentapoleos
1894 809 2125 868 quoque

410 883 726 961 gentilibus
774 879 1004 955 populis
1054 880 1260 938 Christi
1324 880 1709 954 Evangelium
1766 882 2121 955 praedicavit.

409 977 755 1046 Amputasse
795 968 907 1027 sibi
946 974 1223 1043 praterea
1264 969 1531 1043 pollicem
1568 970 1798 1044 legitur,
1830 978 1895 1029 ut
1937 988 2123 1031 sacer-

409 1064 565 1123 dotio
611 1060 887 1136 reprobus
937 1059 1262 1118 haberetur.
1298 1058 1411 1118 Sed
1458 1064 1684 1118 tantum
1719 1062 1779 1119 in
1827 1077 1895 1122 eo
1944 1063 2128 1137 potuit

407 1151 817 1229 pradestinata
864 1163 1134 1224 superna
1184 1147 1635 1223 dispensationis
1679 1150 1901 1222 electio,
1945 1156 2009 1210 ut
2053 1167 2127 1210 ne

410 1242 491 1303 sic
535 1239 774 1316 quidem
806 1239 1066 1313 perderet
1103 1238 1165 1295 in
1212 1252 1381 1295 nova
1422 1238 1621 1310 gratia
1655 1237 1768 1297 ﬁde
1805 1240 1958 1313 quod
2006 1240 2126 1314 pri-

411 1332 588 1390 mitus
633 1328 977 1388 obtinuisset
1022 1327 1085 1385 in
1127 1341 1356 1401 genere.
1390 1326 1536 1384 Nam
1583 1329 1882 1403 episcopus
1920 1330 2123 1402 factus,

408 1420 866 1482 Alexandrinam
898 1418 1161 1477 fundavit
1190 1416 1503 1475 Ecclesiam
1528 1433 1790 1491 eamque,
1822 1425 2126 1493 postquam

410 1526 584 1585 super
606 1517 848 1583 petram,
883 1523 1017 1597 qua
1048 1506 1311 1565 Christus
1348 1512 1451 1576 est,
1492 1506 1742 1580 insignis
1778 1509 2126 1567 architectus

409 1600 614 1670 erexit,
664 1598 914 1672 glorioso
962 1596 1220 1669 magistri
1264 1595 1353 1654 sui
1403 1597 1629 1654 nomini
1677 1596 1923 1655 ﬁdeliter
1961 1597 2127 1656 dedi-

2215 433 2451 494 eximia
2479 434 2840 495 celsitudinis
2870 434 3277 495 excellentiam
3310 452 3429 497 non
3471 438 3740 514 miretur,
3766 443 3931 517 quia,

2214 539 2351 582 cum
2384 523 2645 584 Salvator
2684 524 3005 599 inquireret
3032 542 3209 602 quem
3235 538 3361 588 esse
3399 544 3462 588 se
3492 531 3759 593 homines
3798 549 3934 609 per-

2214 611 2499 685 hiberent,
2528 613 2922 687 expositisque
2959 614 3322 674 diversorum
3360 618 3759 693 opinionibus,
3785 622 3935 697 quid

2211 701 2471 775 Apostoli
2515 702 2768 760 sentiant
2802 701 3210 774 consuluntur,
3252 710 3391 764 tunc
3436 706 3662 781 primus
3709 707 3936 770 exstitit

2210 790 2271 848 in
2322 806 2477 850 vera
2519 792 2654 850 ﬁdei
2708 791 3086 862 confessione,
3127 789 3223 849 68
3270 795 3371 870 qui
3422 797 3648 870 primus
3695 805 3819 858 erat
3870 801 3935 860 in

2209 880 2518 953 apostolica
2547 881 2844 955 dignitate.
2876 881 2973 939 Ait
3000 881 3160 940 enim
3198 882 3395 942 Petrus
3435 904 3449 944 :
3483 911 3508 938 σι
3544 886 3630 946 Tu
3664 903 3726 947 es
3756 887 3931 947 Chri-

2211 972 2355 1039 stus,
2404 967 2590 1026 Filius
2643 967 2743 1026 Dei
2793 967 2915 1026 vivi
2961 971 3182 1039 (Matth.
3213 974 3360 1044 XVI).
3399 994 3419 1023 ι
3479 972 3547 1031 Et
3586 974 3876 1036 Dominus
3914 994 3928 1032 :

2216 1081 2237 1108 υ
2272 1058 2481 1117 Beatus
2522 1074 2603 1127 es,
2649 1057 2853 1118 Simon
2904 1057 3170 1133 Barjona,
3221 1061 3359 1135 quia
3395 1078 3546 1135 caro,
3579 1070 3637 1123 et
3683 1067 3931 1141 sanguis

2210 1161 2330 1205 non
2384 1146 2664 1205 revelavit
2726 1147 2851 1219 tibi,
2906 1147 3002 1207 sed
3056 1147 3221 1207 Pater
3268 1165 3453 1224 meus,
3492 1152 3594 1228 qui
3645 1153 3708 1212 in
3765 1154 3932 1214 catis

2209 1243 2325 1295 est:
2352 1237 2416 1296 Et
2461 1253 2566 1311 ego
2613 1238 2741 1297 dico
2805 1237 2929 1309 tibi,
2963 1238 3100 1312 quia
3154 1246 3217 1297 tu
3276 1256 3336 1299 es
3387 1240 3610 1316 Petrus,
3646 1252 3705 1303 et
3752 1260 3933 1320 super

2210 1325 2362 1383 hanc
2409 1332 2627 1399 petram
2680 1322 2980 1383 adificabo
3024 1324 3337 1385 Ecclesiam
3383 1344 3593 1400 meam,
3644 1336 3702 1389 et
3746 1338 3929 1406 porta

2210 1413 2384 1473 inferi
2419 1429 2533 1472 non
2573 1413 2977 1487 pravalebunt
3024 1414 3300 1475 adversus
3342 1432 3471 1476 eam
3502 1442 3514 1476 :
3545 1424 3602 1477 et
3640 1418 3746 1480 tibi
3780 1420 3930 1480 dabo

2209 1502 2400 1562 claves
2425 1504 2585 1576 regni
2615 1503 2921 1575 calorum,
2947 1506 3006 1562 et
3034 1505 3419 1581 quodcunque
3450 1507 3723 1583 ligaveris
3754 1527 3930 1587 super

2208 1597 2419 1650 terram
2448 1591 2556 1650 erit
2586 1591 2830 1666 ligatum
2862 1603 2919 1655 et
2942 1597 3008 1655 in
3035 1595 3217 1667 caelis,
3243 1602 3300 1654 et
3328 1594 3720 1673 quodcunque
3747 1603 3932 1660 solve-

408 1689 580 1748 cavit.
624 1686 793 1745 Unde
832 1686 1047 1744 factum
1081 1692 1165 1742 est
1206 1690 1268 1743 ut
1305 1683 1503 1742 eadem
1552 1684 1802 1744 Ecclesia
1843 1702 1957 1745 non
2009 1682 2289 1767 tamBris
2321 1696 2497 1755 super
2541 1686 2753 1741 terram
2791 1684 2900 1742 erit
2943 1687 3199 1746 solutum
3241 1691 3297 1744 et
3340 1685 3403 1745 in
3448 1687 3611 1747 calis
3651 1691 3871 1761 (16:71.).
3904 1712 3925 1742 ι

410 1793 485 1837 ex
517 1775 691 1834 Marci
730 1790 908 1849 quam
949 1790 1021 1831 ex
1063 1772 1215 1831 beati
1258 1771 1409 1831 Petri
1457 1774 1735 1832 vocabulo
1777 1775 1939 1832 sedes
1988 1791 2126 1849 apo-

408 1866 607 1925 stolica
633 1864 937 1933 vocitetur,
966 1869 1241 1937 tanquam
1283 1861 1331 1917 si
1374 1861 1576 1920 Petrus
1614 1861 1737 1937 ipse
1771 1879 1872 1937 per
1909 1880 1969 1921 se
2009 1864 2128 1923 illic
2166 1918 2187 1927 -

406 1952 789 2028 episcopalem
829 1950 1164 2009 cathedram
1218 1948 1526 2019 tenuisset;
1579 1949 1825 2025 ideoque
1870 1951 2123 2011 clavicu-

410 2045 541 2103 larii
583 2043 833 2103 caelestis
870 2041 1145 2115 insignita
1176 2038 1480 2110 vocabulo,
1513 2040 1569 2097 in
1612 2047 1729 2099 toto
1765 2042 1905 2101 orbe
1943 2050 2124 2101 terra-

411 2148 543 2192 rum
597 2131 849 2189 Ecclesia
900 2128 1001 2187 illa
1050 2135 1178 2202 post
1231 2128 1475 2187 Romam
1527 2129 1848 2189 secundum
1908 2131 2127 2190 obtinet

411 2225 710 2282 thronum.
746 2223 812 2279 Et
835 2236 1168 2296 quanquam
1216 2218 1561 2285 Antiochia,
1592 2218 1695 2277 ubi
1724 2218 1941 2277 scilicet
1966 2219 2127 2277 Chri-

411 2311 615 2371 stiana
642 2310 940 2385 religionis
968 2324 1178 2367 nomen
1204 2313 1472 2367 exortum
1504 2313 1608 2377 est,
1650 2306 1852 2365 Petrus
1877 2306 1998 2381 ipse
2026 2323 2127 2381 per

412 2417 474 2459 se
500 2400 634 2459 ﬁdei
666 2399 952 2474 primitias
982 2397 1293 2467 intulisset,
1325 2396 1680 2470 superiorem
1713 2402 1900 2454 tamen
1928 2396 2125 2455 locum

414 2490 816 2551 Alexandrina
883 2488 1046 2547 sedes
1120 2487 1391 2555 obtinuit,
1447 2492 1509 2545 ut
1561 2487 1619 2544 in
1673 2486 2123 2545 eminentiorum

414 2581 674 2655 catalogo
705 2579 933 2638 sedium
970 2578 1232 2636 Romana
1277 2576 1552 2648 primum,
1590 2575 1988 2634 Alexandrina
2034 2592 2123 2634 se-

414 2669 696 2739 cundum,
721 2667 1083 2725 Antiochena
1109 2679 1245 2722 vero
1284 2663 1539 2722 Ecclesia
1577 2663 1812 2721 tertium
1844 2663 2127 2735 possideat

415 2757 825 2832 principatum.
860 2754 932 2812 Et
956 2754 1160 2812 merito
1191 2752 1293 2811 ubi
1332 2754 1577 2822 Marcus,
1610 2751 1691 2809 ibi
1734 2751 1954 2817 Petrus.
1985 2751 2126 2827 quia

417 2848 637 2905 fluento
671 2843 975 2917 Evangelii
1018 2842 1175 2915 quod
1219 2856 1293 2898 ex
1328 2857 1427 2899 ore
1476 2840 1626 2899 Petri
1669 2840 1830 2899 velut
1872 2856 1946 2898 ex
1987 2856 2126 2899 eru-

414 2933 590 2994 ctanti
636 2933 791 2992 fonte
832 2930 1130 3007 proﬂuxit,
1174 2929 1420 3001 Marcus,
1464 2936 1529 2988 ut
1574 2928 1908 2987 uberrimus
1951 2937 2125 3004 atque

415 3024 756 3097 perspicuus
783 3020 1035 3095 paradisi
1064 3020 1304 3092 ﬂuvius,
1332 3035 1470 3079 arva
1501 3019 1676 3079 totius
1717 3018 1989 3079 Ecclesia
2028 3035 2123 3078 co-
2142 3061 2188 3122 Ο

414 3111 636 3185 piosius
659 3108 991 3167 inundavit.

490 3199 600 3260 Sed
639 3199 823 3275 quari
871 3204 1073 3273 potest,
1105 3214 1208 3257 cur
1251 3198 1456 3255 beatus
1502 3196 1749 3263 Marcus,
1795 3197 1899 3271 qui
1950 3203 2127 3256 tanta

376 3296 380 3301 '
416 3292 548 3351 fidei
580 3298 866 3365 tantaque
904 3289 1053 3348 circa
1092 3289 1433 3362 magistrum
1473 3287 1802 3346 dilectionis
1838 3286 2128 3346 exstitisse

413 3380 788 3456 dignoscitur,
818 3386 883 3439 ut
912 3394 1103 3437 unum
1127 3393 1243 3446 cor,
1276 3392 1395 3436 una
1426 3382 1577 3435 certe
1603 3376 1664 3434 in
1692 3376 1920 3435 duabus
1950 3377 2129 3435 fuisse

414 3469 677 3542 personis
724 3467 920 3525 anima
960 3466 1242 3536 videatur,
1289 3464 1548 3537 magistri
1594 3465 1686 3523 sui
1726 3464 1921 3523 laudes
1955 3470 2129 3539 atque

412 3557 701 3634 praconia
738 3557 979 3616 omnino
1029 3553 1310 3615 tacuerit?
1342 3555 1483 3614 Nam
1535 3571 1668 3615 cum
1718 3555 1913 3614 cateri
1949 3571 2129 3614 evan-

411 3648 633 3724 gelista
674 3646 949 3705 sublimia
999 3644 1145 3703 beati
1197 3643 1347 3703 Petri
1399 3645 1604 3703 merita
1654 3652 1709 3703 et
1751 3644 2127 3719 principalem

414 3736 777 3797 celsitudinis
803 3735 1044 3810 gloriam
1069 3734 1402 3807 frequenter
1421 3740 1787 3804 enumerent,
1818 3734 1975 3792 solus
2000 3734 2128 3803 iste,

412 3826 461 3883 si
500 3831 653 3883 totus
693 3823 992 3897 Evangelii
1038 3822 1132 3881 sui
1177 3830 1338 3881 tenor
1378 3821 1723 3895 inquiritur,
1762 3822 1859 3881 vix
1907 3820 2129 3897 aliquid

415 3930 589 3988 super
627 3914 899 3985 magistro
943 3927 1048 3971 suo
1094 3910 1381 3982 retulisse,
1414 3909 1567 3985 quod
1614 3910 1683 3968 ad
1724 3910 1955 3969 laudem
1998 3927 2129 3985 per-

413 4006 611 4076 tineat,
640 4003 957 4062 invenitur.
1001 4001 1125 4061 Imo
1159 4001 1208 4060 si
1242 4000 1552 4073 diligenter
1591 4001 1919 4076 inspicitur,
1959 4007 2131 4075 auget

414 4109 480 4151 ac
523 4091 715 4150 verbis
759 4089 1106 4163 accumulat,
1136 4090 1183 4147 si
1241 4089 1384 4164 quid
1439 4089 1501 4145 in
1557 4105 1625 4149 eo
1678 4089 2129 4165 reprehensibile

414 4188 542 4254 est;
573 4179 881 4255 supprimit
912 4184 1127 4249 autem,
1158 4184 1214 4237 et
1258 4175 1420 4235 velut
1457 4193 1532 4235 ex
1572 4178 1861 4237 industria
1895 4177 2127 4251 levigat,

415 4272 504 4332 vel
540 4272 713 4329 etiam
738 4271 1082 4345 plerumque
1114 4268 1344 4328 silentio
1373 4270 1629 4343 praeterit
1656 4270 1811 4343 quod
1843 4269 2130 4329 laudabile

416 4367 519 4421 est.
556 4359 719 4431 Quod
770 4360 1098 4419 evidentius
1132 4358 1513 4427 ostendimus,
1545 4359 1592 4417 si
1637 4375 1819 4434 pauca
1865 4359 2126 4435 ejusdem

416 4450 719 4525 Evangelii
760 4451 1089 4510 testimonia
1134 4449 1384 4509 breviter
1417 4464 1794 4524 apponamus.
1829 4448 1991 4509 Certe
2026 4466 2128 4525 per

414 4558 619 4602 omnes
696 4541 977 4600 Ecclesiae
1044 4540 1255 4600 celebri
1339 4539 1596 4615 quotidie
1675 4540 2130 4614 frequentatione

416 4632 690 4706 vulgatur
724 4629 881 4705 quod
908 4630 1108 4689 beatus
1152 4628 1353 4688 Petrus
1387 4644 1561 4703 super
1587 4644 1767 4704 aquas
1803 4628 2130 4688 ambulasse

415 4720 778 4779 describitur.
820 4718 981 4789 Quod
1024 4718 1227 4791 utique
1276 4716 1580 4776 Mattbaus
1625 4724 1739 4775 tam
1789 4723 1980 4792 aperte
2029 4719 2130 4776 de-

414 4808 591 4869 clarat
648 4814 711 4867 ut
754 4806 1076 4865 ambulanti
1130 4804 1377 4864 Domino
1442 4821 1613 4879 super
1662 4821 1819 4864 mare
1895 4806 2130 4865 Petrum

415 4900 787 4972 exclamasse,
838 4898 1044 4957 referat
1088 4921 1099 4954 :
1144 4917 1172 4951 ‹‹
1201 4895 1467 4966 Domine,
1512 4895 1560 4953 si
1616 4903 1675 4954 tu
1728 4912 1808 4965 es,
1851 4897 1990 4971 jube
2037 4913 2130 4956 me

416 4993 613 5050 venire
638 4991 703 5049 ad
730 4998 782 5048 te
797 5004 972 5064 super
988 5002 1188 5062 aquas.
1220 5008 1241 5037 ι
1265 4985 1529 5058 Cumque
1553 4985 1795 5043 dixisset
1821 5004 1832 5042 :
1866 4985 2078 5057 «Veni,
2095 5006 2122 5039 ι)

416 5088 622 5155 prasto
651 5076 956 5154 subjunxit
988 5094 1002 5133 :
1041 5098 1061 5126 ι
1098 5075 1168 5135 Et
1206 5074 1558 5133 descendens
1604 5073 1806 5132 Petrus
1849 5073 1920 5131 (le
1961 5074 2129 5131 navi-

415 5169 547 5228 cula
595 5167 930 5227 ambulabat
972 5181 1145 5240 super
1176 5179 1411 5238 aquam,
1444 5170 1506 5223 ut
1552 5164 1776 5222 veniret
1820 5162 1893 5220 ad
1924 5162 2129 5222 Jesum

417 5261 636 5331 (Matth.
660 5258 808 5327 XIV).
837 5279 861 5305 ιι
892 5254 1124 5313 Marcus
1143 5260 1335 5312 autem
1353 5252 1423 5312 ad
1454 5253 1612 5312 hunc
1637 5253 1880 5311 veniens
1913 5253 2127 5322 locum,

418 5345 612 5403 omnia
710 5359 811 5418 per
876 5343 1137 5402 ordinem
1219 5342 1389 5415 plena
1480 5340 1759 5398 relatione
1857 5340 2130 5400 describit

417 5435 614 5503 (Marc.
643 5436 747 5502 V1),
778 5439 1016 5509 excepto
1059 5431 1213 5507 quod
1247 5429 1396 5489 Petri
1436 5428 1660 5489 nullam
1698 5430 1929 5505 penitus
1959 5446 2124 5488 men-

417 5520 633 5604 tionem
663 5520 815 5579 facit.

2210 1770 2489 1847 Nunquid
2515 1771 2624 1831 hoc
2663 1773 2878 1833 tonitru
2922 1775 3183 1836 muneris
3222 1774 3538 1850 singularis
3567 1793 3739 1837 aures
3778 1779 3929 1838 beati

2209 1861 2384 1921 Marci
2415 1862 2642 1935 prateri
2651 1877 2710 1920 re
2729 1863 2936 1937 potuit,
2958 1865 3111 1939 quod
3130 1865 3305 1925 totius
3325 1866 3531 1924 mundi
3553 1866 3925 1927 latitudinem

2208 1952 2589 2026 omniumque
2618 1950 2838 2024 ubique
2864 1952 3128 2012 ﬁdelium
3152 1968 3251 2011 ora
3278 1953 3641 2028 complevit?
3668 1956 3741 2014 Et
3771 1956 3925 2032 quod

2208 2041 2279 2099 de
2306 2038 2470 2098 Petro
2498 2038 2804 2097 Matlhaus
2831 2038 3001 2107 dixit,
3035 2040 3237 2100 Petrus
3270 2046 3334 2099 ut
3366 2042 3472 2100 hoc
3504 2058 3613 2102 suo
3639 2043 3927 2117 discipulo

2209 2127 2423 2187 diceret
2440 2125 2747 2201 ignoravit,
2774 2125 2932 2186 hunc
2953 2128 3242 2202 siquidem
3264 2128 3524 2188 historia
3550 2130 3741 2189 locum
3771 2129 3925 2188 Mar-

2209 2231 2313 2274 cus
2335 2214 2412 2273 ita
2441 2214 2603 2273 velut
2627 2213 2972 2287 negligendo
2995 2214 3380 2275 transcurrit?
3408 2216 3794 2292 Respondeas
3822 2218 3926 2277 Pe-

2211 2307 2334 2364 trus
2359 2301 2478 2361 ait:
2515 2325 2534 2351 α
2567 2301 2657 2360 Tu
2682 2317 2742 2360 es
2772 2301 3053 2363 Christus.
3085 2304 3153 2362 Et
3188 2306 3580 2366 comminatus
3609 2312 3695 2364 est
3734 2307 3824 2365 eis
3854 2322 3929 2365 ne

2209 2393 2304 2452 cui
2344 2393 2599 2452 dicerent
2644 2395 2715 2453 de
2758 2395 2862 2454 illo
2889 2397 3079 2469 (Marc.
3108 2398 3191 2462 nl.
3223 2421 3248 2444 »ο
3304 2395 3375 2453 Et
3417 2409 3537 2455 non
3582 2397 3758 2455 modo
3810 2412 3928 2456 non

2213 2484 2386 2543 refert
2414 2482 2650 2543 Petrum
2682 2501 2716 2543 a
2748 2485 2990 2546 Domino
3020 2485 3336 2562 singularis
3363 2487 3517 2545 inter
3544 2496 3788 2548 caeteros
3817 2487 3931 2563 pri-

2214 2573 2413 2647 vilegii
2456 2572 2638 2646 gloria
2677 2574 3080 2647 sublimatum,
3108 2576 3207 2634 sed
3246 2575 3438 2649 potius
3468 2582 3698 2635 austera
3730 2583 3934 2636 narrat

2210 2664 2712 2724 animadversione
2747 2674 3098 2740 correptum.
3128 2664 3274 2724 Nam
3320 2666 3492 2741 paulo
3530 2674 3675 2742 post,
3704 2684 3848 2727 cum
3878 2668 3935 2726 ei

2213 2753 2416 2812 Petrus
2440 2752 2815 2821 dissuaderet,
2841 2770 2917 2813 ne
2936 2771 2997 2814 se
3013 2754 3269 2831 cruciﬁgi
3295 2755 3666 2831 permitteret,
3696 2757 3933 2817 Marcus

2210 2855 2349 2899 eum
2369 2846 2645 2915 tanquam
2671 2841 2793 2900 zelo
2812 2850 3140 2916 permotum
3163 2843 3384 2902 dixisse
3407 2848 3684 2904 testatur:
3715 2869 3743 2896 ι
3775 2845 3934 2906 Vade

2211 2936 2363 2987 retro
2403 2944 2516 3001 me,
2554 2929 2786 3002 Satana,
2833 2932 3108 3006 quoniam
3153 2947 3269 2990 non
3312 2932 3466 3006 sapis
3515 2949 3605 3003 ea,
3653 2949 3794 3008 qua
3828 2933 3931 2993 Dei

2213 3023 2371 3089 sunt,
2388 3018 2488 3076 sed
2514 3034 2661 3099 qua.
2678 3020 2985 3080 hominum
3016 3022 3228 3090 (Ibid.).
3253 3041 3282 3075 ιι
3311 3020 3463 3091 Quid
3494 3028 3580 3081 est
3606 3038 3748 3098 ergo
3776 3024 3934 3097 quod

2212 3107 2415 3167 beatus
2444 3108 2674 3168 Marcus
2700 3109 2987 3184 quidquid
3014 3109 3086 3167 ad
3120 3110 3378 3184 magistri
3399 3111 3494 3169 sui
3522 3110 3776 3185 gloriam
3812 3128 3937 3186 per-

2212 3196 2375 3268 tinet,
2403 3197 2563 3257 velut
2585 3196 2867 3257 oblivioni
2896 3197 3146 3271 tradidit,
3169 3197 3456 3273 quidquid
3486 3215 3626 3259 vero
3644 3202 3717 3259 ad
3746 3218 3935 3277 reple

2212 3287 2551 3346 hensionem
2631 3295 2748 3347 tam
2830 3288 3014 3348 tenaci
3093 3288 3393 3348 memoria
3467 3291 3931 3363 commendavit,

2212 3377 2367 3436 unde
2422 3384 2737 3453 praceptor
2795 3377 2922 3452 ejus
2970 3378 3305 3439 laudaretur
3335 3423 3350 3451 ,
3401 3378 3565 3439 velut
3606 3381 3932 3456 ignorando

2212 3469 2561 3543 pertransiit,
2598 3469 2755 3529 unde
2789 3474 3108 3539 notaretur,
3152 3476 3317 3530 acuta
3361 3486 3597 3546 prorsus
3639 3479 3698 3532 et
3748 3472 3935 3549 plana

2213 3558 2488 3619 relatione
2537 3560 2791 3634 digessit,
2822 3561 3146 3635 prasertim
3187 3576 3325 3621 cum
3373 3561 3662 3637 quidquid
3698 3563 3932 3623 occulto

2211 3648 2616 3723 conscriberet,
2647 3651 2775 3724 ejus
2809 3650 3107 3710 obtutibus
3156 3650 3517 3709 offerendum
3551 3666 3678 3710 esse
3724 3651 3933 3726 dispo-

2213 3743 2394 3808 neret,
2419 3738 2552 3811 ejus
2577 3737 2941 3812 probandum
2964 3737 3186 3813 judicio
3215 3747 3531 3798 reservaret
3554 3737 3582 3798 ἱ)
3604 3739 3737 3799 Jam
3763 3755 3931 3814 vero,

2213 3832 2278 3887 ut
2305 3826 2605 3886 brevitatis
2641 3827 2832 3888 studio
2869 3829 3054 3888 multa
3091 3835 3447 3903 prateream,
3478 3830 3547 3889 ad
3589 3830 3931 3906 passionem

2211 3916 2445 3976 Domini
2477 3918 2809 3978 veniamus.

2281 4008 2445 4067 Certe
2500 4018 2706 4068 notum
2758 4014 2844 4068 est
2892 4010 3056 4084 quia,
3099 4004 3385 4071 ministris
3429 4009 3930 4084 comprehenden-

2212 4094 2368 4154 tibus
2407 4097 2745 4171 Dominum,
2779 4097 3004 4171 Petrus,
3049 4105 3116 4160 ut
3160 4115 3361 4159 revera
3396 4097 3580 4157 fidelis
3622 4113 3829 4157 servus
3872 4106 3931 4155 et

2210 4185 2440 4244 fervens
2481 4186 2718 4259 spiritu,
2768 4185 2834 4245 in
2873 4187 3058 4247 ictum
3096 4187 3271 4261 gladii
3325 4203 3387 4247 se
3439 4187 3591 4247 ultor
3635 4187 3826 4246 erexit
3873 4192 3935 4245 et

2210 4274 2533 4334 auriculam
2589 4276 2743 4335 servi
2789 4276 2997 4336 Judam
3050 4278 3401 4352 proditorem
3447 4276 3693 4350 impium
3740 4277 3933 4334 comi-

2215 4364 2406 4435 tantis,
2438 4363 2700 4423 abscidit.
2748 4365 2912 4425 Unde
2964 4371 3018 4424 et
3059 4365 3351 4425 Joannes:
3389 4387 3417 4419 «
3451 4363 3677 4435 Simon,
3709 4363 3934 4439 inquit,

2218 4451 2424 4512 Petrus
2477 4453 2698 4512 habens
2752 4452 3034 4529 gladium,
3066 4453 3269 4513 eduxit
3314 4453 3508 4527 illum,
3537 4460 3595 4513 et
3643 4455 3939 4528 percussit

2214 4540 2502 4615 pontiﬁcis
2524 4556 2755 4601 servum
2786 4547 2843 4601 et
2867 4541 3113 4601 abscidit
3148 4542 3278 4616 ejus
3301 4541 3627 4601 auriculam
3654 4540 3939 4599 dextram

2216 4632 2392 4701 (Joan.
2437 4635 2632 4701 XVIII).
2685 4653 2708 4680 ι
2767 4629 2880 4691 Sed
2930 4630 3033 4690 ubi
3077 4631 3330 4691 Joannes
3375 4630 3620 4704 scripsit,
3664 4651 3685 4681 ι
3716 4626 3936 4688 Simon

2217 4717 2439 4789 Petrus,
2465 4739 2494 4772 »
2543 4718 2622 4776 ibi
2669 4718 2897 4779 Marcus
2944 4720 3157 4795 posuit,
3186 4742 3208 4771 ι
3247 4735 3411 4780 unus
3445 4725 3639 4778 autem
3680 4715 3941 4791 quidam

2214 4807 2285 4866 de
2332 4808 2836 4869 circumstantibus
2873 4810 3059 4881 (Marc.
3106 4811 3253 4878 XIV),
3288 4829 3316 4861 ιο
3370 4815 3660 4884 quatenus
3697 4806 3781 4865 sic
3822 4822 3940 4865 ve-

2215 4896 2397 4955 ritatis
2431 4895 2728 4957 historiam
2763 4903 3000 4969 texeret,
3032 4901 3098 4958 ut
3138 4904 3332 4957 tamen
3364 4896 3625 4968 magistri
3676 4893 3945 4969 gloriam

2216 4985 2449 5045 silentio
2501 4987 2838 5061 prateriret.
2896 4987 3105 5063 Sicque
3159 4987 3400 5047 veridici
3449 4982 3743 5059 scriptoris
3810 4983 3944 5043 im-

2214 5075 2396 5146 pleret
2431 5075 2709 5147 ofﬁcium,
2744 5081 2806 5134 ut
2844 5090 3106 5149 persona
3131 5073 3440 5147 cujuslibet
3479 5070 3806 5147 ignorando
3838 5071 3943 5129 fa-

2218 5177 2433 5234 vorem,
2485 5162 2856 5221 assentatoris
2904 5176 3020 5220 non
3074 5160 3397 5219 incurreret
3440 5173 3700 5217 navum.
3752 5156 3951 5216 Hera

2214 5250 2427 5325 quippe
2467 5251 2690 5310 veritati
2739 5251 3093 5321 deserviens,
3150 5248 3209 5307 in
3262 5247 3559 5316 omnibus,
3600 5259 3736 5319 qua
3792 5259 3952 5303 con-

2215 5340 2458 5416 scripsit,
2515 5339 2803 5399 commodi
2877 5354 3040 5415 spcm
3122 5337 3390 5407 nescivit,
3444 5332 3716 5393 amicitia
3804 5332 3955 5408 jura

2213 5428 2573 5505 contempsit,
2628 5430 2952 5489 humanam
3024 5428 3295 5489 funditus
3374 5423 3620 5500 gratiam
3696 5422 3956 5498 ignora-

2213 5521 2314 5583 vit.
2353 5519 2648 5583 Postremo
2711 5518 2783 5578 ad
2840 5517 2993 5581 Petri
3052 5518 3420 5592 negationem
3479 5514 3746 5587 veniens,
3804 5530 3956 5576 cum
