4070 6198
141 400 245 414 σασ-

139 417 239 460 :u‘l

1675 409 1922 470 SERMO
1965 409 2114 469 XIV.

3547 417 3652 476 578

134 527 331 586 cateri
413 526 787 600 evangelista
859 531 1013 602 quod
1088 547 1120 589 a
1198 531 1364 591 Petro
1441 534 1656 591 dictum
1727 541 1916 606 est,A
1940 538 2142 594 asserit
2184 536 2320 594 hora
2366 537 2524 595 tertia
2561 541 2752 608 (Marc.
2789 543 2893 606 XV)
2930 539 3246 598 Dominum
3275 540 3647 600 cruciﬁxum.

139 616 332 675 verbis
386 615 721 676 mitioribus
773 617 1068 692 levigent;
1136 620 1292 680 solus
1352 625 1457 680 iste
1509 622 1716 682 durius
1778 625 1863 683 lo-

136 705 342 778 quitur
402 711 456 763 et
515 712 788 780 tanquam
849 708 1068 766 crimen
1130 719 1475 786 exaggeret,
1543 713 1862 774 incautiora

136 791 483 864 magistrum
542 793 716 851 verba
771 796 1199 870 pracipitanter
1263 799 1535 859 effudisse
1605 807 1857 862 testatur.

137 903 162 933 α
216 880 434 955 Capit,
495 882 723 955 inquit,
782 886 1289 958 anathematizare,
1347 897 1400 946 et
1446 890 1663 962 jurare,
1723 892 1862 966 quia

137 968 336 1027 nescio
389 969 709 1039 hominem,
759 987 933 1046 quem
983 974 1127 1034 dicis
1175 978 1393 1048 (Ibid)
1442 1000 1469 1030 »
1517 978 1652 1049 Cur,
1700 979 1862 1037 beate

134 1057 350 1129 Marce,
407 1064 520 1115 tam
576 1061 839 1134 egregio,
910 1068 1022 1121 tam
1077 1063 1295 1138 insigni
1352 1068 1685 1141 praeceptori
1741 1072 1857 1136 tuo,

134 1163 310 1221 quem
347 1148 543 1206 animo
581 1149 821 1210 devotus
855 1154 1028 1213 unice
1052 1155 1269 1228 diligis,
1298 1157 1447 1231 stylo
1481 1175 1595 1217 non
1628 1158 1862 1232 parcis?

136 1235 226 1305 Ut,
294 1242 356 1293 et
405 1251 537 1310 qua
588 1235 860 1300 laudibus
912 1243 1026 1300 sint
1085 1245 1372 1303 efferenda
1423 1254 1751 1321 pratereas,
1806 1254 1863 1306 et

133 1341 262 1401 qua
349 1327 817 1399 reprehensionis
903 1331 1209 1393 videantur
1282 1343 1444 1409 apta,
1523 1337 1860 1396 describas?

134 1412 227 1470 69
287 1415 411 1475 Cur
471 1418 581 1476 hoc
646 1421 840 1493 potius
887 1422 1038 1481 libro
1101 1431 1198 1483 tuo
1256 1440 1370 1482 non
1425 1425 1652 1497 inseris,
1705 1427 1859 1500 quod

136 1501 346 1562 Petrus
389 1505 459 1563 ad
503 1507 829 1579 jussionem
876 1510 1132 1583 Domini,
1195 1513 1381 1586 primo
1438 1514 1654 1573 scilicet
1700 1516 1859 1576 hami

129 1591 309 1664 jactu,
363 1595 578 1668 piscem
633 1599 799 1672 cepit,
849 1600 911 1658 in
960 1604 1127 1676 cujus
1177 1617 1273 1661 ore
1322 1610 1588 1662 staterem
1628 1606 1856 1678 reperit,

133 1698 308 1756 quem
358 1701 460 1758 pro
507 1701 584 1753 se,
621 1689 798 1747 simul
841 1697 898 1750 et
935 1693 1060 1766 ipso
1100 1692 1404 1766 tributum,
1446 1695 1599 1770 quod
1647 1695 1859 1754 Casari

134 1771 470 1843 debebatur,
518 1781 799 1850 tanquam
844 1777 1094 1839 Domino
1131 1791 1498 1856 comparatus
1535 1785 1862 1857 appendit?

1944 623 2088 694 Qua
2118 627 2367 699 profecto
2402 626 2705 685 diversitas
2741 629 2847 685 ista
2881 627 3196 699 dirimitur,
3234 636 3318 700 ut,
3369 631 3647 704 quoniam

1943 717 2084 771 hora
2143 715 2304 772 tertia
2356 715 2697 774 tumultuati
2750 723 2884 773 sunt
2939 735 2950 774 :
3003 716 3301 789 Cruciﬁge,
3353 719 3647 791 cruciﬁge,

1944 807 2142 864 eadem
2186 805 2327 864 hora
2365 805 2677 865 Dominum
2721 807 2938 879 lingua
2978 808 3375 865 crucifixerint
3415 808 3650 867 Judao-

1944 911 2095 964 rum,
2137 911 2312 968 quem
2355 895 2495 952 hora
2533 903 2694 953 sexta
2742 895 3110 968 corporaliter
3158 897 3305 954 clavi
3356 898 3651 956 conﬁxere

1941 982 2268 1055 gentilium.
2324 983 2416 1040 Illi
2467 984 2658 1058 itaque
2698 985 2866 1056 juxta
2909 985 3284 1057 corporalem,
3334 993 3396 1044 ut
3443 987 3520 1043 ita
3565 986 3652 1044 lo-

1943 1087 2111 1146 quar,
2146 1074 2227 1130 rei
2266 1079 2438 1144 gesta
2475 1072 2796 1144 loquuntur
2831 1071 3168 1142 historiam;
3211 1073 3336 1144 iste,
3378 1075 3650 1145 spiritua-

1943 1161 2057 1216 lem
2097 1161 2331 1233 protulit
2370 1161 2438 1218 de
2481 1160 2696 1218 furiosa
2750 1159 3088 1219 Judaorum
3135 1162 3473 1220 crudelitate
3519 1178 3653 1220 sen-

1945 1248 2201 1306 tentiam.
2250 1248 2344 1306 Illi
2404 1255 2677 1321 praterea
2718 1249 2997 1320 referunt,
3055 1257 3186 1308 ante
3231 1250 3368 1322 galli
3419 1258 3653 1308 cantum

1948 1343 2026 1394 ter
2063 1352 2097 1394 a
2139 1337 2303 1394 Petro
2341 1335 2656 1394 Dominum
2698 1337 2876 1395 fuisse
2906 1346 3174 1412 negatum
3206 1341 3429 1408 (Matth.
3461 1351 3650 1411 XXVI;

1941 1429 2073 1482 Luc.
2122 1430 2312 1494 XXII);
2359 1426 2482 1495 iste,
2525 1424 2621 1498 qui
2663 1424 2770 1481 hoc
2807 1441 2880 1482 ex
2920 1441 3016 1483 ore
3056 1425 3272 1485 scilicet
3317 1428 3502 1501 ipsius
3553 1442 3651 1485 ne-

1941 1513 2130 1586 gantis
2178 1514 2421 1586 audivit,
2475 1530 2591 1572 non
2646 1521 2953 1590 antequam
3002 1515 3192 1587 gallus
3240 1523 3509 1584 cantaret,
3555 1514 3654 1573 sed

1941 1609 2250 1675 antequam
2308 1603 2396 1660 bis
2454 1611 2748 1674 cantaret,
2817 1603 3180 1676 negationem
3245 1604 3392 1661 hanc
3447 1604 3656 1661 factam

1941 1708 2062 1750 esse
2120 1692 2449 1765 perscripsit
2495 1696 2683 1765 (Marc.
2741 1695 2882 1763 XIV).
2941 1691 3101 1761 Quod
3156 1693 3426 1766 profecto,
3482 1692 3654 1765 juxta

1943 1782 2113 1839 ﬁdem
2153 1783 2256 1853 rei,
2303 1783 2579 1842 veraciter
2613 1783 2939 1858 contigisse,
2974 1785 3123 1842 sicut
3168 1781 3392 1840 Marcus
3429 1781 3652 1854 asserit,
3757 1797 3762 1808 '

136 1865 366 1930 (Matth.
405 1871 580 1935 XVII.)
633 1867 912 1943 Nunquid
961 1877 1015 1928 et
1065 1872 1171 1930 hoc
1219 1879 1270 1930 te
1325 1873 1474 1948 fugit
1517 1876 1674 1949 quia,
1714 1884 1914 1953 post-B
1940 1871 2339 1936 indubitanter
2385 1875 2734 1946 agnoscitur.
2784 1873 2947 1944 Quod
3001 1883 3192 1934 autem
3245 1874 3347 1932 alii
3403 1890 3652 1948 evange-

135 1968 310 2027 quam
369 1953 458 2014 illi
507 1955 768 2017 Salvator
815 1960 1141 2034 claudendi,
1185 1963 1307 2021 sive
1359 1964 1646 2037 pandendi
1703 1970 1861 2039 regni

133 2045 386 2104 calestis
414 2049 790 2122 privilegium
819 2053 1088 2124 contulit,
1122 2061 1428 2128 postquam
1460 2055 1548 2113 illi
1587 2057 1862 2116 universa

136 2144 426 2196 terrarum
472 2156 648 2212 regna
687 2143 934 2216 subjecit
971 2147 1190 2211 (Matth.
1235 2150 1382 2214 XVI),
1416 2152 1720 2221 postquam
1760 2148 1860 2206 de-

135 2227 342 2302 nique,
386 2245 458 2287 ne
489 2229 634 2289 ﬁdes
671 2232 796 2305 ejus
829 2240 1105 2307 tanquam
1143 2235 1315 2293 totius
1347 2234 1618 2294 Ecclesia
1650 2237 1860 2295 funda-

137 2325 404 2376 mentum
463 2320 813 2395 quandoque
866 2321 1155 2396 deficeret,
1209 2340 1269 2381 se
1320 2339 1510 2382 orasse
1568 2326 1863 2398 perhibuit

135 2408 281 2476 (Luc.
354 2411 530 2480 XXII),
594 2425 768 2484 super
824 2417 1100 2470 cunctum
1155 2427 1295 2470 mox
1357 2415 1559 2473 ovium
1620 2431 1859 2476 suarum

131 2511 367 2570 gregem
415 2499 470 2558 ei
515 2500 639 2558 vice
681 2516 785 2560 sua
829 2502 1114 2575 passionis
1159 2504 1481 2563 custodiam
1529 2505 1864 2581 delegavit?

137 2609 161 2636 α
195 2585 388 2658 Petre,
430 2590 644 2665 inquit,
675 2590 870 2665 diligis
899 2607 990 2650 me
1017 2602 1040 2650 ?
1086 2592 1257 2650 Pasce
1304 2611 1441 2652 oves
1470 2611 1648 2654 meas.
1681 2601 1858 2658 (Joan.

137 2678 292 2746 XXI.)
328 2697 358 2729 ι)
393 2676 510 2735 Cur
537 2679 716 2753 igitur
751 2696 784 2737 a
824 2688 902 2739 tot
941 2680 1202 2754 magistri
1231 2685 1535 2757 praeconiis
1571 2687 1861 2746 calamum

135 2765 438 2838 reprimis,
487 2775 542 2825 et
588 2768 728 2841 sola,
778 2784 910 2842 qua
952 2768 1307 2829 inﬁrmitatis
1353 2781 1511 2846 sunt,
1553 2775 1625 2832 ad
1674 2785 1858 2849 poste-

134 2869 342 2912 rorum
403 2857 745 2915 memoriam
796 2857 944 2932 stylo
1003 2861 1367 2920 committis?
1444 2863 1552 2922 Sed
1621 2865 1862 2925 omnino

134 2942 492 3003 credendum
528 2955 631 3016 est,
670 2948 874 3006 fratres
916 2949 1052 3022 mei,
1092 2951 1228 3024 quia
1269 2968 1404 3011 cum
1445 2969 1598 3012 unus
1629 2961 1860 3013 utrum-

135 3049 245 3106 que
297 3037 544 3110 spiritus
591 3038 846 3112 impleat,
908 3055 1064 3098 unus
1106 3044 1411 3116 utriusque
1463 3045 1630 3102 corda
1680 3046 1856 3118 possio

135 3120 296 3194 deat;
354 3125 498 3183 alter
533 3124 606 3183 ab
644 3127 845 3199 altero,
887 3128 986 3187 ille
1025 3129 1088 3187 in
1139 3131 1406 3202 docendi,
1453 3131 1561 3190 iste
1605 3133 1666 3190 in
1715 3133 1858 3191 scri-

1943 1961 2091 2020 lista
2147 1962 2371 2033 dicunt,
2427 1963 2506 2021 ita
2567 1964 2734 2022 debet
2791 1965 3037 2039 intelligi
3090 1964 3184 2020 '70
3237 1970 3302 2023 ut
3355 1966 3500 2023 trina
3554 1963 3654 2022 illa

1944 2052 2171 2124 negatio
2231 2062 2363 2110 ante
2422 2053 2560 2126 galli
2620 2055 2856 2128 quidem
2917 2062 3140 2115 tantum
3205 2057 3380 2115 fuerit
3433 2062 3650 2130 capta,

1944 2140 2039 2198 sed
2096 2148 2395 2214 postquam
2451 2143 2626 2200 semel
2673 2145 2898 2216 cecinit,
2948 2144 3022 2202 sit
3073 2144 3321 2218 expleta,
3366 2150 3447 2212 ut,
3505 2160 3655 2216 quo-

1947 2231 2101 2289 niam
2133 2231 2191 2288 in
2233 2231 2544 2305 Scripturis
2583 2249 2711 2305 pars
2743 2232 2883 2290 solet
2922 2234 3054 2307 poni
3094 2249 3197 2307 pro
3237 2240 3370 2303 toto,
3399 2233 3459 2291 id
3497 2234 3654 2308 quod

1943 2336 2042 2394 per
2082 2320 2417 2379 Matthaum
2457 2322 2668 2379 dicitur
2713 2341 2724 2378 :
2772 2345 2798 2375 «
2842 2323 3169 2396 Antequam
3217 2321 3406 2396 gallus
3443 2329 3650 2394 cantet,

1945 2416 2029 2466 ter
2077 2425 2167 2466 me
2222 2409 2478 2482 negabis,
2517 2431 2542 2462 »
2584 2410 2664 2468 sic
2703 2410 3058 2484 intelligatur
3092 2419 3366 2485 tanquam
3398 2410 3609 2468 diceret
3642 2434 3655 2468 :

1947 2506 2031 2556 ter
2070 2512 2160 2554 me
2200 2505 2515 2570 negaturus
2554 2507 2865 2572 antequam
2904 2500 3094 2574 gallus
3133 2506 3338 2570 cantet,
3381 2499 3657 2574 incipies;

1945 2587 2043 2646 sed
2083 2586 2343 2646 eamdem
2385 2587 2773 2661 negationem,
2818 2598 3119 2663 postquam
3168 2589 3345 2647 semel
3385 2595 3657 2647 cantave-

1945 2679 2039 2750 rit,
2104 2687 2418 2754 antequam
2471 2686 2698 2737 cantare
2752 2680 2843 2738 bis
2892 2681 3141 2755 adjiciat,
3206 2680 3656 2740 consummabis.

1949 2770 2042 2830 Sic
2071 2770 2284 2844 itaque,
2317 2776 2372 2828 et
2401 2771 2554 2842 quod
2589 2771 2815 2829 Marcus
2846 2771 2926 2829 ait
2964 2792 2974 2829 :
3016 2795 3044 2826 «
3075 2771 3418 2846 Priusquam
3468 2771 3660 2843 gallus

1945 2867 2134 2918 cantet
2174 2860 2304 2928 bis;
2342 2882 2367 2911 »
2403 2865 2458 2916 et
2495 2859 2646 2934 quod
2685 2860 2784 2918 alii
2820 2861 3022 2920 dicunt
3053 2880 3065 2917 :
3102 2880 3130 2912 «
3170 2861 3499 2935 Antequam
3534 2862 3657 2933 gal-

1944 2950 2035 3010 lus
2077 2955 2285 3019 cantet,
2329 2956 2412 3008 ter
2455 2966 2546 3007 me
2587 2951 2845 3024 negabis,
2886 2973 2913 3005 »
2957 2952 3086 3010 licet
3123 2951 3317 3009 verbis
3354 2951 3661 3010 videantur

1945 3038 2334 3097 exterioribus
2373 3039 2686 3111 dissonare,
2728 3039 3245 3114 congruentissima
3284 3041 3659 3114 reperiuntur

1944 3129 2266 3187 intentione
2295 3144 2630 3203 congruere.

133 3209 303 3270 bendi
369 3214 561 3273 studio
619 3231 733 3275 non
785 3217 1088 3280 discordat.
1149 3218 1312 3279 Sicut
1363 3223 1520 3281 enim
1574 3222 1775 3282 Petrus
1821 3240 1912 3317 ac
2015 3217 2216 3290 NeQue
2265 3217 2420 3275 enim
2475 3218 2599 3275 sine
2652 3233 2843 3289 causa,
2887 3218 3088 3278 fratres
3130 3219 3265 3290 mei,
3305 3219 3504 3277 beatus
3552 3220 3658 3276 iste

131 3305 367 3377 prepria
412 3322 520 3366 sua
564 3308 734 3368 laude
781 3311 1063 3382 cohibuit,
1112 3313 1191 3371 ita
1233 3313 1522 3373 veridicus
1559 3315 1718 3374 illius
1759 3318 1852 3374 in—

132 3399 349 3469 terpres
408 3398 482 3455 ab
531 3415 617 3470 ea,
666 3417 840 3474 quam
883 3403 943 3460 in
994 3404 1266 3474 magistro
1309 3421 1425 3464 non
1471 3405 1690 3478 didicit,
1735 3423 1856 3466 sua

1943 3308 2192 3377 Marcus,
2243 3308 2335 3365 vel
2383 3311 2535 3381 apud
2580 3307 2816 3381 Moysen
2861 3309 2970 3366 sub
3011 3310 3298 3366 schemate
3341 3309 3658 3366 ﬂuviorum

1937 3393 2091 3463 (Gen.
2148 3398 2233 3466 It),
2285 3396 2375 3453 vel
2433 3394 2584 3468 apud
2640 3396 2994 3453 Ezechielem
3050 3413 3150 3470 per
3206 3396 3378 3454 facies
3430 3396 3654 3454 anima-

127 3480 536 3558 descriptionis
614 3489 928 3549 articulum
1007 3491 1338 3550 refrenavit.
1417 3493 1508 3551 Ad
1579 3510 1734 3568 magr

2053 3505 2082 3544 n
2143 3488 2357 3558 (Ezech.
2415 3488 2475 3556 ι),
2534 3485 2686 3544 sicut
2744 3487 3010 3559 superius
3075 3487 3293 3545 dictum
3347 3495 3449 3557 est,
3507 3488 3660 3544 inter

129 3573 348 3647 quippe
400 3575 619 3635 factum
672 3587 754 3637 est
796 3587 1006 3638 nostra;
1050 3580 1455 3640 aediﬁcationis
1498 3585 1856 3659 exemplum,
1940 3582 2168 3636 sanctos
2213 3573 2599 3646 evangelistas
2653 3575 2974 3632 secundum
3024 3573 3243 3632 obtinet
3291 3575 3502 3632 locum.
3546 3571 3658 3632 Sed

132 3668 190 3718 ut
235 3668 291 3720 et
347 3663 449 3722 ille
494 3664 564 3723 de
609 3682 671 3725 se
720 3683 835 3726 non
885 3668 1192 3739 efferenda,
1244 3670 1342 3728 sed
1387 3671 1860 3744 reprehendenda
1937 3669 2242 3735 honorem,
2280 3679 2454 3738 quem
2493 3664 2554 3720 in
2593 3663 2999 3738 pradestinato
3037 3666 3272 3723 sortitus
3310 3670 3393 3722 est
3431 3663 3662 3735 ordine,

131 3751 450 3823 proferret,
513 3763 569 3812 et
625 3756 730 3815 iste
785 3758 866 3816 sic
927 3775 1027 3833 per
1087 3759 1345 3818 veritatis
1405 3760 1617 3819 lineam
1673 3771 1860 3822 rectus
1939 3763 2128 3814 St'I‘thl
2187 3755 2248 3812 in
2304 3752 2632 3826 evangelica
2691 3752 2943 3810 νοτίῖθῖθ·
3005 3752 3148 3810 Nam
3201 3751 3262 3808 in
3311 3752 3659 3826 Apocall'PSi

133 3839 425 3898 incederet
467 3848 531 3899 ut
572 3859 645 3901 ne
680 3845 752 3902 ad
787 3847 1045 3920 magistri
1079 3847 1315 3920 quidem
1364 3849 1617 3908 favorem
1650 3851 1862 3924 aliqua—
1937 3845 2181 3906 Joannis
2210 3859 2342 3903 cum
2380 3849 2708 3900 sanctorum
2746 3841 3089 3900 animalium
3122 3841 3261 3900 ordo
3290 3841 3658 3914 describitur,

137 3935 302 3987 tenus
351 3929 685 3991 declinaret.
730 3935 875 3992 Nam
919 3952 1050 3994 cum
1095 3935 1312 3996 Paulus
1342 3937 1491 3996 dicat
1518 3939 1856 4012 apostolus:
1940 3952 2056 3996 non
2094 3937 2216 4010 jam
2255 3933 2563 3999 secundus,
2606 3933 2703 3990 sed
2744 3934 2972 4005 primus
3009 3933 3105 3990 hic
3142 3933 3199 3989 in
3253 3948 3456 3992 eorum
3505 3941 3659 3992 cata-

136 4041 161 4070 α
191 4018 316 4092 Ego
371 4021 418 4077 si
469 4021 806 4081 hominibus
851 4023 1074 4098 placere
1119 4024 1351 4097 vellem,
1398 4027 1610 4086 Christi
1656 4045 1861 4088 servus
1941 4028 2072 4102 logo
2119 4027 2418 4102 reperitur.
2455 4046 2481 4077 ι(
2514 4025 2578 4082 In
2627 4023 2816 4083 medio
2865 4024 3036 4094 sedis,
3092 4024 3305 4098 inquit,
3345 4033 3399 4083 et
3441 4026 3503 4082 in
3553 4025 3662 4083 cir-

135 4122 248 4166 non
302 4124 495 4167 essem
556 4112 754 4172 (Galat.
804 4113 858 4183 ι).
913 4133 940 4165 ››
994 4113 1064 4170 Et
1117 4111 1258 4172 alibi
1319 4113 1615 4188 Scriptura
1662 4117 1857 4190 prohi-
1940 4117 2104 4176 cuitu
2156 4114 2308 4172 sedis
2361 4120 2608 4187 quatuor
2659 4111 2933 4170 animalia
2982 4112 3153 4185 plena
3195 4111 3376 4170 oculis
3422 4117 3553 4169 ante
3603 4129 3659 4170 e:

132 4195 257 4256 beat
287 4224 299 4256 :
355 4219 382 4251 α
430 4198 593 4269 Quod
629 4199 728 4258 tibi
767 4200 890 4259 fieri
929 4204 1044 4261 non
1088 4205 1198 4274 vis,
1235 4203 1337 4262 alii
1368 4221 1441 4264 ne
1471 4207 1674 4264 feceris
1704 4209 1859 4275 (Tob.
1942 4214 2126 4275 retro;
2160 4225 2186 4256 »
2220 4219 2476 4276 moxque
2505 4203 2808 4276 subjungit
2839 4225 2850 4259 :
2889 4221 2916 4255 α
2947 4201 3016 4258 Et
3043 4201 3262 4259 animal
3289 4203 3546 4276 primum
3570 4204 3651 4262 si-

132 4290 207 4357 Iv;
233 4306 252 4357 ;
290 4309 322 4342 ››
376 4289 583 4348 beatus
634 4289 986 4365 evangelista
1030 4292 1222 4351 noluit
1265 4295 1545 4354 exhibere
1588 4298 1862 4370 magistro
1943 4294 2081 4353 mile
2112 4291 2286 4362 leoni,
2320 4298 2374 4349 et
2407 4290 2729 4350 secundum
2759 4290 2976 4348 animal
3009 4290 3198 4349 simile
3224 4291 3427 4358 vitulo,
3457 4299 3511 4350 et
3539 4299 3652 4349 tero

128 4376 282 4448 quod
335 4378 459 4452 ipse
503 4377 616 4436 sibi
660 4378 908 4453 praberi
947 4379 1128 4441 nollet
1163 4384 1234 4441 ab
1276 4385 1473 4443 altero.
1516 4384 1698 4455 Quem
1746 4387 1862 4445 uti-
1942 4383 2088 4441 tium
2123 4381 2338 4440 animal
2373 4380 2593 4438 habens
2624 4380 2828 4436 faciem
2859 4379 3022 4452 quasi
3067 4380 3342 4450 hominis,
3377 4386 3433 4438 et
3478 4396 3660 4456 quar-

125 4479 236 4538 que
275 4466 330 4523 si
367 4464 544 4525 laude
576 4469 891 4541 praeferret,
924 4471 1107 4542 magis
1151 4471 1466 4531 offenderet
1505 4491 1680 4548 quam
1711 4491 1862 4549 pra-
1944 4478 2064 4529 tum
2105 4468 2321 4527 animal
2362 4467 2551 4526 simile
2587 4467 2803 4540 aquila
2832 4467 3048 4525 volanti
3086 4470 3275 4541 (Apoc.
3312 4473 3410 4538 Iv).
3453 4491 3479 4522 »
3519 4469 3659 4528 Hac

127 4562 327 4613 staret.
382 4554 459 4612 Hi
505 4557 674 4629 plane
716 4557 961 4617 libenter
989 4559 1132 4618 alios
1171 4561 1445 4620 laudibus
1479 4563 1729 4622 efferunt
1757 4563 2028 4668 quiDest
2064 4576 2200 4618 sane
2238 4558 2518 4632 quadriga
2556 4556 2654 4612 illa
2692 4556 2948 4628 Domini,
2983 4564 3036 4615 et
3077 4573 3279 4615 verum
3318 4558 3655 4628 Cherubim,

132 4644 366 4668 l..--.l-.~.
402 4646 470 4668 -L
507 4646 901 4668 --..l-_l_‘___'L___
955 4665 1145 4668 A_,-A__,,
1181 4657 1218 4668 ,.
1292 4651 1327 4668 Π
1392 4658 1429 4668 ,κ
1709 4653 1719 4664 ο
1989 4667 1992 4668 ,
2034 4667 2047 4668 γ
2100 4649 2340 4668 εκᾼμ-;-----
2394 4646 2575 4668 -.μ-ζ--
2626 4645 2823 4668 -t-...--:a
2886 4645 3101 4668 -_L2_--_
3146 4647 3409 4668 3:---___:n.
3474 4648 3620 4668 t_____

131 4644 371 4703 tandem
400 4646 474 4703 ab
504 4646 904 4707 adulatoribus
947 4657 1243 4723 quarunt.
1289 4651 1575 4710 Caterum
1623 4653 1721 4728 qui
1765 4644 2057 4724 re—"quo
2097 4649 2343 4707 innixus
2387 4646 2583 4704 omnia
2621 4645 2842 4715 circuit,
2886 4645 3106 4718 ubique
3141 4647 3429 4704 discurrit.
3471 4648 3655 4705 Innu-

125 4739 291 4791 cusat
370 4734 626 4808 accipere
694 4733 1039 4809 dedignatur
1112 4739 1336 4797 offerre.
1403 4738 1720 4798 Enimvero
1785 4756 1858 4797 ex
1942 4737 2250 4797 merabiles
2294 4735 2430 4793 hinc
2470 4735 2605 4792 inde
2647 4733 2957 4808 pervigiles
2995 4735 3189 4806 oculi;
3230 4735 3501 4793 scintilla
3531 4753 3656 4795 cre-

126 4819 394 4880 Matthai
429 4821 597 4892 libro,
626 4825 730 4897 qui
751 4825 872 4897 jam
913 4826 1114 4899 utique
1147 4829 1332 4887 fuerat
1361 4829 1668 4900 editus,B.
1707 4829 1860 4888 Petri
1946 4829 2108 4885 brius
2168 4825 2432 4894 emicant,
2495 4822 2728 4894 fulgura
2791 4822 3051 4895 pavenda
3109 4829 3428 4881 coruscant.
3493 4825 3655 4886 Recti

135 4910 341 4969 laudes
381 4911 614 4971 Marcus
659 4913 956 4972 addiscere
997 4918 1203 4990 potuit,
1247 4935 1391 4994 quas
1437 4920 1498 4978 in
1536 4920 1664 4993 ejus
1710 4921 1859 4979 rela-
1944 4916 2134 4990 pedes,
2186 4921 2240 4971 et
2290 4914 2348 4970 in
2394 4913 2644 4971 sublime
2703 4911 3000 4969 tendentes
3040 4930 3052 4967 :
3098 4920 3252 4984 terga
3292 4923 3558 4987 pennata,
3600 4925 3656 4975 et

135 4997 401 5058 tionibus
450 5015 563 5058 non
603 5001 866 5072 audivit;
914 5004 1012 5062 sed
1046 5007 1428 5079 morigeratus
1456 5014 1540 5065 est
1569 5010 1742 5082 magis

2054 5018 2163 5077 que
2201 5003 2473 5060 volantia.
2521 5003 2743 5060 Tenent
2783 5016 2843 5058 se
2884 5007 3106 5070 mutuo,
3140 5002 3364 5073 sibique
3397 5004 3661 5077 perplexi

134 5095 184 5142 et
240 5088 350 5160 qui
405 5104 524 5147 non
577 5088 967 5150 delectabatur
1030 5093 1194 5165 suis,
1259 5095 1529 5155 laudibus
1581 5097 1858 5157 abstinuit
1945 5100 2101 5152 sunt.
2152 5092 2220 5150 Et
2268 5100 2541 5166 tanquam
2586 5099 2706 5149 rota
2744 5090 2802 5148 in
2847 5089 3036 5148 medio
3078 5097 3216 5149 rota
3254 5092 3394 5152 illuc
3440 5093 3662 5168 jugiter

133 5175 368 5236 alienis.
1945 5187 2211 5256 pergunt,
2271 5195 2388 5253 quo
2444 5179 2655 5238 virtute
2712 5180 2892 5238 sancti
2953 5179 3203 5252 Spiritus
3254 5181 3662 5255 impelluntur.

203 5263 389 5324 Porro
438 5273 631 5325 autem
683 5269 969 5327 nonnulla
1017 5271 1389 5344 reperiuntur
1426 5285 1562 5344 qua
1603 5273 1685 5331 sic
1728 5279 1863 5332 sunt
1943 5270 2085 5329 Hac
2134 5276 2258 5339 est,
2309 5269 2582 5341 inquam,
2637 5267 2947 5342 quadriga,
2999 5268 3069 5326 de
3127 5287 3242 5343 qua
3295 5272 3354 5329 in
3409 5273 3660 5334 Canticis

132 5369 164 5408 a
203 5351 270 5412 Β.
326 5355 518 5414 Marco
561 5355 779 5428 digesta
828 5366 892 5417 ut
937 5360 1175 5434 reliquis
1220 5360 1591 5435 evangelistis
1633 5362 1864 5420 videan-
1945 5360 2156 5418 dicitur
2187 5377 2198 5415 :
2235 5379 2262 5410 ‹‹
2293 5357 2537 5426 Nescivi,
2579 5357 2775 5414 anima
2813 5373 2940 5415 mea
2987 5361 3354 5418 conturbavit
3394 5377 3486 5419 me
3524 5379 3657 5437 pro-

134 5451 228 5500 tur
269 5459 400 5503 esse
428 5445 734 5504 contraria.
769 5445 916 5516 Qua
958 5455 1146 5505 tamen
1192 5448 1242 5505 si
1290 5448 1549 5524 sagacius
1598 5466 1861 5524 perscru-
1950 5457 2070 5523 pter
2097 5445 2408 5522 quadrigas
2439 5444 2766 5504 Aminadab
2793 5448 2969 5516 (Cant.
3001 5453 3102 5516 VI).
3138 5471 3165 5501 »
3200 5448 3325 5508 Vox
3357 5457 3440 5508 est
3469 5450 3661 5526 Syna-

135 5539 366 5604 tentur,
427 5542 481 5593 et
563 5535 787 5595 cateris
853 5552 1105 5595 consona
1153 5544 1210 5595 et
1267 5537 1674 5598 sincerissima
1726 5541 1860 5599 ﬁdei
1947 5549 2148 5609 goga,
2209 5548 2342 5605 qua
2395 5531 2602 5591 videns
2658 5540 2874 5591 tantam
2934 5543 3146 5594 sancta
3205 5535 3475 5595 Ecclesia
3529 5555 3661 5612 gra-

136 5620 514 5690 reperiuntur
555 5623 798 5683 veritate
843 5624 1101 5694 fundata,
1154 5624 1300 5684 sicut
1345 5631 1429 5683 est
1476 5625 1629 5700 quod
1672 5628 1861 5686 cateri
1947 5625 2088 5683 tiam
2128 5639 2251 5681 esse
2295 5622 2584 5694 collatam,
2619 5623 2772 5682 dolet
2801 5640 2861 5683 se
2900 5625 3118 5685 tardius
3155 5627 3436 5700 recepisse
3465 5628 3657 5696 fidem,

135 5706 280 5765 hora
313 5717 481 5768 sexta
514 5712 730 5782 (Matth.
763 5724 939 5771 XXVII
969 5731 983 5784 ;
1016 5715 1146 5771 Luc.
1175 5724 1362 5782 XXIII;
1396 5716 1554 5772 Joan.
1591 5715 1736 5787 XIX),
1770 5713 1862 5771 hic
1947 5729 2014 5772 eo
2057 5711 2215 5786 quod
2259 5711 2564 5786 Evangelii
2595 5729 2711 5772 non
2739 5716 3038 5788 agnoverit
3067 5715 3384 5775 veritatem.
3417 5716 3660 5775 Amina-
