4070 6198
395 379 502 437 579

1010 382 1067 439 S.
1120 379 1337 438 PETRI
1379 378 1697 437 DAMIANI
1739 378 1894 439 OPI’.
1945 379 2131 439 PARS
2175 381 2315 440 SEU
2358 381 2608 441 TOMUS
2650 381 2722 439 ΙΙ.
2769 413 2832 422 —
2875 378 3287 439 SEBMONES.

3792 379 3899 438 580

399 504 510 562 dab
549 510 742 562 autem
779 510 837 562 at
875 517 1050 576 nepos
1085 503 1252 561 Judm
1283 503 1461 560 fuisse
1484 504 1866 577 cognoscitur,
1899 504 2002 576 qui
2037 504 2162 564 inA
2191 505 2459 563 cordibus
2511 503 2744 578 eloquia
2799 521 2957 562 sacra
3006 504 3365 574 meditantes,
3422 505 3749 564 testamenti
3801 521 3901 562 ar—

401 595 730 669 genealogia
770 593 1003 652 Domini
1044 609 1175 651 cum
1218 593 1474 666 patribus
1512 601 1872 653 numeratur.
1916 594 2100 652 Inter-

397 690 652 760 pretatur
696 682 1042 752 Aminadab,
1080 685 1275 755 populi
1323 686 1429 738 mei
1470 688 1818 754 Spontaneus,
1861 683 2104 756 ideoque

397 791 514 833 non
560 775 876 846 incongrue
923 772 1207 844 significat
1254 770 1567 842 Christum,
1621 773 1724 847 qui
1771 774 1966 847 populi
2010 775 2101 833 sui

395 870 743 940 spontaneus
781 863 911 933 fuit,
951 864 1089 938 quia
1126 878 1256 921 cum
1300 862 1453 920 Deus
1493 871 1659 936 esset,
1693 872 1892 938 sponte
1924 866 2104 925 factus

397 960 480 1014 est
513 956 705 1012 homo.
742 952 852 1022 Qui
887 951 1045 1010 enim
1076 966 1191 1010 non
1222 951 1577 1020 necessitate,
1622 954 1720 1011 sed
1769 953 1888 1012 sola
1933 954 2104 1012 boni-

403 1051 514 1104 tate
561 1060 668 1102 nos
719 1042 1006 1112 condidit,
1077 1040 1304 1114 propria
1365 1040 1750 1102 nihilominus
1811 1043 2106 1102 voluntate

398 1133 662 1193 redemit.
716 1131 880 1190 Unde
934 1137 988 1188 et
1033 1129 1278 1189 Iacobus
1325 1129 1448 1187 ait:
1487 1151 1513 1184 ‹‹
1553 1130 1861 1191 Voluntate
1903 1134 2106 1208 genuit

394 1238 501 1282 nos
568 1221 744 1281 verbo
811 1218 1068 1278 veritatis
1135 1223 1265 1290 (Jac.
1333 1221 1392 1286 ι).
1452 1240 1479 1271 ››
1543 1217 1905 1293 Spontaneus
1971 1238 2106 1296 ergo

401 1311 586 1370 factus
619 1315 705 1369 est
738 1308 938 1384 populi
982 1307 1097 1376 sui,
1125 1307 1260 1381 quia
1290 1322 1466 1381 quem
1506 1323 1539 1365 a
1579 1324 1639 1366 se
1677 1309 1932 1368 humana
1971 1326 2101 1386 pra-

399 1401 550 1461 vitas
573 1399 804 1474 repulit,
836 1398 956 1458 sola
992 1398 1260 1457 voluntas
1286 1397 1504 1456 divinas
1539 1399 1740 1471 gratiae
1781 1399 2100 1459 redonavit.

404 1488 692 1563 Quadriga
743 1503 879 1547 vero
938 1487 1262 1545 Aminadab
1311 1485 1524 1544 Christi
1581 1495 1666 1545 est
1721 1489 2106 1564 Evangelium

400 1579 847 1639 concordissima
908 1584 1157 1651 quatuor
1217 1576 1702 1648 evangelistarum
1774 1579 2108 1638 diversitate

401 1673 780 1741 compactum.
813 1665 996 1735 Quam
1039 1681 1174 1723 sane
1217 1665 1559 1739 quadrigam
1599 1667 1861 1726 Christus
1906 1669 2108 1741 auriga

396 1757 666 1832 disponit,
711 1760 765 1812 et
801 1753 1187 1828 quadriﬁdam
1232 1755 1436 1812 mundi
1481 1756 1809 1814 machinam
1851 1756 2110 1829 agillima

2182 611 2306 652 cam
2357 595 2481 652 sine
2537 610 2695 652 mora
2742 594 2996 664 elevent,
3049 594 3096 652 si
3155 593 3440 667 quidquid
3496 608 3723 652 necesse
3775 600 3896 662 est,

2185 686 2444 758 protinus
2490 687 2744 743 doceant.
2798 683 2963 742 Unde
3008 683 3154 741 bene
3197 682 3423 754 primus
3458 689 3648 756 pastor
3695 682 3901 740 Eccle-

2183 775 2286 832 size
2341 779 2592 847 pastores
2643 780 2878 832 czeteros
2937 773 3248 842 admonet,
3300 772 3497 831 dicens
3551 793 3562 831 :
3619 795 3646 825 α
3705 771 3901 830 Parati

2185 878 2412 936 semper
2453 862 2526 920 ad
2567 863 3016 921 satisfactionem
3062 861 3225 920 omni
3267 861 3524 935 poscenti
3572 877 3673 919 vos
3716 860 3899 918 ratio—-

2185 967 2320 1009 nem
2362 951 2433 1009 de
2475 967 2540 1009 ea
2575 968 2710 1026 quae
2744 951 2806 1010 in
2847 951 3009 1009 vobis
3055 956 3143 1009 est
3178 965 3276 1023 spe
3319 953 3362 1022 (Ι
3401 954 3546 1008 Petr.
3592 951 3693 1021 Ill).
3739 969 3767 1001 η
3813 950 3902 1007 Ac

2186 1041 2236 1098 si
2282 1046 2474 1114 aperte
2523 1039 2676 1100 dicat
2721 1060 2732 1098 :
2794 1045 2856 1100 ut
2905 1039 3244 1115 portandam
3294 1055 3487 1098 arcam
3527 1039 3689 1098 nulla
3735 1055 3900 1098 mora

2186 1129 2522 1205 przepediat,
2589 1137 2778 1190 vectes
2831 1147 2866 1190 a
2920 1129 3154 1189 circulis
3204 1129 3514 1204 aliquando
3577 1145 3691 1188 non
3741 1144 3900 1188 rece-

2188 1219 2345 1277 dant.

2257 1311 2364 1368 His
2405 1308 2600 1368 aureis
2643 1309 2896 1379 circulis,
2940 1307 3323 1379 dilectissimi,
3371 1313 3424 1366 et
3473 1323 3578 1366 nos
3624 1314 3907 1382 tanquam

2190 1406 2376 1458 vectes
2413 1399 2483 1457 de
2523 1398 2699 1472 lignis
2739 1397 2964 1458 Sethim
3002 1399 3352 1470 inseramur,
3387 1403 3449 1456 ut
3489 1397 3666 1470 hujus
3695 1397 3909 1456 mundi

2187 1488 2552 1562 putredinem
2606 1493 2957 1560 respuentes,
3015 1487 3079 1546 in
3134 1493 3463 1546 sanctorum
3512 1486 3907 1560 evangelista-

2190 1595 2323 1637 rum
2365 1577 2592 1652 paginis
2624 1577 2840 1652 jugiter
2875 1578 3278 1636 immoremur.
3316 1575 3473 1635 Inter
3499 1582 3733 1634 caeteros
3760 1591 3907 1650 prte-

2193 1674 2342 1725 terea
2395 1671 2661 1740 provocat
2719 1671 2822 1724 nas
2876 1667 2946 1724 ad
3004 1666 3355 1724 imitandum
3412 1681 3472 1724 se
3528 1664 3676 1724 beati
3729 1665 3913 1740 hujus

2192 1755 2389 1827 Marci,
2418 1772 2537 1814 non
2573 1757 2742 1815 modo
2767 1764 2963 1815 sancta
2991 1757 3271 1827 doctrina,
3311 1755 3409 1814 sed
3448 1755 3694 1829 insignis
3732 1757 3910 1815 etiam

397 1844 820 1920 praedicationis
872 1841 1158 1900 celeritate
1215 1844 1534 1915 percurrit,
1604 1844 1753 1901 sicut
1806 1859 1906 1917 per
1957 1843 2173 1917 Psach
2200 1846 2335 1904 vita.
2377 1845 2483 1903 Cui
2523 1847 2672 1918 quod
2716 1862 2816 1920 per
2852 1847 3188 1919 prophetam
3228 1844 3439 1903 dicitur
3475 1861 3590 1903 non
3631 1846 3908 1904 inconve-

409 1935 634 1992 mistam
665 1932 876 1990 dicitur
903 1951 915 1988 :
948 1952 977 1983 «
1007 1929 1117 1999 Qui
1149 1931 1357 1988 emittit
1390 1931 1691 2006 eloquium
1719 1948 1891 1990 suum
1923 1939 2111 2002 terra),

410 2024 678 2084 velociter
704 2021 886 2080 currit
915 2037 1103 2079 sermo
1132 2021 1258 2094 ejus
1285 2025 1453 2089 (Psal.
1489 2027 1736 2092 CXLVII).
1776 2044 1802 2075 »

472 2114 690 2173 Vidcns
735 2127 868 2185 ergo
929 2110 1229 2184 Synagoga
1280 2118 1512 2183 repente
1562 2113 1808 2184 gratiam
1861 2127 2111 2184 evange-

402 2205 530 2264 licae
566 2202 989 2278 przedicationis
1020 2218 1322 2274 erumpere
1349 2210 1701 2277 cunctasque
1741 2205 1943 2262 mundi
1991 2220 2114 2278 pro-

404 2292 624 2354 vincias
669 2291 894 2364 agiliter
943 2291 1254 2363 pervolare,
1318 2292 1510 2351 subito
1563 2294 1785 2352 turbata
1838 2292 1924 2348 71
1976 2309 2112 2352 con-

403 2382 664 2459 queritur
711 2380 864 2454 quod
921 2380 1041 2438 sola
1093 2379 1154 2438 in
1209 2396 1313 2438 sua
1368 2381 1643 2453 perﬁdia,
1701 2382 1996 2440 conversis
2044 2382 2116 2440 ad

407 2474 579 2533 fidem
608 2471 898 2546 gentibus,
928 2471 1225 2529 deseratur
1254 2495 1266 2529 :
1305 2492 1332 2525 «
1365 2471 1612 2542 Nescivi,
1650 2473 1944 2546 inquiens,
1975 2489 2116 2532 con-

407 2566 660 2626 turbavit
705 2579 798 2621 me
835 2563 1032 2620 anima
1079 2578 1206 2620 mea
1253 2568 1480 2636 propter
1520 2563 1827 2636 quadrigas
1871 2561 2117 2620 Amina-

407 2652 538 2710 dab.
606 2674 632 2704 »
699 2651 865 2708 Hanc
947 2648 1317 2723 quadrifarize
1387 2651 1812 2724 praedicationis
1875 2651 2120 2723 gratiam

408 2741 694 2800 Dominus
730 2741 1020 2813 ﬁguravit,
1060 2755 1196 2797 cum
1245 2738 1426 2812 Moysi
1470 2741 1542 2798 de
1573 2742 1848 2814 portanda
1871 2757 1903 2797 a
1931 2755 2115 2798 sacer-

406 2830 637 2889 dotibus
691 2845 822 2888 arca
871 2829 1141 2902 praecepit
1191 2852 1202 2885 :
1259 2847 1284 2879 «
1336 2828 1550 2898 Facies,
1604 2829 1817 2904 inquit,
1875 2835 2122 2904 quatuor

408 2920 655 2978 circulos
697 2935 922 2988 aureos,
969 2934 1114 2992 quos
1161 2931 1338 2991 pones
1381 2933 1481 2990 per
1527 2928 1773 2992 quatuor
1817 2935 1967 2978 arcte
2009 2936 2120 2977 an-

407 3011 575 3081 gulos
597 3032 609 3077 ;
659 3008 946 3083 faciesque
982 3015 1166 3066 vectes
1202 3007 1272 3066 de
1312 3010 1488 3084 lignis
1525 3009 1767 3079 Sethim,
1812 3015 1867 3066 et
1896 3008 2121 3083 operies

407 3114 569 3164 auro,
621 3097 980 3171 inducesque
1035 3115 1136 3171 per
1189 3099 1454 3170 circulos,
1504 3099 1608 3174 qui
1668 3103 1804 3156 sunt
1855 3097 1918 3155 in
1971 3112 2122 3155 arcae

408 3179 706 3253 lateribus,
753 3194 816 3245 ut
867 3195 1121 3261 portetur
1166 3189 1228 3247 in
1273 3189 1378 3259 eis,
1431 3188 1534 3263 qui
1579 3203 1804 3262 semper
1843 3193 2013 3245 erunt
2060 3187 2184 3274 inc

407 3276 676 3345 circulis,
739 3283 795 3334 et
850 3293 1150 3350 nunquam
1204 3279 1583 3336 extrahentur
1645 3277 1717 3334 ab
1775 3277 1859 3335 cis
1917 3278 2120 3348 (Exod.

408 3367 579 3438 XXV).
643 3388 670 3418 »
731 3365 879 3436 Quid
934 3381 1035 3438 per
1089 3383 1308 3439 arcam,
1369 3367 1483 3425 nisi
1538 3372 1733 3424 sancta
1791 3365 2126 3440 designatur

410 3455 713 3513 Ecclesia?
767 3455 871 3512 Cui
930 3463 1176 3530 quatuor
1227 3457 1429 3514 circuli
1493 3455 1657 3514 aurei
1716 3470 1815 3528 per
1873 3460 2124 3528 quatuor

409 3546 656 3618 angulos
702 3544 986 3618 jubentur
1049 3546 1309 3621 adjungi,
1361 3547 1502 3620 quia
1555 3546 1613 3603 in
1667 3560 1754 3616 eo,
1813 3545 1968 3618 quod
2023 3560 2126 3618 per

409 3641 659 3707 quatuor
694 3632 899 3690 mundi
930 3641 1118 3707 partes
1147 3633 1380 3692 dilatata
1413 3633 1684 3705 tenditur,
1717 3633 1916 3707 procul
1946 3631 2125 3690 dubio

409 3731 656 3796 quatuor
685 3723 863 3780 sancti
905 3721 1209 3795 Evangelii
1264 3723 1427 3781 libris
1461 3723 1716 3780 accincta
1757 3721 2122 3796 praedicatur.

415 3810 729 3885 Vectesque
782 3810 852 3868 de
905 3811 1079 3884 lignis
1129 3811 1347 3870 Sethim
1409 3812 1581 3882 tiunt,
1638 3813 1738 3886 qui
1784 3812 2000 3870 eisdem
2055 3811 2127 3870 ad

411 3900 758 3972 portandum
819 3898 1051 3956 circulis
1099 3900 1457 3968 inseruntur,
1513 3899 1650 3971 quia
1703 3898 1879 3957 fOrtes
1937 3916 2124 3973 perse-

411 3995 792 4061 verantesque
839 3988 1094 4046 doctores
1131 3989 1294 4046 velut
1338 3988 1724 4062 imputribilia
1771 3988 1928 4062 ligna
1973 4005 2130 4063 qure-

410 4079 573 4136 rendi
627 4083 782 4146 sunt,
839 4077 940 4150 qui
987 4076 1355 4134 instructioni
1405 4092 1700 4135 sacrorum
1755 4077 2127 4136 voluminum

410 4159 637 4239 semper
681 4165 1056 4235 inhaerentes,
1111 4168 1322 4222 sanctze
1373 4165 1645 4224 Ecclesiae
1699 4166 1980 4224 unitatem
2027 4166 2126 4225 de-

2197 1934 2425 1992 nienter
2477 1941 2746 2008 aptatur:
2787 1956 2814 1988 ί(
2849 1934 3097 2005 Primus,
3156 1935 3364 2008 inquit,
3417 1934 3490 1992 ad
3537 1934 3676 1994 Sion
3720 1934 3904 1992 dicit:

2197 2025 2340 2084 Ecce
2381 2025 2607 2098 adsum,
2643 2032 2698 2084 et
2729 2025 3098 2086 Hierusalem
3143 2025 3552 2098 evangelistam
3587 2025 3735 2083 dabo
3762 2027 3908 2096 (Isai.

2197 2117 2333 2190 XLI).
2369 2137 2396 2170 »
2431 2115 2541 2186 Qui
2582 2116 2864 2174 nimirum
2894 2132 3028 2174 vere
3055 2131 3268 2174 aureus
3302 2115 3410 2172 fuit
3439 2115 3713 2185 circulus,
3747 2113 3910 2187 quia,

2195 2205 2356 2274 dum,
2414 2221 2515 2278 per
2564 2204 2989 2278 praedicationis
3032 2203 3290 2262 oﬂicium
3346 2199 3482 2277 quae
3534 2209 3724 2261 sancta
3778 2208 3914 2260 sunt

2197 2293 2410 2362 docuit,
2470 2293 2829 2365 splendentis
2865 2293 3036 2352 etiam
3076 2294 3212 2352 vitae
3257 2291 3516 2351 moribus
3555 2291 3819 2358 radiavit,
3859 2298 3915 2348 et

2198 2389 2475 2456 tanquam
2515 2382 2695 2440 vectis
2733 2399 2807 2440 ex
2851 2382 3007 2456 ligno
3047 2380 3268 2441 Sethim
3309 2379 3651 2454 contempsit
3687 2387 3916 2438 terrena

2200 2471 2417 2542 omnia,
2447 2486 2581 2546 quae
2608 2478 2981 2546 putrescunt;
3009 2473 3260 2530 coelestia
3290 2471 3472 2547 petiit,
3501 2488 3636 2545 quae
3664 2485 3918 2528 marces-

2197 2577 2324 2620 cere
2370 2559 2657 2619 nesciunt.
2701 2561 2808 2620 Per
2849 2562 3346 2622 obtruncationem
3393 2561 3635 2620 membri
3679 2559 3922 2619 fiedavit

2198 2652 2452 2725 corporis
2496 2650 2772 2724 speciem,
2811 2668 2883 2710 ne
2919 2659 3116 2710 contra
3145 2652 3414 2710 Ecclesiae
3443 2650 3701 2724 regulam
3733 2650 3924 2708 eccle-

2200 2741 2490 2798 siasticam
2554 2741 2959 2799 conscenderet
3010 2740 3366 2814 dignitatem.
3431 2738 3542 2799 Sed
3606 2739 3761 2812 quod
3819 2738 3928 2797 ille

2201 2832 2424 2906 putavit
2479 2831 2868 2907 patrocinium
2923 2828 3016 2887 72
3069 2832 3244 2902 fugze,
3290 2832 3529 2906 profecit
3574 2829 3636 2889 in
3681 2829 3925 2888 titulum

2203 2920 2422 2993 gloriae.
2494 2921 2639 2989 Nam
2695 2920 2850 2979 unde
2902 2936 2962 2979 se
3018 2919 3329 2993 indignum
3379 2918 3641 2984 reddidit,
3692 2917 3930 2991 dignior

2205 3009 2346 3079 fuit;
2406 3017 2462 3066 et
2507 3009 2664 3082 quod
2716 3008 2990 3082 fugiebat,
3039 3016 3269 3068 coactus
3315 3009 3580 3067 incurrit.
3625 3007 3795 3065 Beata
3837 3020 3926 3076 es,

2203 3114 2237 3156 o
2290 3097 2664 3169 Alexandria,
2729 3098 3072 3172 triumphali
3117 3098 3413 3172 apostolici
3463 3098 3728 3172 martyris
3782 3112 3928 3155 san—

2208 3186 2384 3259 guine
2431 3191 2768 3260 purpurata.
2815 3185 2983 3244 Felix
3025 3193 3080 3246 et
3132 3194 3212 3258 tu,
3245 3185 3432 3256 Italia,
3463 3193 3516 3246 et
3560 3186 3783 3244 dudum
3814 3186 3926 3244 sci~

2209 3272 2340 3332 licet
2393 3275 2776 3348 Evangelium
2830 3276 3134 3334 scribentis
3177 3276 3434 3346 alumna,
3491 3283 3545 3335 et
3595 3290 3752 3334 nunc
3793 3289 3930 3349 pre-

2209 3363 2354 3422 tioso
2411 3365 2787 3422 sacratissimi
2840 3366 3092 3439 corporis
3151 3367 3417 3425 thesauro
3482 3367 3643 3425 dives
3703 3364 3926 3424 eﬂ'ecta.

2212 3451 2307 3512 Sic
2357 3454 2551 3512 oriens
2601 3471 2702 3528 per
2751 3455 3088 3529 ngyptnm,
3139 3457 3402 3515 occidens
3442 3472 3543 3530 per
3594 3456 3931 3514 Romanum

2211 3542 2517 3603 decoratur
2573 3545 2904 3620 imperium.
2967 3545 3052 3605 Sit
3103 3546 3192 3604 illi
3247 3546 3448 3619 gloria,
3495 3546 3599 3620 qui
3641 3543 3930 3602 mirabilis

2215 3630 2274 3688 in
2309 3633 2520 3691 sanctis
2552 3633 2675 3691 suis
2707 3637 2871 3704 (Psal.
2913 3637 3115 3707 vanl,
3147 3651 3244 3694 eos
3283 3635 3455 3694 etiam
3505 3633 3800 3692 mirabiles
3838 3632 3928 3691 fa-

2221 3719 2295 3777 cit
2322 3722 2381 3778 in
2409 3722 2622 3780 saecula
2649 3723 3016 3784 smculorum.
3052 3728 3262 3784 Amen.

2859 3830 3107 3890 SERMO
3149 3830 3273 3889 XV.

2425 3910 2487 3956 11.
2519 3911 2593 3957 ne
2621 3913 2668 3957 s.
2699 3913 2900 3961 maneo
2929 3915 3351 3962 EVANGELISTA.
3378 3902 3530 3973 (xxv
3557 3906 3711 3974 APR.)

2285 3985 2430 4044 Ecce
2479 3987 2691 4060 video,
2757 3989 3158 4064 dilectissimi,
3210 3991 3490 4066 quoniam
3542 3991 3614 4050 ad
3663 4004 3931 4048 mensam

2215 4075 2469 4134 ecclesiae
2531 4077 2998 4152 discumbentes,
3055 4080 3196 4139 dum
3249 4080 3640 4154 spiritualium
3689 4078 3929 4137 delicia-

2216 4182 2350 4224 rum
2394 4166 2669 4224 alimenta
2707 4170 3018 4242 percipitis,
3063 4186 3182 4229 non
3213 4186 3328 4229 uno
3359 4184 3624 4229 sermone
3651 4168 3926 4238 contenti,

414 4255 686 4312 nuntient
721 4259 776 4311 et
823 4255 990 4326 quasi
1035 4255 1352 4313 intromissi
1393 4256 1626 4315 circulis
1661 4273 1851 4315 arcam
1884 4264 2126 4330 portent.
2214 4254 2406 4313 adhuc
2453 4255 2700 4315 alterum
2744 4258 2975 4317 avidius
3014 4261 3265 4318 esuritis.
3309 4259 3696 4329 Quamobrem
3733 4263 3789 4315 et
3826 4271 3931 4315 nos

416 4341 684 4401 Vectibus
737 4343 952 4417 quippe
1005 4359 1197 4402 arcam
1248 4352 1492 4418 portare,
1539 4353 1623 4404 est
1673 4345 1840 4404 bonis
1884 4346 2130 4405 doctori-
2216 4343 2288 4400 ab
2356 4344 2816 4405 administrando
2882 4349 3210 4407 refectionis
3268 4357 3472 4407 vestrae
3535 4346 3753 4406 ferculo
3809 4360 3926 4402 non

410 4431 522 4490 bus
571 4432 642 4489 ad
691 4439 947 4490 sanctam
999 4431 1311 4492 Ecclesiam
1374 4433 1548 4492 rudes
1600 4434 1861 4493 fidelium
1914 4442 2134 4494 mentes
2219 4435 2573 4506 desistimus,
2626 4444 2694 4495 ut
2738 4444 2992 4497 sanctam
3041 4446 3245 4497 vestras
3291 4438 3611 4497 devotionis
3653 4435 3928 4504 esuriem,

411 4521 780 4594 praedicando
838 4521 1138 4581 deducere.
1201 4522 1312 4593 Qui
1368 4539 1511 4582 auro
1573 4540 1804 4599 quoque
1853 4525 2312 4605 jubenturnvel
2377 4531 2536 4588 tenui
2597 4532 2849 4605 quodam
2915 4531 3126 4604 pabulo
3180 4539 3601 4605 temperemus,
3674 4530 3930 4587 dicentes

409 4613 638 4686 operiri,
673 4618 753 4683 ut,
788 4629 922 4671 cum
973 4629 1238 4673 sermone
1283 4613 1415 4672 aliis
1455 4615 1749 4685 insonant,
1793 4615 1902 4688 ipsi
1949 4615 2123 4673 etiam

411 4706 546 4765 vitze
594 4705 897 4779 splendore
946 4706 1285 4780 fulgescant.
1337 4707 1419 4764 De
1473 4708 1691 4782 quibus
1738 4714 1867 4782 apte
1922 4707 2124 4766 subdi-

412 4799 547 4854 tur:
596 4794 768 4864 «Qui
814 4811 1039 4868 semper
1089 4804 1259 4854 erunt
1303 4797 1364 4854 in
1404 4797 1655 4868 circulis,
1709 4814 1812 4855 nec
1862 4813 2124 4873 unquam

409 4885 788 4944 extrahentur
831 4886 903 4944 ab
952 4886 1053 4944 eis.
1088 4907 1115 4940 »
1150 4887 1297 4956 Quia
1343 4887 1626 4946 nimirum
1669 4904 1897 4947 necesse
1941 4895 2025 4946 est
2062 4894 2126 4945 ut

411 4974 517 5048 qui
571 4974 640 5031 ad
709 4973 964 5033 ofﬁcium
1031 4975 1458 5048 praedicationis
1522 4975 1814 5034 excubant
1866 4993 1900 5034 a
1949 4992 2126 5035 sacrae

411 5062 675 5122 lectionis
724 5063 912 5121 studio
971 5079 1084 5122 non
1135 5063 1421 5122 recedant.
1464 5065 1555 5122 Ad
1599 5065 1708 5124 hoc
1745 5081 1995 5139 namque
2033 5081 2128 5124 ve-

410 5157 526 5208 ctes
599 5150 660 5207 in
731 5151 961 5208 circulis
1033 5166 1258 5224 semper
1322 5167 1444 5209 esse
1493 5150 1808 5224 jubentur,
1871 5159 1936 5210 ut
1991 5169 2120 5210 cum

412 5240 622 5314 portari
673 5255 864 5297 arcam
913 5241 1312 5314 opportunitas
1353 5240 1555 5314 exigit,
1620 5242 1689 5298 de
1732 5241 2127 5299 intromitten-

411 5327 501 5386 dis
545 5329 804 5386 vectibus
846 5329 1009 5387 nulla
1049 5329 1314 5403 portandi
1357 5330 1594 5388 tarditas
1634 5338 1960 5404 generetur,
1991 5331 2128 5405 quia

416 5415 682 5474 videlicet
734 5432 869 5475 cum
917 5417 1217 5490 spirituale
1274 5419 1497 5494 aliquid
1547 5436 1580 5477 a
1637 5419 1887 5478 subditis
1939 5426 2129 5493 pastor

418 5507 758 5580 inquiritur,
805 5508 1258 5581 ignominiosum
1287 5510 1455 5569 valde
1496 5513 1602 5580 est,
1643 5510 1693 5567 si
1732 5517 1870 5568 tunc
1909 5514 2130 5584 quaerat

351 5648 356 5654 .
421 5595 640 5654 discere
681 5611 814 5656 cum
851 5599 1234 5670 quaestionem
1276 5598 1444 5657 debet
1487 5598 1752 5656 enodare.
1792 5597 1904 5656 Sed
1941 5597 2130 5656 circu-

414 5683 487 5744 lis
535 5689 724 5744 vectes
774 5684 1113 5758 inbaereant,
1168 5692 1236 5747 ut
1286 5686 1545 5746 doctores
1594 5701 1820 5761 semper
1878 5685 1940 5746 in
2007 5686 2130 5747 suis

2213 4618 2430 4677 scilicet
2455 4636 2588 4679 cum
2621 4621 2893 4695 Apostolo
2923 4646 2934 4680 :
2967 4644 2994 4676 (ι
3022 4622 3238 4680 Eadem
3280 4620 3446 4679 vobis
3484 4620 3752 4689 scribere,
3781 4615 3930 4674 mihi

2211 4709 2482 4781 quidem,
2517 4727 2632 4769 non
2702 4712 2968 4785 pigrum,
3044 4712 3210 4770 vobis
3277 4718 3472 4770 autem
3535 4709 3926 4768 necessarium

2214 4802 2375 4872 (Phil.
2431 4803 2536 4874 IIl).
2599 4821 2625 4851 ι)
2684 4801 2841 4859 Inter
2891 4818 3095 4884 omnes
3141 4802 3310 4874 plane
3346 4802 3605 4860 doctores
3652 4795 3929 4884 Ecclesiae

2212 4887 2445 4948 beatum
2507 4890 2667 4947 hunc
2733 4891 3027 4958 Marcum,
3090 4891 3259 4964 cujus
3320 4890 3491 4948 hodie
3551 4883 3928 4959 triumphalia

2211 4979 2368 5047 gesta
2424 4975 2750 5046 recolimus,
2807 4977 2944 5034 satis
2991 4975 3277 5049 insignem
3331 4984 3503 5049 atque
3541 4972 3924 5047 conSpicuum

2205 5062 2560 5137 judicamus.
2611 5062 2769 5121 Beati
2825 5063 3040 5122 scilicet
3091 5063 3484 5136 apostolorum
3537 5059 3818 5135 principis
3871 5065 3929 5116 et

2212 5150 2272 5208 in
2313 5149 2653 5224 baptismate
2697 5151 2855 5211 ﬁlius
2901 5158 2956 5210 et
3005 5153 3059 5210 in
3102 5154 3361 5211 doctrina
3398 5151 3744 5225 discipulus,
3775 5149 3926 5212 sicut

2210 5254 2344 5298 cum
2404 5241 2744 5299 referentem
2797 5246 2955 5314 gesta
3012 5239 3324 5300 Salvatoris
3375 5241 3632 5309 audivit,
3691 5241 3768 5296 ita
3821 5252 3924 5311 per

2210 5325 2573 5402 inobliquam
2616 5328 2751 5387 ﬁdei
2791 5330 3083 5388 relationis
3123 5331 3338 5389 lineam
3376 5330 3578 5388 Romae
3618 5334 3846 5401 rogatus
3887 5340 3924 5381 a

2212 5417 2486 5478 fratribus
2549 5419 2929 5495 Evangelium
2995 5420 3259 5495 scripsit,
3319 5421 3466 5480 sicut
3533 5426 3588 5478 et
3653 5418 3924 5477 Clemens

2210 5507 2646 5568 Alexandrinus
2701 5517 2758 5568 et
2811 5509 3012 5584 Papias
3081 5510 3556 5584 Hieropolitanus
3618 5507 3924 5582 episcopus

2218 5599 2466 5658 tradunt.
2529 5599 2955 5674 Assumptoque
3010 5614 3149 5658 mox
3202 5597 3536 5671 Evangelia,
3589 5596 3746 5671 quod
3797 5595 3925 5666 ipse

2213 5688 2556 5759 confecerat,
2610 5688 2854 5762 impiger
2899 5688 3019 5747 adit
3061 5687 3400 5762 Egyptum,
3439 5692 3495 5747 et
3541 5683 3923 5746 Alexandriae
