4070 6198
190 338 277 394 581

1734 332 1982 394 SERMO
2023 334 2144 392 XV.

3586 339 3692 398 582

183 460 472 520 Christum
499 459 722 533 primus
767 462 1128 519 annuntians
1166 463 1302 534 jecit
1336 476 1502 519 nova
1535 460 1666 519 fidei
1709 462 1888 535 [legis]
1914 461 2179 520 Aomnes
2217 474 2361 532 pene
2396 461 2723 533 vaporantis
2771 459 2903 518 fidei
2942 461 3165 518 fervore
3195 462 3454 520 succensi
3485 464 3562 522 ita
3589 479 3691 539 per

185 551 647 610 fundamentum.
683 550 754 607 Et
787 550 926 608 dum
983 551 1106 624 ipse
1141 552 1401 624 scriptor,
1433 552 1534 624 qui
1582 558 1636 609 et
1676 551 1890 625 pradi-

181 648 329 700 cator
384 640 607 698 exstitit
655 640 978 715 Evangelii,
1034 641 1209 712 idem,
1258 643 1681 714 quodammodo
1737 643 1894 699 faber

181 731 277 804 qui
329 737 386 789 et
428 729 697 804 agricola,
758 730 881 803 ipse
928 729 1036 788 sibi
1087 747 1380 790 vomerem
1424 732 1739 802 fabricavit,
1779 748 1893 805 quo

181 818 443 878 videlicet
490 819 562 876 ad
610 820 932 894 spargenda
978 837 1156 880 sacra
1203 822 1337 881 ﬁdei
1390 823 1611 880 semina
1651 823 1894 880 humani

178 907 360 967 cordis
398 923 537 966 arva
587 908 881 982 proscidit.
925 909 1046 968 Hoc
1092 910 1288 986 itaque
1332 911 1502 970 modo
1547 911 1894 970 Alexandri-

177 1014 306 1056 nam
347 998 614 1057 fundavit
655 999 977 1070 eeclesiam,
1024 1016 1268 1074 eamque
1306 1018 1424 1060 non
1467 1019 1587 1071 suo,
1631 1004 1730 1061 sed
1771 1019 1895 1061 ma-

177 1088 339 1161 gistri
380 1087 473 1145 sui
517 1087 750 1146 nomine
803 1089 1077 1159 titulavit,
1114 1097 1177 1149 ut
1228 1090 1295 1148 ad
1339 1092 1616 1150 honorem
1645 1092 1711 1149 Β.
1747 1090 1898 1151 Petri

177 1174 340 1233 sedes
379 1173 686 1247 apostolica
721 1185 1110 1251 nuncupatur,
1143 1179 1213 1237 ad
1260 1196 1434 1255 quam
1475 1187 1666 1239 tamen
1695 1182 1899 1240 Petrus

176 1263 479 1322 accessisse
529 1278 644 1322 non
695 1264 924 1338 legitur.
956 1265 1137 1325 Tanta
1184 1269 1364 1343 igitur
1407 1270 1680 1343 magister
1729 1277 1900 1343 atque

177 1351 498 1424 discipulus
576 1354 962 1413 unanimitate
1036 1355 1373 1428 conjuncti,
1461 1365 1574 1416 tam
1648 1372 1901 1416 consona

178 1441 361 1498 sancti
404 1440 652 1515 Spiritus
699 1450 839 1501 sunt
885 1444 1264 1518 inspiratione
1305 1446 1558 1519 conﬂati,
1594 1455 1657 1505 ut
1702 1454 1758 1505 et
1797 1446 1899 1504 Pe-

182 1538 303 1588 trus
363 1531 763 1590 manifestaret
838 1533 1222 1607 Evangelium
1288 1535 1517 1607 Marco,
1568 1544 1626 1594 et
1677 1536 1902 1594 Marcus

182 1623 540 1676 construeret
586 1618 886 1678 ecclesiam
947 1621 1133 1696 Petro,
1198 1631 1506 1696 quatenus,
1563 1623 1701 1682 dum
1747 1624 1900 1698 quod

181 1722 356 1765 suum
405 1714 527 1765 erat
576 1707 721 1766 alter
769 1709 1097 1768 transferret
1150 1711 1208 1768 in
1257 1711 1522 1781 alterum,
1574 1712 1726 1785 quod
1775 1712 1901 1771 cui-

1972 565 2142 607 nova
2173 549 2627 608 conversationis
2660 549 2990 608 viderentur
3023 550 3298 609 anhelare
3332 555 3690 627 propositum

1973 655 2038 697 ac
2093 639 2142 698 si
2201 639 2556 697 monachica
2613 639 2979 712 perfectionis
3049 641 3301 700 arduum
3373 645 3693 717 arriperent

1973 731 2327 789 institutum.
2368 729 2513 788 Cum
2553 731 2746 802 itaque
2782 730 2983 789 beatus
3026 731 3273 800 Marcus,
3317 734 3479 791 velut
3513 735 3693 792 electa

1973 819 2219 878 calestis
2262 818 2485 876 militia
2533 819 2669 876 tuba
2695 865 2710 886 ,
2753 819 3276 877 vehementissimis
3321 821 3692 892 clangoribus

1975 907 2197 982 intonat
2251 914 2305 965 et
2366 907 2634 964 mandata
2701 906 2801 965 Dei
2859 915 3016 966 tanta
3081 910 3506 982 pradicationis
3570 919 3690 971 arte

1976 925 1994 965 1
2044 924 2197 966 tonat
2251 924 2305 965 et
2366 924 2634 964 mandata
2702 924 2801 965 uei
2859 924 3016 966 tanta
3081 924 3506 982 pradicationis
3570 924 3690 971 arte

1976 924 2266 1071 dispensat
2287 1006 2350 1055 ut
2383 998 2675 1056 auditores
2719 1013 2852 1056 suos
2883 999 3145 1072 protinus
3182 1000 3253 1058 ad
3291 1017 3538 1062 summa
3569 1019 3694 1075 per-

1977 1087 2239 1146 fectionis
2292 1085 2406 1144 alta
2453 1079 2732 1156 sustollat,
2767 1087 2906 1159 quid
2937 1087 3120 1158 aliud,
3153 1101 3329 1161 quam
3369 1089 3429 1147 in
3468 1096 3692 1164 etymo-

1977 1179 2130 1251 logia
2168 1177 2259 1235 sui
2312 1177 2567 1234 nominis
2617 1177 2984 1250 perseverat?
3014 1178 3244 1237 Marcus
3265 1179 3423 1238 enim
3451 1184 3696 1237 excelsus

1978 1270 2237 1325 mandato
2283 1267 2713 1340 interpretatur.
2743 1269 2812 1325 Et
2856 1283 2991 1325 vere
3036 1268 3236 1327 beatus
3289 1269 3380 1326 hic
3432 1269 3524 1326 vir
3573 1286 3693 1329 non

1979 1366 2100 1416 erat
2138 1355 2405 1414 excelsus
2439 1357 2657 1426 animo,
2693 1357 2792 1414 sed
2824 1357 3114 1424 mandato,
3155 1357 3311 1432 quia,
3351 1358 3491 1417 dum
3528 1374 3692 1416 men-

1983 1452 2095 1504 tem
2145 1449 2368 1517 gereret
2410 1443 2718 1512 humilem,
2755 1445 2933 1502 vitam
2985 1447 3273 1519 satagebat
3322 1447 3532 1504 habere
3590 1463 3694 1505 su-

1983 1534 2242 1603 blimem,
2278 1539 2334 1592 et
2377 1532 2482 1606 qui
2523 1531 2746 1590 cunctis
2792 1548 2914 1590 sese
2953 1533 3014 1590 in
3069 1533 3396 1592 humilitate
3433 1533 3693 1593 substra-

1983 1629 2158 1692 verat,
2202 1639 2302 1696 per
2340 1622 2495 1680 viam
2542 1623 2947 1681 mandatorum
3002 1623 3324 1686 coelestium
3369 1624 3696 1684 sublimiter

1983 1711 2299 1770 incedebat.

182 1812 290 1870 que
343 1805 463 1856 erat
511 1799 812 1873 proprium
866 1817 1174 1860 commune
1227 1813 1375 1862 esset
1442 1805 1785 1877 amborum,
1845 1812 1964 1877 etB
2057 1801 2209 1859 Illud
2239 1802 2435 1870 etiam,
2465 1800 2847 1870 dilectissimi,
2880 1815 2982 1858 vos
3033 1800 3299 1873 ignorare
3345 1815 3459 1859 non
3513 1801 3696 1874 patiar

187 1885 525 1945 utriuslibet
568 1895 750 1947 totum
787 1898 937 1949 esset
975 1892 1129 1964 quod
1162 1897 1406 1965 uterque
1443 1895 1739 1967 proprium
1770 1909 1898 1968 pos-

185 1975 422 2035 sideret.
481 1975 642 2035 Unde
697 1978 761 2038 B.
818 1979 1019 2039 Petrus
1072 1997 1209 2039 eum
1260 1984 1424 2054 quasi
1485 1984 1788 2056 specialem
1845 1991 1900 2042 et

182 2063 535 2122 unanimem
584 2080 704 2139 pra
750 2068 972 2127 cateris
1014 2066 1207 2126 ﬁlium
1253 2077 1435 2140 vocat,
1469 2087 1602 2130 cnm
1640 2073 1898 2146 singula-

179 2153 315 2212 riter
359 2153 603 2213 Romam
649 2156 888 2214 nomine
936 2156 1252 2230 Babylonis
1295 2160 1633 2233 appellans:
1667 2183 1692 2215 «
1726 2162 1898 2222 Salu-

178 2248 252 2300 tat
301 2259 427 2312 vos,
458 2245 669 2318 inquit,
706 2245 961 2304 Ecclesia
1005 2263 1139 2319 qua
1187 2255 1270 2306 est
1328 2249 1392 2306 in
1437 2249 1731 2323 Babylone
1774 2251 1895 2309 col-

178 2332 342 2405 lecta,
374 2338 430 2390 et
457 2331 681 2392 Marcus
723 2334 885 2394 ﬁlius
915 2351 1081 2396 meus
1110 2341 1160 2406 (I
1192 2341 1334 2396 Petr.
1366 2339 1444 2409 v).
1481 2360 1507 2391 »
1542 2339 1657 2397 Nec
1683 2340 1897 2397 mirum

179 2420 222 2478 si
263 2421 336 2479 Β.
370 2421 597 2482 Marcus
632 2425 786 2498 apud
832 2425 1172 2500 magistrum
1212 2442 1387 2485 suum
1432 2429 1760 2501 pracipuus
1793 2444 1897 2486 ex-

180 2510 320 2568 stitit
345 2519 399 2568 et
428 2512 801 2587 privilegium
828 2531 947 2589 pra
973 2517 1196 2575 cateris
1221 2516 1546 2589 apostolica
1573 2517 1899 2576 dilectionis

180 2598 454 2669 obtinuit,
484 2601 578 2659 cui
609 2602 891 2663 nimirum
925 2605 1077 2663 Deus
1103 2605 1466 2678 omnipotens
1493 2613 1707 2664 tantam
1737 2607 1899 2665 verbi

181 2689 458 2750 virtutem
522 2693 788 2766 contulit,
844 2700 1058 2753 tantam
1107 2697 1531 2770 praedicationis
1586 2698 1899 2757 eﬂicaciam

177 2781 533 2853 prarogavit
588 2787 653 2839 ut
700 2797 922 2854 omnes,
955 2783 1057 2857 qui
1103 2789 1238 2842 tunc
1280 2784 1350 2841 ad
1389 2784 1524 2842 ﬁdei
1572 2786 1899 2845 rudimenta

178 2865 270 2924 73
340 2869 717 2942 conﬂuerent,
774 2888 914 2931 mox
978 2890 1080 2948 per
1131 2874 1542 2932 continentiam
1603 2891 1670 2933 ac
1727 2877 1902 2935 totius

177 2968 397 3019 sancta
446 2963 894 3021 conversationis
941 2964 1315 3034 instantiam,
1354 2953 1626 3039 tanduam
1663 2968 1734 3024 ad
1774 2982 1898 3025 mo-

175 3054 416 3111 nastica
466 3054 831 3126 perfectionis
870 3055 1166 3129 fastigium
1210 3057 1595 3130 pervolarent.
1631 3059 1796 3117 Unde
1845 3064 1902 3116 et

177 3138 845 3240 Philo,udisertissimus
902 3145 1260 3215 Judaorum,
1313 3146 1454 3205 dum
1523 3147 1592 3204 de
1648 3149 1965 3240 primatuC

174 3231 328 3291 beati
376 3231 555 3291 Marci
586 3235 740 3308 apud
774 3234 1234 3295 Alexandrinam
1262 3237 1579 3295 Ecclesiam
1603 3238 1898 3311 scriptitat,

174 3321 231 3379 in
277 3324 756 3384 Christianorum
810 3325 983 3385 laude
1031 3335 1289 3386 versatus
1335 3341 1536 3385 eorum
1577 3327 1903 3386 habitacula

174 3413 531 3471 monasteria
580 3421 895 3488 nuncupat.
952 3416 1020 3474 Et
1067 3432 1185 3474 non
1237 3415 1427 3474 solum
1480 3433 1582 3489 per
1646 3419 1901 3474 Alexan-

173 3501 314 3560 dria
371 3503 540 3574 ﬁnes,
573 3504 674 3562 sed
703 3511 757 3562 et
797 3505 858 3563 in
901 3505 1100 3564 multis
1135 3505 1284 3575 aliis,
1315 3505 1504 3563 Marco
1547 3513 1681 3564 tunc
1704 3505 1904 3564 Eccle-

174 3589 320 3649 siam
382 3590 543 3650 illam
586 3593 1045 3662 administrante,
1078 3595 1392 3668 provinciis
1439 3595 1580 3653 tales
1616 3594 1902 3653 exstitisse

175 3679 448 3748 perbibet
546 3679 904 3742 Christianos
970 3683 1171 3758 quales
1251 3690 1307 3742 et
1381 3684 1570 3742 Lucas
1636 3683 1904 3742 meminit

171 3768 574 3841 apostolorum
621 3771 812 3830 .fuisse
868 3772 1204 3846 discipulos,
1258 3771 1526 3832 videlicet
1583 3779 1647 3830 ut
1702 3786 1898 3829 eorum

171 3867 324 3916 esset
361 3875 461 3917 cor
496 3876 706 3931 unum,
740 3868 794 3919 et
830 3862 1026 3920 anima
1071 3878 1186 3921 una
1224 3863 1541 3938 nullusque
1568 3875 1766 3919 eorum
1795 3860 1904 3917 ali-

171 3948 314 4021 quid
391 3949 692 4023 proprium
744 3949 976 4021 diceret,
1035 3952 1132 4010 sed
1175 3965 1377 4010 omnes
1421 3950 1617 4009 omnia
1652 3965 1905 4007 commu-

171 4037 330 4094 niter
401 4039 760 4110 possiderent
821 4046 1085 4113 essetque
1152 4039 1303 4098 inter
1350 4054 1447 4097 eos
1501 4036 1906 4110 inseparabilis

173 4128 378 4185 unitas
421 4128 774 4199 animorum,
815 4130 968 4186 inter
1013 4145 1158 4203 quos
1203 4127 1369 4187 nulla
1400 4132 1618 4202 poterat
1657 4126 1904 4184 interve-

171 4213 304 4271 nire
357 4213 665 4273 diversitas
715 4215 1053 4274 facultatum
1102 4218 1250 4281 (Act.
1282 4220 1385 4285 1V).
1425 4213 1580 4273 Talis
1623 4228 1756 4287 ergo
1796 4211 1904 4270 sub

171 4300 376 4361 Marco
426 4301 833 4362 Alexandrina
870 4305 981 4362 fuit
1010 4304 1264 4362 Ecclesia
1297 4304 1486 4378 qualis
1523 4311 1578 4362 et
1633 4303 1906 4362 Hieroso-

191 4407 360 4466 yma
402 4391 581 4450 fuisse
609 4392 722 4450 sub
753 4392 1060 4465 apostolica
1111 4393 1325 4465 legitur
1351 4392 1678 4465 disciplina,
1712 4397 1772 4448 ut
1800 4405 1904 4447 ne-

169 4481 404 4538 minem
445 4483 796 4555 paupertatis
844 4483 1167 4556 indigentia
1213 4491 1517 4557 premeret,
1553 4482 1752 4540 nullus
1806 4496 1905 4537 eo-

163 4586 302 4628 rum
359 4569 583 4628 divitiis
631 4571 969 4641 abundaret,
1012 4573 1132 4643 sed,
1173 4573 1316 4631 dum
1362 4571 1700 4644 unicuique,
1732 4576 1902 4643 prout

163 4675 322 4732 opus
377 4665 532 4729 erat,
585 4662 895 4719 necessitas
949 4663 1346 4720 administrata
1399 4669 1758 4734 suppeteret,
1819 4660 1902 4718 lo-

162 4765 308 4808 cum
361 4747 515 4806 inter
562 4765 660 4807 eos
709 4751 944 4824 querela
999 4752 1310 4809 murmur-ii
1377 4750 1718 4825 [murmuro]
1788 4765 1904 4808 non

166 4838 443 4896 haberet.
490 4837 790 4911 Significat
829 4855 968 4912 ergo
1018 4841 1328 4913 pradictus
1379 4841 1542 4898 Philo
1573 4842 1722 4898 inter
1751 4856 1902 4898 nova

165 4935 317 4987 tunc
353 4928 650 4986 nascentis
685 4927 817 4985 lidei
854 4928 1147 4988 cunabula
1188 4946 1252 4988 ac
1289 4936 1562 5001 teneram,
1603 4936 1666 4988 ut
1705 4929 1779 4987 ita
1821 4929 1904 4987 lo-

161 5034 345 5090 quar,
412 5016 694 5076 Ecclesia
756 5017 1022 5078 iactantis
1077 5021 1428 5090 infantiam,
1483 5035 1740 5094 quosque
1797 5020 1908 5078 sub

160 5107 326 5166 beati
393 5107 578 5165 Marci
634 5110 919 5184 regimine
980 5113 1318 5171 constitutos
1377 5111 1666 5170 sobrietati
1727 5110 1907 5168 simul

157 5213 230 5255 ac
281 5195 590 5270 pudicitia
647 5198 889 5273 deditos,
936 5202 1300 5260 orationibus
1348 5209 1404 5260 et
1445 5201 1687 5276 jejuniis
1722 5200 1903 5259 vehe-

161 5289 411 5344 menter
445 5287 705 5344 iutentos
735 5304 882 5362 quos
916 5290 1117 5365 utique
1153 5291 1356 5349 beatus
1384 5289 1753 5362 evangelista,
1784 5304 1905 5346 non

155 5372 353 5432 modo
423 5371 852 5432 miraculorum
918 5378 1334 5452 plerorumque
1401 5376 1722 5450 prodigiis,
1787 5391 1909 5434 non

160 5463 356 5522 modo
409 5470 626 5522 sancta
673 5466 1098 5539 praedicationis
1148 5469 1443 5528 erudiebat
1486 5467 1749 5539 eloquiis,
1812 5466 1910 5525 sed

158 5555 236 5612 ad
288 5552 627 5628 spiritualis
671 5556 811 5615 vita
841 5559 1250 5618 rectitudinem
1284 5559 1517 5618 eximiis
1563 5557 1734 5616 etiam
1773 5573 1914 5631 pro-

169 5643 334 5716 pria
367 5643 744 5703 continentia
771 5661 837 5703 ac
875 5645 1102 5719 pietatis
1139 5645 1483 5718 provocabat
1515 5643 1818 5720 exemplis,
1851 5650 1915 5704 ut

1985 1890 2263 1964 quoniam
2300 1898 2497 1948 octavo
2554 1889 2872 1948 Neroniani
2904 1888 3133 1963 imperii
3171 1903 3326 1946 anno
3372 1889 3694 1963 triumpha-

1987 1981 2099 2040 lem
2137 1981 2397 2055 martyrii
2448 1981 2700 2054 palmam
2748 1981 2947 2040 beatus
2994 1981 3220 2039 Marcus
3271 1980 3541 2051 obtinuit,
3598 1981 3693 2040 cui

1989 2088 2123 2131 mox
2155 2078 2211 2130 et
2241 2072 2504 2130 Anianus
2536 2071 2597 2128 in
2631 2070 3048 2128 Alexandrina
3077 2070 3226 2129 sedis
3252 2070 3530 2143 dignitate
3559 2086 3691 2129 suc-

1985 2164 2154 2221 cessit
2207 2172 2262 2220 et
2317 2164 2514 2221 beatus
2558 2161 2760 2219 Petrus
2804 2159 3094 2234 apostolus
3143 2160 3345 2219 Roma
3392 2160 3694 2234 septennio

1987 2254 2330 2327 supervixit.
2394 2254 2577 2324 Unde,
2632 2268 2882 2325 superna
2947 2251 3284 2324 disponente
3363 2251 3688 2322 clementia,

1986 2347 2202 2404 factum
2236 2351 2424 2414 estut,
2466 2359 2602 2402 cum
2635 2343 3052 2402 Alexandriam
3091 2342 3252 2414 prius
3281 2348 3336 2400 et
3372 2342 3691 2416 splendori-

1987 2436 2096 2494 bus
2135 2435 2482 2508 evangelicae
2523 2435 2950 2508 praedicationis
2988 2440 3042 2491 et
3080 2433 3360 2492 effusione
3394 2449 3691 2491 sacrosan-

1984 2526 2058 2583 cti
2100 2524 2403 2596 sanguinis
2448 2524 2806 2592 illustrasset,
2839 2522 2910 2580 ad
2948 2521 3176 2580 Italiam
3203 2521 3411 2580 deinde
3438 2523 3694 2594 quodam

1987 2613 2340 2688 postliminio
2371 2611 2444 2670 sit
2482 2627 2764 2678 reversus,
2799 2619 2865 2668 ut
2894 2610 3094 2668 eadem
3128 2610 3491 2684 potissimum
3522 2617 3695 2684 terra,

1986 2703 2046 2761 in
2092 2719 2208 2779 qua
2259 2703 2370 2760 sibi
2412 2702 2612 2759 datum
2651 2708 2734 2758 est
2774 2699 3161 2771 Evangelium
3198 2700 3465 2769 scribere,
3506 2714 3697 2758 sacras

1989 2798 2306 2850 mereretur
2348 2791 2470 2863 ejus
2515 2789 2796 2864 reliquias
2832 2788 3142 2861 possidere,
3180 2794 3234 2844 et
3269 2787 3373 2845 ubi
3404 2787 3512 2844 sibi
3554 2803 3694 2846 con-

1989 2896 2217 2941 cessum
2247 2887 2332 2939 est
2356 2877 2706 2952 evangelica
2743 2876 3145 2948 descriptionis
3176 2876 3348 2949 jubar
3373 2875 3692 2947 effundere,

1985 2971 2106 3030 illic
2128 2987 2228 3045 per
2249 2968 2516 3044 gloriosa
2541 2969 2724 3041 gleba
2752 2983 2874 3024 sua
2897 2966 3258 3039 prasentiam
3287 2965 3559 3040 plurimis
3588 2966 3697 3024 vir-

1987 3067 2176 3120 tutum
2208 3068 2380 3133 atque
2417 3059 2721 3132 signorum
2755 3056 2932 3114 radiis
2967 3061 3309 3114 coruscaret.

2060 3151 2234 3210 Porro
2285 3150 2333 3208 si
2375 3148 2681 3221 diligenter
2720 3148 2988 3205 omnium
3037 3144 3545 3217 evangelistarum,
3598 3141 3695 3199 '74

1984 3242 2042 3299 in
2075 3241 2295 3314 quibus
2319 3237 2580 3296 defuncti
2610 3243 2767 3308 sunt,
2800 3236 2922 3295 loca
2962 3235 3377 3309 percurrimus,
3404 3235 3698 3293 neminem

1984 3347 2184 3389 eorum
2214 3330 2273 3386 in
2306 3343 2393 3398 eo,
2417 3342 2593 3400 quem
2619 3325 2856 3384 sortitus
2895 3332 2999 3395 est,
3037 3339 3430 3398 perseverasse
3474 3324 3696 3381 tumulo

1983 3419 2325 3492 reperimus.
2357 3416 2426 3474 In
2469 3415 2712 3473 Joannis
2747 3413 2964 3472 scilicet
3003 3413 3297 3484 sepultura
3324 3417 3453 3486 post
3478 3411 3704 3470 obitum

1985 3526 2102 3567 non
2133 3525 2341 3581 corpus
2368 3507 2516 3580 ejus,
2550 3505 2647 3563 sed
2678 3519 2891 3561 manna
2917 3510 3209 3576 repertum
3238 3509 3342 3560 est.
3373 3501 3532 3559 Beati
3565 3515 3700 3559 vero

1985 3601 2244 3658 Mattbai
2275 3612 2509 3671 corpore
2536 3611 2653 3653 non
2683 3594 2998 3668 Ethiopia,
3036 3593 3139 3652 ubi
3164 3599 3494 3666 peremptus
3518 3607 3697 3665 agno-

1984 3690 2210 3760 scitur,
2277 3687 2373 3746 sed
2439 3684 2813 3744 Salernitana
2869 3683 3062 3756 potius
3119 3682 3321 3741 civitas
3379 3682 3698 3739 decoratur.

1986 3776 2230 3835 Sanctus
2289 3775 2461 3833 etiam
2528 3773 2739 3843 Lucas,
2774 3786 2910 3829 cum
2969 3770 3025 3826 in
3075 3768 3365 3843 Bithynia
3421 3768 3702 3842 partibus,

1984 3867 2132 3925 sicut
2179 3865 2418 3924 historia
2475 3872 2733 3935 testatur,
2765 3863 2992 3934 obierit,
3025 3865 3298 3923 vicesimo
3349 3879 3502 3922 anno
3551 3860 3702 3920 Con-

1986 3954 2181 4013 stantii
2241 3951 2480 4012 Casaris
2522 3954 2593 4010 de
2650 3953 2868 4010 Achaia
2915 3950 3472 4025 Constantinopolim
3511 3958 3700 4008 trans-

1988 4045 2141 4102 latus
2193 4049 2275 4102 est
2329 4057 2461 4101 cum
2522 4041 2894 4100 sacrosanctis
2947 4042 3098 4100 beati
3155 4040 3396 4114 apostoli
3451 4040 3704 4098 Andrea

1986 4131 2269 4206 reliquiis.
2331 4131 2440 4188 Hic
2495 4147 2652 4200 vero,
2701 4132 2772 4189 de
2829 4145 2943 4202 quo
2997 4145 3157 4186 nunc
3210 4129 3420 4202 agitur,
3470 4132 3705 4188 sanctus

1988 4222 2342 4296 evangelista
2390 4221 2616 4280 Marcus
2666 4221 2738 4279 de
2781 4222 3135 4280 Alexandria
3181 4227 3539 4279 transvectus
3593 4227 3700 4291 est,

1985 4312 2103 4370 Deo
2151 4311 2592 4370 misericorditer
2655 4310 2992 4383 disponente
3021 4354 3034 4378 ,
3093 4308 3388 4368 Venetiam
3417 4351 3431 4380 ,
3483 4315 3549 4367 ut
3599 4308 3702 4381 qui

1985 4407 2128 4460 tunc
2163 4407 2347 4460 totum
2379 4401 2673 4460 Orientem
2705 4400 2861 4457 velut
2890 4415 3103 4458 aureus
3130 4399 3334 4458 lucifer
3363 4399 3701 4457 illustrave-

1987 4499 2092 4561 rat,
2131 4506 2289 4549 nunc
2321 4507 2418 4563 per
2448 4489 2644 4562 plagas
2674 4487 2908 4546 Occidui
2939 4486 3185 4545 climatis
3220 4489 3546 4561 prasentia
3584 4503 3705 4546 sua

1993 4579 2168 4638 radiis
2215 4578 2504 4636 enitescat.
2558 4575 2664 4632 Per
2710 4573 3022 4647 Egyptum
3078 4574 3291 4648 quippe
3329 4575 3440 4632 sibi
3479 4575 3704 4632 dedicat

1991 4673 2201 4733 ortum,
2238 4680 2339 4738 per
2387 4663 2685 4721 Venetiam
2731 4669 2882 4719 tenet
2924 4675 3209 4718 occasum.
3259 4661 3386 4718 Illic
3439 4661 3699 4718 Alexan-

1992 4757 2176 4814 drina
2223 4755 2458 4813 sortitus
2503 4760 2590 4810 est
2643 4751 2895 4810 ecclesia
2946 4749 3174 4821 solum;
3226 4751 3319 4807 hic
3357 4748 3707 4808 renascentis

1991 4845 2278 4919 Aquileia
2303 4858 2519 4901 novum
2546 4840 2743 4898 statuit
2770 4839 3172 4913 principatum.
3200 4838 3300 4896 Est
3327 4839 3519 4912 itaque
3546 4837 3703 4896 velut

1993 4934 2154 4992 sidus
2195 4947 2441 4991 aureum
2475 4936 2589 4988 toto
2619 4928 2756 4988 orbe
2794 4928 3134 5001 praclarum
3173 4943 3239 4985 ac
3276 4927 3486 4984 celebri
3532 4925 3705 4984 totius

1993 5024 2267 5082 Ecclesia
2299 5019 2666 5080 veneratione
2691 5018 3092 5091 conspicuum.

2065 5112 2187 5170 Hoc
2235 5112 2430 5185 itaque
2477 5109 2658 5179 sidus,
2687 5105 3063 5173 dilectissimi,
3098 5121 3216 5178 pra
3266 5105 3454 5164 oculis
3487 5105 3704 5179 jugiter

1994 5200 2332 5268 habeamus,
2366 5198 2544 5273 hujus
2571 5197 2870 5254 imitemur
2907 5193 3264 5266 exemplum,
3295 5193 3342 5252 si
3368 5192 3518 5250 inter
3560 5209 3700 5266 spu-

1997 5303 2192 5346 mosos
2232 5287 2547 5345 mundana
2593 5284 2885 5358 voraginis
2920 5283 3131 5341 ﬂuctus
3167 5281 3437 5356 cupimus
3487 5283 3705 5343 evitare

1996 5377 2388 5450 naufragium.
2423 5376 2576 5433 Hinc
2605 5392 2760 5434 mare
2784 5376 3072 5433 tumidum
3111 5376 3332 5440 saeviat,
3357 5373 3521 5434 illinc
3549 5376 3707 5436 venti

1997 5466 2254 5525 furentes
2291 5464 2614 5536 impingunt
2659 5463 2745 5534 [[1,
2775 5463 3168 5538 impugnent],
3197 5463 3246 5520 si
3286 5462 3358 5521 ab
3391 5462 3498 5522 hoc
3527 5464 3716 5524 sidere

1998 5554 2210 5614 mentis
2247 5553 2430 5612 aciem
2465 5569 2583 5613 non
2615 5553 2958 5625 avertimus,
2989 5553 3373 5628 procellarum
3417 5555 3713 5614 inundan-

1999 5646 2147 5705 tium
2181 5645 2435 5719 impetus
2470 5659 2587 5703 non
2629 5644 2918 5704 timemus.
2946 5645 3038 5706 Ad
3061 5644 3172 5705 hoc
3199 5645 3396 5721 itaque
3419 5645 3582 5706 sidus
3615 5659 3710 5703 sa-
