4070 6198
349 342 454 401 583

967 334 1026 392 S.
1072 333 1292 392 PETRI
1338 333 1653 391 DAMIANI
1693 333 1850 391 OPP.
1897 333 2085 392 PARS
2127 335 2266 394 SEU
2311 336 2562 397 'I‘OMUS
2605 338 2677 396 Il.
2722 368 2789 379 —
2831 333 3245 396 SERMONES.

3751 341 3849 398 584

348 479 560 541 genam
602 463 812 521 mentis
854 466 1061 519 nostra
1100 459 1237 517 certi
1289 475 1495 518 cursus
1533 459 1686 517 linea
1721 459 1950 531 dirigat,
1981 458 2447 535 aquuemdam
2498 461 2816 521 Martialem
2856 460 3123 535 gloriosae
3174 462 3488 520 sanctitatis
3537 463 3852 522 antistitem

350 556 461 614 hoc
490 569 664 612 omne
703 549 911 608 laboris
955 549 1134 606 nostri
1182 548 1491 621 remigium
1536 549 1746 618 tendat,
1799 556 1862 607 ut
1914 565 2055 619 non,

349 641 504 718 quod
546 642 712 709 absit,
757 652 1110 710 vorago-nos
1159 636 1368 709 Sylleie
1407 637 1814 710 profunditatis
1854 637 2052 696 absor-

346 733 496 802 beat,
526 745 644 788 non
683 741 943 786 errorum
990 734 1200 795 cautes,
1250 725 1339 783 vel
1382 725 1674 784 invadosze
1717 733 1899 801 syrtes
1941 726 2054 784 im-

345 819 612 894 providos
640 816 904 884 obruant,
943 815 1038 872 sed
1067 815 1127 872 in
1161 822 1300 874 tutae
1339 817 1549 889 quietis
1587 825 1832 889 portum,
1867 824 1922 876 et
1951 832 2051 890 op-

347 919 477 969 tatze
518 906 947 981 tranquillitatis
993 905 1185 963 sinum
1230 921 1515 979 supernus
1559 922 1665 965 nos
1705 907 2054 980 gubernator

345 999 606 1073 impellat
660 998 828 1056 Jesus
884 994 1144 1054 Christus
1195 996 1476 1054 Dominus
1522 1005 1731 1067 noster,
1771 996 1874 1071 qui
1917 1011 2051 1054 cum

340 1089 458 1148 Deo
487 1089 654 1146 Patre
686 1094 740 1145 et
776 1085 995 1159 Spiritu
1022 1092 1215 1143 sancto
1250 1085 1391 1142 vivit
1416 1092 1470 1143 et
1511 1092 1709 1157 regnat
1741 1084 1799 1141 in
1838 1084 2052 1143 smcula

344 1178 717 1238 saeculorum.
746 1178 954 1234 Amen.

2138 551 2262 623 ejus
2316 552 2604 610 exstitisse
2647 558 2949 625 nepotem;
2997 549 3095 608 sed
3155 566 3341 625 neque
3395 550 3634 620 Achaia,
3677 567 3850 625 quam

2135 638 2235 697 ille
2260 656 2358 714 per
2381 639 2727 714 triumphale
2748 639 3036 698 vexillum
3063 639 3252 697 crucis
3275 639 3530 711 irradiat,
3557 641 3647 698 vel
3678 641 3852 700 etiam

2137 731 2442 789 Lemovica
2475 730 2791 804 provincia,
2817 732 2882 789 in
2923 746 3036 804 qua
3081 728 3321 788 scillicat
3359 730 3464 788 iste
3511 731 3695 789 multo
3723 749 3852 806 pro-

2135 820 2426 892 digiorum
2493 826 2668 904 atque
2716 822 3016 894 signorum
3073 820 3296 894 fulgore
3352 830 3629 891 coruscat,
3689 823 3853 882 sedes

2134 908 2285 967 Petri
2334 909 2563 980 dicitur,
2595 910 2690 968 sed
2740 909 3014 984 quaelibet
3055 925 3252 968 earum
3293 911 3417 984 ejus
3470 917 3694 970 tantum
3750 915 3851 986 qui

2134 997 2244 1055 sibi
2272 998 2537 1071 prmsidet
2575 998 2811 1056 nomine
2840 998 3122 1056 titulatur.
3162 998 3283 1056 Hoc
3311 998 3676 1072 potissimum
3713 1000 3848 1059 Ale-

2137 1084 2378 1142 xandria
2401 1084 2521 1142 sola
2544 1085 2882 1157 promeruit,
2917 1092 2982 1145 ut
3009 1102 3110 1160 per
3142 1086 3470 1144 cathedram
3492 1087 3640 1145 beati
3667 1088 3849 1147 Marci

2132 1174 2293 1232 sedes
2339 1174 2580 1247 apostoli
2633 1175 2784 1233 Petri
2837 1175 3146 1236 cOnstituta
3206 1176 3297 1246 sit,
3357 1177 3649 1250 appellari.
3705 1177 3846 1251 Nec,

2131 1270 2196 1321 ut
2247 1263 2558 1336 credimus,
2605 1265 2822 1338 absque
2869 1265 3068 1324 divino
3125 1272 3268 1326 nutu
3322 1268 3429 1325 hoc
3480 1266 3563 1324 illi
3619 1267 3846 1326 civitati

2130 1366 2342 1409 nomen
2397 1353 2749 1425 impressum
2813 1357 2916 1411 est.
2973 1354 3329 1413 Alexandria
3405 1354 3690 1428 siquidem
3775 1355 3848 1413 ab

2129 1437 2464 1498 Alexandro
2511 1439 2660 1497 dicta
2702 1445 2804 1498 est.
2838 1439 3170 1501 Alexander
3202 1451 3397 1501 autem
3438 1444 3848 1517 interpretatur

2131 1530 2316 1585 levans
2348 1533 2634 1598 angustias
2674 1530 3012 1587 tenebrarum
3040 1553 3057 1601 ;
3093 1533 3190 1590 sed
3223 1540 3279 1591 et
3310 1531 3607 1606 IEgyplus,
3641 1533 3702 1591 in
3729 1549 3845 1606 qua

339 1625 412 1684 ab
469 1627 595 1698 ejus
650 1631 840 1681 tamen
896 1621 1087 1679 adhuc
1149 1620 1317 1679 laude
1371 1624 1663 1694 quiescere
1716 1620 2048 1694 impellente
2129 1621 2345 1678 scilicet
2400 1621 2753 1679 Alexandria
2797 1621 2904 1679 sita
2959 1627 3064 1693 est,
3125 1622 3350 1678 tenebrae
3398 1621 3629 1680 dicitur.
3689 1621 3845 1692 Quid

341 1712 693 1773 conscientia
739 1728 854 1769 non
898 1709 1175 1768 valemus.
1212 1710 1359 1767 Nam
1387 1709 1527 1768 dum
1557 1712 1678 1768 haec
1703 1717 1757 1768 et
1782 1709 1886 1766 illa
1927 1709 2044 1766 vir-
2127 1717 2321 1768 autem
2356 1718 2504 1768 totus
2551 1709 2810 1768 mundus
2850 1715 2970 1768 erat
3001 1717 3134 1768 ante
3175 1709 3573 1783 Redemptoris
3617 1710 3843 1769 adven-

340 1814 535 1867 tutum
572 1805 698 1880 ejus
741 1811 897 1877 gesta
944 1803 1351 1876 perpendimus
1380 1811 1434 1862 et
1467 1810 1579 1862 tam
1612 1801 1884 1861 sublimis
1923 1803 2274 1880 gra-Btum,
2322 1798 2435 1856 nisi
2483 1797 2734 1856 densitas
2780 1805 2835 1856 et
2881 1797 3144 1856 confusio
3195 1797 3563 1856 tenebrarum
3594 1796 3623 1855 ?
3673 1798 3843 1856 Unde

339 1896 435 1953 tiae
485 1894 760 1953 meritum
818 1893 877 1949 in
929 1899 1116 1948 mente
1168 1908 1487 1962 versamus,
1545 1893 1764 1966 stylum
1809 1905 2043 1963 quoque
2131 1903 2230 1960 per
2257 1886 2465 1945 Jsaiam
2494 1887 2740 1946 dicitur:
2773 1913 2797 1937 α
2827 1886 3238 1945 Habitantibus
3266 1887 3325 1944 in
3355 1885 3589 1959 regione
3613 1886 3842 1945 umbrae

337 1984 642 2044 exterioris
685 1982 917 2040 articuli
969 1983 1237 2040 feriatum
1283 1982 1493 2040 habere
1543 1999 1658 2039 non
1712 1995 2039 2055 possumus.
2131 1978 2350 2048 mortis,
2382 1978 2485 2036 lux
2529 1984 2650 2036 orta
2677 1985 2762 2036 est
2808 1977 2890 2036 eis
2931 1981 3086 2047 (Isai.
3122 1979 3229 2050 IX).
3264 1999 3289 2028 »
3321 1976 3687 2036 Tenebrosus
3716 1986 3840 2035 erat

332 2075 492 2132 Inter
520 2072 718 2130 omnia
746 2072 913 2144 plane
941 2079 1056 2128 tam
1086 2073 1380 2145 conspicui
1411 2073 1733 2145 splendoris
1764 2070 2040 2144 insignia,
2130 2068 2386 2127 mundus
2417 2115 2432 2139 ,
2490 2068 2626 2141 quia
2685 2069 2926 2127 necdum
2984 2068 3287 2141 splendore
3339 2067 3586 2126 caelestis
3635 2067 3841 2140 gratia:

335 2161 483 2221 illud
508 2161 656 2218 mihi
697 2159 989 2230 singulare
1017 2159 1246 2218 videtur
1283 2167 1459 2235 atque
1498 2160 1856 2234 praecipuum
1886 2160 2044 2234 quod
2131 2157 2320 2216 fuerat
2379 2157 2720 2216 illustratus.
2779 2157 3058 2216 Tenebrae
3111 2165 3274 2216 erant
3341 2158 3604 2218 homines
3661 2158 3843 2231 hujus

333 2268 435 2326 per
483 2249 741 2308 Marcum
787 2247 1144 2306 Alexandria
1183 2248 1433 2307 secunda
1466 2250 1616 2307 Petri
1649 2249 1829 2321 sedes,
1855 2264 1922 2306 ac
1947 2265 2045 2321 per
2129 2245 2356 2316 mundi,
2383 2245 2520 2319 quia
2560 2246 2804 2304 necdum
2833 2246 3060 2304 fuerant
3085 2245 3156 2304 ad
3184 2262 3388 2304 verum
3417 2247 3613 2306 lumen
3645 2264 3677 2304 a
3703 2262 3844 2319 pra-

332 2341 444 2398 hoc
485 2337 792 2410 apostolica
840 2336 1003 2394 sedes
1038 2343 1123 2394 est
1168 2353 1201 2393 a
1250 2338 1462 2395 sanctis
1505 2337 1771 2398 Patribus
1814 2353 2044 2396 nuncu-
2130 2333 2323 2391 vitatis
2367 2350 2488 2392 suae
2534 2335 2785 2392 caecitate
2823 2335 3105 2392 conversi.
3141 2335 3365 2404 Quibus
3409 2335 3530 2408 jam
3570 2335 3640 2394 de
3690 2342 3845 2393 tene-

335 2435 485 2504 pata.
547 2429 663 2485 Nec
712 2426 870 2483 enim
921 2425 1042 2483 ulla
1087 2426 1368 2500 scriptura
1425 2433 1661 2484 testatur
1714 2427 2046 2486 authentico,
2131 2421 2250 2478 bris
2271 2421 2630 2480 infidelitatis
2654 2423 2874 2481 eductis
2901 2431 2957 2480 et
2987 2439 3142 2481 veras
3168 2423 3302 2481 fidei
3337 2424 3461 2482 luce
3490 2425 3842 2484 micantibus

334 2517 402 2576 B.
449 2516 685 2573 Petrum
724 2513 1046 2587 apostolum
1088 2513 1146 2570 in
1193 2515 1544 2574 Alexandria
1591 2518 1921 2575 cathedram
1960 2526 2043 2576 te—
2131 2525 2230 2583 per
2283 2510 2623 2584 Apostolum
2672 2513 2931 2570 dicitur:
2991 2537 3010 2564 ι
3060 2511 3273 2572 Fuistis
3319 2513 3630 2586 aliquando
3676 2522 3842 2573 tene-

338 2608 552 2676 nuisse,
589 2607 678 2666 vel
707 2622 875 2664 suam
904 2607 1101 2664 saltem
1135 2607 1256 2664 illic
1289 2609 1629 2667 exhibuisse
1651 2611 2035 2683 praesentiam.

2193 2616 2269 2669 ae,
2301 2615 2459 2658 nunc
2499 2607 2694 2658 autem
2747 2602 2848 2661 lux
2895 2602 2954 2658 in
2999 2602 3242 2660 Domino
3271 2604 3488 2675 (Ephes.
3519 2609 3597 2672 V).
3635 2626 3662 2656 ι)
3696 2604 3843 2673 Quis

343 2695 475 2766 Sed,
506 2696 646 2753 dum
693 2695 974 2764 Marcum,
1014 2697 1309 2769 egregium
1357 2698 1623 2756 videlicet
1669 2699 2042 2772 discipulum,
2129 2690 2308 2762 igitur
2346 2690 2590 2749 istarum
2623 2690 2833 2749 levavit
2860 2689 3154 2763 angustias
3187 2692 3575 2762 tenebrarum,
3605 2693 3720 2750 nisi
3751 2693 3840 2751 sol

336 2785 425 2841 illi
474 2785 782 2858 praesidere
823 2784 1137 2854 constituit,
1171 2802 1295 2843 eam
1341 2788 1450 2844 sibi
1502 2796 1770 2862 tanquam
1819 2805 1920 2862 per
1956 2805 2044 2846 ac.
2128 2778 2228 2836 ille
2255 2778 2504 2852 justitiaa
2534 2778 2881 2853 Redemptor
2904 2785 3110 2850 noster,
3143 2780 3840 2855 quidispulitcaliginem

335 2891 528 2934 cessus
570 2876 661 2933 sui
702 2876 1070 2948 praesentiam
1118 2876 1421 2935 dedicavit.
1458 2877 1738 2937 Similiter
1766 2887 1820 2937 et
1851 2880 2035 2937 Evan-

2193 2876 2492 2927 rccatorum
2519 2869 2544 2926 ?
2572 2868 2733 2939 Quis,
2764 2869 3026 2942 inquam,
3054 2869 3154 2927 ille
3183 2877 3286 2940 est,
3317 2872 3417 2944 qui
3460 2870 3834 2930 tenebrarum

330 2965 550 3040 gelium
607 2965 784 3022 Marci
843 2964 1225 3039 Evangelium
1279 2967 1489 3026 dicitur
1538 2969 1710 3040 Petri,
1766 2971 2042 3044 quoniam
2128 2958 2764 3032 ΙΘνδῐθηὲυείίειενῦίεί
2805 2958 2967 3029 ίενάθ
3012 2975 3127 3034 quo
3177 2958 3375 3018 Pell‘us
3418 2959 3557 3018 ἀίεὶῐ
3612 2968 3841 3035 aposto-

333 3055 442 3112 hoc
512 3054 701 3113 ﬁdelis
769 3053 1051 3127 interpres
1115 3055 1454 3129 simpliciter
1501 3066 1556 3115 et
1606 3058 2044 3117 immutabiliter
2128 3048 2265 3107 lus:
2316 3071 2343 3101 ‹‹
2372 3047 2481 3117 Olli
2538 3055 2763 3121 peccata
2813 3053 3005 3106 HOSlm
3055 3049 3174 3122 ipse
3211 3048 3446 3123 pertulit
3504 3049 3564 3107 iu
3595 3064 3840 3124 corpore

333 3145 559 3218 scripsit
601 3144 754 3216 quod
807 3160 881 3238 ex
931 3160 1031 3203 ore
1084 3145 1346 3218 magistri
1401 3150 1678 3207 veraciter
1706 3148 1825 3238 i75
1878 3154 2231 3238 enar-Csuo
2269 3153 2440 3238 supfgr
2478 3137 2705 3238 lisuum
2742 3139 2788 3209 (Ι
2809 3141 2955 3195 Ρετνο
2987 3140 3093 3238 r1);
3141 3163 3162 3235 ιτ
3203 3146 3257 3197 et
3305 3138 3648 3238 perhlsaian}
3685 3139 3839 3238 uici-

329 3233 510 3290 rantis
554 3233 798 3290 audivit.
836 3231 1007 3290 Porro
1045 3242 1261 3303 autem,
1303 3250 1439 3293 cum
1478 3237 1887 3296 clavicularius
1932 3239 2035 3297 iste

2193 3243 2257 3284 r:
2303 3246 2329 3280 «
2363 3225 2509 3284 Vere
2547 3227 2848 3300 languores
2886 3234 3108 3286 nostros
3151 3227 3272 3301 ipse
3315 3226 3464 3298 tulit,
3504 3234 3559 3285 et
3606 3227 3840 3287 dolores

327 3319 458 3378 cmli
499 3335 598 3392 per
643 3326 722 3378 tot
768 3327 1055 3379 terrarum
1094 3338 1272 3395 regna
1307 3323 1622 3396 discipulos
1667 3326 2035 3384 destinaverit

2195 3325 2339 3376 stros
2394 3317 2513 3390 ipse
2560 3317 2805 3391 portavit
2851 3318 2995 3391 (Isai.
3046 3319 3180 3387 Lin).
3222 3342 3245 3367 η
3281 3317 3427 3374 Nam
3475 3316 3524 3374 si
3581 3319 3837 3377 tenebrae

329 3413 526 3486 eisque
577 3427 676 3485 per
723 3411 982 3470 diversas
1027 3413 1230 3471 mundi
1279 3415 1608 3486 provincias
1650 3416 2038 3478 Ecclesiarum
2119 3416 2255 3467 sunt
2287 3415 2534 3482 peccata,
2569 3405 2662 3462 76
2691 3408 2976 3480 angustia:
3009 3408 3372 3467 tenebrarum
3407 3408 3656 3467 ultiones
3695 3414 3837 3466 sunt

328 3503 581 3576 regimen
637 3501 1023 3572 commiserit,
1066 3503 1208 3575 quid
1261 3511 1344 3561 est
1395 3505 1548 3578 quod
1595 3506 1756 3564 nulla
1799 3522 2036 3578 earum,
2120 3499 2321 3573 procul
2370 3497 2546 3555 dubio
2595 3503 2651 3555 Bt
2690 3498 2974 3571 suppliCiu
3015 3498 3321 3557 hominum
3348 3508 3730 3573 peccatorum.
3764 3497 3836 3556 Et

323 3599 535 3665 praeter
562 3589 743 3649 solam
771 3590 1053 3649 duntaxat
1079 3592 1513 3663 Alexandriam,
1549 3597 1638 3653 vel
1673 3597 1824 3654 Petri
1852 3597 2033 3667 sedes,
2119 3591 2252 3665 quis
2307 3589 2445 3648 istas
2499 3588 2865 3648 tenebrarum
2910 3590 3125 3648 levnvll
3168 3592 3484 3665 angustiaS,
3527 3593 3645 3650 imo
3698 3592 3835 3666 quis

323 3681 418 3739 vel
478 3681 790 3753 apostolica
853 3681 1108 3740 Ecclesia
1178 3691 1261 3741 est
1331 3685 1615 3759 appellata
1643 3685 1670 3744 ?
1730 3687 2038 3746 Antiochia
2119 3679 2356 3753 pertulit
2386 3680 2594 3754 dignas
2629 3679 3096 3755 delinquentium
3126 3697 3344 3754 poenas,
3373 3681 3486 3740 nisi
3518 3682 3587 3752 is,
3616 3681 3688 3740 de
3714 3696 3834 3756 quo

324 3767 495 3842 plane
531 3776 586 3826 et
618 3769 739 3841 ipsa
769 3769 930 3826 sedes
963 3769 1113 3828 Petri
1141 3770 1378 3842 dicitur,
1415 3773 1696 3831 nimirum
1725 3775 1878 3847 quod
1920 3775 2038 3834 illic
2119 3770 2272 3828 idem
2322 3770 2597 3843 propheta
2643 3768 2781 3828 dicit
2823 3794 2834 3827 :
2895 3794 2916 3821 α
2955 3769 3080 3844 Ipse
3121 3779 3312 3829 autem
3361 3770 3702 3828 vulneratus
3745 3775 3833 3829 est

324 3857 447 3930 ipse
495 3873 596 3930 per
629 3873 690 3914 se
731 3858 990 3916 tenuisse
1018 3860 1348 3918 cathedram
1379 3862 1748 3934 perhibetur;
1778 3865 2036 3922 Alexan-
2117 3865 2348 3933 propter
2393 3858 2727 3932 iniquitates
2776 3865 3020 3930 nostras,
3053 3858 3281 3918 attritus
3313 3870 3398 3917 est
3435 3866 3665 3933 pr0pter
3701 3873 3828 3917 sce-

323 3944 466 4004 driae
502 3962 635 4004 vero
666 3961 768 4019 per
812 3961 872 4003 se
921 3947 1122 4006 Petrus
1158 3948 1279 4021 ipse
1331 3965 1446 4007 non
1486 3951 1737 4024 priefuit,
1771 3953 1869 4010 sed
1908 3969 2034 4010 eam
2119 3949 2234 4006 lera
2286 3947 2527 4006 nostra?
2588 3950 2776 4017 (Ibid)
2819 3973 2839 4000 ι»
2880 3948 3040 4008 Sicut
3091 3950 3423 4008 Alexander
3471 3950 3529 4007 in
3581 3949 3830 4023 ngypto

319 4048 423 4107 per
467 4033 698 4091 beatum
751 4032 1028 4104 Marcum,
1075 4051 1249 4108 quem
1296 4036 1562 4096 videlicet
1619 4039 1822 4098 habuit
1877 4051 1924 4098 et
1972 4041 2034 4098 in
2119 4038 2322 4096 urbem
2350 4038 2672 4097 construxit
2697 4038 3131 4109 Alexandriam,
3163 4039 3244 4096 sic
3265 4038 3609 4113 Redemptor
3637 4044 3833 4096 noster

325 4121 584 4179 doctrina
623 4119 972 4192 discipulum
1000 4128 1054 4180 et
1081 4123 1142 4180 in
1193 4126 1528 4198 baptismate
1566 4127 1773 4195 ﬁlium,
1819 4129 2035 4202 proprii
2119 4129 2269 4187 inter
2290 4128 2468 4200 hujus
2501 4128 2706 4186 mundi
2730 4128 2994 4188 tenebras
3024 4136 3281 4188 sanctam
3309 4129 3619 4188 aedificavit
3643 4127 3833 4187 Eccle-

324 4208 579 4267 nominis
636 4208 801 4267 titulo
862 4210 1169 4269 decoravit.
1230 4215 1438 4286 Atque,
1499 4216 1651 4288 quod
1710 4217 2036 4277 mirabilius
2118 4219 2304 4276 siam:
2340 4217 2439 4291 qui
2485 4233 2615 4276 vere
2669 4217 3037 4276 tenebrarum
3074 4217 3285 4276 levavit
3332 4217 3650 4290 angustias,
3687 4215 3828 4275 dum

319 4304 423 4369 est,
448 4299 600 4356 sicut
647 4299 906 4358 Romana
948 4301 1110 4360 sedes
1154 4303 1378 4360 excedit
1420 4305 1877 4364 Alexandrinam
1921 4309 2034 4366 sin-
2117 4309 2398 4366 scelerum
2431 4314 2756 4366 nostrorum
2781 4308 3062 4381 supplicia
3089 4308 3397 4381 pertulitet
3421 4307 3626 4365 mundi
3654 4305 3830 4378 hujus

974 1286 1220 1346 SERMO
1276 1287 1426 1344 XVI.

516 1375 601 1421 III.
631 1373 705 1419 DE
750 1374 799 1418 s.
831 1369 1030 1416 MARCO
1071 1370 1493 1417 EVANGELISTA.
1536 1359 1686 1430 (xxv
1723 1360 1878 1429 APR.)

411 1451 622 1518 Nostis,
659 1446 1039 1514 dilectissimi,
1088 1447 1226 1519 quia
1275 1445 1344 1502 de
1399 1444 1549 1502 beati
1596 1443 1769 1502 Marci
1827 1442 2048 1500 meritis

337 1538 627 1609 clarisque
669 1533 978 1592 virtutibus
1016 1532 1162 1590 duos
1193 1533 1314 1605 jam
1349 1547 1643 1591 sermones
1668 1530 2045 1602 absolvimus,

322 4386 543 4461 gularis
586 4387 948 4447 excellentiae
985 4389 1257 4460 culmine,
1301 4391 1383 4450 sic
1411 4400 1466 4451 et
1495 4394 1893 4453 Alexandrina
1932 4414 2027 4457 su-

2118 4396 2432 4472 IEgyptum
2483 4412 2633 4456 novo
2674 4413 2827 4454 verae
2877 4397 3012 4454 fidei
3062 4396 3364 4470 splendore
3402 4395 3675 4471 perfudit.
3707 4393 3832 4451 Hoc

321 4478 640 4552 pereminet
673 4481 999 4539 Antiochiae
1028 4483 1278 4555 quadam
1317 4486 1607 4559 privilegii
1637 4486 1928 4560 dignitate,
1971 4487 2253 4561 utnfecit
2302 4485 2565 4545 Christus
2607 4485 2667 4542 in
2731 4485 2975 4560 Egypto
3032 4503 3132 4561 per
3191 4486 3444 4545 Marcum
3481 4533 3496 4556 ,
3566 4485 3676 4543 hoc
3729 4499 3831 4558 per

320 4568 582 4641 superior
609 4569 710 4626 illa
734 4570 806 4627 sit
842 4571 1023 4642 sedes,
1055 4574 1148 4631 cui
1190 4573 1415 4634 Marcus
1442 4576 1562 4634 vice
1587 4577 1736 4635 Petri
1772 4578 2026 4652 praefuit,

318 4673 492 4732 quam
543 4675 606 4717 ea
644 4660 736 4716 cui
781 4661 1066 4734 pr0priam
1118 4664 1445 4721 cathedram
1496 4665 1695 4726 Petrus
1731 4668 1852 4742 ipse
1878 4686 2029 4742 prae-

313 4747 479 4805 sedit.
507 4746 621 4806 Cur
653 4764 786 4822 ergo
817 4749 1061 4824 Spiritus
1088 4761 1323 4811 sanctus
1353 4753 1645 4812 beatorum
1688 4757 2027 4830 pontificum

319 4836 613 4895 mentibus
645 4845 709 4896 ut
737 4839 841 4896 hoc
869 4845 1178 4899 statuerent
1209 4842 1531 4916 inspiravit,
1571 4845 1684 4902 nisi
1733 4848 1887 4922 quod
1931 4848 2030 4907 Pe-

321 4929 478 4982 trum
517 4931 572 4982 et
614 4924 871 4984 Marcum
903 4935 1096 4986 mente
1124 4929 1298 4986 simul
1344 4937 1398 4987 et
1443 4931 1657 5001 animo,
1696 4933 1808 4991 fide
1839 4942 1892 4992 et
1925 4953 2026 4995 vo-

321 5011 562 5083 luntate,
617 5031 732 5072 non
787 5015 932 5075 duos
979 5017 1424 5092 quodammodo,
1465 5020 1561 5078 sed
1603 5037 1791 5081 unum
1839 5025 2028 5097 potius

316 5117 440 5160 esse
473 5103 792 5176 cognovit?
845 5104 1028 5162 Tanta
1059 5106 1272 5165 scilicet
1311 5107 1464 5165 idem
1503 5107 1749 5180 Spiritus
1793 5128 1889 5170 eos
1932 5114 2025 5170 in-

321 5192 502 5250 vicem
551 5193 822 5251 charitate
867 5196 1304 5268 constrinxerat,
1361 5205 1515 5256 tanta
1556 5202 1766 5257 mentis
1811 5203 2022 5260 unani-

316 5281 512 5337 mitate
545 5281 889 5339 conﬂaverat
925 5290 988 5342 ὶιὶ
1017 5291 1072 5342 Εἰ
1108 5301 1204 5344 COI‘
1233 5302 1414 5345 unum
1451 5294 1505 5345 0t
1531 5303 1694 5346 mens
1731 5297 1878 5347 888Θῖ
1907 5306 2022 5349 una

318 5366 587 5426 duorum.
626 5367 788 5428 Unde
825 5370 1041 5429 factum
1085 5379 1170 5431 est
1213 5382 1276 5434 ut
1326 5390 1459 5448 quae
1497 5375 1657 5435 sedes
1697 5377 1807 5435 fuit
1849 5377 2023 5437 Marci

322 5453 484 5514 ﬁeret
507 5456 900 5517 indili‘erenter
925 5467 981 5518 et
1003 5461 1174 5521 Petri.

389 5545 676 5605 Novimus
720 5549 887 5622 plane
935 5551 1164 5611 beatum
1205 5554 1498 5614 Andream
1544 5556 1802 5631 ejusdem
1838 5559 2022 5618 sancti

320 5635 473 5698 Petri
527 5636 704 5697 fuisse
763 5653 1152 5714 germanum;
1216 5648 1452 5704 testatur
1501 5646 1670 5706 etiam
1730 5646 2021 5723 Scriptum

2054 4537 2103 4596 D

2121 4582 2357 4633 caeteros
2400 4575 2648 4632 caelestis
2682 4575 2865 4634 curia
2898 4583 3190 4662 senatores
3239 4575 3298 4634 in
3345 4581 3457 4635 toto
3512 4574 3646 4632 fecit
3689 4571 3831 4632 orbe

2120 4670 2419 4723 terrarum.

2193 4753 2300 4812 Sed
2355 4770 2479 4826 cur,
2513 4753 2829 4828 ngyptum
2871 4753 3037 4813 beato
3085 4753 3297 4825 Marco,
3331 4754 3552 4822 fratres,
3596 4751 3833 4812 ascribi-

2118 4858 2248 4902 mus
2293 4852 2344 4903 et
2393 4845 2815 4918 amplissimam
2867 4853 2981 4903 tam
3024 4844 3366 4903 excellentis
3424 4844 3531 4902 viri
3584 4844 3830 4916 gloriam

2116 4931 2264 4989 inter
2306 4922 2617 5006 angustum
2647 4935 2825 4992 unius
2876 4941 3041 4992 terrae
3080 4933 3365 5008 angulum
3416 4939 3772 4991 coarctamus
3802 4927 3836 4987 ἵ

2117 5018 2227 5078 Isle
2265 5022 2546 5080 nimirum
2579 5022 2823 5082 ecelestis
2865 5025 3104 5082 tonitrui
3134 5025 3447 5104 vehemens
3490 5023 3632 5080 tuba
3664 5020 3831 5081 terri-

2113 5108 2305 5167 biliter
2349 5111 2589 5183 intonat,
2635 5121 2688 5171 et
2743 5113 2900 5174 velut
2932 5131 3088 5174 unus
3133 5131 3205 5173 ex
3258 5113 3506 5189 paradisi
3564 5112 3834 5172 ﬂumini-

2111 5200 2219 5258 bus
2265 5202 2471 5275 raptim
2505 5204 2816 5277 proﬂuens,
2852 5206 3188 5265 universam
3215 5206 3423 5264 mundi
3455 5205 3834 5265 latitudinem

2107 5291 2563 5350 exuberantibus
2637 5294 2816 5352 sancti
2877 5293 3180 5369 Evangelii
3252 5294 3484 5354 fluentis
3550 5295 3827 5353 inundat.

2108 5379 2274 5439 Felix
2311 5381 2547 5456 quidem
2595 5383 2970 5456 Alexandria,
2999 5403 3173 5460 quam
3215 5386 3310 5445 hic
3341 5386 3551 5445 Christi
3587 5386 3835 5444 bellator

2107 5469 2359 5530 invictus
2404 5471 2766 5545 triumphalis
2815 5476 3074 5549 martyrii
3124 5474 3214 5534 sui
3261 5476 3546 5551 sanguine
3597 5491 3829 5551 purpu-

2107 5559 2276 5632 ravit,
2307 5560 2406 5619 sed
2438 5560 2727 5634 praacipue
2767 5569 2827 5621 tu
2865 5563 3006 5622 felix
3044 5580 3105 5622 es
3140 5572 3197 5623 et
3229 5565 3480 5626 nimium
3511 5565 3673 5623 beata
3706 5561 3830 5622 Ve-

2111 5651 2283 5723 netia,
2317 5667 2491 5725 quam
2541 5653 2613 5712 ad
2655 5655 2762 5712 hoc
2799 5661 2862 5713 ut
2901 5656 3218 5728 pretiosum
3263 5657 3515 5731 corporis
3548 5655 3640 5714 sui
3696 5654 3833 5714 the-
