4022 6202
1477 213 1510 263 7

334 325 438 381 583

1789 316 2022 373 SERMO
2061 315 2223 375 ιιιίι.

3502 326 3609 380 536

333 453 559 498 saurum
612 435 705 493 tibi
756 435 1165 493 commendaret
1208 433 1389 505 elegit.
1432 432 1670 491 Plurima
1699 431 1916 501 quidem
1949 434 1993 490 Α
2026 445 2144 487 rum
2175 429 2463 499 spirituum
2494 430 2725 493 coitibus
2763 430 3201 493 inenarrabiliter
3237 433 3458 498 emicat,
3491 452 3614 493 cum

334 531 648 589 divitiarum
696 529 851 599 copia
898 542 964 583 ex
1016 526 1247 584 diversis
1279 527 1332 583 in
1365 534 1417 583 te
1451 525 1637 581 mundi
1675 520 1920 593 pall-tibus

335 624 576 687 conﬁnlt,
619 622 715 681 sed
747 622 871 677 breed
895 635 1109 691 gemma
1136 618 1394 683 emicans,
1420 632 1542 687 qua:
1562 614 1615 669 in
1643 614 1819 671 medio
1846 613 1921 671 tui

337 720 513 788 posita
541 725 646 780 est,
672 716 725 771 in
754 713 1031 773 excelsum
1064 720 1117 767 te
1149 710 1321 780 gloria
1353 709 1665 780 conspicua:
1694 704 1925 776 dignita-

341 813 411 869 tis
442 809 665 865 attollit.
710 804 1157 875 lncomparabilis
1180 806 1326 859 enim
1351 803 1455 871 ista
1491 802 1783 855 thesaurus
1807 813 1928 853 om-

340 906 425 957 nia
483 900 810 956 vibrantium
848 896 1188 952 metallorum
1243 893 1655 963 supergreditur
1703 905 1924 957 genera,

338 1005 535 1049 cuncta
558 1007 894 1062 gemmarum
926 986 1329 1045 coruscantium
1384 992 1608 1053 superat
1630 997 1925 1038 ornamen-

342 1097 418 1141 ta.
448 1086 602 1141 Sicut
629 1084 773 1138 enim
812 1084 1002 1138 beatus
1026 1080 1126 1137 Job
1155 1081 1223 1136 de
1248 1078 1517 1150 sapientia
1544 1078 1678 1132 dicit
1702 1093 1713 1131 :
1746 1095 1765 1127 ι
1809 1075 1926 1129 Νω

339 1176 717 1248 adrcquabitur
753 1175 804 1231 ei
848 1190 1061 1239 aurum,
1109 1172 1193 1228 vel
1225 1172 1458 1237 vitrum;
1487 1185 1595 1226 non
1623 1177 1925 1227 commuta-

338 1268 544 1324 bnntur
573 1282 674 1336 pro
717 1281 779 1321 ea
814 1279 939 1317 vasa
963 1263 1177 1319 excelsa
1206 1272 1261 1316 et
1301 1261 1634 1324 eminentia;
1672 1274 1777 1312 non
1830 1259 1926 1312 ad-

338 1360 644 1431 mquahitur
670 1358 720 1411 ei
744 1372 937 1415 aurum
960 1357 1027 1409 dc
1046 1355 1348 1424 Ethiopia,
1369 1369 1470 1409 nec
1494 1353 1742 1408 tinctura:
1770 1367 1928 1404 mun-

341 1451 580 1506 dissima:
597 1458 953 1517 componi-tur
970 1444 1113 1516 (Job.
1136 1445 1363 1513 xxviii);
1391 1464 1409 1495 ι
1439 1453 1515 1507 et,
1539 1454 1597 1497 ut
1619 1442 1690 1496 ita
1715 1442 1927 1510 loquar,

341 1542 556 1596 haccest
579 1538 806 1608 insignis
829 1537 1076 1606 quzedam
1099 1535 1308 1604 species
1338 1532 1657 1593 aromatica,
1690 1546 1809 1600 quae
1830 1544 1926 1584 sua

342 1630 543 1685 virtute
562 1626 817 1683 melliﬁua
840 1625 1246 1688 cinnamomum
1264 1622 1483 1677 excellit
1509 1637 1573 1675 ac
1600 1620 1926 1683 balsau‘nnn,

339 1732 396 1775 et
419 1717 660 1774 omnium
686 1723 906 1785 superat
945 1712 1297 1783 fragrantiam
1326 1711 1746 1781 pigmentorum.

2029 521 2289 579 trabeatis
2317 524 2660 583 senatoribus
2695 523 2862 580 curiae
2903 523 3143 581 cmlestis
3183 526 3419 582 exsultat
3443 568 3460 594 ,
3492 544 3617 584 cum

2025 613 2354 683 patriarcbis
2387 615 2441 671 in
2470 630 2638 672 aureo
2678 616 2982 675 sublimiter
3007 617 3144 677 solio
3184 619 3617 689 intbronizatus,

2029 720 2153 760 cum
2177 704 2439 765 laureatis
2460 708 2792 780 martyribus
2815 710 3139 769 mirabiliter
3160 723 3470 780 coronatus,
3491 731 3618 771 cum

2029 794 2117 848 his
2145 797 2399 853 omnibus
2424 798 2564 856 stola
2607 799 2824 856 indutus
2866 801 3052 870 gloriae
3081 801 3339 860 ineffabili
3382 807 3623 869 exculta.

2032 886 2177 943 tione
2207 888 2486 958 tripudiat,
2518 899 2574 944 et
2600 890 2653 946 in
2686 901 2980 961 conspectu
3015 894 3202 948 aeterni
3249 895 3412 967 Regis
3449 898 3620 953 melo-

2031 977 2156 1035 dum
2202 978 2431 1037 Alleluia
2474 978 2865 1048 iucundissima
2921 985 3190 1041 suavitate
3242 987 3516 1044 dei-amat.
3571 989 3621 1049 0

2031 1083 2195 1138 quam
2245 1070 2408 1129 beate
2454 1072 2685 1129 moritur
2728 1075 2820 1144 qui
2869 1075 3150 1135 moriendo
3195 1080 3403 1133 oritur!
3457 1096 3620 1149 quam

2032 1159 2268 1217 feliciter
2295 1164 2836 1235 temporalemyitam
2867 1164 2987 1221 finit
3011 1168 3102 1238 qui
3134 1168 3318 1225 vivere
3336 1183 3618 1241 perpetuac

2031 1249 2159 1307 liter
2185 1251 2400 1321 incipit!
2438 1252 2574 1308 lline
2604 1264 2687 1309 est
2714 1256 2858 1325 quod
2888 1266 3075 1311 sancta
3109 1257 3350 1314 Ecclesia
3381 1261 3498 1317 dies
3524 1260 3626 1316 mi-

2033 1340 2295 1409 grationis
2323 1354 2641 1397 sanctorum
2671 1344 2877 1400 natales
2916 1362 3110 1401 vocare
3141 1351 3425 1405 consuevit
3444 1391 3459 1415 ,
3495 1345 3622 1421 quia

2033 1438 2280 1507 protinus
2311 1438 2364 1492 in
2392 1440 2532 1494 coelo
2556 1423 2871 1508 nascuntur,
2902 1459 3024 1496 cum
3068 1444 3122 1498 in
3164 1456 3309 1499 terra
3335 1447 3622 1502 visibiliter

2032 1529 2375 1597 moriuntur;
2405 1540 2459 1585 et
2486 1540 2613 1587 tunc
2640 1547 2765 1588 vere
2800 1534 3064 1604 incipiunt
3087 1536 3291 1600 vivere,
3318 1552 3443 1594 eum
3475 1555 3618 1594 mor-

2035 1619 2197 1674 talem
2227 1620 2483 1676 videntur
2509 1623 2677 1681 vitam
2708 1623 2886 1680 linire.
3460 1639 3467 1649 '

2104 1708 2449 1781 Perpendite,
2497 1713 2692 1770 fratres
2735 1716 2875 1781 mei.
2926 1716 3013 1772 hic
3048 1717 3437 1776 iuvictissimus
3466 1722 3624 1779 miles

412 1809 586 1866 Porro
606 1808 650 1863 si
678 1784 841 1863 taetre
862 1821 957 1876 per
981 1820 1105 1859 cum
1130 1804 1415 1875 dignitatis
1449 1812 1532 1857 cst
1573 1802 1923 1867 Alexandria,
1957 1784 2004 1851 Β
2035 1802 2241 1857 Christi
2269 1818 2433 1874 quam
2461 1804 2621 1869 forte,
2646 1821 2807 1875 quam
2830 1808 3109 1864 robustum
3136 1820 3324 1879 pectus
3348 1812 3620 1877 habuerit,

341 1920 505 1974 quam
526 1902 763 1974 glorioso
793 1898 1037 1969 martyrii
1063 1898 1145 1953 sui
1169 1911 1366 1952 cruore
1395 1896 1654 1967 perfudit,
1684 1903 1743 1948 ut
1772 1895 1930 1950 sedes

339 1995 636 2066 apostolica
686 2000 1048 2061 nuncnpetur,
1079 1998 1297 2058 quanta:
1348 1999 1601 2059 putamus
1635 1997 1720 2043 est
1745 1988 1928 2042 excel-

342 2087 523 2144 lentia:
547 2084 674 2139 felix
700 2073 789 2137 illa
814 2081 1122 2143 Provincia,
1154 2080 1207 2133 in
1235 2096 1339 2149 qua
1368 2096 1511 2134 nunc
1542 2080 1778 2149 pretiosa
1800 2095 1925 2134 cor-

341 2179 493 2251 poris
523 2178 642 2248 ejus
669 2174 823 2246 gleba
865 2172 1179 2229 reconditur
1216 2174 1240 2226 ?
1266 2171 1519 2242 Nunquid
1551 2186 1658 2227 non
1683 2172 1927 2242 ejusdem

343 2272 534 2345 gratia:
561 2280 617 2325 et
645 2267 926 2340 dignitatis
952 2282 1075 2323 esse
1099 2267 1367 2322 credenda
1397 2274 1502 2331 est,
1533 2265 1635 2321 etsi
1673 2281 1778 2321 non
1808 2264 1927 2318 vul-

341 2375 470 2436 gato
516 2362 759 2426 nomine,
817 2360 912 2416 sed
936 2360 1049 2429 ipsa
1083 2374 1143 2414 re
1187 2367 1242 2413 et
1278 2373 1474 2413 arcana
1502 2372 1659 2412 sacra
1688 2358 1928 2429 mysterii

342 2453 628 2512 veritate?
666 2451 789 2506 Illas
837 2450 1072 2520 denique
1122 2457 1305 2529 partes
1355 2449 1631 2519 ingressus
1665 2456 1769 2512 est,
1801 2447 1928 2501 dum

347 2548 526 2603 adhuc
552 2545 665 2615 jam
705 2544 760 2597 in
785 2540 1125 2611 corruptibili
1154 2554 1333 2603 carne,
1373 2539 1619 2594 mortalis
1641 2539 1928 2602 existeret;

346 2638 480 2694 istas
507 2644 688 2690 autem
716 2631 899 2703 elegit,
926 2646 1049 2686 cum
1073 2629 1186 2699 jam
1226 2629 1279 2683 in
1316 2637 1578 2683 internum
1601 2628 1847 2682 victurus
1876 2627 1929 2681 in

348 2727 499 2800 regni
530 2724 771 2805 cmlestis
800 2721 921 2775 aula
948 2728 1220 2791 regnaret.
1261 2717 1385 2773 lllos
1417 2717 1622 2781 invisit,
1657 2726 1718 2771 ut
1739 2731 1835 2772 eos
1865 2716 1932 2771 de

348 2818 592 2876 tenebris
613 2810 949 2871 inﬁdelitatis
975 2812 1042 2867 ad
1070 2811 1123 2865 id
1154 2811 1301 2881 quod
1330 2808 1575 2879 ipsejam
1596 2815 1778 2862 mente
1793 2821 1929 2862 eon-

348 2920 589 2983 ceperat,
624 2925 767 2964 vera:
794 2909 916 2963 fidei
947 2907 1126 2961 lumen
1155 2907 1448 2970 educeret;
1480 2903 1548 2958 ad
1576 2902 1712 2957 istos
1745 2910 1927 2956 autem

354 3003 634 3058 transferri
661 3002 844 3063 voluit,
874 3011 933 3055 ιιι
951 3000 1074 3054 illos
1104 3000 1170 3054 ad
1198 3013 1346 3061 cuin,
1373 3012 1496 3053 cum
1518 3010 1626 3067 quo
1656 3009 1802 3049 nunc
1828 3000 1931 3054 est.

350 3094 632 3149 ductorem
662 3091 882 3145 luminis
909 3100 1209 3146 revocaret.
1238 3087 1425 3144 Gaude
1449 3088 1632 3157 igitur,
1666 3095 1723 3142 et
1747 3086 1931 3141 exsul-

2032 1894 2123 1965 qui
2158 1895 2226 1949 de
2258 1895 2343 1950 sui
2390 1896 2632 1966 periculo
2676 1899 2989 1955 omnimodo
3028 1916 3283 1963 securus.
3334 1904 3403 1958 de
3446 1906 3624 1962 alieno

2033 1986 2328 2053 sollicitus,
2378 2003 2487 2043 uno
2526 1988 2675 2043 verbi
2723 1990 2830 2043 telo
2872 1999 2927 2045 et
2974 1991 3255 2047 inimicum
3298 1994 3529 2065 perculit
3571 2006 3629 2053 et

2033 2080 2428 2137 claudicantem
2463 2078 2580 2149 jam
2623 2080 2829 2137 inﬂicto
2867 2082 3085 2138 vulnere
3126 2086 3333 2140 socium
3363 2088 3429 2142 ad
3460 2103 3625 2158 agem

2034 2170 2162 2224 dum
2195 2168 2410 2224 fortiter
2432 2170 2708 2229 excitavit.
2734 2169 2899 2226 [loeta
2924 2188 3116 2228 manus
3137 2175 3207 2228 ad
3230 2175 3472 2244 praelium
3492 2176 3621 2233 dum

2036 2261 2267 2317 vibravit
2299 2263 2536 2327 hastam,
2559 2263 2788 2330 socium,
2815 2274 2869 2319 ut
2899 2276 3170 2334 surgeret,
3204 2267 3401 2339 tetigit,
3427 2278 3483 2324 et
3506 2272 3628 2326 v'n—

2034 2355 2176 2409 centi
2200 2355 2315 2424 jam
2345 2354 2661 2409 adversario
2684 2354 2885 2411 ictbale
2912 2357 3105 2413 vulnus
3136 2357 3347 2413 inﬁixit.
3383 2360 3453 2416 Ut
3478 2363 3626 2417 enim

2034 2447 2088 2530 in
2139 2446 2489 2502 veraeissima
2538 2455 2813 2518 gestorum
2866 2448 3013 2504 illius
3056 2462 3317 2507 narratur
3365 2437 3626 2522 histeria,

2034 2525 2156 2596 eum
2185 2548 2309 2610 post
2340 2540 2506 2595 nimia
2538 2550 2807 2597 tormenta
2855 2540 3137 2599 Ursicinus
3166 2524 3465 2617 capitalem
3501 2563 3629 2603 seu-

2037 2632 2263 2687 tentiam
2282 2632 2542 2688 voluisset
2560 2634 2816 2696 evadere,
2842 2634 3163 2689 exclamavit
3193 2634 3384 2692 beatus
3409 2636 3626 2702 Vitalis,

2034 2722 2258 2778 dicens:
2288 2722 2430 2789 Noli,
2456 2723 2584 2786 noli,
2621 2723 2869 2780 Ursicine
2897 2727 3126 2790 medice,
3154 2730 3245 2798 qui
3274 2726 3410 2785 alios
3433 2746 3631 2788 curare

2033 2812 2384 2877 consuevisti,
2401 2813 2630 2882 teipsum
2652 2825 2870 2870 auertite
2894 2816 3081 2870 mortis
3115 2815 3297 2885 jaculo
3316 2819 3623 2877 vulnerare.

2036 2903 2362 2960 Sanctorum
2405 2906 2603 2975 quippe
2641 2907 2880 2961 virorum
2912 2916 2997 2962 est
3032 2913 3398 2975 consuetudo,
3430 2910 3629 2967 fratres

2035 2996 2165 3059 mei,
2198 3003 2259 3051 ut
2280 2996 2335 3050 in
2365 2996 2771 3052 tribulationum
2793 2997 2936 3054 bello
2958 3000 3310 3069 deprehensi,
3332 3001 3458 3056 dum
3482 3003 3632 3060 illine

2036 3086 2377 3141 adversarios
2407 3086 2786 3154 insequentes,
2838 3086 2967 3143 hinc
3006 3089 3135 3145 su'os
3177 3088 3449 3161 fugientes
3486 3094 3632 3164 aspi-
3680 3122 3683 3125 ν

354 3196 475 3240 laus
515 3184 569 3238 in
598 3181 827 3235 Domino
855 3178 1325 3249 plaurch'enetia,
1356 3180 1481 3248 quia
1527 3193 1625 3248 per
1655 3177 1785 3233 illud
1811 3192 1931 3248 pre-
1965 3171 2009 3231 ι]
2040 3179 2225 3244 ciunt,
2255 3178 2361 3234 illis
2388 3189 2664 3248 Opponant
2706 3188 2918 3235 scutum
2964 3180 3264 3251 patientiae,
3306 3183 3424 3240 istis
3456 3186 3631 3242 intor-

353 3276 476 3330 tiosi
525 3272 762 3328 thesauri
795 3272 1076 3336 talentum,
1118 3269 1259 3340 quod
1294 3271 1346 3323 in
1381 3279 1434 3323 te
1459 3278 1672 3327 constat
1697 3285 1819 3324 esse
1850 3283 1934 3323 re-

352 3368 649 3429 conditum,
705 3365 844 3423 facta
885 3379 944 3420 es
973 3363 1187 3432 superni
1217 3364 1360 3430 regis
1402 3344 1676 3427 :crarium,
1722 3372 1777 3415 et
1806 3361 1932 3414 dum

354 3459 408 3513 in
450 3467 541 3511 tuo
588 3454 805 3529 grcmin'
846 3454 1023 3507 virum
1062 3450 1372 3522 apostolicae
1397 3450 1586 3520 gratia)
1622 3449 1933 3518 suscepisti.

351 3560 409 3604 et
437 3550 555 3619 ipsa
577 3546 971 3618 quodammodo
999 3544 1155 3598 sedes
1186 3542 1478 3612 apostolica
1520 3541 1634 3595 ﬁeri
1667 3540 1932 3595 meruisti.

352 3638 741 3709 Quamobrem,
773 3639 914 3707 sicut
943 3646 1117 3692 mater
1140 3636 1351 3689 urbium
1384 3634 1554 3689 Roma
1577 3649 1738 3711 super
1751 3633 1932 3687 omnia

356 3749 521 3805 rigua
573 3744 841 3791 terrarum
890 3730 1214 3784 sublimatur
1246 3729 1297 3781 in
1329 3727 1435 3797 77
1465 3727 1644 3789 Petro,
1670 3726 1750 3780 sic
1780 3735 1831 3779 et
1856 3734 1931 3788 tu,

354 3824 507 3879 velut
560 3821 679 3890 ejus
730 3821 956 3890 insignis
1001 3820 1132 3883 lilia,
1187 3832 1281 3886 per
1327 3817 1563 3871 Marcum
1605 3816 1855 3885 gloriaris
1881 3815 1934 3868 in

354 3900 587 3972 Christo.
604 3914 773 3981 Quem
796 3912 1001 3968 scilicet
1023 3911 1297 3965 humiliter
1318 3909 1686 3980 imploranms,
1714 3916 1792 3973 ut,
1825 3907 1929 3962 sic-

353 4008 644 4062 utbeatum
670 4005 887 4059 Petrum
917 4006 982 4059 de
1009 4004 1142 4058 mari
1170 4002 1379 4057 veeavit
1400 4002 1583 4056 etnati
1607 4001 1821 4072 (Matth.
1852 4015 1931 4064 tv;

357 4096 595 4165 Nam),
612 4096 804 4150 deinde
819 4112 884 4149 ne
901 4097 1079 4166 lapsus
1095 4095 1147 4149 in
1164 4094 1385 4164 pelagus
1396 4094 1718 4147 obrueretur
1732 4094 1939 4162 erigen-

356 4188 427 4242 «ιο
453 4186 741 4250 continuit,
760 4188 836 4241 sic
856 4186 1134 4256 remigium
1161 4194 1309 4238 tuum
1340 4185 1480 4237 inter
1497 4183 1810 4238 discrimina
1828 4200 1939 4235 rna-

358 4278 476 4330 rina
508 4276 798 4343 custodiat,
825 4284 879 4329 et
919 4285 970 4329 te
993 4290 1117 4329 cum
1142 4273 1266 4328 ﬁliis
1301 4273 1406 4328 tuis
1437 4275 1505 4327 ad
1534 4282 1747 4342 portum
1780 4273 1936 4341 quie-

360 4366 426 4418 tis
477 4373 696 4423 antemna
751 4363 1016 4418 subducat
1073 4366 1163 4434 qui
1204 4363 1333 4416 vivit
1367 4371 1419 4416 et
1455 4370 1644 4432 regnat
1670 4376 1795 4415 cum
1831 4361 1940 4415 Deo

358 4449 521 4506 Patre
546 4452 601 4506 in
624 4452 831 4505 unitate
861 4449 1094 4520 Spiritus
1122 4449 1298 4507 sancti
1338 4449 1476 4503 Deus
1505 4463 1600 4517 per
1628 4447 1808 4500 omnia
1837 4462 1939 4500 sa:-

360 4542 477 4595 cula
507 4543 853 4605 saeculorum.
892 4543 1086 4596 Amen.

931 4628 1163 4685 SERMO
1209 4628 1370 4683 XVII.

538 4737 573 4775 ι.
610 4737 676 4774 nr.
706 4737 751 4774 s.
786 4738 975 4775 ινιτ.ιι.ςῑ
1008 4737 1274 4775 manus.
1309 4724 1497 4783 (xxvtn
1529 4723 1725 4789 arma.)

431 4812 727 4867 immensas
759 4813 867 4864 Deo
900 4811 1084 4864 laudes
1111 4821 1164 4862 et.
1197 4810 1402 4878 gratias
1448 4811 1743 4863 referamus
1764 4850 1775 4871 ,
1810 4809 1940 4864 dile-

362 4901 589 4956 (liSsimi
618 4901 832 4964 fratres,
860 4902 1003 4970 quia,
1033 4901 1161 4954 dum
1184 4916 1277 4969 per
1304 4909 1471 4953 totum
1494 4904 1679 4955 orbem
1712 4900 1942 4968 pascha—

360 4991 425 5048 lis
458 4993 728 5049 festivitas
757 4993 959 5054 rutilat,
993 5001 1193 5045 nostra:
1223 4992 1410 5060 patria:
1436 4993 1567 5045 lines
1596 4992 1756 5043 ctiam
1792 4991 1935 5044 beati

361 5082 555 5139 Vitalis
611 5085 951 5153 triumphalis
1006 5085 1121 5140 dies
1178 5085 1430 5138 illustrat.
1488 5082 1654 5138 llolic
1707 5098 1938 5151 namque

363 5177 513 5232 miles
539 5176 741 5231 Christi
774 5176 1041 5245 gloriosus
1084 5191 1185 5245 pro
1228 5175 1330 5228 ﬁde
1375 5174 1712 5242 imperatoris
1757 5173 1836 5226 sui
1885 5174 1934 5226 in

361 5277 619 5321 :ctenmm
652 5267 891 5323 victurus
926 5265 1197 5321 occubuit.
1230 5264 1430 5329 liodie,
1479 5263 1688 5317 devicto
1718 5264 1933 5317 humani

362 5360 574 5429 generis
605 5360 848 5423 inimico,
880 5374 1001 5414 cum
1036 5358 1306 5428 triumpho
1333 5357 1515 5428 gloriae
1535 5373 1693 5426 regna
1727 5359 1936 5413 siderea

363 5452 681 5518 penetravit.
726 5449 896 5505 Hodie
935 5459 1151 5519 peracto
1192 5448 1351 5502 studii
1382 5448 1462 5502 sui
1502 5462 1665 5502 cursu
1694 5448 1759 5502 de
1784 5462 1937 5517 erga-

363 5543 498 5597 stulo
543 5542 727 5596 carnis
756 5542 927 5596 vietor
955 5540 1139 5595 exivit.
1182 5540 1350 5595 lloglie
1393 5537 1780 5593 alternantibus
1812 5540 1937 5593 hinc

365 5635 483 5690 inde
528 5634 859 5706 hymnidicis
902 5634 1211 5705 angelorum
1248 5634 1427 5688 choris
1471 5631 1727 5700 palatium
1777 5632 1937 5701 liegis

364 5726 545 5795 aeterni
576 5732 907 5795 purpuratus
944 5725 1185 5786 intravit,
1227 5722 1314 5776 ubi
1355 5738 1476 5776 cum
1525 5721 1708 5790 ignitis
1744 5719 1935 5777 beato-

765 5857 1033 5910 t’aram..
1070 5857 1177 5915 CX
1192 5855 1344 5915 LIV.

2033 3278 2236 3339 queant
2252 3268 2431 3338 jacula
2454 3271 2741 3335 doctrinm;
2766 3280 2933 3353 atqup
2950 3273 3017 3328 ad
3043 3282 3330 3345 utrumque
3354 3281 3628 3349 pugnandi

2036 3361 2256 3415 modum
2305 3362 2440 3414 mira
2486 3362 2702 3419 virtutis
2744 3370 2862 3418 arte
2902 3377 2963 3419 se
3000 3365 3237 3435 erigunt,
3277 3378 3545 3437 quatenus
3570 3379 3626 3426 ct

2036 3449 2238 3504 inﬁrmi
2269 3450 2414 3506 intus
2453 3450 2669 3505 fortiter
2697 3467 2757 3508 se
2780 3453 2995 3523 erigant
3022 3464 3077 3510 et
3107 3455 3239 3511 foris
3270 3458 3498 3515 viriliter
3523 3462 3624 3516 ad-

2036 3553 2191 3593 versa
2221 3548 2591 3607 contemnant,
2618 3542 2718 3596 bos
2743 3543 3000 3599 docentes
3021 3546 3317 3615 corrigunt,
3351 3548 3471 3605 illos
3492 3550 3624 3607 tole.

2036 3640 2219 3688 rantes
2243 3644 2511 3702 premant.
2536 3633 2880 3706 lnsurgentes
2905 3651 3138 3707 namque
3163 3638 3346 3695 hostes
3365 3643 3620 3711 patiendo

2035 3720 2371 3794 despiciunt,
2402 3724 2512 3796 78
2542 3725 2877 3781 inﬁrmantes
2904 3735 3035 3782 vero
3072 3727 3219 3784 cives
3246 3733 3621 3802 contpaticndo

2036 3817 2102 3870 ad
2130 3817 2359 3870 salutem
2388 3818 2670 3871 reducunt.
2710 3817 2819 3872 Illis
2855 3819 3131 3883 resistunt,
3166 3836 3233 3874 ne
3258 3829 3314 3876 et
3338 3823 3472 3879 alios
3495 3824 3623 3879 sub-

2038 3907 2289 3972 traham;
2317 3906 2435 3961 istis
2461 3915 2729 3971 metuunt,
2747 3921 2835 3973 ne,
2864 3910 3155 3964 metuende
3178 3919 3428 3978 mortem,
3454 3912 3620 3968 vitam

2037 3997 2282 4052 funditus
2310 3997 2560 4066 perdant.
2599 3997 2748 4051 illinc
2784 3996 2981 4064 iaculis
3021 3999 3368 4054 adversantia
3406 4012 3622 4072 pectora

2038 4088 2272 4153 feriunt;
2307 4089 2434 4143 hine
2458 4097 2615 4143 scuto
2638 4089 2937 4158 postposito
2960 4087 3165 4143 debiles
3192 4099 3426 4146 tueantur.
3453 4093 3630 4163 Atque

2041 4180 2115 4234 ita
2145 4179 2434 4250 utrobique
2458 4179 2745 4234 velocitate
2782 4178 3285 4249 circumspectionis
3314 4181 3630 4253 invigilant,

2040 4281 2309 4341 quatenus
2346 4277 2403 4324 et
2444 4277 2571 4323 ante
2600 4284 2657 4323 se
2687 4268 2920 4324 audaces
2961 4268 3293 4336 confodiant,
3341 4280 3394 4325 et
3423 4283 3541 4341 post
3571 4288 3630 4327 se

2044 4358 2282 4429 trepidos
2317 4374 2347 4411 a
2379 4357 2601 4412 vulnere
2636 4358 2947 4411 defemlant.
2995 4356 3103 4413 Sed
3148 4358 3394 4429 quisquis
3422 4360 3533 4414 vult
3572 4362 3624 4415 in

2045 4464 2237 4518 campo
2260 4447 2572 4503 certaminis
2601 4448 2813 4501 fortiter
2851 4462 3029 4518 agere,
3067 4458 3242 4513 Clll'cl,
3273 4464 3494 4504 necesse
3522 4461 3627 4515 est,

1966 4515 2021 4575 D
2045 4540 2098 4594 in
2130 4555 2260 4610 pace
2283 4538 2579 4593 domestica
2602 4552 2661 4593 se
2681 4512 3068 4601 custodirefin
3096 4539 3208 4592 otio
3236 4553 3293 4592 sc
3319 4538 3631 4607 frequenter

2045 4643 2313 4696 exerceat,
2345 4644 2414 4685 ne
2440 4632 2660 4699 ignarus
2685 4629 2960 4698 pugnandi
2989 4629 3204 4683 inc-aute
3234 4629 3299 4682 ad
3331 4630 3465 4682 bella
3506 4646 3630 4699 pro.

2045 4732 2277 4789 rumpat,
2313 4735 2397 4784 ne,
2431 4720 2473 4774 si
2507 4720 2656 4773 rudis
2690 4728 2743 4772 et
2776 4718 3057 4787 imperitus
3089 4734 3209 4772 cum
3238 4719 3479 4775 doctiore
3502 4738 3631 4774 con—

2044 4813 2306 4885 greditur,
2335 4814 2460 4866 dum
2494 4827 2641 4865 arma
2671 4810 2838 4865 armis
2868 4822 3064 4879 pr:rtrr
3091 4804 3304 4865 solitum
3338 4828 3630 4869 conscrch-

2045 4905 2255 4969 nititur,
2302 4913 2591 4973 antequam
2623 4903 2829 4972 insigne
2860 4902 3058 4971 :.liquid
3095 4901 3286 4965 faciat,
3330 4903 3624 4971 improviso

2044 4996 2271 5051 vulnere
2300 5005 2677 5065 prosternatur
2702 5003 2757 5048 et
2786 4994 2961 5048 victus
2992 4994 3251 5058 intereat,
3285 4995 3424 5049 unde
3454 4996 3627 5050 victor

2045 5103 2164 5144 csse
2192 5089 2318 5142 totis
2345 5086 2549 5140 nisibus
2583 5065 2890 5138 anhelabizt.

2116 5178 2301 5248 Neque
2326 5178 2525 5232 etenim
2552 5177 2881 5230 credendum
2918 5185 2997 5229 est
3041 5175 3183 5244 quod
3220 5175 3410 5231 beatus
3435 5176 3629 5233 Vitalis

2046 5270 2296 5340 religiose
2324 5269 2506 5322 vivere
2533 5275 2588 5321 et
2624 5267 2676 5320 in
2707 5266 2897 5335 primis
2931 5264 3035 5318 Deo
3063 5266 3266 5320 servire
3295 5276 3423 5323 tunc
3449 5284 3628 5339 ccepc—

2046 5365 2137 5422 rit,
2167 5377 2289 5415 cum
2321 5360 2386 5413 ad
2411 5374 2637 5430 agonem
2666 5358 2907 5427 martyrii
2939 5360 3301 5427 persecutoris
3330 5360 3477 5416 illum
3500 5378 3625 5418 cru-

2045 5452 2238 5507 delitas
2267 5449 2599 5520 provocavit.
2642 5449 2735 5503 Vir
2780 5448 3010 5516 denique
3042 5459 3260 5503 sanctus
3301 5460 3427 5506 tunc
3456 5453 3621 5507 etiam

2046 5544 2272 5599 summis
2303 5540 2512 5595 viribus
2544 5538 2708 5593 fultus
2738 5547 2873 5599 erat,
2904 5554 3025 5592 cum
3057 5538 3174 5592 sine
3213 5538 3317 5593 ulla
3363 5556 3621 5609 persecu-

2046 5638 2208 5694 tionis
2236 5634 2480 5690 molestia
2509 5633 2560 5685 in
2591 5631 2738 5702 paris
2762 5646 2871 5686 sua:
2900 5630 3289 5709 tranquillitate
3317 5633 3620 5702 quieverat.

2045 5730 2146 5799 Qui
2182 5727 2284 5783 sibi
2316 5724 2688 5781 tantummodo
2719 5734 2877 5779 notus
2921 5733 2975 5778 et
3019 5722 3155 5785 Deo,
3206 5723 3308 5777 nisi
3340 5734 3622 5793 cogeretur

3141 5834 3216 5895 19
