4070 6198
429 326 530 382 587

1100 320 1156 379 S.
1187 319 1392 377 PETRI
1430 321 1710 377 DAMIANI
1749 320 1899 377 OPP.
1940 319 2118 375 PARS
2154 318 2286 376 SEU
2320 317 2556 374 TOMUS
2597 319 2657 373 ll.
2700 346 2768 358 —-
2795 314 3189 374 SERMONES.

430 444 483 495 in
514 437 761 510 cat'npum
794 436 1100 492 certaminis
1130 436 1414 508 progredi,
1449 451 1480 489 a
1511 436 1666 490 nobis
1693 435 1998 490 nullatenus
2029 442 2073 500 Α
2102 434 2372 489 coronari.
2422 432 2574 488 Unde
2625 447 2730 486 non
2782 432 3136 487 dubitandum
3181 443 3260 487 est
3306 434 3448 503 quod
3496 435 3667 504 ipsum

434 530 696 601 potuisset
735 527 972 599 agnosci.
1010 528 1191 583 Virtus
1229 527 1428 599 quippe
1469 541 1528 581 se
1554 526 1714 580 etiam
1760 535 2004 594 tempore

432 623 630 693 quietis
659 621 931 685 exercuit,
972 619 1063 673 sed
1094 633 1382 689 pravorum
1413 618 1606 673 ictibus
1634 626 1792 672 tunsa
1824 618 1876 671 in
1906 618 2003 671 ad-

429 714 704 771 versitatis
727 713 831 784 pila
862 713 1138 784 fragravit.
1175 713 1241 768 Et
1268 713 1360 783 qui
1391 714 1606 782 quietus
1633 713 1686 765 in
1713 710 2013 779 semetipso

431 806 572 873 quod
601 812 720 859 erat
754 803 1036 869 continuit,
1068 812 1367 859 commotus
1392 803 1457 858 ad
1485 802 1730 857 notitiam
1757 801 2000 854 omnium

430 898 650 950 odorem
695 909 805 950 sua:
849 893 1177 948 fortitudinis
1218 894 1465 963 aspersit.
1515 892 1668 949 Sicut
1712 892 1857 946 enim
1904 906 2002 942 un-

437 994 635 1054 guenta
680 982 924 1038 redolere
954 982 1112 1038 latius
1156 984 1431 1046 nesciunt,
1480 982 1579 1036 nisi
1628 990 1917 1046 commota,
1950 989 2004 1034 et

434 1075 575 1128 sicut
597 1082 836 1128 aromata
863 1073 1215 1143 fragrantiam
1246 1075 1399 1127 suam
1430 1072 1638 1126 nonnisi
1670 1087 1791 1126 cum
1823 1072 2003 1125 incen-

431 1163 633 1218 duntur
666 1164 998 1232 eapandunt,
1030 1164 1100 1216 ita
1131 1162 1304 1216 sancti
1336 1162 1435 1215 viri
1470 1176 1630 1215 omne
1669 1161 1812 1230 quod
1837 1162 2005 1215 virtu-

433 1252 578 1306 tibus
624 1251 865 1306 redolent
904 1250 957 1304 in
995 1250 1428 1304 tribulationibus
1460 1249 1820 1303 innotescunt.
1854 1248 2009 1304 Unde

434 1350 580 1395 recte
629 1342 679 1395 in
729 1339 1019 1408 Evangelio
1062 1339 1294 1394 dicitur:
1343 1355 1362 1389 ι
1401 1337 1458 1391 Si
1504 1337 1800 1391 habueritis
1846 1336 2007 1391 fidem

434 1433 572 1486 sicut
603 1445 826 1501 granum
865 1429 1102 1498 sinapis,
1154 1429 1344 1483 dicetis
1392 1428 1516 1482 huic
1565 1428 1771 1482 monti:
1814 1428 2003 1483 Transi

436 1522 594 1585 hinc,
625 1529 681 1576 et
708 1519 956 1575 transibit
1001 1518 1224 1590 (Matth.
1273 1519 1438 1589 xvu).
1475 1538 1493 1571 ι
1531 1517 1766 1573 Granum
1812 1520 2009 1589 quippe

434 1614 641 1685 sinapis
670 1614 768 1669 nisi
801 1622 1131 1679 conteratur,
1171 1627 1510 1683 nequaquam
1542 1613 1624 1667 vis
1650 1612 1862 1673 virtutis
1891 1612 2010 1683 ejus

440 1705 782 1776 agnoscitur,
828 1717 952 1757 nam
999 1718 1105 1758 non
1153 1703 1441 1758 contritum
1488 1700 1605 1756 lene
1648 1710 1765 1768 est;
1806 1704 1851 1757 si
1878 1718 2008 1758 vero

2105 523 2475 578 beatissimum
2503 521 2675 576 virum
2698 536 2853 575 suum
2876 521 3117 590 quOtidie
3134 523 3352 591 speciali
3376 524 3670 581 devotionis

2104 613 2472 668 familiaritate
2498 615 2830 684 deposceret,
2858 624 3122 683 quatenus
3150 616 3268 686 ejus
3291 620 3671 677 sacratissimis

2104 704 2353 773 precibus
2380 704 2446 757 ad
2477 702 2719 772 martyrii
2751 702 2982 770 palmam
3014 704 3315 774 pertingere
3342 720 3670 775 mereretur,

2105 803 2163 846 ut
2192 794 2445 848 nimirum
2477 807 2613 862 quos
2649 791 3021 846 immaculatos
3052 794 3139 848 hic
3170 804 3370 850 mutua:
3398 797 3675 856 charitatis

2104 882 2419 939 devinxerat
2443 881 2731 945 thalamus,
2763 896 2868 935 non
2896 882 3077 952 dispar
3098 883 3150 936 in
3179 899 3425 953 supernae
3448 887 3676 943 beatitu-

2103 973 2250 1029 dinis
2272 972 2442 1043 gloria
2459 971 2709 1041 jnngeret
2734 982 2788 1028 et
2815 973 3136 1043 triumphus,
3173 986 3250 1040 et,
3278 977 3401 1046 quia
3431 981 3539 1033 duo
3563 980 3671 1036 fue-

2104 1075 2226 1120 rant
2269 1065 2323 1119 in
2372 1079 2537 1119 carne
2567 1079 2704 1130 una,
2736 1065 2870 1119 uniti
2920 1064 3314 1122 fierent-etiam
3355 1069 3409 1123 in
3453 1087 3673 1127 corona.

2102 1153 2440 1224 Quapmpter
2471 1169 2591 1208 cum
2622 1169 2651 1207 a
2681 1153 3001 1209 Christianis
3054 1156 3144 1225 qui
3205 1166 3333 1213 tunc
3369 1170 3524 1214 erant
3566 1161 3613 1215 ll
3652 1192 3677 1203 -

2104 1259 2312 1308 vennae,
2344 1252 2486 1297 esset
2514 1243 2785 1312 prohibita
2817 1259 2882 1298 ne
2916 1254 3161 1299 sanctum
3189 1261 3387 1317 corpus
3417 1250 3678 1315 auferret,

2104 1344 2159 1391 et
2207 1335 2310 1389 hac
2356 1336 2654 1391 intentione
2701 1336 2942 1405 deposita
2994 1336 3060 1391 ad
3109 1340 3321 1409 prepria
3368 1355 3675 1409 remearet,

2108 1426 2338 1482 incurrit
2377 1427 2429 1481 in
2476 1427 2722 1481 homines
2751 1426 3060 1482 idololatras
3104 1427 3325 1484 Silvano
3367 1432 3679 1488 sacrifican-

2111 1528 2209 1582 tes,
2250 1518 2341 1587 qui
2387 1518 2717 1588 deponentes
2758 1532 2878 1572 eam
2923 1518 2991 1574 de
3029 1521 3295 1590 sagmaria
3325 1521 3682 1580 hortabantur

2109 1615 2167 1662 ut
2208 1623 2331 1663 cum
2364 1609 2494 1685 ipsis
2523 1608 2831 1679 epularetur
2865 1607 2932 1664 de
2974 1608 3061 1666 his
3101 1625 3219 1681 qua:
3262 1621 3420 1668 erant
3460 1614 3704 1671 Silvano

2110 1699 2406 1754 immolata.

434 1798 760 1866 conteritur,
791 1794 1104 1860 inardescit,
1135 1802 1191 1848 et
1214 1791 1473 1863 quidquid
1495 1793 1566 1854 _in
1596 1807 1655 1847 se
1684 1794 2003 1848 acerrimum
2037 1794 2082 1855 Β
2181 1791 2285 1846 Sed
2316 1792 2443 1861 quid
2469 1800 2543 1853 tu.
2567 1791 2725 1847 beata
2754 1791 2998 1850 Valeria?
3017 1795 3265 1867 Nunquid
3293 1799 3497 1867 poteris
3518 1801 3683 1855 vesti-

433 1891 634 1945 latebat
662 1889 916 1944 ostendit.
950 1886 1041 1943 Sic
1081 1887 1329 1941 nimirum
1351 1925 1367 1952 ,
1413 1885 1492 1940 sic
1521 1887 1888 1956 unusquisque
1924 1886 2009 1940 vir

435 1988 656 2035 sanctus
681 1992 803 2033 cum
828 1992 931 2033 non
961 1975 1224 2045 pulsatur,
1253 1973 1597 2044 despicabilis
1618 1989 1683 2029 ac
1709 1974 1845 2030 lenis
1866 1975 2011 2044 aspi-

436 2071 610 2133 citur;
639 2068 685 2124 si
710 2082 816 2138 qua
845 2081 971 2121 vero
997 2064 1147 2121 illum
1181 2065 1370 2119 tritura
1410 2065 1801 2134 persecutionis
1829 2066 2011 2135 Oppri-

434 2172 566 2227 mat,
594 2176 719 2216 mox
747 2174 909 2216 omne
939 2160 1081 2228 quod
1116 2158 1346 2214 calidum
1378 2158 1521 2229 sapit
1561 2166 1818 2221 ostentat,
1846 2169 2008 2228 atque

432 2251 487 2311 in
535 2252 801 2307 fervorem
843 2249 1063 2304 virtutis
1106 2248 1335 2305 vertitur
1361 2247 1617 2318 quidquid
1667 2247 1719 2303 in
1766 2247 1856 2302 illo
1884 2258 2011 2303 ante

437 2339 765 2410 despicabile
794 2338 1175 2408 infirmumque
1219 2338 1534 2404 videbatur,
1576 2340 1825 2409 quodque
1861 2341 1913 2394 in
1949 2355 2010 2395 se

434 2448 536 2507 per
559 2430 963 2510 tranquillitatis
986 2437 1228 2500 tempora
1257 2429 1429 2485 libens
1448 2429 1679 2500 operuit,
1705 2430 2008 2501 exagitatus

434 2521 873 2589 tribulationibus
917 2530 1138 2576 coactus
1184 2519 1497 2575 innotescit.
1548 2519 1698 2577 Unde
1740 2522 1875 2579 bene
1914 2538 2011 2594 per

436 2612 761 2682 Prophetam
792 2610 1025 2666 dicitur:
1069 2628 1087 2663 ι
1118 2609 1176 2666 In
1206 2610 1292 2667 die
1322 2611 1595 2668 mandavit
1629 2612 1884 2669 Dominus
1908 2616 2011 2668 mi-

438 2686 790 2769 sericordiam
821 2714 997 2766 suam,
1022 2709 1078 2757 et
1108 2711 1263 2756 nocte
1288 2702 1584 2756 declaravit
1607 2701 1779 2773 (Paul.
1815 2703 1944 2775 xu).
1987 2724 2003 2754 ι

442 2787 806 2846 Misericordia
853 2790 996 2842 enim
1044 2790 1253 2844 Domini
1298 2792 1350 2845 in
1396 2793 1484 2847 die
1531 2793 1836 2860 mandatur,
1886 2794 2008 2862 quia

405 2884 492 2957 ~in
524 2879 812 2959 tranquillo
844 2888 1083 2949 tempore
1112 2882 1281 2935 virtus
1315 2882 1573 2941 divinitus
1607 2898 1863 2940 concessa
1891 2901 2012 2955 per-

438 2978 663 3049 cipitur;
718 2976 772 3030 in
823 2984 978 3031 nocte
1028 2990 1154 3032 vero
1201 2976 1539 3043 declaratur,
1576 2979 1718 3047 quia
1768 2980 1963 3034 donum
1993 3001 2041 3045 ,-

439 3068 580 3139 quod
623 3069 676 3122 in
716 3068 1108 3138 tranquillitate
1141 3069 1405 3134 sumitur,
1438 3068 1874 3127 tribulationibus
1900 3088 2011 3125 nta-

441 3162 743 3217 nifestatttt'.

510 3255 570 3311 Si
599 3255 743 3311 enim
767 3254 1028 3324 quaeritur
1050 3252 1209 3324 cujus
1236 3254 1448 3310 virtutis
1467 3255 1656 3311 beatus
1676 3256 1868 3312 Vitalis
1888 3266 2012 3313 ante

440 3358 712 3403 certamen
742 3346 924 3413 fuerit,
954 3358 1060 3417 quo
1089 3325 1384 3417 disciplina:
1405 3348 1588 3419 vigore
1615 3349 1830 3404 domum
1857 3365 2009 3404 suam

442 3438 611 3492 bonus
634 3434 1027 3508 paterfamilias
1067 3437 1302 3503 rexerit,
1349 3452 1510 3509 quam
1550 3437 1819 3510 religioso,
1848 3454 2010 3510 quam

438 3538 630 3586 sancto
658 3529 871 3584 vivendi
898 3529 1089 3585 ordine
1113 3530 1250 3586 filios
1271 3531 1588 3599 instituerit,
1614 3532 1773 3588 beata
1799 3534 2010 3595 Valeria

440 3635 577 3675 uxor
603 3619 720 3690 ejus
746 3634 868 3675 cum
907 3618 1116 3675 duobus
1145 3620 1271 3676 filiis
1308 3621 1567 3692 requisita
1607 3623 1780 3688 dicat;
1819 3641 1837 3675 ‹
1869 3634 1926 3677 ut
1958 3624 2011 3677 in

439 3726 535 3766 ore
583 3709 812 3765 duorum
870 3709 957 3765 vel
988 3710 1151 3765 trium
1183 3712 1396 3768 testium
1447 3720 1555 3767 stet
1595 3727 1754 3768 omne
1790 3714 2010 3768 verbum

443 3805 659 3875 (Matth.
688 3803 863 3866 xvtnl.
892 3823 911 3857 ι
947 3803 1037 3858 Illa
1068 3804 1234 3870 enim,
1266 3804 1446 3859 audita
1479 3814 1650 3861 morte
1676 3805 1866 3861 Vitalis
1895 3806 2015 3861 bea~

446 3892 643 3948 tissimi
667 3890 934 3962 conjugis,
971 3905 1076 3945 non
1109 3891 1293 3945 avidos
1316 3905 1631 3960 pervaseres
1655 3893 1767 3948 suis
1794 3907 2011 3962 posses-

441 3982 683 4037 sionibus
712 3980 910 4045 timuit,
939 3993 1046 4034 non
1094 3980 1412 4049 potentioris
1449 3978 1732 4049 cujuslibet
1779 3980 2015 4049 patroci-

443 4073 592 4126 nium
623 4069 904 4141 quaesivit,
940 4082 1048 4124 non
1086 4083 1238 4125 more
1281 4068 1390 4140 79
1432 4068 1710 4124 viduarum
1742 4069 2014 4140 dispersas

442 4160 752 4227 ubicunque
798 4173 886 4213 res
931 4172 1058 4212 suas
1087 4157 1140 4212 in
1170 4165 1287 4212 tuto
1330 4158 1449 4212 loco
1486 4156 1752 4228 colligere
1778 4160 2014 4222 studuit,

449 4250 542 4302 sed
569 4246 856 4302 castissimi
894 4245 1120 4317 conjugii
1151 4246 1308 4300 fidem
1333 4261 1556 4301 servans
1575 4285 1591 4311 ,
1614 4249 1679 4300 ad
1707 4247 2016 4316 impenden—

447 4339 572 4392 dum
606 4335 812 4391 funeris
836 4336 1151 4406 obsequium
1184 4337 1250 4391 de
1274 4335 1656 4392 Mediolaneusi
1693 4339 1822 4394 urbe
1849 4354 2017 4408 usque

444 4416 756 4486 Ravennam
783 4428 1011 4482 mirabili
1043 4427 1256 4483 fervore
1296 4429 1561 4498 pervenit.
1603 4429 1717 4485 Non
1753 4431 1898 4487 illam
1923 4432 2015 4487 de-

445 4523 636 4577 terruit
684 4529 792 4576 tam
838 4520 981 4591 longi
1025 4519 1309 4575 difﬁcultas
1358 4520 1588 4585 itineris,
1625 4537 1731 4577 non
1781 4524 2014 4579 retinere

447 4612 618 4682 potuit
648 4619 823 4667 metus
851 4610 1160 4664 amittendae
1193 4609 1549 4678 possessionis
1569 4643 1587 4675 ,ο
1613 4625 1718 4665 non
1745 4626 1864 4666 eam
1896 4627 2018 4681 pro-

449 4705 805 4773 pinquorum,
837 4700 952 4754 sive
979 4700 1283 4754 concivium
1332 4713 1486 4753 amor
1531 4700 1583 4753 in
1634 4699 2018 4757 Mediolanensi

448 4792 583 4847 urbe
623 4788 895 4853 devinxit,
942 4802 1048 4843 non
1089 4802 1208 4849 eam
1253 4787 1554 4842 consularis
1598 4789 2019 4846 innnauissimus

451 4883 604 4936 furor
647 4895 680 4935 a
724 4878 996 4935 Ravenna:
1039 4876 1237 4932 finibus
1271 4877 1599 4932 exturbavit.
1649 4877 1778 4934 illuc
1821 4882 2017 4950 quippe

450 4981 665 5029 erectus
715 4970 833 5041 ejus
885 4968 1106 5040 spiritus
1154 4967 1458 5023 medullitus
1513 4968 1857 5036 intendebat,
1907 4989 2015 5043 quo

447 5064 817 5119 beatissimum
848 5062 1046 5125 virum,
1077 5060 1277 5116 calcata
1305 5058 1418 5129 jam
1451 5070 1647 5123 morte,
1676 5066 2016 5132 praecessisse

447 5163 796 5226 cognoverat.
832 5153 934 5208 Ubi
968 5153 1113 5208 enim
1142 5161 1262 5207 erat
1307 5153 1593 5211 thesaurus
1622 5153 1767 5222 ejus,
1801 5156 1870 5211 ibi
1901 5166 2017 5211 erat

447 5257 501 5300 et
521 5260 617 5301 cor
642 5243 757 5313 ejus
788 5243 1002 5314 (Matth.
1075 5244 1168 5313 vi).
1207 5242 1516 5297 Laetabatur
1544 5243 1691 5298 illum
1723 5245 1774 5298 in
1807 5246 2016 5299 habita-

448 5336 722 5404 tione-jam
754 5336 967 5405 degere,
1003 5334 1215 5389 dolebat
1244 5348 1302 5388 se
1331 5333 1507 5389 adhuc
1538 5333 1589 5388 in
1620 5334 1810 5390 exsilio
1838 5352 2012 5390 rema-

448 5439 597 5482 nere.
631 5411 713 5482 Ad
740 5426 843 5480 hoc
869 5423 959 5479 illa
987 5433 1097 5479 toto
1123 5423 1319 5477 mentis
1347 5423 1617 5479 desiderio
1647 5424 1934 5480 anhelabat
1960 5428 2010 5479 in

448 5529 533 5573 Via
561 5530 668 5586 quo
707 5514 798 5571 ille
829 5513 942 5582 jam
972 5513 1364 5569 delectabiliter
1403 5511 1683 5567 fruebatur
1727 5515 1779 5568 in
1815 5517 2006 5585 patria.

449 5604 733 5665 Gaudebat
751 5605 820 5659 ab
848 5605 1152 5659 hominibus
1178 5618 1312 5657 uxor
1341 5604 1594 5674 martyris
1615 5604 1891 5673 appellari,
1916 5607 2020 5660 sed,

451 5696 619 5754 multo
643 5690 1053 5750 inenarrabilius
1077 5691 1336 5747 mstuabat
1358 5692 1544 5748 eadem
1572 5696 1815 5761 martyrii
1843 5696 2009 5762 gloria

2111 1882 2195 1952 gia
2228 1882 2326 1936 viri
2355 1883 2427 1935 tui
2462 1882 2782 1953 relinquere,
2813 1894 2866 1939 et
2887 1885 3254 1955 erectumjam
3287 1888 3337 1945 in
3371 1890 3687 1947 coelestibus

2109 1971 2348 2025 animum
2370 1971 2650 2027 diabolicis
2670 1977 3098 2044 suggestionibns
3123 1979 3414 2035 inclinare?
3433 1981 3686 2052 Nunquid

2110 2064 2332 2132 poteris,
2360 2065 2584 2118 educata
2614 2065 2666 2118 in
2697 2066 2801 2120 fide
2826 2068 3111 2135 catholica,
3132 2071 3275 2138 quod
3305 2071 3357 2125 in
3387 2073 3688 2142 tranquilli-

2111 2162 2221 2208 tate
2249 2152 2484 2208 didicisti
2508 2155 2821 2209 carnificum
2855 2165 3062 2212 terrore
3086 2162 3431 2230 postponere,
3458 2174 3513 2216 et
3541 2165 3689 2231 posi-

2111 2251 2223 2297 tum
2256 2258 2418 2313 supra
2455 2245 2669 2300 firmam
2706 2256 2915 2315 petram
2949 2247 3067 2304 fidei
3107 2249 3514 2308 fundamentum
3543 2269 3688 2324 quo-

2108 2332 2239 2388 libet
2268 2334 2643 2404 trepidationis
2682 2336 2894 2405 turbine
2923 2340 3154 2395 violare?
3196 2344 3328 2412 Age,
3359 2357 3459 2414 age
3480 2384 3495 2407 ,
3529 2344 3688 2401 beata

2111 2422 2358 2479 Valeria!
2405 2426 2488 2481 eia
2509 2466 2525 2491 ,
2573 2428 2767 2484 nobilis
2805 2432 3079 2485 matrona!
3114 2448 3257 2488 nunc
3282 2434 3382 2489 viri
3411 2437 3484 2490 tui
3516 2438 3704 2508 docu-g

2108 2524 2293 2570 menta
2333 2514 2560 2572 viriliter
2606 2517 2800 2593 recole,
2850 2528 2903 2573 et
2950 2521 3077 2589 quid
3121 2523 3215 2578 tibi
3266 2525 3401 2578 tanti
3449 2526 3690 2583 doctoris

2111 2607 2481 2677 magisterium
2533 2608 2845 2678 perstiterit
2893 2609 3126 2667 declara.
3173 2613 3264 2668 Ait
3308 2615 3481 2671 enim:
3530 2616 3689 2673 Chri-

2111 2698 2284 2751 stiana
2314 2714 2456 2762 sum,
2486 2708 2541 2753 et
2573 2716 2677 2754 non
2723 2700 2849 2756 licet
2894 2704 3024 2758 mibi
3066 2705 3132 2760 de
3172 2706 3449 2761 sacriﬁciis
3478 2708 3685 2763 Silvani

2112 2787 2276 2840 vestri
2311 2789 2653 2843 manducare.
2697 2791 2767 2845 At
2804 2790 2875 2844 illi
2923 2792 3035 2846 haec
3065 2793 3340 2848 audientes
3370 2806 3516 2850 tanta
3562 2812 3688 2852 eam

2112 2879 2257 2935 caede
2287 2890 2676 2946 mactaverunt,
2706 2891 2763 2936 ut
2783 2884 2868 2938 vix
2899 2885 3219 2941 seminecem
3248 2900 3366 2940 eam
3395 2888 3476 2943 sui
3515 2888 3689 2944 homi-

2111 2982 2209 3023 nes
2233 2968 2299 3024 ad
2338 2967 2785 3027 Mediolauensem
2834 2976 3021 3028 urbem
3070 2976 3455 3044 perducerent,
3508 2979 3582 3034 ita
3635 2990 3691 3035 ut

2114 3058 2254 3114 intra
2288 3062 2522 3116 triduum
2555 3065 2709 3118 beata
2738 3064 2948 3121 Valeria
2979 3069 3238 3138 migraret
3268 3071 3334 3124 ad
3376 3071 3686 3127 Dominum.

2038 3136 2083 3197 C
2116 3149 2159 3205 Ο
2185 3166 2344 3220 quam
2375 3153 2718 3209 ineﬂabiliter
2753 3157 2946 3212 divina:
2974 3136 3387 3229 dispensationis
3415 3164 3549 3218 ordo
3577 3166 3691 3220 dis-

2111 3240 2368 3309 pouiturl
2412 3258 2575 3314 quam
2617 3245 3041 3304 misericorditer
3074 3250 3319 3307 humana:
3361 3255 3691 3312 conditionis

2114 3334 2281 3389 series
2328 3334 2599 3390 variatur!
2659 3336 2849 3393 Mulier
2894 3340 3069 3394 “rum
3123 3343 3188 3397 de
3233 3346 3481 3412 paradiso
3527 3348 3692 3418 cjecit

2115 3421 2269 3492 (Gen.
2304 3424 2421 3495 ut);
2457 3425 2542 3478 vir
2570 3425 2845 3482 mulierem
2876 3431 2943 3485 ad
2979 3432 3214 3502 paradisi
3258 3435 3488 3503 patriam
3532 3453 3689 3494 revo-

2113 3513 2274 3567 cavit.
2309 3512 2423 3580 llla,
2470 3522 2528 3568 ut
2571 3514 2731 3572 homo
2773 3519 3132 3589 deciperetur,
3163 3523 3373 3579 diabolo
3415 3526 3554 3582 facta
3606 3540 3692 3584 est

2114 3603 2560 3672 instrumentum;
2588 3607 2705 3672 iste,
2732 3618 2791 3663 ut
2813 3608 3004 3666 mulier
3025 3623 3395 3678 coronaretur,
3427 3617 3692 3674 .mitabile

2113 3695 2340 3764 praebuit
2369 3695 2578 3753 virtutis
2602 3698 2926 3769 exemplum.
2967 3699 3200 3773 Antiqua
3242 3705 3435 3760 mulier
3468 3722 3689 3777 pomum

2116 3787 2340 3841 vetitum
2375 3789 2704 3844 comedendo
2727 3791 3052 3848 miserabilis
3072 3793 3263 3864 jejuuii
3293 3810 3352 3851 se
3382 3798 3522 3853 fame
3551 3801 3694 3857 mul-

2117 3876 2280 3943 tavit;
2315 3892 2452 3932 neva
2479 3893 2607 3934 vero
2632 3880 2825 3936 mulier
2852 3882 2921 3937 ab
2947 3883 3257 3957 idolothytis
3282 3901 3341 3942 se
3368 3887 3691 3946 abstinendo

2113 3982 2329 4029 aeternae
2375 3975 2641 4031 satietatis
2681 3977 2782 4032 sibi
2832 3980 3134 4036 convivium
3179 3985 3515 4053 praeparavit.
3562 3986 3688 4050 llla,

2114 4061 2294 4118 fructu
2341 4065 2553 4121 arboris
2573 4066 2854 4132 delectata,
2903 4070 3074 4125 beata:
3119 4073 3448 4130 amoenitatis
3489 4077 3690 4131 ostium

2115 4153 2252 4208 seris
2275 4156 2724 4226 concupiscentia:
2757 4158 2857 4213 sibi
2893 4160 3121 4216 exicndo
3146 4160 3437 4236 [exeundo]
3465 4166 3692 4221 damna-
3743 4155 3752 4163 ’

2115 4242 2225 4307 vit;
2260 4243 2387 4309 ista,
2413 4259 2564 4300 esum
2590 4248 2835 4302 carnium
2863 4260 3170 4318 aspernata,
3194 4253 3534 4323 sempiterna:
3559 4257 3694 4311 viri-

2117 4333 2298 4389 ditatis
2341 4350 2543 4404 pascua
2593 4336 2835 4394 clavibus
2878 4340 2980 4395 sibi
3025 4344 3366 4400 continentia:
3411 4347 3689 4415 patefecit.

2119 4423 2257 4480 Ecce
2297 4427 2499 4496 liquido
2526 4437 2674 4497 patet
2709 4446 2869 4499 quam
2898 4431 3009 4502 80
3036 4435 3323 4503 conspicua
3362 4451 3574 4491 morum
3602 4440 3695 4493 ho-

2118 4524 2327 4571 nestate
2351 4517 2434 4571 vir
2463 4528 2683 4573 sanctus
2707 4518 2755 4572 ir.
2790 4521 3176 4591 tranquillitate
3208 4524 3484 4590 claruerit,
3514 4529 3607 4595 qui
3637 4536 3694 4581 et

2117 4608 2479 4662 beatissimam
2510 4610 2789 4681 conjugem
2821 4612 2888 4665 ad
2918 4621 3080 4666 tantae
3110 4612 3455 4683 perfectionis
3476 4616 3691 4671 culmen

2117 4698 2321 4751 eduxit.
2355 4697 2411 4752 Si
2457 4700 2601 4754 enim
2632 4702 2700 4754 ab
2741 4700 2830 4756 illo
2872 4703 3091 4757 studere
3122 4705 3362 4760 avaritia:
3389 4706 3689 4771 didicisset,
3778 4745 3783 4751 ς

2118 4805 2455 4859 nequaquam
2486 4806 2582 4845 sua
2619 4792 2800 4844 omnia
2841 4807 2940 4861 pro
2977 4792 3087 4848 sola
3127 4794 3398 4863 sepultura
3429 4795 3691 4853 efferendi

2123 4878 2461 4952 [venerandi]
2508 4882 2787 4937 cadaveris
2829 4884 3262 4953 contempsisset.
3303 4885 3358 4939 Si
3398 4885 3693 4943 luxuriosis

2118 4987 2240 5027 cum
2271 4987 2336 5026 eo
2363 4970 2555 5026 fuisset
2581 4987 2676 5027 usa
2714 4972 2974 5028 conviviis
2993 5015 3007 5039 ,
3056 4974 3309 5029 nimirum
3339 4974 3532 5029 itinere
3562 4976 3691 5031 fati-

2117 5071 2239 5132 gata
2280 5062 2569 5132 proclivius
2606 5063 2972 5133 acquiesceret
3012 5065 3154 5120 refici
3186 5080 3346 5133 quam
3376 5055 3694 5121 verberibus

2120 5168 2286 5222 usque
2316 5153 2382 5206 ad
2412 5153 2602 5207 mortis
2630 5152 2919 5208 confinium
2965 5154 3174 5208 laniari.
3216 5154 3312 5221 Et,
3355 5164 3417 5210 ut
3452 5155 3695 5211 breviter

2118 5254 2312 5298 cuncta
2360 5243 2712 5308 concludam,
2762 5245 2861 5299 nisi
2905 5222 3051 5313 pacis
3100 5254 3340 5314 tempore
3384 5249 3693 5316 peremnia

2119 5336 2394 5391 didicisset
2426 5336 2608 5390 vivere
2645 5335 2891 5397 Christo,
2943 5337 2996 5390 in
3042 5337 3430 5406 persecutionis
3463 5340 3694 5393 articulo

2120 5439 2458 5494 nequaquam
2481 5424 2740 5493 potuisset
2767 5425 2900 5477 mori
2928 5439 3026 5493 pro
3044 5426 3278 5480 Christo.
3307 5426 3412 5483 Sed
3435 5428 3690 5496 quoniam

2121 5517 2447 5584 interrogata
2483 5513 2715 5581 Valeria,
2755 5515 2905 5585 cujus
2950 5517 3161 5577 virtutis
3206 5517 3691 5573 excellentissimus

2122 5608 2205 5661 vir
2251 5605 2365 5674 ejus
2410 5614 2536 5662 ante
2579 5615 2853 5661 certamen
2903 5608 3204 5673 exstiterit,
3240 5608 3552 5665 assertionis
3577 5622 3692 5662 sua:

2121 5697 2487 5754 testimonium
2526 5696 2761 5752 breviter
2786 5695 3050 5761 reddidit;
3078 5697 3189 5768 jam
3214 5697 3493 5766 accedant
3516 5704 3566 5752 et
3591 5695 3687 5749 alii
