4070 6198
1478 224 1601 238 δ’.-

376 344 478 401 589
564 397 567 401 .

1795 343 2028 399 SEIlMO
2067 344 2224 399 XVII.

3517 354 3623 404 590

376 467 557 514 testes.
602 455 672 513 Ut
709 455 966 526 probetur
1007 471 1167 527 quam
1197 456 1424 512 honeste
1455 457 1637 513 vixere
1668 466 1946 527 parentes,
1980 462 2272 529 A'strcnue
2303 457 2542 514 Rubrum
2585 476 2735 519 mare
2762 462 3092 532 pertransiit,
3132 470 3185 517 et
3221 462 3362 528 facto
3406 464 3621 535 agmine

376 548 441 602 ad
466 546 835 602 testimonium
863 556 1120 601 vocentur
1142 546 1399 601 hmredes.
1428 545 1733 601 Verisimile
1753 545 1949 616 quippe

374 647 541 694 estut
570 636 830 708 quidquid
872 637 1089 691 virtutis
1125 637 1175 691 in
1207 646 1514 692 sanctorum
1560 637 1682 691 filiis
1710 636 1951 691 cernitur

377 735 545 782 totum
582 727 651 780 ab
682 727 812 797 ipsis
839 726 1154 797 parentibus
1184 727 1437 781 traditum
1479 727 1643 783 fuisse
1678 728 1948 782 credatur.

442 815 611 898 Igitur
638 816 935 871 beatissimi
962 815 1254 871 Cervasius
1285 826 1343 892 et
1386 816 1692 883 Protasius,
1724 826 1951 884 utroque

373 914 598 974 parente
627 918 733 962 non
761 904 933 958 dicam
960 900 1168 970 orbati,
1199 905 1292 957 sed
1323 904 1497 973 potius
1522 903 1949 973 splendidisSima

372 1014 561 1054 eorum
592 1005 764 1052 morte
784 996 1014 1052 feliciter
1032 996 1302 1060 illustrati,
1321 998 1460 1052 sicut
1482 998 1535 1051 in
1558 1005 1741 1051 sancta
1763 1011 1948 1049 eorum

374 1085 607 1141 refertur
648 1085 904 1150 historia,
952 1082 1083 1139 nihil
1132 1096 1404 1139 terrenum
1455 1085 1693 1154 nihilque
1737 1084 1951 1138 carnale

372 1178 837 1247 concupiscentes,
868 1178 961 1232 sed
993 1177 1182 1231 in'uno
1213 1191 1271 1231 se
1307 1178 1588 1233 caenaculo
1630 1177 1952 1232 concluden-

372 1281 479 1335 tes,
506 1285 604 1340 per
625 1270 812 1324 decem
836 1283 1005 1323 annos
1028 1268 1244 1323 lectioni
1269 1278 1325 1323 et
1344 1269 1572 1324 orationi
1601 1276 1950 1324 vacaverunt.

374 1361 753 1424 Considerate,
785 1359 981 1414 fratres
1024 1360 1326 1414 cbarissimi
1350 1401 1365 1424 ,
1404 1359 1826 1415 inaestimabilem
1860 1375 1954 1428 pa-

374 1462 542 1507 ternae
588 1450 942 1505 institutionis
994 1450 1242 1517 laudem,
1292 1452 1606 1522 perpendite
1654 1451 1951 1506 mirabilem

372 1542 560 1613 rigida:
583 1557 828 1596 censura:
854 1541 1221 1606 traditionem,
1256 1550 1439 1597 notate
1466 1542 1709 1598 relictum
1740 1542 1955 1613 pupillis

370 1648 528 1689 noue
561 1633 990 1689 conversationis
1031 1634 1367 1704 exemplum,
1399 1635 1809 1690 animadvertite
1837 1636 1951 1690 evi-

370 1722 752 1777 dentissimum
814 1732 1055 1792 paternae
1112 1725 1418 1780 severitatis
1469 1725 1749 1779 indicium.
1808 1725 1956 1780 Solet

2053 549 2119 602 ad
2149 550 2583 619 repromissionis
2610 552 3221 622 terram‘triumphando
3257 554 3502 623 pervenit
3528 555 3542 607 !
3574 553 3620 608 0

2052 632 2310 706 generosa
2342 642 2645 711 progenies,
2687 657 2806 710 qua:
2834 642 3106 697 nascendo
3140 644 3355 711 quidem
3383 645 3448 698 de
3474 652 3619 699 terra

2053 728 2519 799 traxitoriginem,
2565 731 2657 783 sed
2688 729 2901 785 vivifice
2941 731 3220 785 moriendo
3249 733 3313 786 ad
3340 733 3621 790 caelestem

2052 819 2283 871 transire
2313 820 2506 874 meruit
2537 821 2853 889 dignitatem
2883 862 2896 882 .
2935 836 3095 890 quam
3126 822 3378 877 nobilitas
3409 839 3620 879 morum

2040 900 2118 963 'ad
2158 909 2490 963 nobilitatem
2536 911 2811 965 transtulit
2852 910 3206 981 angelorum!
3239 911 3409 978 Quam
3453 914 3621 967 ardua

2052 994 2240 1052 domus
2265 998 2348 1051 illa
2375 998 2496 1063 fuit,
2525 1014 2645 1069 qua:
2673 1008 2745 1053 tot
2774 998 3103 1054 clarissimos
3138 1001 3286 1072 cives
3318 1002 3383 1055 ad
3430 1017 3615 1071 supero

2052 1101 2175 1140 nam
2225 1086 2560 1142 Hierusalem
2606 1089 2976 1143 transmittere
3028 1089 3261 1143 meruit!
3295 1090 3424 1156 Qua:
3471 1090 3617 1147 enim

2053 1178 2265 1239 civitas,
2304 1180 2601 1248 quamlibet
2641 1180 2854 1234 excelsa
2882 1179 3093 1234 turritis
3138 1181 3427 1247 nitentibus,
3466 1180 3623 1249 hujus

2052 1268 2388 1323 domunculze
2437 1269 2749 1339 dignitatem
2798 1264 3065 1324 excellere
3101 1269 3312 1338 poterit,
3354 1284 3473 1338 quae
3499 1270 3624 1324 cceli

2053 1361 2213 1429 digna
2241 1360 2502 1414 vocabulo
2539 1362 2810 1429 copiosam
2840 1371 3145 1432 martyrum
3168 1361 3377 1415 turbatn
3403 1359 3543 1415 felici
3568 1361 3622 1415 in

2053 1461 2110 1501 se
2141 1448 2479 1501 habitatione
2507 1448 2810 1516 continuit?
2846 1447 2990 1514 Quos
3014 1456 3158 1501 totus
3188 1449 3417 1502 mundus
3440 1458 3626 1504 tenere

2054 1536 2246 1606 dignus
2294 1550 2400 1589 nou
2432 1535 2555 1602 fuit,
2613 1536 2712 1590 hos
2761 1536 2952 1591 domus
3002 1536 3092 1590 illa
3129 1537 3228 1589 sub
3268 1536 3389 1590 unis
3419 1534 3625 1592 foribus

2052 1625 2269 1680 clausit.
2303 1625 2435 1680 Nam
2467 1636 2522 1681 et
2548 1626 2838 1697 Apostolus
2857 1668 2871 1691 ,
2906 1642 3030 1681 cum
3054 1627 3121 1681 de
3145 1626 3348 1682 sanctis
3377 1629 3629 1699 martyris

2055 1714 2155 1770 bus
2181 1715 2510 1785 loqueretur,
2557 1717 2806 1785 protinus
2836 1716 3076 1777 addidit,
3111 1715 3294 1771 dicens
3323 1732 3337 1769 :
3372 1734 3389 1767 ι
3419 1715 3624 1782 Quibus

372 1812 521 1866 inter
546 1810 741 1866 fratres
770 1788 1071 1867 communis
1108 1813 1405 1868 substantia
1445 1815 1721 1871 divisionis
1759 1816 1873 1871 fieri
1899 1826 1952 1871 et

2055 1805 2250 1873 dignus
2280 1820 2385 1858 non
2412 1812 2529 1858 erat
2554 1804 2781 1859 mundus
2804 1788 2990 1875 (Hebr.
3020 1806 3115 1875 χι).
3148 1825 3167 1856 ι

369 1901 660 1956 discordiae
678 1918 872 1967 causa;
905 1903 1046 1959 inter
1068 1906 1202 1960 istos
1228 1915 1408 1960 autem
1434 1907 1714 1962 dividenda
1738 1908 1952 1976 quidem

370 1990 664 2046 hereditas
683 1992 897 2058 aderat;
930 1995 1156 2071 duorum
1189 2002 1365 2049 tamen
1397 1996 1559 2050 corda
1589 1996 1953 2053 una‘charitas

371 2078 637 2148 replebat.
668 2079 742 2134 Dc
770 2080 1028 2152 populosa
1059 2083 1193 2136 urbe
1224 2081 1430 2138 faciunt
1453 2099 1692 2139 eremnm
1719 2126 1733 2150 ,
1780 2086 1955 2141 diver-

367 2168 579 2225 sorium
608 2170 882 2226 habitandi
913 2181 1130 2227 vertunt
1154 2174 1208 2228 in
1238 2174 1557 2230 oratorium.
1583 2174 1770 2231 Solent
1790 2175 1952 2231 etiam

345 2303 348 2306 .
368 2260 783 2324 adolescentuli.
808 2264 1025 2320 amissis
1045 2265 1381 2335 parentibus,
1406 2279 1500 2333 per
1519 2267 1719 2336 proprii
1745 2266 1955 2321 arbitrii

368 2348 677 2405 libertas-in
704 2350 976 2407 luxuriose
1002 2352 1242 2409 dtllluere
1262 2394 1276 2419 ,
1316 2364 1371 2409 et
1399 2357 1550 2423 quasi
1570 2353 1681 2422 jam
1714 2356 1795 2411 sui
1814 2354 1955 2424 juris

368 2441 545 2496 libera
574 2442 906 2513 voluptatum
933 2460 1152 2499 suarum
1187 2445 1412 2501 licenter
1437 2446 1538 2501 sibi
1566 2445 1715 2501 frena
1747 2433 1951 2511 laxare,

367 2528 695 2601 excedentes
722 2532 987 2601 siquidem
1031 2534 1368 2590 rectitudinis
1403 2544 1601 2589 metam
1631 2536 1682 2589 in
1710 2550 1775 2590 eo
1812 2537 1955 2608 quod

366 2616 520 2686 licet,
546 2635 735 2676 omnes
758 2619 849 2691 qui
876 2623 1187 2677 existimant
1209 2623 1372 2680 licere
1400 2625 1689 2695 quodlibet.
1708 2624 1797 2680 lsti
1828 2640 1955 2682 vero

367 2711 634 2781 angelica:
663 2713 857 2768 indolis
882 2714 1055 2784 pueri,
1087 2731 1190 2769 non
1224 2726 1461 2771 ventura:
1488 2717 1663 2771 adhuc
1692 2717 1819 2770 vine
1842 2717 1951 2771 sol-

369 2803 541 2870 liciti,
593 2813 930 2858 terrenarum
988 2820 1166 2858 rernm
1224 2820 1456 2875 opumve
1509 2805 1611 2860 sibi
1669 2806 1953 2875 provident

370 2903 667 2963 sumptum,
708 2908 813 2949 non
860 2903 1035 2949 morte
1081 2894 1432 2950 dissolvendae
1476 2895 1711 2950 carnalis
1749 2894 1954 2964 copula:

369 2981 542 3035 ullum
591 2982 841 3053 pepigere
884 2981 1222 3056 coniugium.
1269 2999 1372 3040 non
1405 2985 1562 3053 equis
1602 2984 1954 3039 frementibus

366 3075 734 3139 delectantur,
779 3091 887 3131 non
933 3076 1247 3132 deliciarum
1299 3078 1535 3134 lasciviis
1574 3078 1949 3143 resolvuntur,

2124 1895 2311 1952 Gaude
2339 1882 2803 1967 igitur,'llavenna,
2834 1897 2963 1950 urbs
3004 1897 3327 1961 clarissima,
3353 1904 3624 1953 tantorum
3711 1894 3714 1899 ’

2055 2000 2355 2061 martyrum
2392 1991 2632 2060 pretioso
2670 1991 2931 2062 sanguine
2957 2002 3249 2060 purpurata
3269 2032 3284 2058 ,
3309 2008 3447 2062 quae,
3500 1993 3629 2048 licet

2055 2096 2122 2135 ex
2171 2081 2257 2135 his
2306 2090 2541 2150 quatuor
2585 2082 2750 2136 solius
2802 2081 2941 2136 beati
2978 2082 3162 2136 Vitalis
3200 2084 3624 2138 sacratissimum

2054 2183 2251 2239 corpus
2294 2170 2648 2245 corporaliter
2698 2180 2900 2234 teneas,
2960 2186 3300 2239 nequaquam
3354 2181 3536 2227 tamen
3574 2186 3626 2226 -a

2059 2257 2282 2327 reliquis
2305 2258 2476 2312 tribus
2496 2273 2594 2327 per
2614 2258 2837 2325 occulta:
2861 2259 3077 2313 virtutis
3097 2254 3418 2330 my’sterinm
3442 2277 3623 2316 vacas.

2057 2345 2189 2401 Nam
2217 2346 2263 2401 si
2291 2348 2449 2402 beata
2476 2348 2688 2403 Valeria
2723 2363 2843 2403 cum
2874 2349 2990 2403 viro
3019 2364 3138 2412 suo,
3158 2349 3443 2421 Scriptura
3465 2360 3625 2416 teste,

2050 2426 2155 2489 fuit
2203 2436 2255 2490 in
2281 2450 2445 2491 carne
2480 2452 2584 2491 una
2623 2435 2773 2507 (Gen.
2815 2438 2898 2509 n),
2940 2439 3245 2495 necessario
3284 2442 3528 2510 sequitur
3569 2452 3630 2496 nt

2058 2527 2216 2580 unius
2261 2528 2441 2582 carnis
2490 2543 2594 2580 una
2652 2528 3040 2598 sitsepultura.
3085 2530 3305 2585 Etcum
3345 2531 3624 2602 legamus:

2061 2637 2078 2667 ι
2116 2616 2270 2683 Quod
2299 2618 2453 2675 Deus,
2474 2616 2793 2686 conjunxit,
2837 2619 2998 2674 homo
3037 2637 3142 2675 non
3170 2631 3385 2691 separet
3410 2623 3627 2693 (Matth.

2056 2712 2194 2782 an),
2217 2730 2236 2763 ι
2258 2726 2357 2766 nos
2378 2712 2541 2766 etiam
2569 2711 2864 2781 gaudentes
2888 2713 3132 2767 dicamus
3152 2713 3276 2783 quia
3299 2715 3441 2782 quod
3466 2715 3629 2779 Deus,

2055 2801 2145 2869 qui
2199 2809 2282 2855 est
2334 2810 2537 2855 aeterna
2585 2801 2714 2865 vita,
2762 2799 3059 2868 conjunxit,
3123 2803 3433 2873 temporalis
3483 2819 3631 2859 Iners

2057 2891 2422 2946 interveniens
2463 2906 2567 2945 non
2608 2892 2809 2945 divisit.
2854 2892 2926 2944 De
2965 2892 3086 2946 [iliis
3120 2901 3298 2947 autem
3331 2892 3457 2961 quid
3483 2892 3630 2947 aliu.l

2055 2980 2340 3038 dicendum
2365 2988 2470 3045 est,
2498 2980 2602 3035 nisi
2625 2981 2749 3050 quia
2770 2982 2862 3050 qui
2886 2981 3198 3036 beatissimo
3220 2976 3449 3050 genitori
3476 2983 3620 3037 inso-

2056 3071 2306 3127 lubilibus
2323 3081 2530 3125 natura:
2542 3057 2768 3127 vinculis
2779 3072 3141 3126 suntrounexi
3166 3072 3547 3127 nullatenusah
3559 3088 3626 3128 eo

370 3180 482 3220 non
522 3153 788 3235 pretiosis
832 3166 1071 3223 vestibus
1117 3168 1368 3221 adornari
1421 3169 1653 3222 inaniter
1700 3169 1951 3238 ςοηεειρί-
1980 3160 2025 3220 C
2058 3163 2215 3217 locali
2238 3171 2529 3233 potuerunt
2560 3164 2853 3218 interstitio
2884 3164 3161 3232 separari?
3189 3163 3412 3235 Legitur
3444 3175 3624 3221 autem

366 3265 552 3310 scunt.
580 3255 833 3309 Muudani
856 3257 1110 3326 strepitus
1131 3257 1342 3329 negotia
1364 3257 1593 3329 fugiunt,
1616 3266 1949 3314 terrenarum

370 3359 559 3399 rerum
604 3344 818 3400 divitias
864 3356 1255 3415 aspernantur,
1303 3348 1629 3402 transitoria:
1675 3348 1952 3419 dignitatis

367 3434 611 3489 culmina
659 3444 952 3505 respuunt,
999 3435 1230 3491 carnalis
1275 3436 1541 3492 illecebrae
1588 3436 1951 3492 blandimenta

368 3535 749 3583 contemnunt.
781 3526 850 3581 Et
871 3543 976 3582 non
1007 3528 1179 3583 solum
1210 3527 1383 3583 aliena
1411 3544 1515 3583 non
1548 3529 1827 3593 ambiunt,
1857 3529 1952 3584 sed

367 3627 427 3675 et
449 3616 635 3673 omnia
663 3631 759 3672 sua
787 3617 1007 3687 prodiga
1047 3616 1429 3671 misericordia:
1466 3617 1715 3687 largitate
1742 3617 1950 3687 disper-

368 3717 527 3779 gunt.
574 3706 651 3762 De
698 3716 809 3763 tota
854 3708 1038 3763 mundi
1081 3707 1364 3763 latitudine
1406 3723 1569 3762 unam
1604 3707 1705 3762 sibi
1743 3707 1951 3778 glebam

368 3796 742 3868 angustissimi
772 3796 1009 3852 carceris
1032 3795 1254 3867 eligunt,
1285 3796 1399 3861 ubi,
1416 3796 1699 3851 collectisa
1719 3796 1953 3850 vanitate

370 3889 561 3943 mundi
589 3887 825 3957 undique
845 3887 1111 3951 sensibus,
1131 3887 1299 3942 solam
1321 3886 1593 3942 Creatoris
1614 3887 1694 3941 sui
1717 3887 1952 3955 speciem

370 3978 686 4034 medullitus
722 3979 1175 4048 contetuplanlur.
1205 3978 1287 4035 Ad
1338 3978 1510 4045 illum,
1559 3978 1791 4034 claustra
1838 3977 1951 4046 jam

338 4129 344 4136 ,
368 4070 556 4124 carnis
583 4060 925 4134 excellentes,
951 4068 1179 4125 assiduae
1194 4069 1556 4124 meditationis
1584 4071 1761 4124 studio
1790 4069 1953 4138 spiri—

372 4169 492 4214 tum
522 4159 780 4229 dirigunt,
811 4159 878 4215 ad
913 4159 1061 4213 illum
1090 4160 1294 4214 amoris
1324 4159 1473 4213 nimii
1501 4159 1710 4216 facibus
1740 4159 1950 4214 accensi

371 4249 506 4303 totis
531 4249 830 4303 visceribus
856 4248 1222 4303 inardescunt.
1259 4248 1390 4303 Erat
1433 4249 1632 4319 quippe
1674 4250 1954 4319 utriusque

370 4353 530 4394 mens
561 4339 615 4392 in
652 4353 886 4407 superno
911 4338 1176 4393 desiderio
1217 4340 1373 4393 anxia
1392 4379 1407 4404 ,
1440 4354 1470 4393 a
1501 4339 1953 4409 concupiscentiis

369 4431 607 4486 terrenis
634 4430 845 4495 aliena;
894 4443 1046 4483 amor
1091 4444 1321 4499 namque
1351 4445 1531 4495 verus,
1572 4429 1660 4498 qui
1693 4429 1832 4483 hanc
1862 4444 1950 4482 re-

368 4520 638 4590 pleverat,
654 4520 707 4574 in
723 4518 936 4576 ﬂetibus
955 4519 1248 4577 cruciabat.
1272 4520 1397 4585 Sed,
1415 4520 1539 4574 dum
1563 4519 1614 4574 in
1647 4520 1734 4574 tali
1759 4520 1952 4575 ardore

368 4612 768 4676 cruciarentur,
801 4610 932 4681 ipsis
953 4609 1064 4665 suis
1087 4608 1414 4664 cruciatibus
1435 4608 1540 4679 81
1575 4608 1951 4677 pascebantur,

370 4708 431 4755 et
459 4700 644 4755 tandiu
676 4700 729 4755 in
760 4699 1059 4755 admirabili
1093 4699 1251 4769 hujus
1284 4698 1709 4755 conversationis
1742 4697 1954 4752 fervore

338 4792 695 4862 _persistunt,
722 4793 893 4848 donec
921 4790 1169 4861 gloriosa,
1188 4801 1473 4860 parentum
1517 4791 1688 4847 secuti
1731 4790 1952 4860 vestigia

370 4897 477 4953 pro
505 4884 611 4938 llde
635 4881 836 4937 Christi
869 4881 1127 4952 martyrio
1153 4888 1499 4935 coronantur.
1530 4878 1791 4933 Nimirqu
1821 4895 1952 4947 quo-

370 4989 499 5029 rum
529 4972 724 5027 imitati
766 4981 893 5027 sunt
938 4971 1181 5040 exempla
1216 4971 1445 5026 vivendo
1492 4977 1545 5023 et
1591 4988 1622 5023 a
1659 4969 1853 5039 quibus
1898 4970 1952 5022 in

374 5075 528 5123 terra
555 5071 686 5118 sunt
710 5062 1002 5117 carnaliter
1045 5061 1196 5127 editi,
1237 5076 1424 5116 eorum
1463 5067 1588 5116 sunt
1634 5059 1857 5130 collegio
1899 5058 1953 5112 in

370 5154 589 5211 caelesti
637 5154 971 5210 beatitudine
1004 5153 1232 5218 sociati;
1271 5159 1326 5207 et
1367 5167 1504 5221 quos
1548 5150 1783 5205 carnalis
1826 5164 1955 5220 pro-

372 5245 595 5316 pagatio
617 5243 821 5312 jnnxit.
857 5244 1174 5298 meritorum
1221 5242 1556 5310 inarqualitas
1595 5255 1699 5295 non
1737 5240 1952 5305 divisit;

372 5346 437 5391 et
460 5351 568 5405 quo
596 5350 690 5390 eos
715 5334 905 5389 ordine
949 5335 1002 5388 in
1042 5334 1299 5387 mundum
1349 5343 1538 5386 natura
1579 5330 1859 5400 produxit,
1889 5344 1954 5382 eo

372 5427 546 5482 etiam
579 5427 645 5480 ad
678 5425 916 5481 caelestia
948 5425 1128 5480 divina
1161 5424 1278 5478 illos
1305 5423 1476 5493 gratia
1502 5422 1828 5477 sublimavit.
1868 5420 1956 5486 lli,

375 5518 635 5573 videlicet
676 5517 767 5587 qui
813 5531 1081 5587 genuere,
1131 5515 1470 5584 praecedunt;
1512 5513 1603 5582 qui
1637 5527 1764 5567 vero
1793 5512 1958 5582 geniti

375 5615 512 5661 sunt
537 5614 686 5662 recto
713 5620 808 5661 eos
829 5604 1017 5659 ordine
1042 5605 1459 5671 subsequuntur.

457 5695 503 5752 0
532 5698 684 5754 beata
732 5697 968 5761 familia,
1018 5711 1135 5766 quae
1181 5694 1470 5767 [Egyptum
1522 5696 1797 5760 deserens,
1852 5702 1959 5748 tam

2053 3251 2180 3320 quia
2202 3252 2394 3316 Adam,
2420 3268 2540 3305 cum
2570 3252 2800 3321 primum
2828 3268 3050 3307 uxorem
3079 3253 3230 3316 vidit,
3263 3255 3511 3322 protinus
3540 3256 3625 3309 di-

2056 3343 2168 3395 xit:
2200 3360 2219 3393 ‹
2248 3341 2363 3401 Hoc
2390 3357 2535 3397 nunc
2557 3357 2619 3396 os
2645 3357 2708 3395 ex
2730 3342 2943 3397 ossibus
2968 3343 3123 3408 meis,
3141 3353 3194 3396 et
3215 3359 3343 3397 caro
3371 3345 3437 3401 de
3461 3360 3624 3398 carne

2055 3446 2171 3485 mea
2205 3430 2359 3499 (Gen.
2387 3432 2466 3501 ιι).
2503 3450 2522 3483 υ
2553 3430 2609 3485 Si
2640 3446 2771 3502 ergo
2798 3431 2928 3491 Eva.
2965 3433 3091 3501 quia
3122 3433 3189 3488 de
3220 3434 3318 3487 viri
3349 3433 3517 3488 latere
3544 3445 3627 3489 est

2056 3523 2307 3588 formata,
2345 3538 2409 3579 os
2451 3538 2515 3578 ex
2554 3524 2767 3578 ossibus
2796 3523 2910 3593 ejus
2944 3535 2995 3579 et
3032 3539 3156 3580 caro
3202 3524 3267 3580 de
3309 3540 3470 3581 carne
3510 3525 3628 3594 ejus

2056 3614 2274 3677 dicitur,
2291 3629 2389 3668 cur
2411 3629 2515 3668 non
2541 3624 2596 3668 et
2614 3615 2734 3677 lilii,
2750 3616 2843 3683 qui
2866 3617 2929 3668 de
2953 3616 3149 3671 lumbis
3169 3617 3339 3685 patris
3351 3618 3621 3680 exierunt,

2054 3704 2240 3756 eadem
2278 3711 2336 3756 et
2374 3718 2496 3757 ossa
2534 3712 2587 3756 et
2614 3718 2833 3757 carnem
2865 3721 2985 3759 cum
3014 3717 3167 3774 patre
3199 3707 3401 3761 habere
3435 3707 3623 3761 dican-

2056 3792 2175 3846 tur?
2195 3791 2347 3847 Licet
2365 3808 2493 3863 ergo
2516 3792 2742 3861 sejuncti
2763 3795 3045 3849 videantur
3067 3810 3162 3863 per
3183 3795 3465 3850 intervalla
3482 3795 3620 3850 loco-

2055 3900 2195 3950 rum,
2238 3900 2333 3958 per
2360 3885 2631 3940 occulunn
2681 3897 2861 3940 tamen
2904 3887 3143 3956 mystica:
3191 3886 3406 3943 virtutis
3447 3889 3621 3958 juncti

2053 3985 2181 4029 sunt
2201 3987 2620 4033 sacramentum.

2123 4068 2307 4123 Gaude
2337 4068 2519 4138 igitur,
2534 4068 2729 4123 nobilis
2753 4068 2883 4123 urbs
2912 4069 3188 4135 Ravenna,
3212 4079 3266 4125 et
3289 4071 3416 4126 totis
3442 4070 3495 4125 in
3520 4071 3622 4125 Dn-

2056 4160 2203 4214 miuo
2230 4160 2529 4215 visceribus
2556 4161 2850 4230 delectare,
2880 4177 3021 4232 quae,
3048 4161 3174 4217 licet
3197 4164 3366 4217 ardua
3401 4165 3477 4218 sis
3507 4181 3627 4219 mu-

2055 4250 2183 4304 ralis
2208 4251 2470 4305 machinm
2493 4252 2835 4317 celsitudine,
2867 4253 3037 4307 multo
3064 4264 3244 4308 tamen
3272 4255 3539 4311 excelsior
3565 4271 3626 4311 es

2050 4341 2329 4395 beatorum
2357 4349 2652 4411 martyrum
2680 4342 2970 4413 dignitate;
2999 4343 3222 4411 lapideis
3245 4345 3462 4412 quidem
3494 4361 3621 4416 pro-

2056 4430 2372 4501 pugnaculis
2397 4431 3097 4499 inexpugnabilitercincta,
3114 4431 3205 4485 sed
3229 4432 3380 4488 valde
3403 4434 3628 4504 inexpu-

1982 4493 2029 4551 θ
2055 4493 2317 4589 gnabilius
2340 4493 2555 4573 fortium
2571 4493 2769 4572 Christi
2792 4520 3021 4573 militum
3045 4493 3381 4589 protectione
3405 4493 3622 4576 vallata.

2056 4614 2187 4678 Qua:
2242 4610 2641 4679 quodammodo
2694 4609 2956 4664 Romanis
3001 4612 3219 4666 arcibus
3272 4613 3631 4667 amieabilitcr

2056 4700 2270 4763 aemula,
2301 4700 2379 4754 sie
2402 4714 2499 4768 per
2530 4699 2665 4754 duos
2707 4700 3006 4769 pracipuos
3048 4709 3345 4771 martyres,
3400 4702 3628 4758 Vitalein

2056 4789 2304 4845 videlicet
2325 4798 2379 4843 et
2400 4789 2792 4859 Apollinarem,
2822 4799 2997 4845 mater
3022 4806 3143 4847 esse
3174 4794 3415 4847 meruisti
3448 4802 3502 4849 et
3529 4795 3628 4848 ἀοι

2057 4882 2199 4936 mina
2236 4882 2741 4951 circumpositarum
2783 4884 3151 4953 quarumlibet
3187 4885 3421 4940 urbium.
3474 4887 3629 4942 Sient

2062 4974 2150 5027 illa
2178 4989 2274 5044 per
2305 4976 2438 5029 duos
2472 4990 2713 5030 summos
2755 4976 3061 5047 apostolos,
3093 4978 3310 5032 Petrum
3338 4979 3448 5049 82
3482 4979 3629 5033 vide-

2060 5063 2185 5117 licet
2207 5071 2262 5117 ct
2290 5062 2512 5117 Paulum
2535 5103 2549 5126 ,
2582 5064 2746 5119 totius
2768 5065 2917 5119 orbis
2947 5066 3046 5120 sibi
3087 5067 3326 5121 vindieat
3363 5068 3631 5136 principa-

2061 5164 2193 5216 tum,
2209 5154 2360 5222 quasi
2376 5163 2536 5222 caput
2557 5155 2777 5223 reliquis
2793 5155 3101 5211 civitatibus
3117 5157 3276 5223 facta,
3292 5159 3363 5212 ita
3377 5162 3632 5214 coruscas

2059 5247 2286 5301 duorum
2316 5247 2603 5315 splendore
2639 5258 2974 5310 sanctorum,
3010 5249 3157 5304 velut
3199 5251 3430 5304 humana
3461 5251 3627 5307 facies

2062 5339 2395 5408 geminorum
2437 5339 2725 5393 luminibus
2758 5339 3061 5392 oculorum.
3107 5340 3314 5394 Laetare
3369 5342 3533 5412 igitur
3579 5354 3631 5396 et

2059 5426 2430 5493 cxsulta.quia
2460 5440 2576 5493 cpite
2603 5426 2903 5482 daemonum
2934 5441 3090 5481 antea
3124 5427 3302 5482 fueras
3322 5428 3629 5496 delubrum,

2065 5532 2206 5570 tuan
2229 5532 2322 5583 per
2350 5526 2654 5585 rcspectmn
2696 5516 2890 5570 divina:
2923 5517 3110 5587 gratiae
3141 5518 3438 5572 caelestium
3477 5536 3633 5574 sena—

2064 5619 2237 5661 turum
2264 5607 2402 5659 facta
2425 5623 2485 5661 es
2507 5608 2835 5677 capitoiium.
2851 5619 2903 5662 et
2927 5625 3043 5678 qua:
3068 5611 3216 5679 prius
3247 5611 3384 5665 male.
3410 5612 3633 5666 fecunda

2065 5699 2117 5751 in
2148 5698 2270 5751 filiis
2297 5699 2400 5752 tuis
2430 5698 2739 5752 innumeras
2775 5699 3001 5766 stipulas
3032 5701 3375 5769 germinabas
3400 5701 3634 5754 inferno.
