4070 6198
428 321 523 376 591

859 321 865 325 ’
961 318 1017 373 S.
1050 317 1252 372 PETtll
1295 315 1576 371 DARDANI
1618 315 1768 373 ΟΡΡ.
1813 315 1989 380 PARS

2097 316 2161 373 5U
2202 316 2441 374 TOMUS
2480 318 2542 373 ll.
2580 350 2650 361 --
2691 316 3082 373 SERMONES.

3587 318 3694 373 591

422 447 538 503 jam
568 446 666 501 per
693 430 975 486 beatormn
1036 437 1339 499 ntartyrum
1379 427 1574 489 merita
1617 425 1817 483 multos
1862 426 2009 482 cives
2037 433 2084 490 Α
2114 425 2318 483 femore
2347 444 2488 495 meo,
2516 440 2568 484 et
2598 429 2764 487 facies
2793 430 2926 485 mibi
2961 431 3391 497 misericordiam
3414 440 3470 501 et
3494 435 3696 503 verita-

422 522 664 594 parturis
684 522 844 589 casto.
878 519 1008 598 Quae
1051 519 1199 577 enim
1244 533 1355 588 prae
1401 517 1721 592 confusione
1766 517 2005 573 virorum

420 616 649 686 antiqua
671 612 852 670 fueras
887 610 1202 683 Babylonia,
1232 610 1345 680 ipsa
1381 624 1480 679 per
1503 608 1802 669 novitatem
1831 609 2007 663 virtu-

418 718 535 764 tum
567 722 706 764 nova
735 704 1075 760 “Ierusalem
1099 701 1244 759 facta
1272 702 1497 770 es,vivis
1525 702 1786 763 nimirum
1818 701 2010 772 lapidi-

420 800 521 853 bus
552 797 838 861 adornata,
869 804 927 849 ut
948 795 1060 866 jam
1088 793 1287 864 populo
1306 802 1422 849 -tuo
1462 808 1573 849 non
1611 791 1885 847 immerito
1912 806 2011 861 per

424 887 649 942 Paulum
682 887 935 948 dicatur:
974 902 996 937 ι
1031 884 1153 953 .Iam
1196 899 1304 939 non
1336 883 1469 938 estis
1495 874 1736 951 hospites
1765 890 1821 942 et
1846 881 2010 941 adve-

422 990 524 1043 nae,
578 976 674 1033 sed
705 977 855 1047 estis
901 975 1052 1030 cives
1118 982 1431 1029 sanctorum
1490 983 1547 1027 et
1592 971 1873 1031 domestici
1917 971 2008 1031 Dei

420 1066 640 1138 “habes.
671 1066 754 1133 tt);
777 1085 794 1118 ι
826 1076 883 1120 et
910 1081 1008 1136 per
1033 1064 1255 1119 Petrum
1282 1083 1296 1119 :
1332 1083 1350 1118 ς
1383 1065 1493 1120 Vos
1516 1063 1653 1118 estis
1690 1077 1862 1133 genus
1902 1061 2008 1117 ele-

425 1169 594 1225 ctum,
608 1159 788 1228 regale
807 1157 1188 1220 sacerdotium,
1203 1163 1554 1226 genssancta,
1569 1153 1801 1224 populus
1822 1152 2010 1221 acqui-

418 1253 632 1307 sitionis
659 1250 710 1321 (1
738 1248 883 1304 μου.
915 1249 1001 1318 ιι).
1024 1266 1042 1300 ι
1076 1246 1190 1303 Nec
1222 1247 1340 1302 leve
1369 1247 1468 1302 tibi
1497 1247 1681 1311 datum
1705 1254 1792 1300 est
1815 1245 2009 1300 divinae

420 1344 728 1400 dilectionis
756 1343 1015 1398 indicium
1055 1341 1110 1396 in
1141 1356 1210 1396 eo
1232 1341 1376 1411 quod
1401 1340 1593 1395 beatus
1628 1339 1821 1396 Vitalis
1843 1339 2005 1394 etiam

418 1444 539 1505 post
570 1434 782 1489 felicem
809 1432 1095 1488 transitum
1126 1447 1284 1486 suum
1312 1431 1365 1485 in
1405 1438 1456 1485 te
1496 1429 1667 1484 voluit
1694 1430 1895 1483 habere
1923 1443 2009 1483 se-

417 1524 683 1595 pulcrum.
722 1521 840 1576 Non
867 1529 952 1577 est
976 1535 1170 1591 passus
1195 1534 1262 1575 ex
1286 1527 1340 1575 te
1364 1534 1520 1577 suum
1551 1532 1750 1587 corpus
1779 1516 2004 1583 auferri,

420 1613 547 1682 quia
580 1612 747 1669 uoluit
781 1620 833 1666 te
871 1610 1156 1680 patrocinii
1184 1609 1265 1664 sui
1301 1608 1637 1679 protectione
1668 1606 1911 1661 destitui.
1950 1604 2007 1659 In

421 1719 530 1773 qua
564 1717 624 1757 re
658 1702 755 1757 tibi
802 1701 990 1771 utique
1038 1697 1214 1770 magis
1259 1712 1422 1768 quam
1472 1696 1628 1757 uxori
1675 1694 2006 1750 beatissimte

2111 530 2217 576 tem
2246 532 2441 581 utnon
2493 523 2724 594 sepelias
2769 538 2857 588 me
2908 523 2962 588 in
3007 522 3269 595 βωμία,
3300 524 3395 591 sed
3429 525 3698 593 dormiam

2108 628 2231 670 cum
2263 615 2505 684 patribus
2542 615 2774 685 meisJet
2799 614 3018 673 auferas
3041 632 3128 677 me
3148 618 3214 682 de
3242 618 3344 673 hae
3367 626 3540 685 terra,
3563 633 3694 683 con-

2109 704 2316 773 dasque
2337 704 2390 767 in
2413 704 2662 775 sepulcro
2687 703 3015 774 majorumq
3045 704 3142 771 Cui
3169 694 3447 777 respondit
3463 706 3693 778 Ioseph:

2118 811 2136 845 ι
2165 793 2277 865 Ego
2306 792 2502 855 faciam
2522 794 2914 866 qtmdjussisti.
2936 815 2959 854 ιι
2984 796 3054 860 Et
3077 796 3165 853 ille
3191 815 3205 860 ;
3236 796 3399 863 dura
3427 813 3576 873 ergo,
3610 801 3698 855 in-

2108 884 2247 953 quit,
2274 883 2573 957 minuam.
2604 888 2792 956 xcvn).
2825 906 2845 944 ι
2872 888 2989 954 Quo
3004 887 3244 959 iurante,
3269 889 3513 950 adoravit
3534 890 3697 956 Israel

2113 975 2299 1031 Deum.
2339 974 2479 1044 Quid
2504 986 2587 1035 est
2613 978 2736 1043 hoc,
2764 977 2965 1039 fratres
2988 980 3134 1039 mei?
3182 980 3319 1047 Quid
3352 981 3454 1039 sibi
3506 982 3617 1047 vult
3662 1001 3693 1036 a

2110 1073 2261 1121 tanto
2281 1066 2401 1122 viro
2429 1076 2538 1123 tam
2566 1069 2725 1124 auxia
2756 1069 3056 1138 sepeliendi
3077 1072 3327 1143 corporis
3354 1072 3696 1137 sollicituda?

2110 1155 2167 1213 Si
2196 1156 2341 1213 enim
2375 1157 2480 1215 hoc
2533 1174 2603 1215 ex
2657 1159 2893 1219 humana
2940 1161 3333 1221 consuetudine
3383 1166 3694 1229 metiamur,

2109 1244 2352 1313 profecto
2372 1246 2505 1305 nihil
2528 1248 2750 1320 dignum
2774 1257 2922 1309 tanta
2948 1251 3277 1320 prophetiam
3300 1253 3498 1315 mentis
3518 1254 3697 1310 excel-

2080 1403 2087 1409 ν
2111 1333 2273 1391 lentia
2288 1338 2619 1416 reperimus.
2659 1338 2972 1410 Ubicunque
3010 1342 3150 1397 enim
3177 1358 3372 1412 corpus
3400 1343 3694 1405 humanum

2109 1429 2389 1498 sepelitur,
2422 1445 2527 1485 non
2575 1431 2699 1491 ideo
2740 1433 2822 1487 vel
2866 1433 3046 1491 minus
3089 1434 3349 1505 perfecta,
3388 1436 3474 1490 vel
3516 1438 3695 1499 minus

2110 1519 2352 1589 gloriosa
2378 1523 2856 1590 ejus-resurrectio
2897 1524 3075 1580 futura
3104 1526 3291 1597 procul
3324 1528 3489 1587 duino
3515 1530 3694 1591 credi-

2113 1618 2222 1671 tur.
2259 1612 2369 1671 Sed
2390 1613 2435 1671 si
2466 1616 2680 1685 mystici,
2710 1617 3040 1673 sacramenti
3083 1616 3427 1686 profunditas
3451 1620 3504 1673 in
3535 1620 3692 1689 lituus

2109 1700 2405 1761 dubietatis
2451 1704 2685 1773 caligine
2744 1706 3084 1775 requiratur,
3123 1707 3467 1777 perspicuum
3514 1708 3692 1771 imum

412 1792 689 1861 praestitit,
727 1792 841 1862 qui,
887 1792 1013 1846 dum
1064 1796 1169 1843 tute
1197 1787 1420 1842 utilitati
1453 1785 1745 1865 consuluit,
1795 1794 2003 1839 sancta:
2034 1783 2078 1843 B
2109 1792 2476 1864 intelligentia:
2519 1795 2746 1865 ipsiqui
2808 1798 3077 1855 invenerit
3129 1800 3357 1856 orietur.
3416 1799 3692 1861 Cadaver:

415 1860 681 1939 voluntati
709 1860 829 1953 eius
871 1898 977 1938 non
1010 1881 1301 1952 acquievit.
1345 1860 1618 1950 Scripium
1648 1894 1883 1948 namque
1919 1887 2003 1931 est

420 1976 546 2045 quia
582 1982 767 2029 sancta
796 1971 1029 2038 Valeria,
1060 1972 1192 2029 dum
1215 1970 1361 2027 beati
1395 1968 1587 2025 Vitalis
1620 1969 1781 2025 vellet
1807 1983 2003 2037 corpus

411 2064 650 2131 auferre,
677 2081 709 2119 a
740 2064 1069 2120 Christianis
1097 2063 1375 2134 prohibita
1396 2070 1481 2117 est
1504 2072 1560 2116 et
1595 2077 1740 2132 saepe
1766 2061 1823 2116 in
1846 2061 2005 2115 visio-

412 2164 574 2220 nibus
617 2163 687 2218 ab
734 2162 869 2246 ipso.
889 2162 1164 2217 admonita
1196 2176 1264 2216 ne
1299 2170 1549 2217 sanctum
1581 2175 1778 2232 corpus
1804 2176 1835 2215 a
1856 2160 2000 2214 malo

414 2255 634 2311 homine
660 2255 799 2312 bene
824 2254 1060 2325 positum
1083 2253 1330 2311 violaret.

478 2347 639 2402 Certe
672 2360 778 2400 non
821 2361 1040 2417 possum
1083 2345 1288 2412 dicere,
1325 2344 1525 2400 fratres
1563 2346 1693 2411 mei,
1722 2361 1886 2415 quam
1911 2344 1999 2414 jn-

411 2441 609 2507 cunde,
642 2455 805 2511 quam
834 2439 1229 2495 delectabiliter
1268 2447 1545 2495 certamen
1595 2439 1759 2511 hujus
1802 2455 1997 2510 pugna:

408 2531 712 2596 considero,
739 2544 900 2600 quam
932 2530 1247 2585 avidissime
1288 2539 1429 2584 totos
1472 2529 1793 2585 interiorum
1838 2532 1998 2584 lutui-

412 2640 539 2679 num
590 2625 770 2680 radios
827 2624 896 2678 ad
945 2623 1317 2693 spectaculum
1384 2632 1585 2678 sancta:
1637 2624 1999 2678 contentionis

406 2714 675 2784 cxpando.
733 2713 1011 2782 Perpendo
1062 2713 1335 2767 diversam
1389 2711 1716 2783 litigantium
1781 2712 1991 2776 aciem;

411 2804 539 2873 hinc
566 2803 820 2858 videlicet
853 2802 1154 2868 civitatem,
1188 2801 1313 2856 inde
1347 2817 1506 2855 unam
1555 2801 1761 2871 aspicio
1804 2801 1996 2856 mulie-

410 2907 554 2958 rem;
587 2892 642 2946 in
667 2891 845 2946 medio
885 2906 1011 2945 vero
1046 2879 1280 2960 positum
1335 2906 1532 2961 corpus
1585 2892 1759 2946 sancti
1808 2892 1995 2946 Vitalis

412 2984 639 3037 materia
675 2992 757 3037 cst
786 2991 841 3036 et
867 2997 1031 3038 causa
1057 2982 1394 3037 certaminis.
1438 2983 1678 3052 Quaeque
1711 2998 1840 3054 pars
1880 2984 1994 3039 suis

406 3075 822 3146 allegationibus
850 3075 1042 3142 utitur,
1080 3084 1136 3131 et
1169 3091 1393 3131 causam
1417 3091 1568 3131 suam
1594 3075 1807 3132 diversa
1849 3075 1991 3146 juris

2106 1885 2304 1956 quippe
2324 1896 2681 1950 mortuorum,
2707 1898 2928 1957 peccata
2954 1890 3267 1960 signiﬁcant
3288 1890 3486 1958 injuste
3507 1893 3692 1951 viven-

2108 1975 2263 2033 lium.
2306 1976 2460 2031 Sient
2507 1978 2651 2033 enim
2693 1989 2813 2049 post
2847 1991 3155 2039 contactum
3207 1997 3496 2051 corporum
3545 2000 3661 2041 utor

2106 2074 2323 2125 tuorum
2354 2067 2440 2123 lex
2470 2070 2719 2140 praecipit
2745 2071 2992 2126 homines
3021 2071 3297 2142 purilicari
3331 2073 3524 2142 (Nm.
3550 2074 3688 2140 xu),

2104 2157 2181 2213 ita
2202 2159 2367 2213 etiam
2404 2168 2527 2229 post
2563 2163 3024 2231 perpetrationcm
3070 2162 3391 2219 delictorum
3434 2162 3692 2232 iubemur

2101 2262 2201 2319 per
2232 2250 2608 2320 pmttitentiam
2637 2251 2803 2307 ablui.
2827 2252 2967 2307 Hinc
2995 2253 3255 2309 nimirum
3286 2254 3375 2309 illa
3415 2257 3683 2310 sententia

2102 2339 2247 2394 dicta
2282 2350 2400 2396 est:
2436 2360 2455 2407 ς
2485 2340 2585 2406 Qui
2613 2342 2922 2413 baptizatur
2944 2358 2973 2397 a
3006 2354 3243 2409 mortuo,
3264 2353 3321 2399 et
3342 2345 3538 2400 iterum
3569 2354 3691 2399 tan-

2102 2429 2179 2499 git
2199 2429 2519 2501 illum,quid
2546 2433 2769 2501 prodest
2794 2432 2996 2489 lavatio
3020 2433 3169 2504 ejus?
3195 2455 3212 2486 ι
3247 2432 3441 2504 (Evcli.
3471 2434 3685 2504 xutr.)

2102 2519 2425 2591 Baptizatur
2456 2523 2655 2593 quippe
2686 2540 2714 2578 a
2749 2535 2985 2590 mortuo,
3025 2527 3121 2596 qui
3149 2526 3444 2591 mandatur
3473 2525 3686 2580 ﬂetibus

2099 2626 2129 2665 a
2158 2621 2411 2680 peccato;
2442 2614 2538 2669 sed
2570 2623 2690 2683 post
2720 2616 3049 2685 baptismum
3070 2627 3342 2681 mortuum
3374 2619 3568 2689 tangit,
3592 2620 3684 2688 qui

2099 2701 2314 2771 culpam
2344 2712 2464 2773 post
2487 2702 2762 2774 laerymas
2789 2707 3010 2776 repetit.
3052 2705 3342 2775 Sepultura
3377 2721 3511 2762 vero
3537 2723 3686 2765 mor-

2103 2801 2320 2847 tuorum
2365 2794 2744 2851 remissionem
2793 2797 3064 2869 signiﬁcat
3107 2808 3476 2868 peccatorum.
3536 2798 3688 2855 Unde

2100 2899 2197 2954 per
2221 2881 2550 2954 Prophetam
2592 2886 2833 2941 dicitur:
2870 2906 2889 2939 ι
2920 2887 3109 2956 Beati,
3159 2903 3391 2958 quorum
3444 2891 3686 2957 remissa:

2098 2988 2229 3032 sunt
2257 2977 2591 3047 iniquitates,
2621 2987 2677 3035 et
2700 2995 2928 3049 quantm
2958 2990 3098 3040 tecta
3119 2992 3245 3038 sunt
3268 2982 3684 3054 peccata(Psnl.

2097 3068 2274 3139 xxxi).
2311 3088 2329 3121 ι
2369 3068 2468 3124 Ubi
2496 3085 2624 3139 ergo
2652 3071 2959 3140 sepelienda
2988 3083 3148 3128 erant
3167 3075 3430 3129 cadavera
3455 3076 3688 3146 patriar-

407 3166 620 3220 ratione
647 3173 849 3219 tuetur.
879 3164 972 3219 Illa
1006 3164 1202 3235 repetit
1228 3162 1321 3234 jus
1348 3165 1583 3234 antiqua:
1603 3166 1989 3234 possessionis,
2022 3139 2067 3218 (ἶ
2099 3159 2343 3223 ollarum.
2380 3160 2482 3214 nisi
2508 3160 2563 3214 in
2590 3175 2651 3216 ea
2681 3171 2824 3216 terra
2857 3164 2947 3219 ubi
3000 3163 3089 3220 ille
3122 3175 3245 3220 erat
3283 3166 3686 3237 crucifigeudus

406 3257 510 3311 ista
530 3254 755 3325 opponit
789 3253 1000 3308 titulum
1033 3253 1232 3310 divinae
1257 3254 1659 3320 concessionis;
1709 3254 1799 3308 illa
1847 3271 1988 3310 cou-

402 3345 655 3417 queritur
707 3345 810 3400 sibi
863 3343 1130 3400 violenter
1182 3344 1455 3412 ablatum;
1497 3343 1596 3400 ista
1636 3360 1668 3400 e
1716 3346 1997 3402 contrario

407 3435 608 3491 asserit
642 3434 724 3491 eis
752 3434 932 3489 divina
984 3434 1087 3490 sibi
1136 3434 1469 3505 benignitate
1524 3436 1801 3491 donatum.
1855 3436 1996 3491 Dicit

405 3528 495 3584 illa
524 3545 537 3582 :
571 3526 706 3582 Rem
734 3527 968 3598 proximi
1002 3527 1078 3582 tui
1108 3542 1215 3582 non
1256 3528 1613 3598 concupiscas
1645 3527 1844 3600 (Exod.
1876 3539 1990 3599 xx).

403 3620 716 3693 Respondet
762 3618 1089 3687 ista:Quod
1140 3629 1289 3675 tuum
1348 3634 1452 3676 non
1499 3629 1616 3686 est,
1661 3636 1728 3676 ne
1779 3632 1994 3692 repetas

402 3713 558 3787 (Luc.
584 3712 682 3787 vr).
705 3714 847 3770 Dicit
867 3713 957 3769 illa
981 3732 994 3767 :
1022 3712 1129 3768 Sed
1149 3712 1280 3767 mihi
1302 3722 1407 3779 est,
1436 3713 1632 3782 inquit,
1656 3713 1852 3787 dotalis
1876 3730 1991 3766 ma-

403 3806 641 3863 trimonii
684 3806 800 3878 lege
839 3806 1182 3876 conjunctus.
1225 3804 1536 3874 Respondet
1572 3805 1672 3860 ista
1707 3824 1718 3859 :
1753 3808 1888 3872 Quia
1937 3815 1989 3860 et

406 3903 540 3958 mihi
602 3910 686 3956 est
739 3901 978 3970 pretioso
1035 3898 1285 3969 martyrii
1350 3900 1614 3968 sanguine
1671 3898 1988 3954 fmderatus.

401 3992 653 4050 Habuisti
695 4000 784 4059 tu,
810 3992 937 4047 dum
977 3990 1161 4057 licuit,
1198 3989 1480 4060 conjugem
1524 4001 1704 4059 tuum;
1752 3992 1911 4048 liccat
1937 4003 1993 4048 et

400 4084 537 4145 mihi
571 4083 774 4139 habere
821 4083 940 4139 sine
987 4082 1232 4138 molestia
1266 4092 1561 4153 martyrem
1615 4099 1815 4137 meum.
1869 4085 1987 4140 Tibi

403 4176 550 4230 enim
577 4184 661 4231 est
684 4172 920 4227 carnalis
946 4173 1151 4241 ecpulte
1182 4173 1391 4242 glutino
1423 4174 1684 4240 sociatus,
1715 4174 1768 4228 in
1795 4192 1877 4228 me
1907 4186 1991 4229 est

401 4262 744 4338 triumphalis
771 4264 1016 4334 martyrii
1038 4264 1209 4337 gloria
1240 4275 1554 4320 coronatus.
1588 4265 1727 4319 Audi
1754 4266 1987 4337 Apole-

396 4359 508 4415 lmn
557 4357 868 4419 dicentem:
909 4376 927 4408 ι
967 4355 1160 4413 Mulier
1208 4356 1427 4429 alligata
1478 4366 1560 4412 est
1599 4357 1701 4429 legi
1743 4360 1982 4429 quaudiu

399 4449 482 4504 vir
502 4439 807 4521 ejus'vivit;
838 4462 960 4503 cmn
995 4456 1174 4507 autem
1200 4448 1397 4505 obicrit
1427 4449 1510 4503 vir
1530 4447 1667 4518 ejus,
1695 4449 1870 4504 soluta
1901 4460 1984 4504 cst

396 4561 428 4600 a
454 4543 575 4625 lege
604 4541 703 4597 viri
737 4540 789 4613 (Ι
818 4540 942 4595 Car.
970 4540 1092 4611 vn).
1117 4559 1135 4593 ι
1172 4540 1229 4595 Si
1263 4556 1391 4612 ergo
1421 4550 1474 4595 tu
1501 4541 1676 4596 soluta
1715 4557 1772 4597 es
1812 4560 1838 4594 a
1884 4543 1980 4596 viri

394 4636 533 4711 lege,
562 4650 683 4719 qua:
713 4635 769 4704 in.
793 4642 960 4688 carne
989 4633 1168 4699 adhuc
1188 4633 1347 4699 vivis,
1372 4633 1643 4705 quomodo
1672 4633 1770 4698 illi,
1794 4633 1884 4703 qui
1912 4634 1979 4687 ad

394 4728 640 4783 cmlcstia
696 4739 858 4796 regna
902 4724 1014 4794 jam
1068 4722 1325 4791 transiit,
1372 4723 1655 4785 innectere
1706 4725 1979 4781 vinculum

396 4816 636 4887 quartis?
668 4806 777 4871 Sed
802 4813 873 4883 ad.
896 4813 1260 4869 dirimendum
1286 4811 1590 4889 hujusmodi
1617 4815 1982 4871 contentionis

393 4896 607 4975 sancta!
630 4905 884 4978 litigium,
914 4904 1146 4959 accessit
1176 4904 1292 4975 ipse
1312 4903 1504 4959 beatus
1531 4914 1742 4976 martyr
1783 4906 1834 4958 in
1868 4922 1980 4960 me-

394 5003 566 5066 dium,
581 4997 970 5068 etvenerandzc
988 4996 1176 5051 uxoris
1198 4992 1433 5064 querela:
1458 4993 1712 5063 imposuit
1737 4996 1973 5049 modum.

395 5095 464 5149 Et
486 5093 577 5162 qui
592 5101 819 5157 eatenus
842 5088 1019 5143 fuerat
1040 5088 1271 5143 materia
1293 5086 1661 5153 contentionis
1702 5096 1979 5156 sequester

393 5197 453 5238 et
477 5185 743 5239 mediator
772 5182 947 5236 lactus
974 5189 1057 5235 est
1090 5178 1261 5250 pacis.

415 5296 419 5299 λ
466 5274 575 5343 Sed
605 5274 730 5328 dum
762 5272 934 5335 vobis,
964 5266 1524 5333 fratres~cbarissimi,
1564 5266 1667 5321 ista
1713 5266 1973 5329 dicimus,

393 5365 523 5423 illud
549 5364 714 5425 etiam~
740 5364 808 5417 ad
847 5371 1082 5418 mentem
1114 5360 1389 5419 reducitur
1418 5359 1563 5430 quod
1610 5359 1972 5427 patriarcham

393 5454 504 5533 33
535 5453 703 5510 Jacob
734 5453 930 5519 fecisse
956 5452 1244 5522 Scriptura
1275 5465 1429 5505 sacra
1464 5457 1710 5505 testatur.
1757 5448 1976 5519 Legitur

389 5545 535 5601 enim
557 5541 702 5623 quia,
721 5557 841 5597 cum
860 5543 1296 5613 appropinquare
1320 5548 1572 5596 cerneret
1597 5540 1786 5594 mortis
1807 5540 1973 5604 diem,

390 5635 608 5693 vocavit
635 5633 804 5687 lilium
832 5649 985 5687 suum
1027 5632 1253 5702 Joscpb,
1283 5640 1340 5686 et
1369 5631 1504 5686 dixit
1545 5631 1612 5685 ad
1656 5644 1820 5686 eum:
1859 5648 1876 5681 ‹
1916 5630 1972 5686 Si

390 5727 573 5784 iuveni
602 5726 833 5795 gratiam
863 5726 917 5780 iu
948 5734 1237 5793 conspectu
1271 5732 1394 5790 tuo,
1448 5738 1588 5793 pone
1620 5739 1839 5777 manum
1872 5723 1972 5778 sub

2011 4491 2062 4551 D

2096 3248 2253 3319 cujus
2273 3251 2533 3319 sanguine
2561 3250 2703 3307 facta
2727 3261 2811 3317 est
2843 3254 3091 3314 remissio
3115 3265 3463 3326 peccatorum
3481 3257 3508 3310 ‘3
3554 3260 3687 3324 Quae

2097 3355 2226 3410 ergo
2251 3356 2415 3397 causa
2430 3341 2529 3396 fuit
2546 3352 2604 3397 ut
2621 3344 2933 3412 patriarcha
2949 3343 3117 3403 Jacoh
3133 3346 3457 3416 sepeliretur
3476 3348 3527 3401 in
3541 3347 3681 3403 Chao

2098 3445 2412 3485 nantcorum
2439 3441 2604 3498 terra,
2631 3434 2819 3488 eadem
2842 3433 2944 3488 fuit
2972 3444 3031 3489 ut
3071 3436 3265 3493 beatus,
3290 3437 3483 3491 Vilalis
3503 3438 3684 3506 sepul-

2095 3534 2247 3574 crum
2264 3521 2366 3575 sibi
2394 3521 2702 3591 specialiter
2729 3523 2955 3594 eligeret
2980 3524 3033 3580 in
3066 3525 3197 3582 urbe
3216 3526 3496 3581 Ravenna.
3527 3530 3683 3583 Sicut

2095 3613 2239 3666 enim
2264 3612 2354 3668 ille
2373 3628 2470 3684 per
2491 3615 2831 3685 sepulturam
2870 3617 2956 3672 sui
3004 3619 3268 3689 corporis,
3302 3620 3681 3676 remissionem

2094 3716 2441 3773 peccatorum
2472 3707 2527 3761 in
2556 3706 2663 3762 illis
2690 3709 2879 3764 mundi
2905 3709 3133 3777 fluibus,
3161 3713 3288 3783 quia
3320 3714 3393 3769 ibi
3419 3715 3682 3772 Dominus

2093 3802 2214 3849 erat
2235 3795 2656 3864 cruciﬁgendus,
2678 3798 3001 3870 signiﬁcavit
3027 3815 3150 3856 esse
3179 3803 3438 3868 futuram,
3475 3805 3551 3861 ita
3578 3805 3684 3860 iste

2095 3884 2237 3939 banc
2275 3885 2648 3942 felicissimam
2681 3891 2956 3945 urbemad
2981 3891 3237 3961 baptismi
3268 3898 3500 3964 gratiam
3529 3907 3584 3952 et
3607 3898 3677 3950 ad

2096 3976 2254 4032 bilem
2277 3978 2479 4035 Christi
2505 3982 2758 4054 cognovit
2779 3983 3039 4038 divinitus
3059 4000 3181 4040 esse
3209 3988 3534 4043 vocandum:
3722 4048 3733 4055 ,

2163 4071 2508 4142 Quapropter
2526 4075 2755 4129 obsecro
2784 4090 2878 4130 vos
2901 4085 2956 4130 et
2991 4078 3288 4145 admoneo,
3334 4080 3676 4138 dilectissimi

2091 4163 2314 4227 lratres,
2348 4174 2551 4219 tantam
2576 4167 2920 4237 dignitatem,
2945 4185 3104 4239 quam
3145 4173 3386 4242 gratuito
3420 4174 3514 4229 Dei
3556 4189 3681 4228 mu-

2091 4271 2219 4312 nere
2254 4259 2600 4329 suscepistis,
2647 4260 2865 4316 assidua
2912 4263 3264 4320 meditatione
3309 4267 3562 4333 recolite,
3618 4277 3679 4323 et

2088 4347 2279 4417 dignas
2322 4347 2800 4405 tantiS‘beueficiis
2838 4351 3044 4421 gratias
3078 4368 3185 4408 non
3221 4354 3393 4410 solum
3431 4372 3527 4411 ore
3586 4359 3676 4413 vel

2088 4441 2273 4507 corde,
2304 4441 2399 4496 sed
2435 4441 2597 4496 etiam
2651 4442 2828 4514 dignis
2882 4446 3139 4514 operibus
3195 4447 3398 4503 referre
3449 4461 3669 4516 curate,

2087 4531 2328 4588 dicentes
2351 4546 2566 4602 semper
2609 4547 2730 4586 cum
2780 4532 3050 4604 Propheta
3086 4554 3100 4591 :
3138 4555 3157 4586 c
3195 4536 3334 4603 Quid
3371 4541 3671 4595 retribuam

2089 4623 2339 4688 Domino,
2361 4639 2459 4692 pro
2483 4624 2735 4680 omnibus
2768 4641 2890 4696 qua:
2929 4630 3183 4685 retribuit
3208 4631 3384 4686 mihi?
3429 4632 3669 4690 Calicem

2086 4713 2341 4769 salutaris
2367 4714 2655 4785 accipiam,
2682 4726 2737 4769 et
2762 4732 2959 4774 nomen
2981 4720 3190 4775 Domini
3216 4722 3667 4796 invocabo(Psal.

2084 4807 2228 4879 ειν).
2253 4827 2270 4859 ι
2294 4805 2721 4865 Norrabborreat
2738 4822 3132 4869 momentaneae
3145 4816 3381 4885 potionis
3404 4819 3673 4874 amaritu-

2085 4897 2265 4952 dinem
2291 4896 2477 4953 hibere
2507 4899 2600 4969 qui
2632 4901 2698 4955 ad
2737 4913 3012 4973 perpetuae
3047 4905 3434 4975 incolumitatis
3475 4909 3667 4965 dulce-

2084 4990 2262 5067 dinem
2297 4989 2568 5045 desiderat
2611 4995 2918 5063 pervenire.
2963 4996 3066 5063 Qui
3116 4997 3229 5051 vult
3275 5000 3474 5054 ascribi
3524 5002 3660 5056 inter

2085 5081 2284 5136 milites
2309 5079 2511 5137 Christi
2546 5070 2691 5138 nunc
2718 5100 2779 5140 se
2822 5086 3071 5159 accingat
3103 5088 3336 5144 viriliter
3362 5090 3429 5156 ad
3476 5091 3671 5146 coidli-

2085 5181 2250 5236 ctum,
2268 5182 2325 5226 ut
2341 5183 2462 5243 post
2485 5187 2760 5244 peractam
2779 5179 3058 5233 victoriam
3076 5181 3187 5250 jam
3210 5182 3471 5247 emeritus
3492 5184 3669 5240 beata

2083 5265 2282 5335 quietis
2309 5266 2541 5335 accipiat
2572 5270 2945 5340 municipium.
2978 5258 3131 5326 Nunc
3155 5288 3213 5328 se
3241 5286 3506 5345 praeparet
3534 5291 3665 5331 con~

2083 5354 2328 5429 gredi,ut
2348 5356 2543 5410 merito
2564 5358 2741 5413 valeat
2764 5371 2884 5431 post
2903 5364 3189 5418 victoriam
3210 5366 3481 5421 coronari.
3502 5385 3522 5419 α
3543 5367 3663 5423 Non

2083 5448 2229 5524 enim
2307 5450 2687 5514 corenabitur,
2749 5454 2855 5507 nisi
2911 5457 3003 5524 qui
3069 5457 3312 5528 legitime
3368 5462 3665 5525 certaverit

2083 5535 2169 5607 (ΙΙ
2200 5536 2337 5592 Tim.
2370 5538 2452 5605 ιι).
2481 5557 2499 5591 ο
2536 5537 2671 5593 Nam
2701 5540 2962 5599 delicatus
2991 5555 3074 5604 est
3099 5547 3253 5603 miles
3275 5549 3366 5618 qui
3398 5559 3523 5604 ante
3548 5551 3665 5607 vult

2083 5630 2299 5683 vincere
2319 5644 2481 5699 quam
2504 5629 2730 5700 incipiat
2750 5632 3040 5700 dimicare,
3059 5638 3151 5707 qui
3181 5639 3292 5692 vult
3332 5639 3450 5695 sine
3480 5656 3663 5711 pugna

2082 5719 2387 5787 victoriam,
2411 5731 2504 5776 aut
2529 5719 2642 5793 84
2667 5720 2783 5778 sine
2813 5724 3038 5784 victoria
3059 5728 3278 5784 anhelat
3308 5731 3375 5785 ad
3398 5730 3635 5802 palmam
