4070 6198
405 320 508 375 593

1771 315 2003 372 διςιωίο
2041 319 2176 374 XVII
2211 322 2285 374 bis

3573 312 3668 370 59l

401 435 542 500 Non,
577 434 793 500 fratres,
824 439 930 487 non
967 437 1144 502 potest
1172 430 1286 488 lteri
1321 440 1378 487 ut
1415 432 1480 487 ad
1525 437 1715 504 magna
1759 434 1977 503 prmtnia
2013 433 2054 501 Α
2083 434 2210 486 lilia-
2260 433 2466 500 antiqui
2522 430 2690 486 hostis
2727 429 2937 496 obviat,
2977 439 3032 484 ut
3069 430 3356 499 aliquando
3394 445 3485 484 eos
3513 429 3675 486 etiam

404 525 772 597 perveniatur,
800 524 899 579 nisi
926 539 1021 594 per
1045 525 1270 592 magnas
1295 522 1527 577 labores.
1549 521 1697 576 Sirut
1721 523 1864 576 enim
1888 531 1985 592 per

403 611 719 687 Apost‘olum
746 612 947 671 dicitur
973 633 985 669 :
1021 631 1038 667 α
1063 613 1165 669 Per
1195 614 1392 668 nmlias
1422 615 1800 669 tribulationes
1826 621 1986 684 opor-

405 711 481 764 tt-it
505 717 607 762 uos
628 707 835 777 ingredi
865 707 918 761 in
951 711 1170 776 regnum
1201 707 1293 760 Dei
1317 705 1453 777 (Act.
1483 706 1617 775 xtv).
1651 727 1669 757 ι
1698 706 1848 762 Unde
1869 707 1983 775 ipsa

407 791 618 856 Veritas
649 790 816 854 dicit:
846 817 864 850 ι
892 799 937 852 Α
967 809 1206 868 tempore
1236 797 1456 852 Joannis
1483 793 1738 866 Baptistae
1767 802 1985 868 regnum

409 885 500 940 Dei
529 887 636 940 irim
663 887 887 957 patitur,
907 896 963 942 'et
978 887 1191 941 violenti
1211 887 1425 954 rapiunt
1449 885 1576 940 illud
1601 884 1816 957 (Matth.
1840 887 1933 956 it).
1963 905 1980 935 ι

477 967 690 1032 Caduca
727 991 856 1046 ergo
897 977 1076 1031 saeculi
1128 976 1309 1045 hujus,
1357 973 1553 1031 fratres
1595 977 1736 1042 mei,
1777 976 1982 1032 blandi-

405 1073 584 1121 menta
608 1059 971 1137 despisite,ad
995 1067 1230 1123 crelestis
1256 1068 1440 1136 patriae
1459 1067 1650 1135 gaudia
1675 1067 1988 1121 medullitus

404 1159 677 1224 anhelate,
710 1160 891 1214 carnis
919 1160 1186 1215 incentiva
1219 1159 1527 1228 rept'imitc,
1565 1159 1816 1212 mandata
1849 1158 1942 1212 Dei
1969 1201 1982 1222 ,

404 1251 522 1317 qua:
549 1268 679 1309 auro
708 1251 1003 1320 pe'rcipitis,
1025 1250 1276 1320 operibus
1323 1249 1641 1318 adintpicte;
1692 1249 1760 1303 ab
1804 1265 1988 1304 amore

405 1340 497 1394 Dei
530 1340 674 1394 nulla
699 1355 795 1394 vos
830 1341 1013 1395 mundi
1045 1341 1374 1411 prosperitas
1409 1340 1678 1405 retrahat,
1720 1329 1864 1393 nulla
1893 1355 1988 1394 vos

404 1431 704 1488 alvcrsitas
754 1421 986 1502 frangat,
1057 1447 1161 1487 non
1216 1435 1413 1501 corpus
1470 1439 1710 1484 vestrum
1777 1429 1986 1484 luxuria

403 1518 624 1588 polluat,
652 1528 757 1575 non
784 1523 996 1576 ittviliae
1021 1522 1233 1576 ﬁnitima
1253 1529 1555 1586 consumat,
1576 1524 1680 1575 non
1704 1521 1799 1576 vos
1825 1521 1989 1576 elatio

405 1612 573 1677 inﬂet,
606 1629 710 1667 non
744 1622 1083 1668 terrenarum
1117 1627 1295 1668 rerum
1325 1614 1592 1684 cupiditas
1619 1619 1846 1684 gravet,
1883 1629 1988 1666 non

402 1717 498 1756 vos
523 1703 591 1756 ab
623 1712 807 1757 amore
836 1704 1063 1772 proximi
1116 1701 1391 1758 iracundia
1447 1703 1686 1769 dividat,
1741 1708 1847 1758 non
1896 1701 1989 1757 vos

2088 539 2222 594 quos
2245 523 2356 589 jam
2391 523 2532 592 cepit
2557 524 2795 585 amittat,
2823 529 2876 577 et
2907 523 3066 591 quasi
3095 521 3160 576 ab
3189 537 3282 576 ore
3313 521 3451 575 illius
3479 520 3680 576 cadunt

2087 617 2176 684 qui
2211 624 2327 684 post
2352 624 2690 684 perpetratas
2720 613 2906 682 culpas
2944 612 3009 665 ad
3040 611 3400 666 innocentiam
3431 611 3675 665 redeunt.

2088 705 2219 769 Quis
2247 706 2415 768 enim,
2453 720 2548 759 ore
2599 705 2741 758 illius
2787 703 2954 758 semel
3001 713 3212 773 captus,
3260 703 3534 757 maxillam
3562 701 3680 771 ejus

2086 797 2363 861 evaderet,
2401 799 2443 851 si
2478 797 2758 866 perforata
2810 809 2914 851 non
2951 798 3135 850 esset?
3187 796 3264 850 An
3315 811 3419 849 nou
3461 796 3677 850 beatum

2090 886 2397 942 Ursicinum
2421 897 2547 942 tun‘c
2579 889 2886 953 momordit,
2919 895 3038 942 cum
3069 897 3189 958 post
3213 889 3379 941 nimia
3411 897 3676 942 tormenta

2088 975 2358 1031 carnificis
2389 977 2620 1048 gladium
2666 978 3008 1032 formidavit?
3039 980 3116 1032 An
3162 995 3268 1032 non
3310 979 3457 1031 illum
3491 979 3543 1030 in
3583 995 3680 1031 ore

2089 1069 2153 1120 ad
2183 1068 2398 1136 plenum
2433 1071 2625 1135 tenuit,
2657 1072 2871 1140 quando
2905 1072 3058 1126 idolis
3104 1072 3412 1126 sacriticare
3446 1083 3679 1126 censen-

2088 1160 2199 1213 sit?
2230 1159 2356 1226 Sed,
2399 1161 2525 1216 dum
2567 1177 2663 1232 per
2704 1165 3138 1218 exhortationem
3187 1164 3376 1218 Vitalis
3406 1164 3679 1234 gloriosis-

2088 1249 2209 1303 simi
2249 1251 2503 1320 martyris
2552 1253 2618 1304 ad
2649 1253 2810 1305 vitam
2833 1254 3017 1318 .rediit,
3051 1253 3344 1308 Leviathan
3393 1257 3492 1308 iste
3551 1269 3675 1308 cum

2089 1339 2269 1408 aliquo
2295 1342 2452 1395 modo
2485 1343 2639 1410 quasi
2671 1358 2765 1411 per
2792 1345 3023 1398 maxillae
3049 1362 3160 1400 sum
3198 1346 3438 1399 foramen
3472 1346 3676 1401 amisit.

2086 1433 2241 1487 Sicut
2278 1433 2419 1487 enim
2463 1435 2512 1488 in
2560 1445 2747 1490 sancta
2780 1443 3051 1504 gestorum
3100 1438 3241 1491 illius
3291 1447 3549 1491 narratur
3595 1439 3678 1491 iti-

2083 1525 2277 1588 storia,
2317 1535 2441 1579 eum
2487 1534 2609 1595 post
2660 1525 2824 1580 nimia
2879 1535 3141 1581 tormenta
3191 1527 3536 1582 decollandus
3590 1541 3680 1580 ve-

2086 1616 2257 1668 nisset
2287 1603 2567 1670 Ursicinus
2611 1617 2676 1669 at!
2707 1617 2957 1685 palmam,
3005 1618 3240 1687 expavit,
3275 1627 3329 1670 et
3359 1619 3484 1672 dum
3519 1617 3680 1671 vellet

2087 1707 2338 1770 cvadere,
2368 1707 2689 1761 exclamavit
2718 1707 2925 1767 Vitaiis.
2956 1709 3177 1764 dieens:
3224 1709 3364 1773 Noli,
3397 1709 3530 1774 noli,
3573 1708 3678 1764 Ur-

403 1799 694 1861 pravorum
765 1793 908 1848 vitiis
978 1794 1195 1850 dilectio
1268 1796 1574 1850 inordinata
1643 1795 1935 1866 conjungat
1967 1811 1981 1858 ;
2016 1786 2059 1856 i3
2087 1796 2258 1851 sicine
2283 1797 2508 1859 medice,
2540 1798 2630 1866 qui
2660 1799 2793 1852 alios
2819 1815 3010 1854 curare
3041 1801 3390 1862 consuevisli,
3425 1810 3476 1856 te
3503 1801 3676 1870 ipsum

405 1891 674 1939 transacta
703 1882 842 1938 mala
892 1885 1069 1955 dig’nt'e
1116 1887 1446 1955 pceititentite
1494 1886 1707 1942 ﬂetibus
1757 1887 1984 1955 tergite,

403 1975 740 2032 imminentia
772 1987 902 2032 vero
931 1974 1090 2031 cauta
1117 1980 1429 2047 protisione
1458 1977 1622 2033 vitate
1641 2020 1656 2044 ,
1701 1989 1986 2032 venturum

404 2067 699 2123 terribilem
729 2064 972 2123 iudicem
1002 2073 1128 2122 ante
1157 2071 1354 2124 utentis
1391 2069 1577 2124 oculos
1613 2071 1797 2140 ponite
1817 2113 1831 2133 ,
1881 2071 1988 2124 dis-

404 2160 546 2214 tricti
575 2160 841 2214 examinis
871 2161 1196 2215 sententiam
1229 2161 1420 2230 trepidi
1445 2160 1764 2224 formidate,
1797 2171 1988 2231 quales

401 2252 534 2313 nas,
564 2263 723 2319 quem
756 2262 898 2305 nunc
936 2254 1223 2304 venturum
1261 2259 1566 2306 metuentes
1589 2292 1603 2314 ,
1637 2250 1991 2306 humanitatis

401 2339 518 2408 ejus
547 2355 766 2396 crucem
816 2342 1054 2410 bajulare
1103 2343 1380 2412 satagitis,
1434 2342 1487 2396 in
1536 2342 1834 2412 maiestatis
1881 2359 1992 2398 sute

404 2432 574 2500 gloria
637 2435 978 2500 postmodum
1046 2435 1352 2490 venientem
1422 2435 1598 2490 'securi
1663 2438 1718 2490 et
1779 2424 1990 2490 alacres

405 2523 634 2579 videritis
654 2524 836 2580 Jcsum
859 2525 1134 2581 Christum
1161 2527 1447 2581 Dominum
1471 2529 1842 2596 nostrum,qui
1867 2543 1988 2582 cum

406 2615 566 2670 Patre
601 2626 655 2672 et
692 2616 898 2687 Spiritu
930 2627 1120 2674 sancto
1149 2618 1279 2672 vivit
1304 2627 1358 2674 et
1385 2621 1572 2691 regnat
1597 2619 1649 2673 in
1677 2619 1874 2675 saecula”
1908 2624 1991 2674 Se—

402 2707 672 2763 cvdorum.
697 2711 890 2764 Amen.

917 2798 1149 2856 SERMO
1191 2799 1329 2855 XVII
1361 2801 1456 2855 bis.

491 2893 548 2945 ii.
591 2894 657 2945 be
696 2892 900 2948 'satvcvo
939 2901 1134 2948 vluti-2
1177 2897 1447 2949 auarus.
1493 2896 1690 2966 (xt'tvm
1734 2894 1880 2963 seu.)

479 2977 557 3035 Ad
587 2970 873 3049 pulchrum
915 2983 1078 3038 nimis
1100 2985 1466 3053 spectaculum
1496 2992 1550 3037 et
1585 2984 1904 3039 delectabile
1926 2985 1992 3038 ad

411 3071 721 3139 "videndum,
766 3072 966 3128 fratres
1010 3075 1352 3140 charissimi,
1403 3074 1662 3129 hodierna
1704 3066 1992 3129 festivitate

2091 1895 2307 1940 atterunt
2333 1888 2522 1941 mortis
2544 1887 2726 1955 jaculo
2755 1889 3065 1955 vulnerare;
3091 1901 3145 1944 et
3167 1891 3256 1959 qui
3287 1905 3381 1958 per
3403 1891 3680 1959 passiones

2093 1977 2286 2031 nimias
2322 1978 2516 2032 venisti
2563 1979 2632 2032 ad
2677 1979 2933 2048 palmam,
2987 1997 3056 2034 ne
3095 1983 3295 2049 perdas
3342 1990 3596 2036 Coronam
3645 1999 3679 2034 «a

2089 2070 2319 2124 Domino
2349 2071 2443 2125 tibi
2471 2076 2739 2140 paratam.
2765 2072 2811 2128 Ο
2842 2074 3103 2128 mirabilis
3123 2075 3326 2128 Christi
3358 2075 3534 2140 miles,
3567 2076 3681 2142 qui,

2091 2159 2218 2212 dum
2242 2160 2421 2214 adhuc
2452 2171 2679 2218 terrena:
2709 2163 2912 2218 militia:
2943 2164 3110 2217 armis
3147 2165 3470 2234 accingitur,
3498 2166 3681 2219 divino

2093 2247 2459 2304 inﬂammante
2485 2250 2715 2321 Spiritu,
2747 2263 2968 2322 repente
2995 2255 3063 2307 ad
3094 2254 3374 2322 spirituaie
3399 2264 3675 2308 certamen

2094 2341 2331 2397 fervidus
2370 2344 2676 2398 animatur!
2713 2345 2757 2400 Ο
2786 2361 2955 2400 novus
2978 2345 3030 2400 et
3070 2345 3506 2417 incotnparabiiis
3556 2348 3680 2410 tiro,

2092 2431 2206 2500 qui,
2254 2433 2304 2486 in
2355 2433 2472 2502 ipso
2513 2434 2745 2489 tirocinii
2775 2437 2858 2489 sui
2891 2435 3044 2491 initio
3087 2435 3679 2493 mediasfrementium

2091 2522 2329 2574 hostium
2375 2532 2622 2578 catervas
2673 2525 2998 2594 irrumpens,
3054 2526 3105 2578 in
3168 2527 3339 2596 ipsum
3392 2536 3677 2597 tyrannum

2092 2611 2489 2680 imperterritus
2518 2614 2695 2678 irruit,
2744 2623 2797 2669 et
2837 2616 3255 2671 commilitonem
3285 2619 3442 2671 suum
3484 2618 3549 2671 de
3584 2617 3684 2671 sub

2095 2702 2223 2770 ipsis
2257 2705 2639 2759 trucidantium
2680 2706 2872 2776 gladiis
2908 2707 3155 2761 liberavit
3183 2707 3196 2760 !
3223 2708 3421 2762 Doctus
3465 2717 3519 2761 et
3568 2703 3679 2761 l'er-

2094 2795 2440 2849 ventissimus
2482 2796 2636 2850 mil-as
2675 2796 2899 2862 Christi,
2947 2797 2997 2851 in
3042 2798 3250 2852 hostem
3303 2798 3560 2867 impetum
3607 2798 3684 2850 fa-

2093 2884 2260 2949 ciens,
2296 2885 2488 2954 rcpulit
2519 2886 2894 2954 captivum,ad
2917 2902 2975 2942 se
3005 2889 3207 2941 socium
3235 2889 3415 2950 traxit,
3445 2897 3498 2942 et
3521 2887 3686 2941 detri-

2094 2982 2332 3028 tncntum
2363 2991 2472 3029 suae
2505 2976 2706 3029 militic
2736 2978 2984 3032 restituto
3013 2978 3182 3031 milite
3219 2979 3506 3046 reparavit.

2168 3062 2526 3119 Considerate
2581 3065 2743 3130 libet,
2801 3065 2998 3121 fratres
3047 3067 3389 3132 charissimi,
3451 3076 3684 3122 mentem

405 3162 784 3228 tonvcnimns,
811 3172 866 3218 et
896 3163 1268 3218 admirabilem
1297 3163 1639 3234 triumphalis
1667 3179 1855 3233 pugna:
1884 3163 1992 3218 vic-
2021 3153 2064 3214 C
2096 3155 2240 3210 beati
2285 3155 2471 3209 Vitalis
2518 3166 2753 3225 quantus
2801 3157 2964 3211 ardor
3010 3157 3293 3212 charitatis
3340 3157 3682 3225 accenderat,

409 3251 604 3306 loriam
637 3249 808 3307 oculis
827 3251 948 3308 fidei
973 3253 1318 3323 contemplati
1349 3270 1555 3309 sumus.
1585 3252 1827 3308 Vidimus
1848 3254 1990 3308 enim

409 3342 692 3412 antiquum
718 3342 1008 3399 draconem
1038 3361 1162 3400 cum
1189 3346 1412 3401 homine
1445 3347 1732 3414 congredi;
1766 3346 1997 3400 vidimus

408 3431 735 3486 venenosam
798 3433 1118 3489 civilitatem
1176 3435 1413 3489 melioris
1475 3435 1742 3504 serpentis
1796 3437 1992 3489 astutia

407 3525 691 3593 superari;
729 3525 962 3580 vidimus
1001 3527 1150 3580 illum
1205 3528 1296 3597 qui
1354 3528 1571 3582 vincere
1597 3535 1992 3590 consueverat,

409 3618 686 3672 enervltcr
734 3619 965 3679 cedere:
1011 3619 1245 3675 vidimus
1277 3635 1398 3675 eum
1450 3620 1542 3690 qui
1579 3621 1882 3689 prostratus
1905 3617 1990 3685 ja-

407 3715 616 3772 t'ucrat,
641 3710 845 3780 ereptis
872 3710 1060 3780 spoliis
1087 3712 1153 3766 de
1179 3711 1503 3780 trimnphato
1527 3711 1683 3766 hoste
1709 3710 1990 3763 victoriam

406 3813 709 3872 reportare.
752 3805 900 3859 illinc
937 3806 1316 3875 perspeitimns
1345 3804 1648 3873 rugientem
1687 3801 1898 3856 leonem
1937 3802 2014 3854 in”

404 3890 610 3949 Christi
635 3905 848 3967 gregem
874 3897 1184 3951 immaniter
1205 3895 1467 3961 fremere;
1488 3895 1615 3950 hinc
1635 3911 1768 3950 vero
1795 3903 1990 3949 novum

407 3982 577 4038 David
607 3994 814 4055 raptam
842 4001 996 4042 ovem
1033 3987 1098 4040 dc
1125 3988 1366 4041 cruentis
1395 3986 1693 4040 avidissimi
1727 3986 1994 4054 przedonis

405 4074 660 4132 dentibus
718 4077 968 4133 liberare.
1037 4073 1130 4134 ille
1192 4079 1458 4148 siquidem
1519 4078 1688 4132 aridis
1748 4077 1993 4134 faucibus

407 4165 629 4222 inhians
661 4171 958 4225 humanum
986 4172 1307 4241 sanguinem
1336 4171 1650 4232 sitiebat,et
1681 4181 1867 4240 aperto
1881 4173 1993 4227 sua:

407 4260 630 4314 malitiae
653 4271 871 4330 gutture
892 4278 1047 4318 ovem
1071 4248 1272 4318 Christi
1299 4263 1564 4334 deglutire
1582 4261 1694 4331 jam
1723 4273 1986 4332 coeperat;

406 4348 510 4404 iste
553 4348 690 4405 'v‘ero
748 4351 926 4422 gladio
977 4354 1238 4423 spiritus,
1289 4354 1432 4423 quod
1482 4362 1565 4408 est
1612 4353 1837 4408 verbum
1897 4354 1989 4409 Dei

407 4440 628 4509 (lt‘pltes.
663 4442 901 4512 vt),cjns
948 4459 1042 4497 ora
1097 4443 1443 4513 transﬁgens,
1491 4449 1701 4512 captam
1755 4443 2040 4513 praedam;

408 4531 674 4586 violenter
698 4534 897 4604 eripuit
919 4541 974 4590 et
995 4547 1090 4604 per
1115 4511 1380 4600 foramen,
1405 4511 1626 4603 quodin
1655 4533 1869 4586 makilla
1893 4534 1993 4588 Le-
2021 4511 2070 4570 Β

411 4621 633 4676 viathan
675 4623 913 4689 fecerat,
947 4624 1014 4678 ab
1039 4626 1155 4693 ipSo
1195 4637 1333 4695 pene
1388 4623 1580 4678 mortis
1627 4621 1887 4677 barathro
1925 4625 1991 4678 ad

409 4713 534 4766 vita:
565 4720 763 4784 pascua
799 4717 1090 4771 revocavit.
1132 4715 1286 4771 Unde
1334 4707 1470 4769 bene
1517 4711 1583 4767 atl
1623 4711 1843 4766 beatum
1891 4711 1992 4767 Job

410 4807 542 4857 voce
573 4805 852 4860 Dominica
888 4806 1127 4861 dicitur:
1165 4821 1184 4856 ς
1223 4799 1474 4874 Nunquid
1503 4803 1712 4856 armilla
1743 4801 1991 4871 perfora-

409 4893 491 4947 bis
524 4895 797 4950 maitiilam
825 4894 1165 4951 Leviath‘an?
1194 4897 1315 4966 (Job
1339 4893 1450 4964 χι.)
1482 4914 1500 4946 ι
1548 4890 1654 4948 Per
1695 4888 1990 4946 Leviathan

408 4986 632 5056 quippe,
665 4988 756 5056 qui
788 4988 1203 5042 additamentum
1231 4993 1408 5042 eorum
1434 4986 1651 5050 dicitur,
1683 4995 1876 5040 cautus
1904 4983 1994 5038 ille

409 5079 706 5133 devoratur
744 5067 964 5135 humani
1000 5081 1213 5150 generis
1253 5080 1592 5150 designatur,
1630 5078 1744 5148 qui,
1769 5079 1895 5133 dum
1937 5079 1996 5132 Se

410 5159 753 5226 divinitatem
777 5172 980 5227 homini
1014 5172 1214 5228 addere
1245 5168 1568 5243 spopondit,
1613 5168 1996 5225 immortalita—

411 5263 519 5314 teni
557 5261 808 5328 snstulit;
853 5264 943 5333 qui
972 5263 1440 5332 prievaricationis
1476 5275 1692 5333 quoque
1741 5259 1952 5331 culpam
1981 5300 1995 5325 ,

410 5355 572 5418 quam
601 5352 778 5420 primo
817 5353 1022 5408 homini
1047 5353 1372 5425 propinavit,
1399 5353 1525 5408 dum
1552 5367 1610 5407 se
1639 5351 1995 5421 sequentibus

410 5439 650 5508 pessima
699 5442 1054 5510 persuasione
1106 5443 1461 5513 multiplicat,
1519 5456 1710 5511 pinnas
1755 5441 1834 5495 eis
1881 5441 1998 5497 sine

411 5531 716 5587 cessatione
801 5536 1108 5590 eoaeervat.
1191 5529 1415 5589 Armilla
1495 5532 1661 5602 igitur
1739 5531 1998 5587 Dominus

413 5638 511 5687 per
578 5617 782 5679 eiectus
843 5641 970 5680 suos
1029 5625 1300 5680 maxillam
1357 5624 1657 5680 Leviathan
1716 5621 1996 5694 perforat,

412 5711 522 5787 85
561 5721 686 5787 quia
735 5720 986 5776 inetfabili
1039 5720 1424 5776 misericordia:
1470 5734 1580 5775 sua!
1623 5718 1858 5789 potentia
1890 5733 2000 5770 ma-

2098 3249 2210 3317 qui,
2238 3258 2293 3302 ut
2333 3247 2586 3303 fraternae
2610 3248 2768 3303 saluti
2803 3249 3134 3314 consuleret,
3170 3250 3386 3304 sibimet
3412 3249 3512 3318 ipsi
3539 3249 3680 3320 peri-

2098 3340 2276 3394 culum
2318 3356 2423 3394 non
2475 3341 2720 3394 timebat.
2753 3341 2939 3396 Balteo
2973 3343 3236 3410 siquidem
3271 3342 3490 3395 militari
3541 3358 3678 3410 prte-

2097 3433 2324 3494 cinctus.
2379 3433 2542 3487 claris
2591 3433 2795 3486 militiae
2835 3433 3001 3486 titulis
3030 3434 3333 3504 insignitus,
3385 3432 3439 3486 in
3485 3432 3678 3487 ordine

2096 3526 2337 3594 equitum
2393 3526 2646 3595 scriptus,
2679 3524 2964 3597 chlamyde
3012 3525 3203 3580 bellica
3254 3523 3571 3590 decoratus,
3617 3525 3684 3578 de

2097 3617 2386 3686 semetipso
2423 3617 2678 3670 manebat
2719 3618 2939 3670 oumiuo
2981 3631 3225 3672 securus.
3283 3615 3393 3672 Sed
3433 3616 3684 3670 cnm’vi-

2096 3706 2249 3759 deret
2290 3705 2563 3760 interioris
2595 3707 2796 3759 militim
2828 3709 3034 3761 socimn
3067 3706 3120 3760 in
3164 3707 3518 3760 teut-alienum
3543 3705 3683 3760 bello

2095 3799 2492 3869 deprehensum
2538 3798 2638 3853 sub
2685 3798 2952 3868 ingruenti
2997 3797 3225 3853 telorum
3275 3798 3534 3867 grandine
3569 3797 3682 3866 jam

2095 3889 2348 3954 deiicere,
2393 3898 2450 3944 et
2492 3889 2693 3943 amisso
2737 3888 3010 3956 patientia:
3055 3887 3242 3959 clypeo
3290 3900 3452 3958 super
3482 3887 3684 3941 nudmn

2094 3979 2320 4034 hostiles
2354 3977 2559 4048 gladios
2589 3958 2893 4038 imntinere,
2927 3958 3173 4048 protinus
3204 3978 3256 4030 in
3290 3975 3522 4031 medium
3558 3990 3686 4046 pro-

2095 4071 2227 4134 silit,
2258 4079 2313 4124 et
2343 4071 2693 4139 semetipsum
2722 4069 2964 4138 periculo
2991 4068 3181 4123 mortis
3205 4066 3423 4135 objecit,
3442 4065 3686 4120 imitatus

2095 4163 2476 4232 imperatorem
2515 4176 2696 4218 suum.
2742 4160 2993 4214 videlicet
3037 4159 3257 4213 humani
3309 4156 3527 4229 generis
3579 4154 3684 4208 Re-

2093 4256 2452 4325 demptorcm,
2476 4253 2589 4324 qui,
2620 4261 2677 4306 ut
2707 4266 2803 4306 nos
2833 4253 3154 4312 viveremus,
3189 4259 3417 4305 mortem
3446 4248 3684 4318 pertu-it,

2092 4357 2167 4412 et,
2217 4353 2276 4400 ut
2314 4360 2412 4400 nos
2441 4345 2506 4400 de
2547 4345 2679 4412 iugo
2713 4344 2995 4398 diabolica:
3029 4342 3309 4411 potestatis
3350 4340 3606 4409 eriperet,
3655 4355 3683 4390 a

2094 4437 2357 4492 membris
2379 4433 2576 4491 diaboli
2605 4449 2662 4489 se
2685 4434 2926 4503 cruciﬁgi
2955 4432 3217 4501 permisit.
3245 4432 3444 4484 Aderat
3468 4428 3683 4497 quidem

2095 4541 2326 4596 corpore
2375 4526 2429 4580 in
2482 4524 2745 4592 obsequio
2793 4522 3120 4586 consularis,
3176 4531 3354 4574 mente
3401 4533 3530 4572 vero
3573 4517 3683 4586 jam

2098 4615 2389 4672 "transierat
2427 4615 2493 4669 ad
2525 4613 2772 4667 militiam
2811 4610 3103 4666 Creatoris.
3137 4608 3450 4677 Accipit-bat
3493 4606 3562 4660 ab
3597 4603 3688 4657 illo

2097 4707 2381 4780 przesentis
2410 4706 2534 4760 vita:
2562 4703 2911 4775 stipendium,
2942 4701 3288 4771 exspectabat
3324 4698 3392 4753 ab
3431 4699 3530 4752 isto
3560 4710 3684 4765 pcr-

2097 4811 2318 4872 petuum
2355 4800 2550 4854 futura:
2587 4796 2941 4852 beatitudinis
2974 4786 3383 4862 municipatum.
3413 4787 3686 4857 Suscipie-

2101 4894 2190 4947 bat
2238 4891 2306 4946 ab
2340 4889 2431 4945 illo
2462 4887 2796 4951 donativum,
2837 4884 2983 4956 quod
3030 4880 3401 4952 temporaliter
3432 4876 3682 4938 videbat;

2097 4983 2353 5053 sperabat
2395 4982 2462 5036 ab
2507 4980 2609 5035 ism
2651 4977 2923 5043 brat-ium,
2966 4975 3108 5045 quod
3156 4972 3380 5026 necdum
3429 4979 3688 5039 percurso

2097 5073 2272 5128 stadio
2311 5072 2495 5127 videre
2526 5076 2631 5126 non
2672 5073 2883 5140 poterat
2916 5107 2932 5134 ,
2983 5066 3169 5120 dicens
3213 5075 3338 5118 eum
3383 5058 3684 5130 Apostolo:

2103 5183 2121 5216 ι
2159 5156 2276 5217 Non
2299 5160 2790 5231 contempiantibus
2813 5158 2968 5213 nobis
2991 5161 3112 5228 quae
3137 5156 3408 5209 videntur.
3433 5151 3538 5206 Sed
3566 5165 3687 5220 quae

2099 5253 2351 5307 videntur
2381 5249 2696 5319 temporalia
2727 5259 2872 5313 sunt,
2907 5263 3026 5318 qute
3065 5255 3245 5300 autem
3292 5256 3398 5297 non
3436 5241 3691 5314 videntur

2099 5355 2298 5399 acterna
2348 5351 2475 5398 sunt
2501 5339 2581 5413 (11
2617 5341 2740 5397 Cor.
2770 5344 2865 5412 tv).
2901 5361 2920 5392 ι
2951 5327 3250 5394 Exhib'chat
3280 5328 3352 5390 illi
3387 5332 3546 5390 cilicii
3583 5335 3688 5387 mi-

2100 5438 2274 5492 litaris
2303 5437 2661 5505 obscquitun;
2699 5433 2954 5489 srrvabat
2993 5430 3082 5486 isti
3130 5427 3403 5484 immobile
3433 5426 3690 5495 perfecta:

2104 5529 2223 5584 lidci
2251 5525 2676 5590 fundamentum,
2702 5523 3010 5579 custodiens
3027 5517 3136 5591 jam
3156 5519 3533 5591 Evangelicum
3548 5517 3698 5573 illud:

2108 5639 2124 5670 α
2180 5618 2405 5674 llcddite
2433 5631 2551 5688 quze
2578 5627 2701 5672 sunt
2735 5617 2987 5682 Gtt-saris,
3028 5613 3268 5680 Cmsar’i;
3311 5617 3365 5668 et
3404 5627 3524 5681 qme
3561 5616 3690 5662 sunt

2107 5713 2221 5779 Dei,
2262 5713 2370 5770 Dco
2411 5711 2558 5782 (Luc.
2597 5709 2706 5780 xx).
2748 5730 2764 5762 ι
2801 5706 2846 5764 Ο
2876 5724 3036 5777 quam
3080 5706 3270 5761 cl'licax
3317 5713 3370 5757 et
3415 5703 3530 5754 viva
3586 5713 3685 5748 vox
