4070 6198
404 312 514 373 ’593

944 310 1002 363 S.
1042 310 1244 363 PETRI
1288 304 1567 361 DAMIANI
1605 302 1755 358 OPI’.
1798 297 1975 354 PARS
2016 295 2147 353 SEU
2198 297 2432 353 TOMUS
2460 298 2522 353 il.
2563 328 2632 337 —
2665 295 3049 354 SERMONES.

3555 295 3656 353 596

394 430 475 483 ‘tle
516 424 634 495 ejus
660 439 755 479 ore
790 431 914 479 tunc
958 421 1186 491 prodiit!
1242 433 1402 488 quam
1451 416 1655 471 fervida
1705 411 1983 469 cbaritatis
2010 415 2058 472 Α
2087 409 2269 474 verbo,
2309 410 2439 482 fugit
2475 409 2651 475 Elius;
2691 418 2747 464 et
2786 408 2940 480 fugit,
2973 423 3077 462 non
3115 422 3242 473 uno,
3275 420 3380 462 non
3423 407 3656 468 duobus.

398 517 522 588 ‘86
551 515 763 570 ﬂamma
788 514 853 567 de
874 520 1130 580 vaporato
1155 507 1272 576 ejus
1299 516 1515 577 pectore
1534 503 1808 560 aestuavit!
1844 500 1982 567 Noli,

394 607 545 673 'noli,
588 605 777 675 inquit,
812 602 1058 659 Ursicine
1086 601 1311 663 medice,
1341 598 1430 668 qui
1461 596 1593 651 alios
1632 608 1821 648 curare
1858 607 1985 647 cou-

410 694 657 759 suevisti,
691 704 742 747 te
774 693 947 762 ipsum
981 700 1196 745 teternze
1240 688 1429 743 mortis
1454 686 1636 755 jaculo
1678 684 1979 739 vulnerare.

411 785 522 840 Nec
554 785 607 839 in
640 783 899 838 auditoris
929 797 1023 836 eor
1069 781 1259 850 frigida
1288 779 1611 835 descendere
1645 776 1834 846 potuit,
1866 790 1986 844 qua:

410 891 509 945 per
536 875 926 930 exhortationis
953 872 1114 928 verba
1144 888 1210 928 ex
1242 873 1357 941 ipso
1388 871 1619 941 Spiritus
1648 868 1836 928 sancti.
1865 868 1986 938 igne

413 966 695 1036 processit.
721 965 958 1020 Audiens
986 965 1128 1018 enim
1159 963 1272 1018 [nec
1302 962 1601 1025 Ursicinus,
1631 974 1767 1031 genu
1790 958 1984 1027 posito,

413 1059 794 1128 spiculatorem
843 1067 902 1112 ut
948 1056 1133 1112 feriret
1174 1056 1438 1117 hortatur,
1509 1068 1675 1122 agens
1723 1051 1981 1121 pmniten-

386 1147 540 1202 tiam
568 1148 711 1219 quod
740 1146 1041 1217 expavisset
1063 1144 1262 1199 Christi
1293 1144 1628 1213 martyrium.

390 1224 419 1263 ί
484 1237 590 1293 Sed
628 1239 754 1292 dum
790 1237 927 1291 beati
981 1235 1215 1291 Ursicini
1259 1233 1438 1302 lapsus
1476 1232 1710 1293 auditur,
1753 1228 1981 1298 alicujus

386 1330 629 1385 .animus
670 1329 903 1385 fortasse
932 1336 1179 1383 movetur
1209 1342 1307 1381 cur
1343 1324 1687 1393 omnipotens
1720 1322 1861 1376 Dens
1889 1335 1982 1374 eos

386 1436 547 1491 quos
579 1422 634 1477 in
664 1433 985 1492 perpetuum
1013 1420 1198 1490 elegit,
1234 1434 1369 1488 quos
1410 1433 1508 1487 per
1533 1414 1981 1471 abundantiorem

383 1513 638 1582 'gratiam
665 1513 829 1567 etiam
859 1512 925 1566 ad
969 1511 1213 1578 martyrii
1261 1511 1474 1565 culmen
1520 1508 1765 1570 assumit.
1801 1507 1853 1560 in
1895 1520 1982 1576 pe-

414 1603 634 1659 riculosi
665 1604 874 1658 timoris
919 1603 1229 1672 voraginem
1281 1602 1473 1656 cadere
1513 1599 1837 1667 impediente
1865 1611 1981 1651 car-

386 1694 498 1749 nis
528 1694 840 1748 iulirmitate
865 1694 1151 1762 permittit.
1192 1692 1368 1755 Unde,
1392 1692 1514 1760 quia
1543 1689 1793 1744 satisﬁeri
1818 1687 1977 1742 citius

2089 516 2193 555 non
2227 502 2397 555 tribus
2445 501 2653 565 diebus,
2703 500 2797 555 sed
2846 501 3023 569 potius
3071 498 3427 570 quadraginta
3463 499 3657 556 diebus

2086 599 2140 644 et
2167 591 2523 662 quadraginta
2549 590 2826 646 noctibus!
2858 590 3137 661 Ingressus
3164 590 3305 645 enim
3333 606 3512 646 sermo
3539 607 3658 645 mu-

2087 678 2234 745 lieris
2260 679 2312 732 in
2355 695 2452 734 cor
2495 680 2613 749 ejus
2659 680 2812 749 quasi
2859 680 3078 748 quidam
3123 680 3332 748 gladius
3367 680 3563 745 fuerat,
3602 691 3659 738 et

2086 767 2287 822 amisso
2318 767 2543 822 rationis
2580 768 2807 824 consilio
2834 768 2960 837 quid
2988 768 3097 839 87
3128 776 3315 839 ageret
3363 768 3654 824 nesciebat.

2087 856 2244 910 Tanti
2278 856 2486 911 itineris
2515 857 2689 927 spatio
2717 866 2861 913 metu
2889 858 3197 928 exagitante
3218 855 3473 925 jactatus,
3511 856 3656 911 velut

2085 960 2206 1000 cum
2245 946 2480 1001 secundo
2503 945 2717 1003 flatibus
2752 962 2913 1001 cursu
2946 945 3187 1015 impulsa:
3216 946 3369 1000 navis
3407 945 3656 1001 arborem

2085 1052 2153 1091 ex
2201 1037 2430 1092 adverso
2484 1039 2641 1093 turbo
2693 1038 2957 1106 corripuit
3005 1039 3375 1108 impetumque
3425 1036 3655 1100 reﬂexit.

2086 1129 2158 1182 ita
2191 1129 2468 1198 prepbette
2501 1130 2740 1184 animum
2771 1128 2986 1185 virtutis
3016 1130 3134 1184 velo
3163 1129 3509 1200 navigantem
3536 1144 3654 1181 mu-

2085 1219 2234 1274 lieris
2263 1220 2488 1288 perculit
2507 1236 2705 1286 sermo,
2742 1230 3016 1290 totamque
3048 1221 3165 1288 ejus
3194 1220 3374 1277 navim
3404 1234 3499 1290 per
3534 1235 3654 1274 om-

2084 1329 2181 1368 nes
2229 1313 2532 1369 formidinis
2581 1314 2806 1379 fluctus,
2861 1313 3076 1368 turbato
3124 1322 3354 1377 rectore,
3406 1310 3650 1380 iactavit.

2083 1404 2223 1471 Quid
2249 1420 2377 1476 ergo
2403 1414 2480 1469 tu,
2510 1405 2664 1459 Elia?
2694 1394 2778 1460 Tui
2802 1405 2946 1460 enim
2984 1419 3045 1459 es
3072 1405 3161 1474 qui
3191 1402 3357 1459 verbo
3380 1402 3655 1459 elauseras

2083 1495 2278 1557 caelum
2304 1506 2357 1551 et
2386 1496 2736 1551 fraudaveras
2762 1496 2983 1561 imbres,
3020 1494 3111 1564 qui
3150 1495 3504 1547 mandaveras
3542 1490 3652 1545 aeri

2081 1592 2135 1639 et
2164 1584 2378 1639 divinos
2409 1586 2560 1655 ignes
2604 1584 2896 1649 eduxeras,
2925 1584 3016 1654 qui
3056 1581 3220 1637 falsos
3247 1581 3539 1636 salubriter
3566 1581 3653 1634 in-

2082 1675 2251 1731 terﬁci
2276 1676 2519 1743 jusseras
2546 1676 2877 1741 sacerdotes,
2905 1675 2994 1744 qui
3026 1681 3345 1730 constanter
3366 1672 3419 1727 in
3453 1671 3651 1727 faciem

386 1784 722 1848 credimus,
779 1784 1016 1839 breviter
1069 1783 1477 1852 respondemus.
1533 1779 1717 1835 Sancti
1773 1777 1972 1833 etenim

2081 1767 2511 1838 evprobraveras
2532 1778 2707 1834 regem
2722 1767 2865 1835 quod
2902 1766 3018 1838 ipse
3053 1775 3109 1822 et
3134 1766 3328 1820 domus
3357 1781 3452 1820 sua
3478 1779 3650 1835 popu-

407 1873 528 1934 viri,
558 1873 647 1942 qui
676 1887 775 1942 per
802 1873 967 1928 divini
999 1873 1238 1926 muneris
1263 1871 1492 1943 gratiam
1534 1870 1599 1924 ad
1629 1867 1977 1940 perfectionis

402 1964 615 2020 culmen
666 1965 970 2031 elevantur,
1014 1966 1252 2034 quandiu
1306 1964 1358 2018 in
1405 1964 1506 2018 hac
1555 1964 1662 2017 vita
1712 1971 1863 2026 sunt,
1910 1976 1977 2016 ne

380 2053 580 2123 .aliqua
612 2054 845 2108 elatione
882 2054 1231 2123 superbiant,
1282 2053 1605 2124 quibusdam
1658 2050 1974 2109 tentationi-

401 2142 502 2195 hus
534 2142 921 2212 reprimuntur,
973 2150 1033 2196 nt
1078 2157 1419 2211 nequaquam
1472 2149 1678 2195 tantum
1713 2140 1977 2209 prolicere

399 2233 613 2287 valeant
650 2242 910 2302 quantum
954 2233 1160 2288 volunt.
1199 2231 1482 2300 Nerigitur
1525 2231 1860 2308 extollantur
1881 2244 1977 2299 per

375 2322 663 2391 ,superbiac
689 2323 901 2387 vitium,
933 2333 991 2378 ﬁt
1029 2322 1080 2377 in
1123 2322 1202 2377 eis
1231 2310 1477 2391 quaedam
1526 2336 1776 2376 mensura
1806 2321 1977 2374 virtu-

401 2421 532 2465 tum.
565 2412 701 2466 lline
729 2422 815 2467 est
851 2413 995 2466 enim
1026 2412 1168 2481 quod
1204 2411 1370 2476 Elias,
1409 2411 1533 2465 dum
1573 2418 1651 2464 tot
1687 2408 1976 2463 virtutibus

398 2500 454 2553 in
486 2498 593 2555 alta
622 2500 960 2571 profecisset,
994 2502 1227 2570 quadam
1258 2515 1512 2555 mensura
1541 2512 1839 2568 suspensus
1864 2505 1970 2561 est,

398 2590 525 2644 dum
570 2589 900 2655 Jezabelem,
943 2593 1189 2660 quamvis
1230 2591 1492 2661 reginam,
1529 2597 1707 2645 tau'en
1756 2588 1974 2642 mulier-

399 2678 574 2734 culam
618 2680 749 2752 fugit
790 2680 911 2751 (III
955 2681 1074 2751 Reg.
1125 2681 1259 2750 XIX).
1293 2681 1574 2750 Perpendo
1602 2679 1799 2748 quippe
1831 2680 1973 2734 hunc

401 2768 554 2823 mirae
600 2762 814 2824 virtutis
868 2770 1041 2824 virum
1093 2770 1270 2839 ignem
1319 2770 1386 2824 de
1436 2768 1574 2824 caelo
1626 2770 1866 2833 trahere,
1917 2780 1973 2823 et

399 2859 640 2914 secundo
666 2859 1159 2929 quinquagenarius
1190 2860 1337 2916 viros
1360 2876 1482 2915 eum
1510 2860 1620 2916 suis
1648 2861 1970 2930 sequacibus

400 2948 660 3017 petitione
709 2950 890 3006 subita
937 2966 1288 3008 concremare
1339 2952 1458 3019 (IV
1508 2952 1632 3023 Reg.
1691 2954 1752 3023 t),
1804 2956 1970 3010 verbo

394 3037 681 3097 estelosad
733 3040 945 3111 pluvias
992 3042 1244 3111 aperire,
1295 3051 1540 3099 mortuos
1593 3043 1967 3108 suscitantem,

2080 1858 2190 1913 lum
2226 1859 2423 1914 evertit
2446 1859 2630 1924 Israel,
2656 1860 2745 1929 qui
2771 1859 3027 1915 dixeras:
3071 1877 3090 1910 ι
3121 1857 3266 1914 Vivit
3291 1859 3568 1924 Dominus,
3604 1859 3649 1912 si

2078 1949 2183 2003 erit
2211 1948 2424 2016 pluvia,
2456 1959 2548 2003 aut
2598 1965 2707 2013 ros,
2761 1950 2862 2005 nisi
2912 1950 2966 2004 in
3003 1949 3168 2005 verbo
3199 1949 3313 2004 oris
3363 1948 3469 2003 mei
3516 1947 3646 2019 (Ill

2077 2036 2203 2109 Reg.
2254 2037 2408 2109 xvu),
2438 2059 2458 2093 ι
2512 2041 2602 2109 qui
2649 2041 2865 2095 domum
2910 2039 3102 2106 viduae,
3153 2041 3424 2111 spicarum
3466 2055 3646 2095 aream

2076 2139 2132 2186 et
2181 2132 2416 2201 torcular
2459 2130 2667 2188 feceras
2703 2133 2842 2196 olei,
2888 2131 2980 2202 qui
3018 2131 3072 2186 in
3112 2133 3362 2187 omnibus
3416 2132 3647 2202 impera-

2076 2234 2237 2275 veras
2284 2220 2599 2289 elementis‘,
2640 2234 2945 2276 sermonem
2994 2235 3134 2275 nunc
3185 2235 3416 2276 exuaves
3463 2234 3646 2274 mere-

2078 2316 2261 2372 tricis?

2145 2408 2282 2475 Quid
2314 2423 2441 2480 ergo
2469 2409 2689 2475 mirum,
2725 2407 2934 2464 fratres
2949 2406 3075 2474 mei,
3104 2408 3148 2463 si
3185 2415 3311 2478 post
3338 2406 3502 2462 nimia
3533 2414 3646 2462 tor-

2074 2508 2254 2554 menta
2281 2500 2470 2555 beatus
2500 2498 2782 2555 Ursicinus
2807 2498 3043 2569 gladium
3080 2496 3379 2552 consularis
3402 2497 3642 2566 expavit,

2074 2591 2510 2661 quandoquidem
2540 2591 2654 2660 ipse
2691 2589 2920 2645 eximius
2947 2590 3328 2660 prophetarum
3353 2588 3521 2651 Elias,
3548 2589 3640 2643 vix

2074 2682 2232 2737 alicui
2265 2682 2437 2751 impar
2461 2690 2805 2747 sanctorum,
2847 2696 2954 2735 non
2988 2680 3110 2744 viri,
3136 2680 3232 2733 sed
3276 2678 3506 2743 feminas,
3534 2693 3641 2733 non

2073 2777 2190 2832 viso
2222 2776 2419 2847 gladio,
2449 2777 2543 2832 sed
2574 2776 2757 2829 audito
2788 2775 3055 2828 minarum
3086 2772 3254 2827 verbo
3274 2812 3289 2836 ,
3323 2779 3400 2826 tot
3435 2770 3642 2825 dierum

2073 2868 2345 2927 curriculo
2374 2868 2520 2922 velut
2548 2882 2742 2922 cervus
2775 2880 3062 2935 percussus
3091 2862 3286 2933 sagitta
3338 2860 3645 2916 formidinis

2074 2959 2242 3030 fugit?
2288 2957 2484 3025 Quanti
2523 2964 2704 3011 autem
2754 2954 2932 3010 meriti
2969 2953 3113 3008 Elias
3145 2950 3330 3018 fuerit,
3370 2950 3498 3005 hinc
3532 2949 3644 3005 cito

2073 3051 2360 3121 colligitur,
2386 3049 2431 3104 si
2469 3047 2775 3118 evangelica
2802 3046 3099 3101 auctoritas
3124 3043 3191 3121 de
3217 3059 3282 3098 co
3306 3041 3372 3097 ad
3402 3041 3645 3097 testimo-

372 3137 622 3197 τνθηῑιιτᾶ
684 3146 896 3202 quoque
953 3133 1246 3203 prophetia“.
1310 3133 1501 3201 Spiritu
1554 3134 1964 3202 pmvidenlem-
1998 3117 2040 3175 δ
2076 3117 2226 3200 ηἰηιῆ
2253 3141 2568 3197 deducatur.
2597 3117 2678 3192 Ad
2708 3136 3025 3192 Zachariam
3066 3117 3297 3204 namque
3327 3133 3391 3188 de
3416 3130 3643 3187 Joannis

398 3219 507 3274 Sed
539 3235 727 3295 rursus
776 3221 958 3277 animo
1009 3223 1248 3276 occurrit
1301 3223 1463 3293 quia,
1515 3232 1799 3294 postquam
1853 3224 1968 3278 btet:

395 3310 576 3367 omnia
607 3312 931 3386 mirabili-ter
959 3311 1105 3377 fecit,
1142 3312 1388 3371 muliebri
1417 3329 1614 3383 pavore
1650 3316 1969 3383 perterritus

332 3426 337 3431 λ
393 3413 521 3463 ante
555 3420 721 3469 unam,
749 3405 1118 3461 mulierculam
1159 3401 1315 3476 fugit.
1351 3404 1649 3461 Considera
1691 3406 1866 3460 virum
1902 3405 1970 3459 ti-

395 3512 548 3553 more
594 3496 902 3568 perculsum
943 3498 1008 3554 de
1048 3513 1210 3551 manu
1255 3496 1467 3550 Domini
1515 3506 1741 3550 mortem
1788 3505 1969 3564 petere

396 3602 500 3642 nec
536 3587 907 3656 aceipere,,de
948 3603 1131 3643 manu-
1156 3586 1399 3642 mulieris
1442 3595 1668 3641 mortem
1717 3585 1969 3656 fugiendo

396 3678 593 3733 vitare.
627 3666 1106 3745 Quaarebatkenim
1155 3687 1420 3742 mortem,
1467 3677 1592 3732 dum
1644 3677 1850 3749 fugeret
1889 3677 1969 3730 di-

391 3782 524 3822 cens
550 3784 565 3822 :
600 3787 617 3819 t
649 3766 859 3824 Sufﬁcit
887 3768 1044 3833 mihi,
1079 3767 1322 3833 Domine,
1352 3766 1476 3822 tolle
1504 3767 1739 3821 animam
1768 3780 1965 3821 meam.

396 3854 580 3926 Neque
610 3856 773 3915 enim
826 3856 1016 3911 melior
1062 3871 1180 3910 sum
1229 3872 1391 3927 qnam
1437 3864 1616 3924 patres
1668 3856 1771 3910 mei
1828 3855 1967 3924 (111

362 3943 711 4014 ιΒεθςχιιμ
731 3946 881 4002 Unde
916 3960 1046 4015 ergo
1072 3947 1150 4001 sic
1176 3955 1366 4016 potens
1397 3956 1454 4000 ut
1485 3953 1561 4000 tot
1593 3946 1710 4000 illas
1743 3946 1968 4000 virtutes

362 4036 592 4092 .faciat?
630 4037 782 4094 Unde
824 4047 930 4092 tam
963 4037 1160 4092 charus
1188 4036 1298 4091 Deo
1344 4045 1402 4090 ut
1439 4036 1601 4090 etiam
1636 4036 1862 4090 mortuis
1890 4037 1968 4089 vi-

391 4120 499 4181 tam
529 4127 802 4190 restituat,
835 4128 937 4182 nisi
979 4127 1109 4197 quia
1140 4125 1409 4201 profundo
1447 4125 1644 4179 divina:
1682 4126 1964 4194 dispensa-

393 4216 557 4271 tionis
599 4217 831 4272 eonsilio
874 4232 1144 4271 mensurte
1185 4216 1379 4271 occulti
1426 4216 1727 4272 libraminis
1775 4232 1967 4285 appen-

387 4306 611 4372 duntur,
656 4316 716 4371 ut
754 4307 852 4378 ipsi
899 4322 1122 4362 summre
1169 4305 1448 4376 religionis
1487 4305 1586 4383 viri
1636 4314 1690 4361 et
1737 4306 1963 4360 multum

385 4396 606 4452 valeant
651 4414 746 4469 per
791 4399 1022 4453 divinam
1047 4399 1367 4467 potentiam,
1405 4406 1461 4453 et
1507 4414 1696 4454 rursus
1731 4401 1961 4468 quadam

385 4503 639 4543 mensura
679 4488 939 4553 moderati
982 4488 1100 4542 sint
1128 4504 1223 4556 per
1247 4487 1617 4547 inﬁrmitatem
1654 4489 1861 4563 suam?
1905 4488 1960 4542 In
1992 4459 2039 4519 θ

385 4576 492 4631 illis
517 4594 749 4646 namque
793 4578 1082 4642 virtutibus
1112 4578 1255 4634 Elias
1279 4579 1407 4648 quid
1450 4579 1516 4633 de
1558 4579 1785 4633 Domino
1813 4593 1963 4635 acce-

382 4677 557 4739 perat,
608 4670 659 4725 in
707 4669 827 4724 istis
871 4685 1000 4724 vero
1035 4669 1444 4726 inﬁrmitatibus
1483 4670 1611 4740 quid
1641 4670 1705 4725 de
1733 4686 1790 4724 se
1816 4680 1964 4742 pole«

355 4770 491 4824 -rat,
538 4762 884 4830 agnoscebat.
930 4761 1019 4814 Illa
1062 4763 1297 4829 potentia
1343 4762 1517 4816 virtus
1561 4762 1808 4827 exstitit,
1857 4763 1958 4818 ista

358 4867 514 4907 .vero
535 4851 826 4907 infirmitas
850 4862 1037 4909 custos
1060 4851 1280 4919 virtutis
1312 4851 1445 4903 luit:
1473 4850 1528 4903 In
1550 4849 1659 4903 illis
1684 4850 1978 4903 virtutibus

389 4941 715 5015 ostendebat
761 4942 890 5012 quid
936 4949 1259 5011 acceperat,
1315 4945 1369 4996 in
1404 4941 1525 5017 istis
1564 4939 1977 4996 inﬁrmitatibus

355 5079 361 5087 .
390 5037 493 5091 hoc
520 5036 662 5103 quod
692 5043 980 5103 acceperat
1021 5033 1379 5087 custodiebat.
1405 5033 1480 5105 ⁹Ιιι
1510 5033 1788 5088 miraculis
1816 5033 1960 5088 Elius

384 5124 810 5189 monstrabatur,
841 5122 893 5176 in
941 5122 1345 5177 inlirmitatibus
1392 5122 1731 5178 servabatur.
1778 5123 1963 5193 Scrip-

386 5222 500 5267 tum
530 5214 728 5283 quippe
763 5221 848 5266 est
878 5210 1000 5279 quia
1049 5210 1186 5264 dixit
1229 5207 1445 5266 Jezabel
1475 5225 1490 5263 :
1538 5228 1556 5261 ι
1588 5210 1712 5266 lltee
1759 5198 1962 5269 faciant

387 5304 519 5359 mihi
550 5304 645 5370 dii,
679 5303 874 5373 inquit,
901 5310 956 5358 et
988 5303 1102 5371 hate
1143 5302 1362 5366 addant,
1392 5300 1495 5356 nisi
1542 5302 1642 5355 hac
1670 5302 1803 5357 hora
1834 5318 1957 5358 cras

391 5408 622 5462 posuero
653 5395 886 5449 animam
922 5401 1064 5449 tuam
1096 5392 1233 5447 sicut
1263 5391 1496 5446 animam
1550 5392 1709 5446 unius
1739 5408 1803 5447 ex
1833 5392 1957 5448 illis.

342 5538 347 5543 ,
395 5483 464 5538 Et
491 5483 696 5537 audivit
741 5483 909 5548 Elias,
950 5492 1006 5538 et
1052 5482 1248 5545 timuit,
1287 5473 1353 5535 ac
1399 5481 1609 5550 fugiens
1647 5483 1780 5538 abiit
1821 5498 1957 5551 quo-

388 5586 603 5642 cunque
625 5586 747 5627 eum
778 5571 987 5628 ferebat
1014 5582 1262 5628 voumtas
1300 5570 1508 5639 (lbid.).
1534 5591 1553 5624 ι
1587 5571 1631 5628 Ο
1653 5572 1956 5627 violentiam

399 5664 582 5721 verbi!
621 5680 654 5719 ο
700 5663 1001 5721 formidinis
1051 5663 1430 5719 eminentiam!
1478 5662 1673 5718 Audito
1722 5664 1959 5721 mulieris

2072 3231 2424 3302 promissione
2457 3228 2677 3300 angelus
2715 3227 2886 3282 dicit:
2936 3244 2954 3278 ι
2987 3225 3103 3296 Ipse
3131 3224 3397 3295 pneeedct
3427 3231 3555 3277 ante
3580 3221 3644 3276 il-

2070 3324 2180 3378 lum
2215 3322 2269 3376 in
2301 3321 2491 3391 spiritu
2522 3327 2579 3374 et
2606 3319 2810 3373 virtute
2854 3317 2985 3372 Elia:
3027 3315 3178 3387 (Luc.
3207 3314 3267 3387 t).
3298 3335 3317 3367 ι
3350 3313 3426 3370 De
3453 3311 3641 3368 eodem

2068 3428 2282 3485 quoque
2328 3413 2538 3467 Joanne
2585 3409 2846 3465 Dominus
2888 3416 3141 3472 testatur,
3184 3404 3407 3461 dicens:
3455 3423 3473 3456 ι
3500 3404 3645 3458 Inter

2069 3514 2224 3559 natos
2255 3502 2538 3556 mulierum
2568 3516 2674 3555 non
2707 3494 2942 3555 surrexit
2973 3496 3144 3565 major
3165 3495 3374 3551 Joanne
3396 3494 3640 3564 Baptista

2069 3593 2280 3665 (Matth.
2315 3591 2412 3662 xi).
2437 3626 2450 3644 .
2489 3589 2545 3645 Si
2571 3605 2701 3659 ergo
2738 3589 2879 3643 inter
2924 3587 3171 3643 homines
3219 3583 3390 3654 major
3433 3581 3644 3637 Joanne

2069 3699 2225 3739 nemo
2250 3682 2514 3759 surrexit,
2531 3684 2652 3751 quis
2677 3680 2848 3751 major
2871 3678 3110 3748 Elia,qui
3128 3692 3289 3732 unam
3309 3675 3561 3730 virtutem
3583 3681 3646 3728 et

2068 3790 2231 3829 unum
2260 3790 2382 3829 cum
2413 3772 2622 3829 Joanne
2648 3772 2895 3842 spiritum
2924 3768 3148 3825 habuit?

2136 3867 2242 3923 Sed
2268 3868 2393 3922 dum
2442 3867 2719 3921 timentem
2751 3864 3057 3920 Ursicinum
3099 3860 3284 3917 timido
3307 3856 3421 3914 Elia
3453 3856 3641 3913 defen~

2065 3958 2194 4013 dere
2243 3958 2489 4024 nitimur,
2530 3958 2695 4012 etiam
2736 3955 3023 4010 inﬁrmitas
3052 3953 3247 4009 summi
3275 3949 3508 4021 pastoris
3536 3949 3642 4005 Ec-

2066 4048 2242 4104 clesiae
2285 4050 2350 4104 ad
2384 4048 2700 4102 memoriam
2735 4054 3035 4100 revocatur.
3068 4043 3186 4100 Una
3220 4043 3364 4098 enim
3396 4038 3642 4100 mulieris

2065 4154 2195 4193 voce
2225 4138 2525 4207 perculsus,
2558 4138 2681 4192 dum
2715 4136 2846 4189 mori
2880 4122 3075 4199 timuit,
3101 4134 3269 4187 vitam
3299 4130 3533 4201 negavit.
3566 4128 3638 4183 Et

2066 4238 2195 4284 tunc
2220 4227 2411 4283 Petrus
2449 4228 2501 4281 in
2548 4236 2689 4280 terra
2733 4224 2801 4280 de
2846 4223 3072 4279 Domino
3109 4222 3353 4293 proferre
3400 4219 3644 4275 testimo-

2065 4319 2213 4375 nium
2261 4334 2366 4373 non
2415 4316 2756 4388 praesumpsit
2799 4307 3033 4387 (Matth.
3080 4315 3281 4383 xxvn),
3329 4326 3451 4367 cum
3500 4308 3646 4364 latro

2065 4426 2187 4465 eum
2219 4410 2270 4464 in
2300 4424 2460 4464 cruce
2488 4409 2733 4464 conﬁteri
2779 4423 2882 4462 non
2917 4406 3094 4460 timuit
3127 4403 3278 4477 (Luc.
3309 4402 3488 4472 mn).
3516 4401 3638 4469 Qua

2068 4499 2119 4553 in
2169 4512 2228 4553 re
2279 4497 2731 4552 considerandum
2789 4495 2943 4551 nobis
2996 4503 3080 4550 est
3139 4509 3239 4549 cur
3298 4492 3643 4560 omnipotens

2067 4585 2208 4642 Dens
2235 4602 2357 4641 eum
2406 4602 2565 4656 quem
2614 4595 2822 4641 cuncta:
2851 4584 3107 4639 Ecclesia:
3146 4581 3421 4650 praeﬁcere
3459 4580 3645 4648 dispo-

2065 4681 2192 4745 suit,
2224 4680 2431 4734 aueillm
2460 4694 2647 4733 vocem
2687 4676 3068 4747 pertimescere
3110 4682 3165 4728 et
3200 4689 3257 4727 se
3289 4658 3488 4742 negare
3515 4686 3641 4741 pcr-

2048 4772 2234 4829 Amisit.
2267 4770 2419 4837 Quod
2445 4769 2700 4824 nimirum
2730 4783 2936 4838 magna:
2966 4777 3143 4821 aetum
3178 4764 3393 4834 pictatis
3421 4762 3641 4831 dispen-

2064 4862 2274 4918 satione
2312 4860 2711 4936 ceguoseimus,
2742 4868 2803 4914 ut
2829 4859 2895 4923 is,
2932 4857 3025 4927 qui
3063 4856 3276 4910 futurus
3304 4863 3422 4910 erat
3449 4863 3641 4923 pastor

2065 4953 2339 5017 Ecclesiae,
2368 4952 2420 5005 in
2469 4967 2566 5007 sua
2608 4951 2762 5020 culpa
2808 4950 3043 5006 disceret
3070 4946 3302 5018 qualiter
3329 4945 3451 5001 aliis
3472 4948 3641 4999 mise-

2064 5046 2168 5101 reri
2209 5044 2500 5101 debuisset.
2548 5044 2704 5097 Prius
2750 5044 2932 5113 itaque
2982 5055 3104 5096 eum
3150 5038 3388 5094 ostendit
3435 5036 3536 5091 sibi
3574 5043 3641 5092 et

2041 5148 2189 5197 .tnnc
2217 5136 2505 5209 praeposuit
2530 5134 2743 5190 caeteris
2762 5172 2778 5198 ,
2801 5141 2860 5186 ut
2888 5148 2954 5188 ex
2977 5145 3075 5187 sua
3101 5127 3415 5184 infirmitate
3435 5140 3640 5197 cogno-

2061 5240 2235 5285 sceret
2262 5227 2492 5296 qualiter
2508 5224 2683 5278 aliena
2722 5222 2934 5277 infirma
2957 5220 3231 5278 toleraret.
3254 5218 3332 5271 Ad
3356 5216 3639 5271 hocetiatn

2041 5293 2340 5388 Scriptura
2367 5333 2518 5373 sacra
2553 5315 2789 5370 virorum
2838 5313 3046 5376 talium,
3074 5312 3125 5364 id
3149 5315 3253 5375 est,
3283 5307 3412 5361 Elia:
3440 5317 3496 5361 et
3521 5303 3631 5360 Pe-

2064 5409 2130 5464 tri
2181 5409 2357 5477 lapsus
2405 5407 2644 5471 indicat,
2697 5413 2758 5458 ut
2797 5404 2956 5458 ruina
3007 5398 3272 5477 majorum
3321 5397 3395 5451 sit
3421 5392 3634 5449 cautela

2064 5476 2357 5555 minorum.
2411 5497 2490 5551 Ad
2539 5480 2642 5551 hoc
2692 5509 2821 5549 vero
2865 5476 3264 5548 sanctorum/et
3311 5483 3636 5556 pmoitentia

2068 5593 2368 5647 insinuatur
2407 5598 2463 5644 et
2493 5588 2667 5651 venia,
2701 5596 2755 5639 ut
2789 5600 2911 5654 spes
2938 5584 3006 5638 sit
3032 5580 3374 5653 pereuntium
3406 5590 3631 5645 recupe-

2070 5685 2205 5740 ratio
2245 5681 2601 5753 perditorum.
2633 5675 2709 5735 De
2736 5683 2879 5730 statu
2909 5687 3038 5747 ergo
3067 5688 3166 5730 suo
3208 5668 3370 5726 Petro
3407 5666 3637 5725 cadente
