4070 6198
385 342 487 397 597
1106 372 1131 384 κ

1760 350 1989 407 δΕιιιιι)
2032 351 2076 405 Χ
2090 354 2164 408 ὶἸΙ
2196 358 2290 410 bis.

3541 372 3646 427 598

384 468 542 506 ιιοιιιο
563 454 877 523 superbiat;
910 456 975 511 de
1005 454 1155 527 lapsu
1184 458 1347 513 etiam
1377 470 1473 514 Suo
1514 461 1674 516 Petro
1704 472 1957 533 surgente
1989 465 2032 525 Α
2062 466 2223 524 elatio
2251 470 2479 527 forsitan
2510 458 2791 545 potuisset,
2815 491 2935 546 qua:
2962 478 3109 533 illuni
3133 481 3300 536 nutlto
3321 483 3640 554 profundius

389 556 547 597 nemo
567 543 840 613 desperet.

456 632 498 686 E
523 643 714 688 contra
743 675 759 701 ,
789 650 949 705 quam
981 637 1305 694 mirabiliter
1339 640 1618 712 Scriptura
1667 643 1849 697 divina
1874 659 1962 697 su-

386 722 585 790 perbos
603 725 821 792 premit,
841 739 959 793 quae
974 725 1392 800 humilescrigit.
1413 730 1583 787 Unam
1598 748 1833 801 namque
1848 750 1960 788 rem

386 820 598 881 gestam
622 814 822 880 retulit;
850 824 904 870 et
932 817 1146 873 diverso
1172 821 1329 875 modo
1364 823 1623 893 superbos
1648 824 1867 892 quidem
1894 826 1961 879 ad

387 901 707 959 luunilitatis
720 902 1088 973 formidinem,
1111 909 1341 966 humiles
1354 927 1482 967 vero
1495 913 1562 967 ad
1580 915 1693 983 spei
1710 914 1961 968 fiduciam

386 994 682 1049 revocavit.
706 993 1083 1053 lmestimabile
1110 1016 1302 1071 nempe
1322 1012 1406 1057 est
1435 1003 1538 1059 hoc
1568 1019 1765 1058 novum
1798 1004 1963 1059 medi-

385 1086 614 1138 camenti
637 1100 829 1155 genus,
846 1089 987 1157 quod
1009 1105 1115 1144 uno
1135 1093 1429 1163 eodemque
1448 1095 1636 1150 ordine
1656 1097 1887 1166 positmn
1911 1106 1964 1150 ct

385 1178 679 1243 premendo
733 1179 971 1234 exsiccat
1018 1183 1220 1236 tumida
1249 1224 1263 1247 ,
1312 1193 1366 1239 et
1414 1185 1743 1242 sublevando
1788 1188 1964 1241 infun-

284 1306 303 1324 .
386 1265 467 1320 dit
508 1266 623 1337 88
676 1269 906 1323 arentia.
947 1270 1024 1325 De
1076 1271 1339 1340 majorum
1390 1290 1624 1347 namque
1671 1277 1963 1348 nos-lapsu

388 1358 603 1423 terruit,
651 1360 745 1414 sed
785 1361 851 1415 de
900 1364 1240 1431 reparatione
1290 1366 1581 1423 roboravit.
1637 1367 1728 1422 Sic
1770 1368 1965 1438 quippe

386 1460 617 1517 semper,
661 1449 742 1504 sic
775 1467 873 1506 nos
908 1452 1103 1508 divina:
1130 1454 1549 1523 dispensationis
1592 1458 1961 1513 misericordia

387 1548 441 1593 et
483 1542 857 1610 superbientes
901 1545 1164 1614 reprimit,
1210 1556 1267 1601 et
1303 1562 1371 1603 ne
1412 1548 1478 1602 ad
1530 1549 1959 1620 desperationem

386 1645 703 1688 corruamus
734 1632 904 1690 fulcit.
944 1636 1302 1693 Considerare
1338 1639 1469 1695 libet
1516 1642 1654 1697 intra
1695 1644 1959 1698 munitum

385 1727 573 1797 gratiae
600 1728 777 1783 sinum
816 1739 1020 1799 quanto
1050 1731 1190 1788 Deus
1217 1735 1604 1792 misericordiae
1634 1736 1817 1791 favore
1861 1752 1960 1792 nos

2066 572 2351 629 mergeret,
2377 563 2478 617 nisi
2506 580 2628 619 eum
2656 565 2826 621 levior
2853 570 3166 626 tentationis
3193 587 3323 626 aura
3348 573 3638 643 pulsasset.

2066 647 2355 717 Postquam
2385 653 2528 705 enim
2563 652 2818 710 Dominus
2854 666 3065 713 mentes
3095 671 3308 717 nostras
3339 663 3406 718 ad
3431 664 3641 735 perfec-

2067 736 2265 790 tionem
2304 738 2543 805 roborat,
2577 757 2699 796 mox
2733 745 2999 801 visitando
3033 749 3392 805 tentationum
3441 754 3646 812 aculeis

2064 827 2278 894 probat.
2310 828 2409 894 Qui
2445 840 2499 884 et
2543 833 2850 889 accedendo
2882 837 3044 891 corda
3093 848 3275 894 nostra
3307 841 3374 896 ad
3416 842 3644 901 virtutes

2065 918 2330 984 provenit,
2364 927 2416 971 et
2449 922 2748 976 recedendo
2781 926 2993 980 concuti
3025 928 3321 983 tentatione
3358 933 3643 1000 permittit.

2064 1004 2198 1060 Nam
2230 1009 2275 1062 si
2309 1019 2429 1078 post
2458 1010 2715 1066 virtutum
2758 1028 2987 1070 munera
3017 1017 3161 1072 nulla
3194 1033 3295 1074 nos
3330 1016 3643 1077 tentationis

2064 1113 2194 1151 aura
2220 1110 2552 1168 concuteret,
2581 1105 2684 1160 hoc
2698 1106 2811 1177 jam
2835 1122 2892 1163 se
2916 1108 3117 1165 habere
3139 1112 3352 1169 animus
3377 1129 3443 1170 ex
3469 1131 3642 1172 seme-

2067 1190 2206 1259 tipso
2239 1191 2490 1261 jactaret.
2530 1193 2601 1249 Ut
2634 1211 2763 1268 ergo
2811 1207 2868 1253 et
2921 1199 3194 1255 tirmiwtis
3246 1202 3383 1258 dona
3440 1207 3644 1262 utiliter

2065 1278 2263 1336 habeat
2288 1291 2343 1337 et
2377 1283 2742 1341 inﬁrmitatem
2773 1303 2927 1344 suam
2964 1291 3237 1348 humiliter
3268 1308 3642 1367 recognoscat,

2064 1384 2159 1438 per
2181 1386 2454 1428 accessum
2483 1377 2670 1446 gratite
2692 1377 2757 1432 ad
2781 1378 2886 1432 al.a
2913 1382 3232 1446 sustollitnr,
3255 1394 3311 1439 et
3331 1400 3426 1455 per
3455 1382 3638 1443 recesé

2063 1472 2180 1512 sum
2217 1459 2343 1529 qud
2380 1462 2455 1515 sit
2469 1463 2584 1533 89
2609 1479 2675 1517 ex
2706 1467 2995 1536 semetipso
3027 1469 3319 1524 salubriter
3351 1474 3641 1541 experitur.

2063 1546 2212 1614 Quod
2250 1551 2385 1604 bene
2414 1553 2569 1607 nobis
2611 1553 2773 1608 etiam
2805 1570 2871 1608 ex
2913 1557 3133 1610 historia
3182 1573 3349 1613 sacra:
3400 1560 3646 1615 lectionis

2046 1640 2327 1704 inanitur,
2355 1658 2458 1711 qua
2487 1641 2741 1699 Salombn
2766 1656 2820 1700 et
2844 1646 3099 1703 divinitus
3129 1649 3407 1719 accepisse
3437 1653 3640 1720 sapien-

2064 1728 2190 1780 tiam
2223 1728 2439 1795 dicitur,
2472 1739 2528 1785 et
2560 1741 2739 1788 tamen
2790 1743 2911 1803 post
2942 1746 3221 1806 acceptam
3253 1740 3497 1793 eamdem
3546 1755 3634 1795 sa-

386 1818 642 1874 continet.
668 1819 808 1875 Ecce
826 1822 915 1891 qui
938 1837 996 1876 se
1010 1822 1077 1878 de
1093 1823 1382 1883 virtutibus
1404 1828 1633 1893 extollit,
1653 1844 1749 1898 per
1771 1829 1958 1882 vitium

2072 1819 2317 1888 pientiam
2349 1823 2693 1877 meretricum
2726 1825 2907 1879 statim
2934 1826 3176 1897 pulsatus
3201 1829 3496 1897 quiestionc
3527 1844 3638 1883 me-

386 1908 451 1962 ad
477 1906 831 1966 humilitatem
865 1914 1022 1969 redit.
1053 1915 1152 1982 Qui
1176 1918 1344 1988 gratia
1368 1928 1603 1988 acceptre
1628 1919 1841 1973 virtutis
1863 1934 1958 1973 ex-

390 2001 613 2067 tollitur,
655 2020 761 2058 non
800 2004 998 2076 gladio,
1043 2009 1159 2073 sed,
1203 2018 1263 2064 ut
1308 2010 1379 2064 ita
1431 2011 1683 2076 dixerim,
1731 2012 1963 2067 medica-

390 2102 573 2150 mento
602 2095 934 2152 vulneratur.
971 2096 1110 2165 Quid
1152 2101 1296 2155 enim
1328 2102 1533 2166 virtus,
1581 2103 1682 2157 nisi
1729 2103 1964 2158 medica-

388 2188 666 2242 mentum?
685 2188 748 2242 Et
770 2190 897 2258 quid
922 2191 1133 2256 vitium,
1160 2192 1264 2246 nisi
1295 2192 1517 2248 vulnus?
1544 2194 1679 2260 Quia
1709 2209 1837 2266 ergo
1856 2211 1964 2251 nos

388 2277 454 2331 de
482 2277 876 2335 medicamento
905 2281 1099 2338 vulnus
1128 2282 1376 2349 facimus,
1418 2284 1547 2340 facit
1582 2286 1721 2340 Deus
1751 2286 1816 2341 de
1848 2286 1965 2342 vul-

388 2378 518 2418 nere
545 2366 1022 2434 medicamentum,
1045 2378 1101 2424 ut
1123 2371 1212 2440 qui
1235 2372 1433 2428 virtute
1453 2375 1803 2442 percutimur,
1832 2375 1963 2431 vitio

388 2472 664 2514 cnremur.
709 2459 819 2516 Nos
854 2447 1384 2532 namqne'virtutum
1415 2466 1554 2519 dona
1591 2475 1966 2535 retorquemus

392 2546 445 2600 in
469 2564 622 2601 nsum
653 2550 931 2615 vitiorum,
958 2552 1049 2607 ille
1079 2554 1332 2608 vitiorum
1358 2555 1497 2608 mala
1525 2558 1750 2611 assumit
1774 2558 1827 2611 in
1849 2565 1967 2611 arte

392 2637 864 2711 virtutummtqui
895 2643 1256 2698 humilitatem
1284 2646 1522 2700 curantis
1551 2644 1801 2717 fugimus.
1819 2647 1967 2702 salu-

392 2738 500 2784 tem
525 2732 841 2787 concedenti
875 2732 1308 2804 inseparabiliter
1338 2736 1661 2792 haereamus.

464 2819 570 2876 Sed
604 2821 745 2877 inter
773 2822 885 2880 haec
915 2824 1192 2879 sciendum
1223 2835 1302 2881 est
1333 2824 1483 2896 quod
1503 2825 1745 2896 plerique
1790 2827 1966 2882 homi-

393 2924 520 2963 num
543 2922 650 2979 quo
671 2910 723 2965 in
747 2912 933 2966 multis
952 2923 1213 2968 corruunt
1236 2914 1438 2969 arctius
1461 2915 1714 2986 ligantur,
1737 2930 1969 2985 cumque

352 3013 490 3074 ,eos
518 3000 772 3070 antiquus
808 3001 978 3057 hostis
1007 3019 1074 3058 ex
1108 3019 1215 3059 uno
1243 3004 1370 3059 vitio
1401 3005 1668 3074 percutit,
1698 3014 1757 3059 ut
1789 3007 1969 3061 conci-

395 3088 553 3152 dant,
591 3104 655 3144 ex
693 3090 797 3145 alio
826 3107 1040 3163 quoque
1085 3092 1240 3165 ligat,
1272 3109 1343 3149 ne
1371 3103 1615 3163 surgant.
1655 3095 1969 3151 Consideret

2066 1917 2304 1964 moratur
2330 1910 2453 1981 (ΙΙΙ
2481 1911 2608 1981 Reg.
2646 1898 2749 1983 In).
2781 1913 2903 1970 Mox
2949 1917 3092 1987 enim
3123 1927 3182 1972 nt
3210 1918 3437 1987 gratiam
3479 1927 3642 1973 tanta:

2065 2002 2412 2061 revelationis
2463 2005 2699 2075 accepit,
2747 2018 3018 2064 certamen
3073 2011 3305 2081 turpium
3358 2012 3639 2068 mulierum

2062 2093 2301 2161 pertulit,
2332 2095 2458 2165 quia
2484 2096 2737 2151 nimirum
2776 2114 2938 2169 saepe,
2971 2114 3090 2155 cum
3122 2112 3377 2158 mentem.
3405 2113 3641 2161 nostram

2064 2168 2337 2237 concessis
2365 2184 2655 2239 virtutibus
2686 2168 2950 2257 respectio
2987 2189 3190 2245 intimae
3221 2191 3485 2250 claritatis
3520 2194 3642 2249 illo.

2067 2273 2257 2339 minat,
2290 2274 2428 2330 hanc
2460 2275 2622 2331 etiam
2651 2275 2871 2333 lubricae
2918 2280 3275 2352 cogitationes
3307 2284 3548 2350 turbant,
3585 2294 3643 2339 nt

2066 2380 2224 2434 quem
2248 2365 2522 2421 sublevata
2543 2367 2786 2436 impenso
2808 2384 3029 2425 munere
3050 2370 3393 2440 perfectionis
3411 2373 3637 2438 etaltat,

2066 2458 2229 2511 etiam
2258 2457 2552 2515 tentalione
2572 2458 2779 2528 pulsata
2810 2461 2938 2529 quid
2968 2462 3041 2515 sit
3067 2461 3323 2516 inveniat.

2141 2547 2365 2603 Videbat
2403 2550 2819 2609 autembeatns
2869 2559 3070 2622 martyr
3135 2551 3411 2608 Ursicinus
3450 2568 3640 2610 omnes

2066 2638 2209 2692 circa
2278 2654 2337 2693 se
2400 2639 2694 2695 crudeliter
2740 2639 3014 2706 fremere,
3092 2642 3159 2697 ad
3221 2636 3637 2714 expugnandum

2067 2726 2265 2783 Christi
2295 2743 2489 2784 nomen
2520 2730 2964 2787 irrationabiliter
2991 2732 3258 2798 insanire,
3290 2744 3517 2790 cunctos
3547 2750 3642 2805 per

2069 2817 2302 2888 abrupta
2335 2819 2537 2874 erroris
2572 2819 2623 2872 in
2649 2820 3012 2890 praecipitium
3041 2822 3282 2888 tendere,
3313 2839 3503 2901 omnes
3548 2840 3643 2885 ve,-

2072 2907 2251 2962 ritatis
2310 2909 2481 2973 viam,
2544 2911 2760 2970 amissis
2801 2910 2983 2965 cordis
3032 2912 3204 2966 oculis
3250 2913 3522 2982 ignorare,
3586 2924 3645 2970 et

2073 2996 2274 3052 idcirco
2306 3006 2451 3053 tanta
2481 3000 2802 3070 cogitatione
2829 3002 3097 3070 potuisset
3124 3002 3345 3057 forsitan
3392 2997 3643 3060 arbitrari

2076 3091 2345 3145 neminem
2391 3105 2677 3162 superesse
2711 3094 2801 3162 qui
2828 3093 2941 3148 suis
2964 3094 3169 3149 meritis
3197 3094 3398 3150 valeret
3420 3099 3645 3166 requari.

390 3193 524 3248 ergo
551 3178 715 3234 honzo
747 3195 868 3235 cum
906 3196 1013 3250 quo
1041 3162 1353 3237 adversario
1387 3162 1584 3238 bellum
1612 3192 1784 3254 gerat,
1826 3195 1878 3240 et
1921 3188 1965 3243 si
1993 3162 2041 3226 α
2075 3179 2409 3251 Quapropter
2423 3183 2602 3238 divina
2629 3183 2776 3239 illum
2806 3184 2975 3254 pietas
3002 3186 3196 3240 cadere
3226 3187 3291 3239 ad
3311 3174 3640 3242 momentum

387 3266 501 3335 jam
537 3284 596 3324 se
636 3270 690 3324 in
737 3269 919 3341 aliquo
957 3271 1243 3341 deliquisse
1282 3274 1584 3343 perpendit,
1627 3274 1815 3330 saltem
1848 3286 1964 3344 post

395 3360 609 3430 culpam
662 3363 1030 3431 pertimescat,
1079 3373 1135 3418 ut
1182 3365 1420 3421 studiose
1464 3366 1704 3422 vitentur
1747 3367 1966 3422 vulnera

394 3451 591 3520 quibus
645 3452 955 3523 frequenter
1002 3454 1348 3523 interficitur,
1396 3459 1536 3526 quod
1588 3458 1743 3513 valde
1784 3475 1967 3515 rarum

395 3551 472 3595 est
510 3551 568 3597 ut
608 3542 783 3599 hostis
810 3556 993 3600 noster
1016 3545 1310 3601 electorum
1336 3546 1640 3617 aegritudini
1669 3548 1833 3602 etiam
1858 3547 1969 3602 vul-

396 3632 620 3689 neribus
666 3634 960 3689 medeatur.
1010 3635 1346 3690 Erndiendos
1395 3636 1538 3690 enim
1588 3636 1790 3691 electos
1843 3652 1970 3692 suos

388 3725 664 3780 Dominus
690 3741 833 3797 saepe
863 3727 1117 3782 tentatori
1148 3726 1382 3796 subiicit.
1415 3727 1568 3783 Sicut
1587 3736 1710 3798 post
1734 3728 1969 3797 paradisi

392 3815 660 3879 claustra.
696 3825 819 3886 post
855 3817 997 3872 tertii
1029 3817 1151 3873 creli
1200 3826 1426 3881 secreta,
1474 3833 1541 3874 ne
1582 3817 1968 3873 revelationum

402 3906 774 3974 magnitudine
815 3907 1015 3962 Paulus
1049 3907 1325 3985 apostolus
1362 3907 1547 3963 extolli
1592 3909 1879 3976 potuisset,
1920 3909 1970 3963 ei

401 3995 619 4052 Satanae
653 3998 877 4069 angelus
911 4000 1069 4054 datus
1097 4007 1199 4054 est.
1238 3998 1379 4053 Ecce
1419 3998 1510 4068 qui
1545 3998 1781 4068 paradisi
1825 3997 1973 4067 prius

401 4099 612 4145 secreta
642 4090 967 4154 considerat,
1004 4091 1073 4146 ad
1116 4090 1462 4159 semetipsum
1513 4089 1745 4156 rediens,
1784 4098 1972 4144 contra

401 4183 583 4236 carnis
611 4182 806 4237 bellum
831 4182 1061 4248 laborat,
1091 4182 1259 4253 legem
1291 4181 1449 4237 aliam
1478 4181 1533 4236 in
1566 4181 1820 4236 membris
1850 4196 1973 4236 sus-

404 4272 558 4337 tinet,
589 4271 746 4340 cujus
772 4273 1061 4328 rebellione
1091 4272 1301 4343 fatigari
1344 4268 1566 4341 spiritus
1593 4270 1764 4339 legem
1793 4271 1971 4326 docet.

402 4361 533 4417 Post
566 4362 909 4419 donationem
939 4378 1071 4432 ergo
1097 4364 1337 4417 uulneris
1378 4364 1518 4417 Deus
1546 4361 1816 4416 hominem
1847 4376 1976 4430 pro-

402 4450 514 4516 bat,
546 4452 673 4521 quia
711 4463 767 4507 et
809 4453 1007 4507 collato
1038 4467 1261 4507 munere
1307 4451 1567 4513 sublevat,
1600 4459 1656 4505 et
1702 4451 1975 4505 abstracto

404 4540 700 4609 paululum,
723 4541 897 4611 ipsum
926 4541 1026 4595 sibi
1052 4543 1323 4596 hominem
1351 4541 1705 4596 demonstrat.
1733 4541 1885 4609 Quod
1914 4556 1980 4596 eo

405 4644 573 4699 usque
614 4631 799 4701 procul
832 4632 998 4685 dubio
1032 4632 1286 4701 patimur,
1327 4646 1455 4700 quo,
1505 4630 1717 4686 detersa
1741 4629 1981 4687 funditus

406 4722 526 4789 hbe
554 4723 785 4793 peccati,
830 4724 896 4777 ad
935 4724 1215 4792 promissa:
1267 4714 1687 4793 incorruptioriis
1730 4722 1982 4777 substan-

407 4812 536 4867 tiam
561 4813 936 4867 reformemnr.
950 4812 1055 4866 Sed
1081 4811 1191 4881 ipsa
1217 4811 1319 4865 hac
1341 4812 1638 4866 tentatione
1679 4811 1981 4880 disponitur

359 4916 363 4918 ν
407 4912 465 4956 ιιι
498 4904 590 4972 qui
637 4903 763 4959 elati
798 4904 975 4966 perire
1004 4910 1275 4971 poterant,
1306 4902 1572 4958 humiliati
1601 4918 1630 4956 a
1676 4901 1980 4972 perditione

380 5007 464 5072 .50
469 5006 597 5045 I‘VCII
605 4998 620 5045 1
628 5007 659 5045 ιι
666 5006 713 5044 ι’.

478 5083 704 5139 Secreto
747 5098 875 5153 ergo
914 5080 1330 5151 dispensationis
1358 5081 1569 5144 ordine,
1601 5082 1743 5136 unde
1791 5079 1982 5135 saevire

409 5173 743 5243 permittitur
771 5172 1027 5242 iniquitas
1049 5171 1268 5236 diaboli,
1302 5171 1425 5225 inde
1455 5172 1540 5239 pie
1574 5170 1853 5238 perficitur
1889 5169 1981 5224 be-

410 5265 645 5335 n’gnitas
685 5263 799 5317 Dei.
838 5263 1336 5329 Quia'adversarius
1378 5270 1559 5316 noster
1603 5262 1724 5316 inde
1775 5263 1982 5316 obtem-

410 5363 563 5424 perat
596 5347 816 5409 nutibus
858 5368 1106 5423 superna:
1140 5353 1344 5423 gratiae,
1399 5353 1537 5407 unde
1583 5361 1800 5407 exercet
1848 5352 1980 5405 iram

412 5446 753 5515 nequissima:
782 5444 1073 5500 voluntatis
1103 5459 1232 5498 suae.
1266 5442 1421 5508 Nam,
1455 5444 1580 5498 dum
1620 5444 1808 5499 beatus
1835 5442 1985 5499 Ursi-

410 5530 563 5590 cinns
595 5543 673 5590 tot
708 5551 807 5607 pro
843 5550 1027 5590 amore
1059 5535 1257 5590 Christi
1304 5543 1567 5589 tormenta
1616 5533 1899 5605 perferret,
1930 5542 1985 5589 et

414 5629 555 5684 inter
580 5629 881 5685 lacerantes
910 5644 1102 5684 manus
1127 5628 1439 5685 carnificum
1467 5630 1753 5685 immobilis
1773 5644 1984 5698 perma-

418 5726 589 5784 neret,
618 5718 895 5790 subripere
925 5718 1022 5773 sibi
1057 5720 1121 5773 de
1161 5718 1495 5775 fortitudinis
1525 5736 1634 5774 suae
1678 5720 1978 5781 constantia

2075 3271 2262 3336 voluit,
2293 3282 2347 3326 et
2376 3288 2499 3328 mox
2529 3274 2595 3328 de
2623 3282 2835 3329 terrena
2866 3274 3052 3328 militia
3086 3274 3361 3330 hominem
3383 3278 3474 3346 qui
3512 3293 3634 3332 eum

2071 3357 2305 3434 erigeret
2339 3362 2598 3420 divinitus
2644 3365 2916 3428 excitavit,
2973 3375 3051 3427 ut,
3103 3366 3239 3419 dum
3278 3366 3355 3420 de.
3389 3368 3635 3422 sreculari

2032 3455 2233 3515 etiam
2286 3455 2475 3510 ordine
2526 3455 2695 3510 multo
2749 3471 2807 3511 se
2857 3455 3133 3511 fortiorem
3183 3467 3236 3512 et
3289 3456 3645 3515 robustiorem

2073 3551 2339 3609 cerneret,
2369 3545 2433 3598 ad
2465 3546 2890 3615 cognoscendam
2923 3545 3292 3602 infirmitatem
3332 3563 3485 3603 suam
3516 3550 3647 3605 cer-7

2074 3638 2246 3690 vicem
2295 3634 2476 3690 cordis
2521 3635 2799 3691 humiliter
2844 3636 3142 3691 inclinaret.
3192 3635 3330 3692 Hine
3372 3647 3457 3692 est
3498 3642 3640 3708 quod

2072 3728 2254 3792 Elias,
2297 3727 2364 3783 de
2410 3742 2519 3796 quo
2561 3727 2808 3795 superius
2856 3727 3057 3781 dictmn
3104 3738 3215 3792 est,
3259 3727 3387 3783 dum
3430 3727 3645 3801 chabel

2075 3806 2290 3873 territus
2319 3817 2549 3888 fugeret,
2574 3827 2625 3873 et
2650 3833 2708 3873 se
2732 3817 2903 3872 solum
2928 3819 3033 3874 Deo
3074 3834 3142 3875 ex
3170 3821 3423 3877 omnibus
3451 3835 3640 3891 super-

2073 3908 2254 3963 stitem
2281 3908 2597 3972 aestimaret,
2624 3907 2810 3961 dicens
2834 3926 2846 3961 :
2888 3926 2905 3958 ι
2938 3907 3180 3973 Domine,
3203 3910 3493 3978 prophetas
3518 3920 3645 3965 tuos

2072 3998 2414 4063 occiderunt,
2447 3997 2637 4051 altaria
2666 4008 2754 4051 tua
2793 3996 3184 4063 demolierunt,
3214 4007 3270 4052 et
3297 4013 3399 4069 ego
3426 3999 3646 4054 relictus

2073 4103 2192 4142 sum
2242 4089 2409 4152 solus,
2457 4098 2515 4143 et
2552 4096 2801 4157 qumrunt
2846 4088 3081 4142 animam
3130 4104 3303 4144 meam
3355 4091 3472 4163 (ΙΙΙ
3517 4091 3646 4164 Reg.

2075 4176 2220 4248 xu);
2253 4196 2270 4228 ι
2316 4186 2369 4230 ιιι
2401 4177 2691 4231 elationem
2724 4177 2918 4230 mentis
2939 4176 3056 4247 ejus
3096 4179 3414 4246 reprimeret
3462 4172 3648 4235 Domi-

2075 4285 2201 4333 nus,
2232 4269 2504 4338 respondit
2533 4269 2717 4323 dieens
2751 4284 2764 4320 :
2795 4287 2813 4319 ι
2849 4266 3055 4336 Reliqui
3089 4268 3216 4322 mihi
3249 4278 3452 4338 septem
3484 4271 3650 4325 millia

2076 4359 2335 4421 virorum,
2365 4358 2453 4426 qui
2498 4373 2602 4411 non
2643 4366 3009 4413 curvaverunt
3052 4373 3223 4426 genua
3249 4374 3344 4413 sua
3372 4368 3497 4415 ante
3526 4360 3652 4415 Baal

2085 4437 2309 4518 (Ibid).
2347 4454 2390 4497 ι’
2427 4446 2645 4501 Certum
2674 4445 2870 4514 quippe
2924 4454 3009 4499 est
3053 4447 3195 4514 quod
3248 4448 3428 4503 cordis
3469 4450 3654 4504 oculos

2085 4537 2516 4607 exstinguitqui,
2552 4546 2845 4591 ciunrec1e
2891 4537 3027 4605 agit,
3077 4537 3421 4592 considerare
3467 4542 3650 4608 proxi-

2083 4642 2291 4680 mormu
2334 4626 2523 4679 merita
2558 4624 2796 4695 negligit.
2831 4626 2904 4679 At
2943 4635 3167 4690 contra,
3206 4642 3399 4696 magno
3435 4629 3651 4683 humili-

2086 4717 2211 4772 tatis
2237 4717 2387 4771 radio
2418 4718 2766 4786 semetipsum
2812 4717 3083 4785 illuminat
3111 4717 3203 4788 qni
3244 4718 3470 4774 aliorum
3512 4722 3653 4778 bona

2081 4806 2352 4862 subtiliter
2398 4814 2624 4875 pensat;
2673 4806 2797 4875 quia
2844 4807 2968 4861 dum
3026 4823 3086 4861 ea
3110 4823 3231 4877 qua:
3275 4809 3389 4878 ipse
3445 4809 3652 4877 fecerit,

2084 4898 2224 4953 facta
2257 4896 2387 4952 foris
2415 4904 2470 4950 et
2493 4898 2560 4952 ab
2583 4896 2701 4950 aliis
2722 4898 3005 4968 conspicit,
3029 4914 3171 4963 eum,
3202 4899 3295 4969 qui
3322 4903 3387 4956 de
3421 4903 3657 4974 singula.

2089 4990 2247 5043 ritate
2294 4990 2436 5042 intus
2479 5002 2764 5057 erumpere
2788 4989 3015 5054 nititur,
3069 4991 3336 5059 superbia:
3381 5002 3649 5052 tumorem

2089 5081 2302 5149 premit.
2350 5098 2367 5130 ι
2403 5078 2637 5149 Reliqui,
2672 5080 2866 5149 inquit,
2897 5080 3029 5134 mihi
3072 5076 3274 5151 septem
3305 5082 3469 5137 millia
3505 5085 3653 5140 viro-

2089 5187 2229 5235 rum,
2274 5170 2365 5239 qui
2405 5186 2510 5224 non
2540 5178 2899 5243 curvaverant
2929 5184 3099 5239 genua
3140 5185 3236 5225 sua
3285 5183 3411 5227 ante
3450 5172 3603 5241 Baal,
3631 5196 3650 5228 ι

2089 5246 2187 5327 ut,
2217 5262 2343 5316 dum
2386 5277 2490 5316 non
2519 5260 2688 5314 solum
2746 5275 2803 5315 se
2875 5260 3196 5314 remansisse
3259 5275 3653 5333 cognosceret,

2087 5353 2332 5408 elationis
2360 5351 2607 5422 gloriam,
2634 5367 2753 5420 quae
2788 5352 2835 5405 ei
2868 5352 2933 5406 de
2976 5350 3345 5421 singularitate
3376 5358 3654 5426 surgebat,

2090 5444 2388 5499 inclinaret.
2434 5442 2697 5510 Propheta
2728 5457 2917 5510 nempe
2948 5453 3062 5497 erat
3088 5484 3103 5507 ,
3129 5452 3184 5498 et
3219 5460 3360 5514 saepe
3399 5451 3653 5517 mysteria

2086 5550 2316 5606 superna
2338 5541 2683 5604 cognoverat.
2700 5532 2838 5598 Quid
2856 5547 2983 5603 ergo
3009 5534 3220 5591 difﬁcile
3242 5536 3341 5591 fuit
3361 5552 3657 5608 agnoscere

2088 5630 2139 5683 in
2170 5627 2368 5682 mundo
2396 5625 2582 5682 ﬁdeles
2610 5625 2716 5680 Deo
2751 5623 2976 5679 famulos
3015 5635 3067 5679 et
3106 5627 3244 5683 alios
3286 5633 3647 5686 remansisse?

2088 5720 2193 5776 Sed
2221 5719 2344 5774 hinc
2371 5718 2598 5774 solerter
2628 5715 2941 5773 intuendum
2969 5726 3051 5772 est
3077 5719 3288 5791 oculum
3312 5722 3491 5795 cordis
3520 5723 3645 5781 cla.
