4070 6198
381 313 486 370 ait!)

991 319 1047 375 S.
1091 318 1292 377 PETRI
1323 320 1604 378 DAMiANl
1645 318 1794 373 Ol’l'.
1826 315 2004 370 PARS
2028 317 2158 372 δεῖ]
2194 319 2428 376 TOMUS
2467 321 2612 375 ll.-—
2650 320 3034 376 SERiiONES.

3535 318 3636 375 600

381 439 633 505 tioquam
651 437 896 506 nequiter
921 436 1157 504 claudat,
1174 439 1300 507 quia
1317 438 1407 509 qtti
1435 437 1656 492 humilis
1678 444 1730 492 et
1748 435 1958 491 occulta
1987 433 2035 493 Α
2065 435 2312 501 sumpsit.
2343 433 2434 487 Ait
2455 433 2600 488 enim
2625 451 2639 488 :
2679 450 2697 483 ι
2727 431 2936 495 Mulier,
2963 444 3125 501 quam
3157 431 3349 486 dedisti
3381 432 3512 486 mihi
3555 446 3642 488 so-

383 528 480 581 Dei
525 538 776 592 noverat,
813 529 989 582 elatus
1018 537 1072 581 et
1095 537 1281 597 aperta
1307 529 1600 583 nesciebat.
1627 527 1694 583 Ut
1734 544 1863 597 ergo
1903 529 1961 581 B.

386 617 667 673 Ursicinus
713 618 1031 673 barathrum
1097 617 1346 674 elationis
1387 621 1641 676 evaderet
1669 657 1684 685 ,
1742 621 1962 691 dignum

383 709 487 763 fuit
541 719 598 765 ut
635 710 878 764 cadendo
921 711 1156 766 disceret
1185 712 1307 781 quia
1357 728 1462 767 non
1496 728 1610 776 sua,
1654 712 1745 767 sed
1789 713 1962 766 aliena

381 801 584 855 virtute
621 801 878 856 stetisset.
913 801 1166 858 Permisit
1204 805 1383 859 divina
1430 804 1722 859 clementia
1776 803 1959 858 excel-

382 904 499 943 sam
540 891 773 959 paradisi
828 891 1051 946 cedrum
1104 893 1296 949 leviter
1345 896 1590 956 concuti,
1627 911 1693 948 ne
1723 896 1962 949 irruente

379 976 628 1033 validioui
676 979 890 1034 turbine
919 980 1177 1038 radicitus
1223 983 1679 1051 potuissetevelli.
1707 982 1963 1037 Permisit

377 1067 605 1121 militem
631 1084 788 1123 suum
834 1069 918 1124 vel
961 1070 1028 1124 ad
1075 1081 1408 1124 momentum
1450 1072 1732 1126 hostilibus
1769 1070 1961 1141 gladiis

382 1161 606 1226 cedere,
638 1161 988 1230 utpasnitens
1042 1161 1180 1232 fugae
1219 1161 1513 1218 ferveut'us
1559 1163 1819 1233 potuisset
1844 1161 1960 1216 ani-

382 1262 594 1304 mosum
607 1259 800 1321 pectus
815 1252 881 1306 ad
905 1252 1143 1306 rediviva
1168 1268 1355 1308 rursus
1369 1255 1662 1308 certamina
1678 1269 1958 1322 reparare,

378 1347 646 1409 quatenus
696 1343 763 1397 de
831 1341 1066 1412 fugiente
1131 1343 1377 1412 protinus
1431 1344 1832 1412 insequentem,
1895 1344 1960 1398 de

375 1431 520 1486 victo
549 1432 747 1488 faceret
772 1448 922 1488 versa
949 1436 1066 1488 vice
1095 1434 1374 1489 victorem.
1404 1435 1646 1488 Amando
1681 1434 1958 1490 Ursicinus

380 1535 596 1576 carnem
646 1537 797 1576 suam
827 1523 1099 1578 Christum
1140 1523 1388 1579 deserere
1423 1526 1613 1588 voluit,
1645 1525 1741 1580 sed
1772 1539 1959 1579 rursus

379 1611 619 1666 timendo
666 1614 941 1669 Christum
996 1617 1166 1685 ipsam
1209 1632 1426 1671 carnem
1472 1617 1613 1671 ultro
1660 1613 1957 1671 feriendam

374 1693 719 1762 carnificibus
768 1707 1005 1761 tradidit.
1060 1709 1137 1762 Ex
1193 1723 1299 1778 quo
1343 1709 1604 1778 peccavit,
1643 1723 1708 1762 ex
1747 1707 1858 1777 90
1892 1720 1957 1761 eo

374 1799 662 1855 emendare
697 1800 943 1869 protinus
991 1776 1224 1854 studuit.
1270 1776 1424 1857 Unde
1471 1800 1688 1854 admisit
1718 1776 1950 1870 culpam,
1980 1776 2030 1836 Β

377 1892 500 1946 inde
537 1892 794 1947 sustinuit
835 1891 1224 1960 pteuitcntiam.
1252 1891 1569 1947 Consolatus
1605 1893 1748 1947 enim
1797 1891 1952 1947 Ursi-

372 1981 552 2043 cinus,
596 1996 732 2051 genu
779 1989 933 2036 terra:
982 1983 1176 2050 posito.
1215 1983 1593 2054 Spiculalorem
1661 1992 1720 2036 ut
1768 1982 1955 2036 feriret

374 2072 642 2137 hortatur,
681 2087 848 2139 agens
878 2073 1252 2143 paenitentiam
1280 2073 1422 2143 quod
1459 2073 1768 2141 expavisset
1791 2072 1951 2126 Chri-

372 2163 443 2218 sti
470 2164 812 2234 martyrium.
1795 2152 1800 2156 ’

446 2253 667 2318 Discite,
720 2253 933 2321 fratres,
985 2255 1177 2311 discite
1231 2255 1524 2326 perfectam
1575 2256 1950 2325 paenitentiam

375 2356 565 2414 agere;
600 2345 790 2400 discite
821 2355 1001 2400 reatus
1030 2347 1196 2402 vestri
1230 2346 1468 2400 maculas
1486 2347 1658 2415 plena:
1685 2363 1950 2416 compun-

371 2434 568 2489 ctiouis
596 2434 808 2490 fletibus
834 2436 1146 2500 emundare,
1181 2435 1449 2500 videlicet,
1481 2445 1540 2489 ut
1578 2447 1950 2490 consummata

372 2521 512 2577 mala
534 2521 768 2593 perfecta
797 2523 1002 2577 diluaut
1031 2525 1285 2588 lamenta,
1319 2540 1385 2578 ne
1405 2525 1526 2593 plus
1551 2525 1947 2594 instringamiui

369 2613 426 2668 in
458 2613 642 2669 debito
676 2614 967 2683 perpetrati
999 2615 1208 2682 operis,
1239 2624 1292 2668 et
1319 2615 1498 2669 minus
1528 2615 1749 2669 solvatis
1777 2615 1828 2668 in
1858 2615 1951 2669 lle-

369 2704 517 2759 tibus
545 2702 948 2759 satisfactionis.
999 2702 1271 2773 Scriptum
1301 2706 1498 2775 quippe
1539 2714 1660 2760 est:
1705 2724 1724 2758 t
1755 2705 1946 2760 Polum

369 2793 516 2849 dedit
535 2793 1028 2865 nobisinlacrytnis
1055 2796 1106 2848 in
1135 2810 1385 2849 mensura
1407 2793 1581 2864 (Psal.
1613 2798 1823 2861 um),
1845 2817 1861 2846 ι
1893 2806 1949 2851 ιιι

372 2885 625 2940 nimirum
651 2886 1073 2956 uniuscujusque
1085 2903 1236 2942 mens
1254 2896 1458 2941 tantum
1476 2888 1782 2957 paenitendo
1801 2903 1946 2942 com-

372 2973 682 3043 punctionis
709 2989 817 3028 suae
847 2974 995 3029 bibat
1018 2975 1302 3047 lacrymas,
1333 2987 1591 3046 quantum
1616 2992 1673 3031 se
1704 2979 1949 3031 meminit

373 3079 404 3120 a
436 3064 546 3120 Deo
569 3066 775 3120 aruisse
810 3081 905 3137 per
929 3067 1132 3138 culpas.
1168 3067 1429 3124 Timendo
1453 3071 1649 3140 quippe
1688 3071 1750 3124 Β.
1787 3071 1942 3126 υτείο

368 3154 526 3210 ciuus
565 3163 812 3217 mortem,
847 3156 970 3211 vita:
1013 3157 1121 3223 jam
1177 3144 1459 3214 deserebat
1504 3169 1800 3225 auctorem,
1847 3164 1940 3217 sed

366 3259 489 3298 cum
518 3246 682 3300 verba
704 3245 994 3302 salutifera:
1021 3250 1417 3306 exhortationis
1445 3254 1671 3322 accepit,
1696 3255 1942 3324 protinus

368 3334 583 3406 erigens
614 3351 672 3390 se
723 3347 911 3392 contra
943 3340 1176 3408 seipsatn
1211 3356 1433 3398 carnem
1472 3345 1632 3398 morti
1660 3346 1941 3401 ultroneus

367 3425 610 3493 tradidit,
643 3425 795 3494 cujus
818 3429 1028 3485 vivendi
1056 3446 1238 3487 amore
1269 3434 1532 3502 peccavit.
1565 3434 1680 3488 Non
1710 3437 1941 3507 denique

366 3517 588 3576 restitit.
613 3533 720 3573 non
749 3519 801 3573 in
831 3521 992 3576 verba
1035 3535 1093 3576 se
1147 3527 1571 3597 prtesumptoriu:
1610 3528 1940 3584 defensionis

371 3598 566 3673 erexit,
600 3625 704 3664 non
727 3612 1103 3680 paenitentiam
1132 3616 1361 3681 distulit,
1393 3619 1486 3672 sed
1513 3635 1634 3673 mox
1659 3620 1941 3675 salutifero

369 3698 716 3769 corripientis
746 3702 974 3771 imperio
999 3705 1274 3760 humiliter
1311 3707 1567 3763 obcdivit.
1617 3711 1755 3765 Sunt
1784 3727 1936 3764 nam-

362 3803 469 3858 que
500 3791 736 3844 nonnulli
765 3794 881 3862 qtti,
937 3810 1058 3848 cum
1109 3797 1174 3850 de
1223 3811 1318 3851 ore
1363 3800 1729 3867 proximorum
1780 3802 1938 3856 verba

367 3881 726 3949 correptionis
757 3882 1003 3948 audiunt,
1036 3900 1159 3939 mox
1195 3886 1247 3939 in
1281 3887 1416 3941 iram
1444 3900 1822 3958 prorumpunt,
1865 3891 1943 3944 vi-

365 3969 439 4023 tio
466 3970 685 4024 tumidae
705 3970 954 4028 elationis
985 3973 1265 4049 inﬂantur,
1292 3984 1346 4029 et
1377 3976 1622 4046 capitalis
1646 3979 1942 4035 inimicitia)

363 4059 573 4116 facibus
613 4061 989 4118 inardescunt.
1029 4064 1092 4118 lli
1141 4065 1394 4120 nimirum
1443 4067 1508 4122 de
1550 4070 1943 4124 medicamento

367 4151 559 4206 salutis
585 4153 868 4206 materiam
895 4154 997 4208 sibi
1030 4153 1232 4210 faciunt
1256 4158 1612 4225 aegritudinis,
1641 4171 1695 4214 et
1714 4162 1940 4216 curandi

361 4244 700 4307 camerium,
753 4247 1065 4301 vutnerandi
1123 4247 1562 4304 instrumentum.
1625 4251 1726 4317 Qtti
1774 4252 1942 4308 multo

359 4335 602 4390 deterius
629 4351 728 4406 per
756 4337 1085 4393 defensionis
1111 4340 1393 4395 audaciam
1435 4342 1600 4396 Deum
1630 4345 1697 4396 ad
1727 4343 1942 4398 iracun-

360 4426 502 4481 diam
534 4438 846 4497 provocant,
876 4445 1034 4500 quam
1065 4439 1192 4485 tunc
1218 4446 1341 4485 cum
1362 4433 1832 4489 communicarnis
1855 4435 1938 4489 in-

361 4517 618 4575 firmitate
663 4523 982 4588 peccabant.
1026 4520 1154 4576 Plus
1187 4523 1328 4576 enim
1380 4523 1645 4592 delinquit
1681 4526 1802 4594 quis
1840 4527 1936 4579 de-

360 4611 626 4668 fendeutlo
638 4624 912 4682 peccatum
927 4629 1087 4683 quam
1112 4613 1356 4669 faciendo
1385 4626 1678 4686 peccatum.
1708 4618 1940 4674 Peccare

356 4703 556 4772 quippe
587 4705 880 4762 humanum
909 4714 1014 4774 est,
1049 4716 1329 4774 peccatum
1353 4721 1482 4763 vero
1511 4707 1798 4765 defemlere
1826 4711 1938 4764 dia-

360 4791 594 4846 bolicum
625 4801 730 4847 est.
762 4793 914 4849 Unde
944 4803 997 4849 et
1029 4793 1314 4851 Psalmista
1345 4797 1585 4851 divinum
1613 4797 1935 4865 adjutoritnn

359 4884 633 4938 humiliter
677 4884 946 4955 implorat,
1003 4886 1225 4941 dicens:
1286 4906 1304 4937 ‹
1336 4887 1450 4942 Non
1509 4889 1797 4943 absorbent
1848 4904 1935 4944 me

356 4972 721 5038 profundum,
791 4991 965 5044 neque
1021 4987 1209 5047 urgeat
1263 4994 1426 5047 super
1489 4991 1575 5034 me
1631 4990 1826 5048 puteus
1870 4997 1934 5036 os

357 5080 514 5119 suum
567 5063 739 5136 (Paul.
773 5066 983 5136 vaut).
1023 5087 1040 5118 ι
1077 5067 1349 5122 Profundo
1377 5069 1575 5140 quippe
1613 5071 1934 5127 absorbetur

355 5156 447 5224 qui
486 5157 540 5209 in
567 5157 748 5226 gravis
785 5158 991 5227 peccati
1033 5160 1389 5228 praecipitium
1420 5160 1637 5216 labitur.
1672 5162 1774 5217 Sed
1807 5173 1933 5220 tunc

355 5253 518 5315 Super
543 5260 665 5300 eum
693 5255 903 5316 puteus,
935 5263 1001 5304 ne
1023 5249 1172 5305 exire
1201 5251 1394 5316 valeat,
1429 5265 1491 5307 os
1517 5268 1672 5307 suum
1705 5254 1927 5318 claudit,

361 5350 484 5389 cum
522 5351 580 5390 se
626 5348 877 5405 peccator
907 5339 957 5392 in
986 5339 1314 5397 defensionis
1343 5343 1622 5398 audaciam
1665 5345 1933 5415 pergendo

357 5424 678 5494 profundius
708 5432 920 5499 mergit.
947 5428 1100 5485 Unde
1125 5441 1178 5485 et
1207 5432 1414 5502 primus
1441 5434 1599 5488 homo
1629 5443 1755 5489 tunc
1778 5435 1929 5504 quasi

361 5519 414 5572 in
448 5517 772 5588 profundum
798 5521 1025 5587 corruit,
1054 5537 1176 5578 cum
1201 5524 1424 5579 vetitum
1446 5540 1664 5594 pomum
1692 5542 1788 5597 per
1815 5527 1931 5582 ino-

360 5607 688 5666 ledientiam
706 5613 955 5668 comedit.
977 5610 1126 5670 Tunc
1150 5627 1313 5684 super
1335 5630 1457 5670 eum
1479 5629 1543 5671 os
1572 5631 1726 5671 suum
1741 5628 1932 5689 puteus

357 5706 573 5782 clausit,
610 5714 730 5761 cum
764 5703 971 5772 culpam
1011 5717 1162 5760 suam
1195 5704 1482 5762 defendere
1511 5708 1767 5764 audacter
1795 5727 1932 5781 prte-

2069 522 2229 588 ciam,
2258 524 2372 592 ipsa
2395 522 2526 576 mihi
2557 522 2706 576 dedit
2731 523 2795 576 de
2821 521 2988 592 ligno,
3019 531 3073 577 et
3099 522 3308 576 comedi
3323 521 3475 591 (Gen.
3500 521 3637 592 ιιι).›

2066 612 2162 678 Qui
2208 613 2422 681 quidem
2470 627 2568 681 per
2597 612 2842 666 timorem
2891 612 3237 680 semetipsum
3283 611 3643 666 absconsurus

2067 704 2292 774 fugerat,
2312 705 2404 758 sed
2422 713 2602 759 tamen
2626 704 2918 774 requisitos
2949 705 3453 773 inuotuitquantum
3475 705 3639 760 etiam

2066 796 2260 849 timens
2290 797 2644 850 tumescebat.
2676 795 2810 849 Cum
2837 795 3037 848 etenim
3062 811 3126 848 ex
3159 804 3382 862 peceato
3407 809 3643 862 praesens

2062 902 2218 958 ptena
2256 888 2534 953 metuitur,
2579 897 2634 943 et
2680 889 2878 943 amissa
2923 888 3013 941 Dei
3063 888 3230 942 facies
3261 897 3368 942 non
3400 896 3636 948 amatur,

2067 979 2227 1032 timor
2273 994 2338 1032 ex
2391 987 2603 1034 tumore
2644 987 2745 1043 est,
2777 995 2882 1033 non
2913 995 2979 1032 ex
3029 979 3354 1032 humilitate.
3391 978 3642 1048 Superhit

2061 1071 2258 1140 quippe
2302 1071 2391 1140 qui
2437 1081 2742 1140 peccatum,
2793 1072 2839 1125 si
2906 1071 3066 1125 liceat
3110 1086 3217 1123 non
3267 1070 3477 1138 puniri,
3531 1084 3636 1122 non

2061 1161 2280 1225 deserit,
2306 1163 2398 1216 sed
2423 1161 2601 1230 potius
2630 1161 2917 1216 defendere
2966 1162 3168 1215 tumida
3210 1159 3444 1216 elatione
3499 1175 3638 1226 preco

2061 1253 2244 1306 sumit.

2133 1343 2461 1402 Studeamus
2508 1345 2688 1412 itaque
2739 1359 2900 1407 nunc,
2951 1343 3306 1410 dilectissimi,
3356 1342 3638 1397 beatorum

2061 1445 2357 1506 martyrum
2380 1435 2609 1489 virtutes
2639 1435 2860 1498 imitari,
2895 1444 2954 1490 ttt
2983 1436 3051 1490 ab
3081 1435 3415 1505 lmperatore
3439 1450 3642 1508 marty-

2063 1542 2180 1579 rum
2209 1541 2330 1580 cum
2375 1527 2577 1581 eisdem
2626 1539 2934 1580 mereamur
2972 1529 3314 1596 postmodum
3367 1531 3636 1585 coronari.

2061 1617 2259 1669 Eorum
2288 1616 2509 1686 vestigia
2545 1626 2824 1670 teneamus
2848 1616 2899 1668 in
2930 1615 3034 1680 via,
3067 1631 3293 1685 quorum
3325 1619 3637 1672 societatem

2062 1707 2259 1761 habere
2289 1707 2661 1761 desideramus
2690 1706 2744 1759 itt
2785 1706 2978 1776 patria.
3028 1705 3276 1760 Profetto
3303 1707 3410 1762 illic
3439 1709 3638 1762 erimus

2056 1800 2197 1868 qttod
2225 1809 2370 1865 sunt,
2399 1799 2441 1852 si
2479 1799 2567 1853 hic
2611 1796 2872 1852 fuerimus
2899 1796 3038 1865 quod
3090 1796 3144 1850 hi
3222 1797 3459 1850 luerunt.
3503 1797 3635 1851 Nam

2055 1889 2100 1944 si
2132 1888 2510 1958 compatimur,
2538 1895 2592 1942 et
2639 1885 3117 1954 conregmdtimus;
3154 1885 3196 1938 si
3253 1886 3640 1938 commorimur

2054 1989 2107 2034 et
2137 1979 2482 2033 convivemus
2526 1975 2607 2047 (Il
2656 1975 2790 2029 Tim.
2818 1977 2901 2045 tt).
2951 1974 3066 2030 Non
3094 1990 3220 2044 ergo
3248 1976 3552 2029 dividamur
3581 1975 3635 2029 in

2057 2073 2274 2136 itinere,
2300 2071 2343 2123 si
2370 2071 2518 2140 juugi
2572 2070 2816 2124 volumus
2870 2070 2974 2140 91
3022 2069 3072 2122 in
3103 2070 3476 2139 perventione.
3529 2068 3636 2122 Do-

2053 2171 2171 2218 ceat
2198 2179 2297 2218 nos
2338 2163 2396 2216 B.
2443 2161 2632 2216 Vitalis
2677 2162 2875 2216 habere
2905 2161 3079 2214 zelum
3129 2160 3486 2224 rectitudinis,
3534 2159 3634 2213 do-

2053 2263 2174 2308 ceat
2209 2269 2307 2307 nos
2344 2252 2404 2307 B.
2450 2251 2730 2306 Ursicinus
2773 2252 3000 2304 formam
3048 2261 3232 2306 tenere
3278 2250 3630 2314 humilitatis;

2053 2346 2240 2400 doceat
2285 2353 2512 2412 uterque
2565 2344 2794 2414 geminae
2847 2359 3066 2397 servare
3122 2342 3396 2397 vinculum
3451 2343 3632 2397 chari-

2055 2435 2200 2489 tatis.
2269 2433 2359 2488 Ille
2413 2435 2610 2503 quippe
2651 2433 2877 2503 geminae
2933 2431 3217 2487 charitatis
3268 2432 3462 2486 ardore
3511 2446 3632 2485 suc-

2051 2540 2277 2589 census,
2331 2532 2390 2578 ut
2439 2531 2751 2591 pereuntem
2786 2522 3090 2591 proximum
3122 2522 3373 2576 liberaret
3397 2529 3452 2576 et
3479 2537 3635 2574 utun-

2050 2617 2175 2670 dam
2239 2614 2346 2668 Deo
2397 2611 2513 2682 ejus
2582 2613 2872 2684 imaginem
2944 2613 3229 2676 redderet,
3283 2612 3632 2681 semetipsum

2050 2711 2271 2766 omnino
2301 2708 2579 2778 despexit,
2615 2718 2671 2762 ct
2715 2706 3073 2762 crudelissimi
3115 2705 3480 2782 persecutoris
3510 2718 3632 2758 sett-

2053 2802 2281 2856 tentiam
2347 2814 2454 2854 non
2520 2797 2756 2866 expavit.
2829 2797 2933 2851 Iste
2998 2810 3126 2850 vero
3192 2793 3502 2864 corripienti
3570 2807 3630 2846 se

2051 2893 2295 2963 proximo
2343 2889 2620 2944 humiliter
2660 2888 2858 2958 paruit,
2892 2897 2952 2942 .et
2993 2886 3059 2940 ad
3095 2893 3438 2954 conspectum
3469 2883 3630 2938 Crea-

2054 2986 2184 3040 toris
2227 2982 2306 3038 sui
2338 2981 2659 3051 quantocius
2686 2996 2909 3050 pergere
2933 2995 3026 3048 per
3044 2978 3276 3048 gladium
3300 2976 3625 3046 preperavit.

2123 3074 2228 3130 Sed
2256 3074 2512 3143 quoniam
2553 3071 2696 3126 hunc
2723 3083 3028 3125 sermonem
3055 3072 3122 3122 de
3152 3068 3421 3135 triumpho
3445 3066 3622 3120 sancti

1970 3133 2015 3195 Ο
2049 3165 2238 3220 Vitatis
2272 3165 2515 3220 scribere
2564 3162 2961 3232 proposuimus,
2994 3160 3145 3229 plura
3195 3168 3378 3212 tamen
3431 3170 3626 3211 occur-

2049 3267 2198 3311 rente
2229 3256 2454 3310 materia
2488 3256 2561 3309 de-
2594 3253 2842 3308 Ursicino
2872 3250 3030 3304 locuti
3061 3261 3270 3312 sumus,
3312 3261 3467 3301 nemo
3512 3245 3626 3300 exi-

2043 3345 2226 3400 stimet
2250 3344 2375 3412 quia
2403 3344 2469 3398 de
2496 3340 2788 3412 propositas
2822 3337 3138 3392 intentionis
3183 3335 3398 3390 tramite
3437 3333 3623 3389 devia-

2044 3436 2238 3489 vimus.
2269 3432 2405 3487 Cum
2450 3431 2594 3485 enim
2627 3428 2684 3483 S.
2721 3427 2950 3483 Ursicini
2986 3426 3293 3495 triumphus
3335 3422 3620 3488 attollitur,

2044 3524 2338 3581 beatissimi
2381 3537 2595 3592 quoque
2641 3519 2831 3575 Vitalis
2878 3519 3204 3588 praeconium
3240 3533 3345 3571 non
3394 3525 3624 3570 tacetur.

2049 3617 2211 3673 Salus
2235 3616 2433 3686 quippe
2461 3613 2614 3683 aegri,
2645 3612 2762 3665 laus
2785 3619 2869 3666 est
2899 3609 3124 3674 medici;
3162 3618 3217 3663 et
3243 3606 3434 3677 peritia
3463 3605 3627 3661 disd-

2045 3709 2174 3778 puli,
2209 3707 2376 3776 gloria
2406 3713 2490 3760 est
2517 3703 2882 3774 praeceptoris.
2939 3700 3164 3768 Magnus
3207 3699 3472 3768 siquidem
3513 3696 3627 3760 ille,

2045 3801 2136 3872 qui
2187 3815 2286 3870 pro
2318 3798 2425 3852 vita
2467 3797 2605 3852 mori
2653 3794 2874 3858 didicit;
2909 3793 3003 3847 sed
3057 3791 3215 3860 longe
3244 3789 3491 3859 superior
3530 3788 3623 3858 qui

2043 3897 2473 3945 tnomentaneam
2509 3887 2675 3940 vitam
2723 3899 2820 3954 pro
2860 3893 3063 3939 aeterna
3103 3882 3378 3952 despicere
3411 3880 3616 3934 docuit.

2042 3985 2222 4040 Fortis
2253 3984 2361 4048 ille,
2388 3983 2480 4052 qui
2513 3995 2755 4034 amarum
2786 3979 2976 4034 salutis
3009 3976 3258 4046 poculum
3310 3974 3495 4028 bibere
3525 3986 3624 4042 po-

2043 4076 2174 4141 tuit;
2208 4073 2301 4129 sed
2331 4073 2499 4128 multo
2525 4070 2716 4126 fortior
2746 4070 2867 4133 iste,
2895 4069 2988 4138 qui
3023 4084 3145 4122 eum
3177 4067 3241 4120 de
3271 4065 3400 4135 ipsis
3428 4079 3625 4133 perpe-

2047 4175 2154 4220 tua:
2209 4165 2400 4218 mortis
2457 4161 2706 4217 faucibus
2753 4169 3000 4230 potenter
3050 4159 3252 4213 eduxit.
3305 4156 3442 4211 Cum
3493 4171 3628 4224 ergo

2044 4253 2388 4324 triumphalis
2421 4252 2657 4308 Ursicini
2689 4252 2864 4305 virtus
2891 4248 3170 4312 attollitur,
3199 4247 3464 4316 gloriosus
3485 4262 3625 4315 quo-

2041 4361 2146 4414 que
2173 4346 2235 4398 B.
2270 4343 2462 4397 Vitalis
2484 4343 2656 4396 honor
2679 4351 2925 4409 augetur.
2958 4339 3069 4393 lino
3084 4337 3344 4407 quidquid
3366 4350 3626 4406 maguum

2041 4437 2241 4492 dicitur
2266 4439 2330 4490 de
2360 4443 2607 4503 utroque,
2644 4442 2815 4487 totum
2853 4433 2918 4485 ad
2944 4431 3168 4501 gloriam
3197 4428 3471 4483 Creatoris
3497 4442 3622 4495 per-

2044 4531 2178 4583 tinet
2207 4526 2505 4595 utriusque.
2537 4543 2556 4575 ι
2581 4523 2764 4593 Neque
2788 4523 2932 4576 enim
2960 4521 3049 4590 qui
3075 4515 3624 4589 plantatestaliqnid,

2042 4633 2216 4690 neque
2267 4618 2358 4687 qui
2414 4617 2586 4685 rigat,
2638 4612 2735 4668 sed
2776 4613 2865 4683 qui
2911 4612 3304 4666 incrementum
3336 4609 3428 4662 dat
3480 4607 3620 4659 Deus

2041 4710 2094 4781 (Ι
2125 4709 2247 4764 Car.
2287 4709 2393 4777 tn).
2425 4726 2446 4760 ι
3580 4749 3598 4766 .

2112 4802 2256 4855 Inter
2283 4800 2398 4854 haec
2428 4811 2545 4863 vos,
2582 4796 2780 4851 fratres
2808 4792 3134 4857 cuarissimi,
3165 4791 3230 4845 ad
3265 4787 3618 4856 vosmetipsos

2041 4891 2233 4956 redite,
2248 4900 2403 4946 actus
2429 4897 2639 4944 vestros
2661 4886 2887 4943 sollicita
2910 4883 3310 4940 examinatione
3334 4879 3622 4945 discutite;

2036 4992 2090 5038 et
2119 4982 2208 5050 qui
2239 4981 2420 5034 laudes
2445 4987 2745 5049 martyrum
2773 4977 3004 5032 libenter
3025 4973 3242 5036 auditis,
3270 4970 3368 5041 ipsi
3399 4983 3632 5061 quoquc;

2036 5073 2360 5128 laudabilem
2411 5072 2578 5125 vitam
2636 5070 2838 5124 habere
2882 5076 3092 5124 curate.
3151 5083 3169 5115 ι
3201 5064 3314 5118 Non
3357 5071 3438 5116 est
3468 5059 3629 5116 enim

2034 5166 2275 5236 speciosa
2300 5165 2416 5218 laus
2440 5165 2489 5216 in
2505 5177 2599 5216 ore
2622 5158 3252 5232 peecaloris(Eccli.xv).
3271 5173 3292 5207 ο
3321 5153 3397 5208 llli
3424 5162 3629 5218 nempe

2035 5267 2257 5312 sanctos
2287 5255 2450 5325 digne
2479 5253 2723 5307 laudibus
2753 5251 2983 5306 efferunt
3011 5249 3101 5318 qui
3150 5246 3492 5302 laudabiliter
3531 5243 3624 5297 vi-

2040 5357 2194 5415 vuut,
2217 5357 2272 5403 et
2289 5348 2344 5402 hi
2370 5347 2587 5402 fortium
2610 5347 2837 5399 virtutes
2860 5343 3067 5398 utiliter
3094 5340 3320 5396 audiunt
3349 5350 3488 5406 quos
3514 5351 3618 5389 au-

2039 5442 2146 5495 dita
2201 5439 2467 5510 praeconia
2523 5438 2591 5492 ad
2635 5450 2874 5491 amorem
2923 5434 3242 5489 imitationis
3289 5431 3615 5486 accendunt.

2045 5551 2062 5584 ι
2092 5532 2434 5603 Quaecunque
2457 5533 2600 5588 enim
2630 5533 2830 5600 scripta
2856 5539 3003 5594 sunt,
3027 5529 3092 5583 ad
3126 5535 3365 5582 nostram
3405 5520 3610 5577 doctri-

2037 5637 2161 5676 nam
2188 5622 2387 5692 scripta
2413 5631 2538 5676 sunt
2564 5620 2740 5692 (Rom.
2778 5620 2888 5690 xv).
2921 5638 2939 5671 ι
2971 5617 3226 5688 Quisquis
3257 5628 3388 5684 ergo
3409 5610 3614 5682 gaudes

2041 5712 2252 5768 fortiter
2279 5712 2455 5780 egisse
2481 5722 2750 5782 martyres
2787 5710 3007 5774 Christi,
3037 5708 3214 5777 arripe
3245 5715 3300 5761 et
3320 5705 3434 5776 ipse
3459 5715 3614 5756 arma
