4070 6198
361 310 455 365 601

1756 311 1983 367 sanna
2026 309 2207 365 XVIII.

3508 311 3614 366 6.2

361 424 500 477 inter
526 420 726 476 milites
752 419 974 476 Christi.
1019 422 1222 477 Desunt
1265 423 1508 478 exterius
1537 425 1744 489 hostes,
1786 431 1936 478 verte
1965 435 2008 487 Λ
2040 423 2350 478 convocatis
2376 421 2569 478 amicis
2591 430 2645 477 et
2673 421 2882 487 vicinis,
2913 422 3323 492 congratulatus
3346 432 3428 477 est
3455 423 3611 493 (an-

359 530 550 570 manus
597 515 649 567 in
697 521 770 578 te,
807 523 862 568 et
906 514 1102 569 multos
1147 516 1435 571 seditiosos
1479 517 1717 571 invenies
1762 515 1929 570 cives.

363 608 524 661 Dotna
567 606 898 676 superbiam,
945 604 1131 676 jngnla
1173 608 1527 669 iracundiam,
1559 608 1842 674 exstingue
1871 605 1938 660 li-

357 694 613 757 bidinem,
647 695 882 764 reprime
911 697 1222 761 avaritiam,
1249 699 1438 752 occide
1467 697 1743 760 invidiam,
1775 704 1850 759 et,
1879 705 1936 750 ut

356 784 594 838 breviter
625 799 746 838 cum
774 785 1034 854 Apostolo
1070 795 1264 841 cuncta
1295 786 1644 858 complectar,
1675 785 1935 853 Cruciﬁae

351 890 564 927 carnem
600 884 744 927 luant
773 891 892 928 cum
931 877 1068 930 vitiis
1116 887 1162 930 et
1213 878 1642 946 concupiscentiis
1687 875 1829 948 (Gul.
1852 876 1931 946 v),

353 962 458 1017 huc
499 972 584 1016 est
634 963 848 1018 fortiter
877 980 1057 1035 agere,
1108 966 1209 1022 hoc
1245 976 1327 1022 est
1367 967 1600 1022 viriliter
1648 959 1929 1022 dimicare.

354 1053 487 1108 Nam
517 1057 647 1124 quid
687 1057 863 1124 juvat,
897 1059 940 1110 si
988 1059 1134 1112 circa
1183 1059 1380 1111 vallum
1419 1068 1470 1112 te
1496 1075 1612 1111 'nnn
1649 1058 1932 1112 obsideant

350 1149 498 1202 acies
515 1149 980 1217 persequentium,
1003 1159 1056 1204 et
1087 1150 1228 1204 intra
1257 1151 1406 1204 urbis
1430 1151 1630 1204 muenia
1655 1158 1932 1220 grassetur

352 1239 630 1292 barbaries
655 1239 965 1294 vitiorum?
1012 1240 1123 1293 lmo
1169 1241 1298 1309 quid
1341 1240 1582 1308 prodest,
1610 1240 1653 1293 si
1686 1239 1927 1292 membra

348 1326 547 1384 diaboli
579 1338 754 1385 tecum
783 1329 1024 1385 exterius
1051 1346 1156 1384 non
1186 1329 1500 1401 conﬂigant,
1529 1338 1583 1384 et
1611 1330 1725 1397 ipse
1745 1329 1931 1383 diabo-

348 1417 435 1472 lus
480 1419 809 1474 intrinsecus
856 1427 908 1473 te
937 1419 1119 1488 quieto
1143 1418 1265 1488 jure
1297 1417 1604 1488 possideat?
1633 1416 1766 1470 Nam
1804 1416 1927 1486 qui-

344 1521 560 1576 cunque
583 1507 698 1576 ejus
729 1508 990 1563 voluntati
1017 1508 1244 1578 subjecti
1277 1518 1426 1572 sunt,
1457 1508 1611 1578 quasi
1639 1507 1824 1577 quieto
1859 1507 1927 1561 ab

341 1597 438 1651 illo
451 1595 576 1664 jure
601 1599 965 1668 possidentur,
991 1608 1044 1654 et
1069 1600 1332 1668 superbus
1353 1615 1541 1654 eorum
1572 1615 1661 1653 rex
1692 1599 1926 1668 quadam

339 1692 636 1746 securitate
651 1689 968 1760 perfruitur,
981 1692 1107 1746 dum
1128 1707 1312 1746 eorum
1336 1693 1588 1747 cordibus
1607 1692 1925 1746 inconcussa

2040 513 2154 582 xv),
2188 513 2259 566 ita
2295 522 2350 567 et
2378 529 2497 578 nos,
2529 513 2751 568 invento
2779 525 2867 578 eo,
2899 530 3002 567 non
3044 515 3185 582 quod
3216 514 3332 584 ipse
3362 516 3612 584 perdide-

2040 612 2140 666 rat,
2165 605 2258 659 sed
2289 621 2396 673 quo
2446 621 2542 660 nos
2592 607 2829 674 perditos
2883 607 3233 676 aequisicrat,
3281 607 3484 676 justum
3532 616 3615 660 est

2036 694 2282 764 gloriari,
2325 695 2626 766 prmsertim
2675 713 2796 749 cum
2846 695 3136 766 Apostolus
3177 695 3321 750 dicat
3364 711 3379 750 :
3428 717 3446 748 r
3483 696 3613 751 Mihi

2037 796 2216 840 autem
2245 787 2386 841 absit
2434 788 2678 858 gloriari,
2727 789 2826 842 nisi
2875 789 2926 842 in
2971 805 3132 843 cruce
3182 789 3396 843 Domini
3443 792 3614 844 nostri

2033 873 2158 928 Jesu
2209 876 2413 931 Christi
2446 875 2585 946 (Cal.
2621 877 2728 947 vt),
2766 896 2784 929 ι
2820 886 3075 946 tantoque
3106 879 3426 948 propensius
3455 879 3614 948 spiri-

2039 967 2236 1020 tualem
2271 968 2514 1022 lanitium
2563 970 2729 1023 alacri
2775 971 3031 1024 debemus
3075 979 3255 1024 mente
3303 971 3610 1040 concipere,

2034 1059 2236 1116 quanto
2282 1064 2390 1104 non
2441 1051 2756 1117 ignoramus
2811 1060 2864 1104 et
2905 1051 3080 1119 ipsurn
3121 1052 3372 1108 humanm
3419 1053 3614 1108 salutis

2032 1142 2311 1197 inimicum
2341 1146 2580 1199 anterius
2607 1147 2907 1215 Suspirare.
2929 1145 3212 1201 Gaudebat
3236 1163 3471 1218 namque
3495 1149 3612 1204 dia-

2029 1233 2189 1290 bulus
2223 1237 2287 1288 ad
2332 1236 2674 1292 evadendum
2711 1240 3090 1308 ignominiosa:
3125 1251 3237 1293 Sua:
3270 1239 3608 1296 confusionis

2027 1322 2411 1390 Opprobrium,
2447 1326 2588 1392 quod
2645 1327 2974 1395 triumphale
3023 1330 3298 1390 vexillum,
3350 1333 3454 1385 sub
3500 1347 3609 1400 quo

2027 1425 2332 1485 prostratus
2374 1425 2429 1470 et
2478 1421 2782 1488 captivatus
2819 1421 2993 1475 [ιιθτιιι
3021 1463 3036 1487 ,
3079 1431 3308 1478 eatenus
3361 1434 3609 1479 maneret

2024 1511 2336 1571 occultum,
2378 1519 2434 1564 et
2479 1513 2650 1566 ruina:
2684 1527 2795 1566 suae
2832 1515 3104 1577 dedecus,
3154 1518 3297 1585 quod
3351 1523 3607 1571 succum-

2021 1599 2199 1657 bendo
2232 1606 2552 1672 pertulerat,
2575 1621 2874 1674 suppresso
2901 1607 3057 1676 signo
3081 1608 3325 1661 victorite
3350 1623 3609 1679 comperi-

2021 1695 2200 1750 sabat.
2255 1695 2325 1749 At
2371 1697 2462 1750 ubi
2513 1711 2790 1766 repertum
2825 1709 2926 1764 est,
2967 1701 3055 1752 ubi
3094 1712 3219 1755 cum
3255 1709 3400 1755 tanta
3433 1702 3606 1771 gloria

338 1792 611 1852 potestate
639 1784 968 1838 dominatur.
990 1783 1096 1839 Sed
1119 1799 1238 1838 cum
1270 1783 1688 1854 uniuscujusque
1711 1783 1930 1854 spiritus
1963 1780 2344 1840 BCliristianae
2377 1790 2654 1842 devotioni
2691 1800 2741 1844 et
2773 1790 2958 1857 pietati
2995 1791 3282 1862 perpendit
3317 1808 3441 1847 esse
3469 1808 3604 1848 con-

335 1876 412 1929 ad
438 1875 747 1932 Conditoris
777 1877 1102 1932 desiderium
1134 1877 1438 1942 mealescit,
1479 1892 1604 1931 cum
1655 1883 1929 1942 torporem

335 1966 680 2038 negligentia:
704 1968 926 2032 deserit,
951 1977 1004 2022 et
1029 1968 1198 2038 frigus
1230 1968 1661 2024 insensibilitatis
1691 1965 1930 2036 pristina:

333 2055 466 2127 igne
511 2058 685 2112 sancti
737 2059 938 2113 amoris
999 2059 1301 2123 succendit,
1352 2071 1474 2113 cum
1531 2058 1796 2113 libertatis
1841 2060 1928 2112 in-

332 2148 537 2216 genitae
578 2149 860 2212 meminit,
920 2157 975 2202 et
1025 2148 1193 2203 tcncri
1225 2149 1293 2203 ab
1343 2148 1500 2203 hoste
1557 2163 1748 2203 servus
1805 2162 1928 2201 ern-

333 2237 541 2303 bcscit,
571 2238 696 2308 quia
732 2239 874 2292 idem
906 2239 1076 2292 hostis
1106 2253 1168 2292 se
1219 2238 1529 2292 considerat
1551 2236 1763 2306 despui,
1800 2237 1925 2305 quia

329 2329 446 2399 92
483 2329 602 2384 vias
652 2329 746 2384 Dei
802 2331 949 2385 videt
983 2330 1341 2400 xappreltentli
1369 2369 1384 2394 ,
1439 2329 1585 2384 dolet
1627 2339 1816 2384 centra
1869 2343 1928 2384 se

329 2429 554 2490 captum
585 2421 745 2476 reniti
771 2463 787 2488 ,
832 2437 955 2476 mox
986 2423 1102 2477 zelo
1139 2422 1476 2488 accenditur,
1505 2439 1625 2476 mox
1657 2423 1721 2475 ad
1753 2433 1927 2476 certas

328 2526 460 2567 men
506 2520 783 2577 movetur,
814 2528 938 2568 mox
970 2521 1161 2568 eontra
1195 2513 1544 2567 rebellantem
1588 2524 1823 2567 mentem
1865 2529 1923 2568 se

327 2608 729 2674 excitata'tqne
771 2604 824 2659 in
855 2605 1000 2660 omni
1034 2615 1152 2660 arte
1196 2605 1542 2660 lacerationis
1587 2605 1828 2676 instigat,
1869 2614 1928 2660 ut

329 2695 696 2751 tentationum
737 2695 915 2766 jacula
949 2697 1310 2766 intorquendo
1356 2697 1624 2751 confodiat
1658 2711 1752 2752 cor
1781 2698 1926 2766 quod

326 2785 537 2840 dudum
593 2787 778 2854 quieto
834 2785 960 2856 jure
1009 2788 1341 2858 possidebat.
1405 2785 1568 2854 Quasi
1625 2788 1927 2843 dormiebat

324 2874 556 2944 quippe,
587 2875 712 2928 dum
737 2877 942 2944 sopitus
968 2877 1022 2930 in
1056 2891 1222 2945 pravo
1251 2876 1414 2931 corde
1461 2879 1787 2946 quiesceret,
1827 2877 1921 2932 sed

324 2967 605 3021 excitatur
637 2968 689 3020 in
715 2969 1100 3038 provocatione
1122 2969 1464 3032 certaminis,
1495 2984 1616 3022 cum
1642 2967 1732 3037 jus
1757 2969 1926 3023 admi-

324 3057 462 3111 serit
491 3072 760 3127 perversae
785 3057 1190 3113 dominationis.
1240 3058 1514 3127 Scriptum
1542 3059 1740 3127 quippe
1776 3067 1859 3114 est
1903 3076 1916 3111 ε

329 3167 350 3200 t
392 3147 514 3214 Fili,
546 3149 808 3204 accedens
842 3147 909 3203 ad
939 3149 1260 3204 servitutem
1294 3149 1409 3214 Dei,
1443 3158 1524 3203 sta
1555 3149 1606 3202 in
1625 3147 1836 3217 justitia
1863 3158 1918 3204 ct
1945 3133 1989 3194 (ἶ

326 3243 552 3305 timore,
600 3252 656 3297 et
691 3257 944 3311 praspara
988 3244 1228 3298 animam
1275 3250 1420 3296 tuam
1467 3243 1532 3295 ad
1565 3242 1917 3297 tentationem

325 3333 522 3391 (Et-ch.
542 3339 624 3403 ιι).
647 3353 665 3384 ι
705 3333 962 3404 Quisquis
991 3334 1135 3388 enim
1167 3333 1373 3402 accingi
1407 3333 1460 3387 in
1481 3333 1665 3387 divino
1694 3333 1920 3388 servitio

323 3434 610 3496 properat,
636 3425 764 3494 quid
797 3425 943 3480 aliud
973 3440 1136 3494 quam
1169 3440 1229 3479 se
1273 3433 1461 3479 contra
1492 3424 1698 3494 antiqui
1731 3425 1922 3478 adver-

323 3520 460 3575 sarii
485 3527 760 3574 certamen
807 3528 987 3590 parat,
1035 3529 1095 3572 ut
1142 3515 1278 3574 liber
1327 3519 1380 3572 in
1427 3517 1729 3573 certamine
1785 3518 1922 3572 lctus

323 3612 612 3682 suscipiat,
649 3613 739 3681 qui
772 3612 989 3682 quietus
1031 3611 1131 3666 sub
1173 3609 1460 3680 tyrannide
1508 3610 1562 3664 in
1607 3609 1921 3678 captivitate

325 3703 655 3757 serviebat?
697 3702 753 3756 In
788 3703 891 3756 hoc
935 3699 1262 3764 certamine,
1307 3699 1649 3754 dilectissimi
1706 3698 1919 3762 fratres,

323 3804 518 3848 noster
545 3796 759 3849 animus
781 3807 839 3848 se
868 3807 1086 3862 Semper
1112 3800 1385 3855 exerceat,
1415 3792 1482 3845 ad
1523 3789 1683 3858 hujus
1727 3803 1921 3860 pugna:

324 3886 616 3940 victoriam
650 3899 803 3941 mens
846 3878 1056 3940 nostra.
1085 3885 1210 3939 totis
1250 3883 1547 3938 visceribus
1587 3879 1916 3938 inardescat.

329 3997 350 4030 ι
393 3977 508 4032 Non
532 3979 677 4032 enim
709 3978 1082 4039 curonabitur,
1117 3976 1223 4030 nisi
1249 3976 1340 4045 qui
1365 3974 1602 4041 legitime
1626 3973 1920 4028 certaverit

324 4066 417 4134 (Il
452 4067 588 4121 Tim.
633 4071 731 4136 It);
773 4081 792 4120 ι
840 4075 1106 4137 quatenus
1135 4065 1226 4133 qui
1264 4080 1407 4118 nunc
1434 4064 1697 4117 imitau'o
1730 4063 1918 4117 beatos

325 4169 604 4232 martyres
645 4159 884 4228 legitime
918 4159 1199 4213 decertare
1227 4157 1624 4218 contendimus,
1663 4163 1914 4226 percepta

323 4267 532 4312 corona
565 4254 808 4309 victoria:
832 4253 886 4307 in
918 4261 1178 4306 aeternum
1208 4263 1329 4305 cum
1369 4249 1485 4318 ipso
1535 4262 1663 4318 rcge
1715 4255 1918 4316 marty-

325 4361 451 4400 rum
485 4345 833 4400 ii:eil‘abiliter
879 4343 1236 4398 exsultemns.
1290 4340 1390 4406 Qui
1448 4340 1622 4394 trinns
1669 4346 1724 4394 et
1778 4347 1918 4393 unus

326 4439 474 4493 Deus
501 4437 630 4490 vivit
663 4445 716 4490 et
763 4435 1027 4505 gloriatur
1051 4431 1287 4506 [regnat]
1319 4440 1414 4501 per
1465 4431 1672 4486 inlinita
1719 4429 1914 4486 amenta

323 4530 673 4585 saeculorum.
699 4528 894 4583 Amen.

325 4790 439 4850 lll.
491 4789 704 4851 Sermo
737 4787 809 4848 de
841 4687 1466 4856 Inveizit‘iolfessanctw
1499 4783 1749 4844 Cructs.

326 4891 443 4951 XI.
476 4891 688 4951 Sermo
729 4884 802 4947 de
846 4887 913 4948 S.
966 4883 1258 4945 Anthimo
1295 4890 1588 4962 martyre.

320 4989 501 5056 XJV.
532 4987 742 5048 Sermo
773 4985 844 5046 de
873 4985 938 5046 5.
979 4983 1310 5064 Bonifacio
1355 4988 1640 5060 martyre.

321 5087 472 5150 XV.
507 5088 718 5150 Sermo
769 5085 841 5146 de
885 5083 1140 5163 Spiritu
1190 5087 1402 5142 sancto
1453 5087 1508 5141 et
1575 5080 1705 5160 ejus
1766 5095 1910 5157 gra-

409 5195 520 5249 na'
893 5275 1124 5338 SERMO
1162 5271 1347 5334 xuii.

495 5387 562 5430 es
598 5389 920 5432 INVENTIONB
961 5387 1176 5430 suam
1216 5383 1424 5425 cuneis.
1457 5367 1538 5436 (ιιι
1573 5361 1739 5435 Itan.)

404 5465 592 5530 liodie,
640 5465 839 5522 fratres
881 5462 1220 5523 clmrissimi,
1260 5460 1386 5529 quia
1421 5458 1613 5513 Crucis
1643 5457 1912 5512 Iuventio-

329 5572 460 5612 netu
491 5558 739 5624 colimus,
771 5555 927 5627 quasi
956 5563 1172 5625 reperto
1202 5550 1477 5608 communi
1525 5549 1691 5605 totius
1725 5550 1908 5604 mundi

331 5649 593 5704 thesauro
628 5647 986 5702 communiter
1016 5646 1070 5700 in
1101 5641 1317 5701 Christo
1347 5642 1580 5711 gaudere
1629 5641 1907 5705 debemus,

334 5751 396 5793 ct
440 5741 577 5797 sicut
623 5741 738 5797 illc.
790 5742 1006 5796 inventa
1061 5737 1262 5794 ocrdita
1315 5751 1414 5791 ove
1462 5735 1543 5790 vel
1608 5735 1908 5792 drachma.

2017 1873 2291 1941 spiceum,
2321 1879 2599 1934 erubescit
2633 1894 2693 1933 se
2742 1882 2942 1950 ubique
2976 1883 3083 1951 jam
3141 1887 3328 1938 videre
3363 1897 3606 1954 prostra.

2017 1977 2170 2036 tum,
2233 1971 2340 2042 93
2392 1975 2518 2042 quia
2578 1974 2777 2046 ubique
2831 1973 3046 2030 titulum
3108 1978 3308 2034 divitiae
3360 1984 3603 2036 Veturia:

2029 2061 2203 2114 cernit
2238 2069 2502 2116 erectum.
2541 2061 2854 2130 Ubicunque
2877 2062 3023 2116 enim
3051 2061 3263 2131 signum
3294 2059 3473 2114 crucis
3505 2060 3612 2114 eri-

2029 2152 2193 2221 gitur,
2217 2152 2324 2208 illic
2338 2153 2526 2222 procul
2556 2154 2721 2208 dubio
2748 2163 2803 2208 et
2829 2153 3029 2208 Christi
3052 2151 3297 2217 victoria,
3325 2160 3382 2206 ct
3409 2149 3611 2206 diaboli

2029 2245 2315 2315 captivitas
2335 2247 2639 2301 denomtur.
2673 2245 2843 2300 Porro
2870 2254 3050 2299 autem
3093 2255 3415 2300 veternosus
3438 2243 3610 2297 hostis

2027 2351 2125 2404 per
2147 2335 2348 2406 lignum
2374 2335 2608 2405 primum
2640 2335 2912 2388 hominem
2941 2331 3162 2397 vicerat,
3195 2346 3521 2400 omnemque
3547 2331 3610 2385 il-

2028 2425 2133 2479 lius
2159 2425 2470 2494 progeniem
2524 2437 2624 2494 per
2664 2424 2903 2493 quinque
2955 2422 3120 2476 millia
3159 2419 3273 2477 fere
3318 2429 3606 2484 annorum,

2030 2523 2283 2586 tanquam
2312 2527 2549 2579 servum,
2581 2515 2680 2568 sub
2702 2514 2833 2583 jugo
2863 2526 2975 2568 sua:
3007 2512 3306 2584 tyrannidis
3328 2511 3602 2581 opprime-

2027 2605 2139 2660 bat.
2174 2605 2330 2661 Venit
2358 2617 2539 2660 antem
2591 2601 2783 2670 Filius,
2818 2614 3070 2673 tanquam
3113 2605 3264 2674 gigas
3289 2603 3354 2655 ad
3383 2615 3609 2657 curren-

2026 2697 2150 2752 dam
2177 2697 2321 2751 viam
2358 2695 2531 2768 (Psal.
2586 2697 2765 2765 xvtn),
2827 2704 2890 2750 nt
2935 2695 3237 2750 debellaret
3287 2709 3476 2749 aereas
3507 2709 3610 2764 po-

2027 2798 2272 2855 testates,
2304 2798 2360 2842 et
2411 2789 2610 2858 lignum
2654 2789 2797 2858 ligno
2827 2788 3109 2859 opposuit,
3139 2789 3264 2840 dum
3304 2795 3403 2856 per
3431 2786 3610 2840 crucis

2026 2880 2443 2934 amaritudinem
2477 2879 2692 2949 exspuit
2739 2889 3055 2933 venenatam
3087 2873 3404 2948 ponii-illius
3456 2876 3608 2929 vetiti

2027 2970 2378 3038 voluptatem.
2429 2967 2643 3022 Primus
2684 2968 2895 3023 scilicet
2940 2968 3102 3023 homo
3128 2981 3250 3021 cum
3292 2981 3508 3020 manum
3540 2967 3608 3019 ad

2028 3059 2299 3124 arborem,
2345 3057 2559 3112 diabolo
2600 3059 2918 3122 suadente,
2951 3057 3214 3126 porrexit,
3267 3055 3608 3127 tanquamli-

2021 3167 2170 3223 gneze
2206 3151 2400 3206 tabula:
2433 3151 2854 3220 chirographum
2903 3149 3161 3204 dedititia:
3208 3149 3485 3204 servitutis
3524 3149 3606 3203 in-

2022 3245 2260 3315 scripsit.
2289 3244 2572 3298 Secundus
2600 3245 2760 3297 homo
2787 3257 2908 3298 cum
2938 3243 2990 3296 in
3015 3255 3178 3298 cruce
3201 3257 3391 3297 manus
3414 3251 3605 3297 exten-

2019 3336 2122 3401 dit,
2153 3336 2454 3391 cantiouem
2488 3335 2633 3389 illam
2675 3333 2939 3388 lethiferte
2982 3333 3251 3402 pactionis
3290 3332 3602 3405 [passiOnis]

2020 3425 2394 3481 oblitterandte
2437 3426 2653 3479 delevit.
2701 3423 2803 3478 Per
2847 3425 3050 3493 lignum
3099 3438 3228 3493 ergo
3279 3425 3420 3479 servi
3455 3426 3601 3487 lacti.

2019 3533 2117 3588 per
2142 3518 2344 3588 lignum
2369 3532 2557 3572 sumus
2589 3517 2821 3571 libertati
2853 3517 3094 3586 pristina:
3125 3515 3380 3570 restituti.
3405 3515 3511 3571 Per
3540 3516 3603 3570 li-

2020 3623 2183 3679 gnum
2208 3609 2274 3664 de
2304 3609 2554 3678 paradiso
2595 3606 2870 3662 fueramus
2909 3591 3093 3676 ejus-ti,
3133 3620 3230 3676 per
3260 3606 3464 3676 lignum
3513 3621 3604 3661 su-

2021 3715 2141 3753 mus
2179 3699 2230 3753 in
2262 3698 2492 3768 patriam
2520 3697 2778 3752 revocati.
2811 3697 2877 3750 Et
2904 3697 2994 3765 qui
3034 3705 3132 3766 per
3158 3693 3359 3766 lignum
3399 3695 3609 3750 inimici

2020 3792 2256 3860 deputati
2291 3791 2511 3855 fuimus,
2560 3801 2656 3858 per
2693 3796 3092 3844 sacramentum
3121 3788 3301 3842 crucis
3325 3788 3377 3842 in
3419 3788 3610 3842 amici-

2022 3883 2149 3936 tiam
2197 3883 2291 3937 Dei
2330 3891 2387 3938 et
2428 3883 2484 3935 in
2519 3879 2834 3950 angelorum
2871 3877 3220 3933 concordiam
3269 3875 3608 3930 reconciliati

2018 3989 2226 4037 smnus,
2261 3981 2495 4028 testante
2539 3971 2819 4041 Apustqu,
2867 3970 2957 4042 qui
2995 3969 3062 4022 de
3086 3967 3306 4023 Christo
3333 3969 3399 4022 ad
3431 3964 3614 4037 Ephe-

2019 4067 2130 4120 sios
2155 4066 2381 4134 loquens
2409 4064 2484 4119 alt
2511 4080 2529 4118 ι
2566 4081 2584 4115 ι
2623 4063 2741 4132 Ipse
2766 4071 2870 4128 est,
2903 4062 3100 4132 Inqnit,
3136 4071 3242 4129 pax
3275 4069 3484 4124 nostra,
3515 4058 3610 4128 qui

2020 4159 2146 4212 fecit
2182 4165 2411 4228 utraque
2462 4168 2670 4221 unum;
2716 4163 2770 4209 et
2799 4153 3032 4208 medium
3063 4151 3325 4222 parietem
3358 4151 3609 4205 mace-riae

2019 4249 2341 4316 dissolvens,
2375 4247 2690 4302 inimicitias
2721 4246 2774 4299 in
2808 4257 2972 4300 carne
3007 4258 3101 4297 sua
3136 4259 3149 4295 :
3183 4241 3353 4309 legem
3386 4242 3611 4296 manda-

2019 4349 2197 4395 torum
2234 4339 2470 4394 decretis
2507 4345 2806 4400 evacitans,
2842 4343 2900 4390 ut
2929 4335 3063 4389 duos
3093 4335 3292 4388 condat
3319 4333 3373 4386 in
3403 4339 3609 4388 semct~

2021 4432 2139 4501 ipso
2177 4432 2228 4485 in
2268 4441 2434 4485 unum
2474 4443 2673 4485 novum
2729 4429 3023 4490 hominem,
3054 4425 3260 4481 faciens
3285 4441 3510 4495 pacem;
3552 4433 3611 4478 ut

1946 4493 1994 4556 θ
2022 4523 2339 4578 reconciliet
2375 4523 2562 4576 ambos
2609 4521 2662 4574 in
2713 4534 2818 4572 uno
2840 4531 3069 4586 corpore
3092 4519 3212 4572 Deo
3240 4523 3333 4586 per
3365 4531 3606 4578 crucem,

2027 4615 2357 4670 interficiens
2384 4611 2698 4666 inimicitias
2735 4611 2787 4664 in
2819 4608 3112 4676 semetipso
3139 4608 3354 4678 (Ephes.
3380 4607 3464 4677 ιι).
3497 4625 3517 4658 ι

2095 4705 2208 4759 Hoc
2244 4703 2474 4771 denique
2499 4700 2690 4756 salutis
2726 4701 2977 4755 humanm
3002 4698 3256 4753 vexillum
3293 4709 3398 4749 non
3432 4692 3605 4750 solum

2023 4796 2106 4851 lex
2143 4810 2242 4866 per
2279 4794 2539 4865 quasdam
2577 4793 2782 4864 typicas
2825 4791 3208 4862 intelligentias
3237 4799 3291 4844 et
3315 4787 3606 4858 aenigmata

2019 4890 2347 4960 praetigurat,
2376 4887 2470 4942 sed
2506 4893 2561 4942 et
2598 4886 2841 4942 omnium
2885 4884 3272 4955 prophetarum
3307 4879 3527 4936 oracula
3551 4887 3607 4934 ct

2019 4988 2215 5034 cuncta
2231 4978 2429 5034 Veteris
2453 4976 2799 5032 instrumenti
2823 4983 3112 5029 veneratur
3133 4971 3451 5026 auctoritas.
3476 4969 3607 5037 Qua:

2018 5081 2103 5126 est
2128 5071 2274 5127 enim
2305 5070 2446 5124 sacri
2473 5069 2668 5139 eloquii
2694 5068 2914 5139 pagina,
2941 5077 3060 5135 quae
3085 5065 3263 5120 crucis
3284 5063 3604 5134 mysterium

2022 5177 2129 5216 non
2161 5162 2421 5226 redoleat,
2443 5170 2499 5215 et
2523 5162 2588 5215 ad
2617 5162 2740 5224 hoc,
2768 5158 2923 5228 quasi
2955 5157 3020 5209 ad
3051 5157 3220 5209 totius
3245 5155 3494 5208 humana:
3518 5168 3606 5206 sa-

2020 5256 2150 5313 lutis
2168 5263 2523 5327 caputatqne
2547 5252 2896 5323 principium,
2929 5264 3034 5302 non
3065 5245 3345 5301 intendat?
3375 5245 3451 5298 Ex
3487 5243 3607 5312 qni-

2019 5349 2121 5405 bus
2148 5339 2405 5401 nimirum
2459 5354 2564 5397 non
2615 5342 2848 5396 otiosum
2902 5337 3194 5399 credimus,
3232 5334 3275 5387 si
3309 5334 3486 5404 aliqua
3517 5333 3605 5387 hic

2022 5437 2353 5499 testimOnia,
2378 5445 2498 5503 qute
2524 5432 2706 5487 crucis
2734 5429 3050 5499 mysterium
3084 5426 3331 5490 innnant,
3358 5423 3605 5502 profera-

2020 5547 2160 5594 mus,
2184 5536 2244 5583 nt
2269 5543 2366 5597 per
2393 5541 2458 5580 ea
2508 5535 2626 5593 quae
2661 5521 2750 5578 hic
2776 5521 2927 5576 brevi
2971 5531 3222 5574 sermone
3281 5516 3603 5588 perstringi-

2019 5636 2138 5674 mus
2204 5618 2270 5671 ad
2317 5615 2405 5671 illa
2454 5613 2616 5670 etiam
2650 5627 2769 5682 quis
2820 5618 3087 5672 tacentur,
3119 5606 3374 5662 facilioris
3406 5605 3603 5660 intelli-

2019 5709 2214 5780 gentite
2245 5708 2448 5766 aditum
2493 5703 2848 5777 praebeamus.
2888 5699 3103 5755 Primus
3135 5699 3297 5770 igitur
3323 5696 3594 5752 Abraham
