4070 6198
420 289 527 343 ma

1026 287 1082 342 S.
1116 286 1318 342 PETRI
1353 285 1634 340 DAMIANI
1670 284 1822 340 OI’P.
1854 282 2045 338 .PARS
2086 282 2215 338 SEU
2260 280 2496 338 'I'OMUS
2535 284 2596 337 Il.
2638 315 2707 325 ——
2742 285 3131 343 SERSIONES.

3563 276 3660 347 σῡι

420 404 643 456 accedat
690 402 742 456 in
783 401 1037 464 medium,
1085 398 1177 469 qui
1217 398 1343 453 dum
1383 396 1669 454 immolare
1691 396 1801 451 Deo
1826 394 1995 448 ﬁlium
2026 397 2067 456 Α
2103 393 2259 449 ﬁdem
2313 394 2551 462 videant,
2600 394 2691 465 qut
2739 407 2968 453 eatenus
2996 397 3118 454 ﬁdei
3143 398 3325 455 oculos
3351 414 3457 455 non
3500 400 3664 456 habe-

426 495 613 557 voluit,
654 502 846 548 cuncta
879 506 1017 563 pene
1042 506 1136 560 per
1160 491 1405 545 ordinem
1447 489 1715 559 passionis
1756 487 1996 541 Domini-

422 603 501 640 eze
538 591 873 640 sacramenta
925 581 1178 651 signavit.
1212 580 1361 635 Sicut
1400 580 1544 634 enim
1571 578 1866 641 Abraham,
1905 576 1993 645 qui

422 687 571 743 pater
595 673 827 729 excelsus
852 673 1069 735 dicitur,
1103 672 1320 725 unicum
1347 680 1403 724 et
1431 670 1687 725 dilectum
1725 667 1888 721 ﬁlium
1916 665 1999 719 of-

422 765 567 820 ferre
598 766 704 818 Deo
729 762 835 818 non
868 763 1152 826 dubitavit,
1182 762 1255 816 ita
1278 771 1333 815 et
1351 775 1595 831 summus
1623 759 1786 813 Pater
1813 758 2000 826 unige-

424 859 592 911 nitum
621 857 993 924 dilectumque
1031 852 1223 907 Filium
1264 868 1362 922 pro
1398 853 1553 906 nobis
1604 850 1854 904 omnibus
1886 858 1998 902 tra-

426 950 580 1004 didit.
633 949 698 1002 Et
727 949 861 1003 sicut
898 948 1044 1002 Isaac
1073 948 1188 1016 ipse
1216 947 1314 1002 sibi
1357 947 1495 1017 ligna
1523 933 1755 1016 portavit
1804 944 1997 1013 quibus

422 1050 539 1094 erat
569 1040 945 1108 impenendus,
970 1036 1275 1107 ila"'quoq'ne
1296 1036 1541 1091 Christus
1555 1036 1733 1089 crucis
1750 1050 1860 1089 sua!
1879 1048 2001 1103 ges-

428 1136 560 1190 tavit
585 1135 637 1189 in
669 1134 906 1188 humeris
932 1133 1134 1203 lignum
1153 1173 1166 1194 ,
1197 1132 1249 1185 in
1279 1146 1387 1199 quo
1410 1138 1526 1184 erat
1564 1144 1660 1198 pro
1687 1137 1868 1181 nostra
1905 1142 1998 1180 sa-

425 1227 535 1280 lute
577 1238 854 1295 passurus.
909 1223 1020 1275 Duo
1061 1232 1238 1275 autem
1289 1221 1428 1274 servi
1457 1219 1529 1273 illi
1569 1218 1751 1287 procul
1792 1214 1996 1270 dimissi

424 1315 637 1369 Iudaeos
688 1313 1016 1384 signilieanl,
1061 1311 1176 1380 qui,
1228 1325 1350 1364 cum
1378 1309 1648 1362 serviliter
1670 1308 1915 1360 viverent
1945 1314 2000 1359 et

425 1404 719 1458 carnaliter
766 1410 1036 1471 saperent,
1086 1415 1190 1452 non
1248 1397 1645 1452 intellexerunt
1680 1396 2002 1450 altissimam

427 1492 782 1547 humilitatem
811 1477 1232 1560 [paupertatem]
1268 1485 1492 1553 Christi,
1539 1497 1701 1556 atque
1749 1487 1867 1540 ideo
1893 1500 1999 1538 non

426 1582 789 1636 ascenderunt
820 1581 871 1634 in
900 1588 1168 1643 montem,
1216 1580 1391 1632 locum
1435 1578 1687 1632 videlicet
1723 1576 2005 1631 sacriﬁcii.

426 1674 535 1726 Cur
569 1682 745 1725 autem
776 1672 880 1723 duo
907 1670 1071 1734 servi,
1104 1669 1207 1723 nisi
1230 1670 1376 1738 quia,
1403 1679 1657 1738 peccante
1688 1667 1997 1731 Salomone,

2096 485 2246 540 bant.
2342 520 2347 525 ι

2126 608 2133 613 ρ
2170 575 2370 631 Verum
2399 593 2496 632 nos
2526 580 2653 633 dum
2683 581 3080 637 sacriﬁcantem
3113 581 3387 636 Abraham
3420 582 3666 653 aliquan-

2099 675 2152 720 to
2182 667 2423 737 longiore
2460 685 2707 725 sermone
2735 671 3132 740 prosequimur,
3186 673 3254 725 ab
3282 672 3403 727 aliis
3439 689 3560 743 qua:
3586 673 3667 726 di-

2096 758 2266 811 cenda
2296 768 2441 822 sunt,
2474 757 2674 814 diutius
2704 762 3082 831 prtepedimur.
3128 761 3240 817 l-loc
3271 778 3462 833 nempe
3489 764 3666 819 crucis

2097 847 2411 915 Inys:erium
2463 857 2520 903 et
2558 848 2724 905 Jacoh
2775 842 3087 921 ﬁguraliter
3118 854 3406 922 expressit,
3457 855 3685 908 cumde'

2058 922 2071 934 ’
2094 938 2313 995 Christo
2351 941 2491 1021 inter
2513 942 2714 1011 reliqua
2742 944 2907 999 verba
2935 945 3330 1001 benedictionis
3358 945 3554 1007 intulit,
3585 947 3668 999 di-

2097 1043 2266 1084 cens:
2314 1048 2332 1082 I
2361 1030 2589 1085 Lavabit
2636 1033 2690 1086 in
2736 1034 2865 1088 vino
2917 1035 3110 1090 stolam
3152 1050 3327 1099 suam,
3379 1046 3433 1090 et
3462 1036 3514 1089 in
3542 1050 3670 1090 san-

2097 1121 2259 1189 guine
2320 1136 2437 1175 uvae
2489 1122 2708 1191 pallium
2782 1139 2941 1179 suum
3013 1124 3167 1195 (Gen.
3225 1123 3392 1196 xmx).
3446 1143 3466 1176 ι
3517 1123 3669 1179 Stola

2098 1210 2301 1263 Christi
2328 1221 2384 1265 et
2415 1211 2635 1279 pallium
2669 1214 2957 1269 multitudo
2982 1224 3061 1269 est
3089 1215 3350 1286 gentium,
3379 1229 3511 1284 quas
3542 1224 3673 1271 tunc

2099 1298 2360 1353 Dominus
2414 1300 2609 1366 induit,
2668 1303 2884 1371 quando
2941 1304 3041 1358 sibi
3074 1320 3167 1359 eas
3203 1320 3301 1373 per
3331 1303 3558 1373 gratiam
3584 1317 3673 1359 re-

2100 1388 2425 1458 demptionis
2454 1390 2722 1460 adiunxit,
2745 1393 2885 1447 sicut
2908 1408 3006 1463 per
3024 1396 3342 1464 prophetam
3366 1393 3670 1463 pollicetur,

2101 1478 2329 1545 dicens:
2370 1498 2389 1529 ι
2422 1480 2554 1534 Vivo
2575 1496 2706 1551 ego,
2738 1482 2870 1537 dicit
2898 1483 3178 1549 Dominus,
3227 1484 3326 1537 nisi
3362 1483 3460 1538 hos
3483 1498 3675 1538 omnes

2102 1567 2318 1623 induam
2372 1571 2516 1625 sicut
2552 1572 2935 1648 vestimentum
2981 1571 3136 1642 (lsai.
3167 1575 3336 1642 LxIx).
3399 1591 3417 1624 I
3466 1571 3673 1626 Stolam

2101 1673 2229 1729 ergo
2256 1673 2409 1713 suam
2455 1658 2716 1717 Dominus
2758 1662 2812 1716 in
2835 1662 2981 1727 vino,
3007 1672 3062 1717 et
3088 1662 3305 1731 pallium
3325 1663 3380 1716 in
3411 1664 3677 1730 sanguine

426 1779 493 1817 ex
529 1778 635 1816 una
685 1762 977 1816 Israelitica
1012 1760 1165 1830 plebe
1195 1737 1301 1813 duo
1327 1737 1452 1813 laeti
1482 1770 1607 1813 sunt
1632 1759 1998 1830 populi?.Qui-
2032 1737 2077 1795 Β
2104 1764 2221 1803 ιινῖε
2258 1749 2409 1814 ιίινίι,
2446 1753 2662 1821 quando
2699 1753 2841 1807 sicut
2871 1751 3062 1810 botrtts
3108 1754 3162 1808 in
3198 1754 3376 1808 crucis
3396 1752 3541 1824 ligno
3581 1767 3677 1823 pe-

429 1856 528 1908 hus
548 1854 733 1922 utique
761 1867 901 1920 szepe
931 1866 1026 1920 per
1054 1850 1608 1920 prophetamdicitur
1634 1867 1648 1903 :
1684 1868 1701 1900 ι
1732 1847 2002 1905 Adversa-

430 1947 533 2000 trix
564 1945 747 2010 Israel,
794 1954 849 1999 et
895 1943 1297 2014 prrevaricatrix
1326 1942 1459 1997 Juda
1509 1942 1644 2013 (Jer.
1673 1944 1774 2013 III).
1813 1961 1831 1994 ι
1874 1942 1999 1996 Asia-

429 2051 531 2089 nus
578 2042 757 2087 autem
787 2032 875 2086 ille
901 2047 1010 2101 quo
1041 2041 1167 2086 tunc
1209 2032 1458 2084 utebatur
1478 2031 1774 2096 Abraham,
1816 2031 2000 2086 insen-

428 2132 547 2178 sata
568 2117 1261 2178 eratstultitiaJudaaorum.
1277 2117 1389 2190 94
1407 2117 1496 2171 llla
1521 2119 1683 2188 plane
1699 2119 1853 2173 bruta
1869 2118 2004 2174 stul-

430 2214 547 2268 titia
574 2212 753 2267 omnia
781 2218 1121 2266 sacramenta
1170 2209 1465 2279 portabat,-
1492 2204 1827 2278 quan‘tamen
1874 2210 2004 2279 quid

428 2302 611 2365 ferret,
642 2301 785 2356 velut
808 2299 1121 2354 irrationale
1150 2299 1372 2363 animal,
1396 2300 1692 2367 ignorabat.
1721 2298 1842 2354 Jam
1874 2315 2005 2355 vero

427 2393 555 2461 quid
580 2401 664 2447 est
693 2391 835 2461 quod
863 2390 1062 2445 dictum
1099 2397 1183 2444 est
1210 2391 1289 2444 eis
1317 2407 1330 2442 :
1368 2408 1385 2439 ι
1421 2388 1744 2458 Exspectate
1775 2391 1858 2445 hic
1881 2405 2003 2445 cum

429 2484 602 2547 asino,
632 2492 918 2552 postquam
969 2490 1148 2535 autem
1187 2479 1626 2544 adoraverimus,
1671 2491 2007 2534 revertemur

428 2580 496 2631 ad
528 2576 658 2630 vos?
677 2595 695 2627 ι
730 2572 883 2643 (Gen.
910 2573 1070 2643 χχιι.)
1092 2572 1231 2627 Audi
1251 2571 1593 2641 Apostolum:
1622 2591 1640 2622 ι
1662 2572 1905 2637 Czecitas,
1926 2573 2008 2627 in-

429 2670 566 2738 quit,
600 2683 666 2721 ex
690 2674 845 2736 parte
873 2664 1032 2720 Israel
1068 2664 1207 2719 facta
1242 2672 1346 2728 est,
1380 2672 1437 2717 ut
1462 2664 2004 2734 plenitudogentium

432 2760 681 2820 intraret,
701 2765 764 2810 er
777 2755 854 2809 sic
876 2754 1054 2808 omnis
1079 2753 1243 2808 Israel
1265 2754 1444 2806 salvus
1474 2754 1628 2808 ﬁeret
1655 2752 1824 2822 (Rom.
1857 2754 1954 2824 xi).
1982 2774 2001 2807 ι

433 2846 573 2914 Quid
627 2854 710 2899 est
759 2843 903 2898 enim
949 2842 1092 2912 quod
1146 2841 1383 2895 dicitur:
1417 2860 1436 2892 ι
1466 2840 1692 2896 Creeitas
1735 2857 1800 2897 ex
1855 2854 2007 2912 parte

431 2938 592 2993 Israel
634 2936 772 2990 facta
798 2934 917 2989 est?
955 2952 973 2985 ι
1026 2932 1152 3009 Hoc.
1175 2941 1258 2987 est
1297 2931 1541 2986 videlicet
1574 2950 1587 2986 :
1633 2952 1651 2983 ι
1691 2932 2008 3003 Exspectate

433 3031 520 3084 hic
546 3045 667 3085 cum
703 3029 871 3084 asino.
912 3048 930 3080 ι
966 3027 1035 3083 Ut
1063 3026 1338 3097 plenitudo
1363 3021 1600 3095 gentium
1628 3026 1874 3092 intraret,
1905 3028 2006 3081 hoc

2100 1840 2305 1909 pendit.
2335 1839 2488 1897 Tunc
2538 1842 2681 1896 enim
2724 1856 2793 1897 ex
2838 1842 3007 1898 latere
3029 1844 3147 1914 ejus
3193 1843 3412 1914 sanguis
3449 1851 3503 1896 et
3534 1856 3675 1912 aqua

2100 1927 2372 1998 proﬂuxit.
2432 1929 2539 1986 Sed
2581 1946 2720 2000 aqua
2753 1946 2850 1987 nos
2896 1933 3091 1997 abluit,
3131 1934 3394 2004 sanguine
3424 1931 3676 1993 redemit,

2103 2018 2359 2072 nimirum
2405 2028 2463 2073 ut
2507 2020 2790 2076 exhiberet
2831 2021 2933 2076 sibi
2961 2036 3212 2090 sponsam
3252 2036 3355 2075 non
3382 2023 3678 2075 habentem

2105 2110 2392 2175 maculam,
2431 2125 2607 2181 neque
2652 2126 2839 2179 rugam
2870 2111 3086 2182 (Epltes.
3127 2111 3201 2171 vl.
3238 2112 3430 2167 Crucis
3476 2121 3682 2182 myste-
3764 2145 3785 2168 ο

2106 2202 2245 2255 ι·ίυιιι
2301 2201 2440 2256 idem
2493 2201 2660 2257 Jacob
2708 2211 2836 2257 tunc
2887 2204 3051 2258 etiam
3103 2211 3356 2273 patenter
3407 2202 3678 2267 exhibuit,

2104 2293 2320 2360 quando
2369 2289 2638 2359 juniorem
2709 2293 2965 2362 Ephraim
3022 2293 3267 2349 Manasse
3320 2285 3717 2365 primogenita.

2105 2383 2415 2455 praeferens,
2462 2385 2515 2439 in
2541 2386 2756 2440 modum
2780 2386 2959 2440 erucis
2997 2401 3158 2457 super
3184 2402 3276 2442 eos
3304 2386 3527 2442 brachia
3553 2400 3682 2456 per-
3775 2377 3778 2380 ’

2104 2476 2333 2529 mutavit
2362 2473 2514 2547 (Gen.
2556 2480 2765 2549 XLVIII).
2797 2477 2904 2532 Per
2936 2493 3151 2534 erucem
3197 2494 3432 2548 namque
3472 2477 3679 2532 factum

2103 2574 2188 2620 est
2239 2575 2293 2619 ut
2322 2566 2548 2636 populus
2583 2567 2846 2638 gentium,
2880 2576 3135 2638 tanquam
3174 2569 3515 2640 primogeniti
3555 2569 3682 2639 jure

2105 2669 2390 2727 pra-reple,
2422 2659 2672 2729 populum
2700 2661 3027 2728 prmcederet
3046 2659 3374 2716 Judzeorum.
3414 2660 3545 2715 Illud
3568 2660 3680 2730 95

2107 2763 2321 2817 quoque
2345 2750 2486 2817 quod
2531 2749 2583 2803 in
2612 2749 2800 2804 Exodo
2828 2750 3044 2819 legitur,
3076 2751 3142 2805 ad
3178 2751 3468 2806 Dominicae
3498 2751 3683 2805 erucis

2108 2837 2341 2892 refertur
2364 2838 2546 2908 procul
2576 2839 2738 2894 dubio
2773 2850 3194 2897 sacramentum.
3230 2840 3373 2895 Dixit
3400 2841 3545 2895 enim
3569 2840 3679 2895 Do-

2107 2928 2286 2982 minus
2314 2929 2381 2981 ad
2410 2927 2626 2999 Moysen
2656 2945 2670 2982 :
2706 2948 2725 2980 I
2758 2928 2969 2998 Projiee
3012 2932 3217 3001 virgam
3248 2946 3408 3001 quam
3436 2931 3489 2985 in
3515 2946 3679 2985 manu

2109 3029 2308 3089 gestas,
2335 3018 2387 3071 in
2416 3028 2615 3074 terram
2649 3037 2663 3073 :
2695 3029 2749 3075 et
2769 3021 3013 3092 projecit,
3038 3033 3089 3078 et
3120 3023 3293 3078 factus
3326 3033 3419 3078 est
3436 3036 3678 3093 serpens.

432 3129 538 3183 est,
574 3128 855 3189 postquam
904 3116 1329 3181 adoraverimus,
1383 3113 1471 3171 ubi
1524 3116 1771 3172 videlicet
1797 3116 2003 3172 sacriﬁ-
2030 3104 2076 3165 C
2108 3110 2340 3179 Expavit
2376 3110 2518 3165 illico
2546 3110 2776 3183 Moyses,
2805 3123 2861 3167 et
2898 3112 3053 3184 fugit.
3084 3115 3150 3169 Et
3172 3115 3250 3168 ait
3276 3114 3349 3168 illi
3376 3113 3677 3171 Dominus:

432 3212 574 3264 cium
613 3210 904 3265 Dominicse
946 3209 1125 3265 crucis
1164 3208 1439 3278 impletum
1467 3224 1564 3279 per
1588 3225 1774 3264 omnes
1821 3218 2009 3280 gentes

435 3299 602 3353 fuerit
654 3299 1025 3369 pnedicatum.
1059 3298 1211 3365 Quod
1239 3306 1419 3352 autem
1460 3298 1742 3367 sequitur:
1779 3318 1798 3349 ι
1840 3299 1903 3353 Et
1929 3300 2008 3355 sic

435 3392 612 3445 omnis
651 3390 816 3447 Israel
858 3391 1039 3447 salvus
1069 3390 1190 3457 ﬁet,
1227 3410 1245 3443 ι
1275 3390 1378 3445 hoc
1418 3398 1535 3457 est,
1582 3400 1915 3447 revertemur
1941 3392 2008 3447 ad

435 3496 553 3535 VOS.

509 3570 646 3637 Quid
701 3578 786 3626 est
834 3580 1012 3625 autem
1049 3570 1191 3640 quod
1228 3570 1371 3624 aries
1407 3569 1549 3624 inter
1579 3584 1772 3640 vepres
1799 3571 2010 3626 hmrens

434 3662 692 3723 cornibus
738 3662 1029 3726 invenitur,
1074 3661 1163 3730 qui
1194 3677 1291 3731 pro
1321 3663 1471 3716 Isaac
1517 3662 1824 3719 immolatus
1852 3664 2013 3719 oll‘er-

440 3754 560 3807 tur?
586 3752 731 3809 Crux
763 3768 955 3822 nempe
981 3768 1182 3808 cornua
1212 3752 1394 3819 habet,
1419 3753 1527 3808 duo
1566 3754 1833 3824 siquidem
1867 3755 2009 3826 ligna

439 3846 667 3900 invicem
723 3855 1137 3915 componuntur,
1191 3853 1246 3899 et
1298 3844 1378 3899 sic
1438 3847 1608 3901 erucis
1636 3847 1869 3914 speciem
1892 3849 2014 3902 red-

443 3937 597 3991 dunt.
629 3936 763 3991 Hinc
788 3946 871 3991 est
913 3936 1057 3990 enim
1088 3936 1228 4005 quod
1257 3936 1324 3990 de
1350 3936 1567 3990 Christo
1596 3938 1856 4007 scriptum
1885 3947 1967 3994 est
1994 3950 2007 3993 :

443 4028 709 4087 (Cornua
739 4036 861 4081 sunt
894 4043 942 4079 In
972 4028 1219 4081 manibus
1251 4027 1368 4094 ejus
1394 4026 1559 4099 (Hab.
1591 4028 1695 4097 III).
1734 4049 1752 4082 ι
1786 4029 2008 4087 Hierens

438 4133 567 4186 ergo
593 4117 849 4171 cornibus
887 4116 1050 4179 aries,
1090 4116 1337 4172 Christus
1386 4126 1469 4173 est
1524 4119 1815 4175 cruciﬁxus
1871 4122 2015 4176 inter

441 4203 712 4260 :u‘uleatas
753 4212 808 4259 et
853 4204 1133 4260 vulniﬁeas
1173 4204 1480 4261 Iudaeorum
1513 4192 1844 4277 iniquitates,
1875 4212 2015 4268 sicut

442 4296 573 4365 ipse:
606 4308 701 4364 per
751 4291 1041 4347 Jeremiam
1097 4295 1469 4364 conqueritur,
1516 4297 1744 4353 dicens:
1779 4320 1797 4352 ι
1834 4300 2015 4370 Spinis

442 4392 786 4455 peccatorum
823 4398 1061 4447 suorum
1111 4386 1467 4441 circumdedit
1516 4402 1603 4453 me
1658 4390 1886 4460 populus
1926 4394 2015 4447 hic

2108 3201 2467 3271 Apprehende
2509 3202 2736 3256 caudam
2759 3202 2907 3273 ejus;
2949 3212 3006 3259 et
3028 3205 3399 3275 apprehendit,
3431 3204 3687 3274 factaque

2110 3306 2195 3349 est
2225 3295 2419 3349 iterum
2461 3295 2611 3363 virga
2641 3292 2838 3367 (Exod.
2876 3296 2972 3367 tv).
3007 3316 3027 3349 ι
3059 3296 3247 3351 Cuncti
3295 3297 3496 3366 liquido
3526 3297 3684 3352 novi-

2112 3402 2232 3440 mus
2269 3387 2395 3456 quia
2423 3402 2647 3457 serpens
2672 3387 2844 3442 suasit
2868 3387 3071 3442 homini
3118 3397 3347 3442 mortem
3389 3385 3544 3457 (Gen.
3573 3387 3680 3456 III).

2112 3476 2252 3547 Ergo
2273 3492 2420 3533 mors
2440 3492 2468 3530 a
2492 3486 2762 3547 serpente.
2792 3477 2925 3545 Quis
2958 3486 3139 3533 autem
3172 3477 3321 3548 virga
3340 3516 3356 3541 ,
3388 3477 3493 3532 nisi
3519 3476 3683 3532 Chri-

2111 3577 2247 3630 stus,
2278 3567 2344 3622 de
2369 3582 2478 3636 quo
2503 3568 2762 3636 propheta
2802 3567 2934 3623 dicit
2962 3584 2977 3622 :
3013 3587 3031 3619 ι
3073 3566 3211 3635 Quia
3236 3567 3544 3637 egredietur
3571 3567 3687 3621 vir-r

2112 3675 2174 3730 εει
2204 3660 2270 3715 de
2294 3660 2470 3715 radice
2491 3659 2687 3715 Iesse?
2718 3680 2737 3712 ι
2772 3658 2930 3730 (Ιεαὶ.
2954 3661 3054 3731 ιι.)
3088 3661 3243 3731 Virga
3280 3660 3462 3730 itaque
3486 3660 3543 3714 in
3571 3675 3687 3714 ser-

2112 3762 2349 3825 pentem,
2377 3751 2626 3806 Christus
2666 3752 2717 3805 in
2748 3760 2998 3807 mortem.
3020 3750 3231 3823 Moyses
3257 3760 3437 3806 autem
3467 3751 3688 3821 expavit

2112 3850 2168 3901 et
2207 3839 2361 3910 fugit,
2385 3841 2511 3909 quia
2533 3856 2797 3910 suspenso
2825 3841 2876 3895 in
2906 3856 3067 3901 cruce
3092 3841 3174 3896 vel
3206 3841 3469 3896 moriente
3498 3840 3684 3895 Domi-

2112 3944 2203 3992 no,
2226 3930 2403 3984 omnis
2430 3929 2515 3984 ille
2538 3929 2900 3998 apostolorum
2914 3945 3184 3985 numerus
3208 3929 3557 3984 tremefactus
3590 3944 3687 3983 ex-

2113 4021 2279 4091 pavit,
2307 4030 2363 4076 et
2382 4038 2410 4075 a
2442 4031 2604 4076 certae
2628 4022 2740 4090 spei
2767 4037 2843 4076 ac-
2864 4021 3031 4076 ﬁrmae
3055 4022 3180 4078 lidei
3210 4022 3481 4078 soliditate
3503 4036 3685 4077 reces-

2115 4114 2205 4168 sit.
2257 4113 2392 4181 Quia
2445 4129 2570 4170 vero
2629 4115 2801 4170 cauda
2854 4124 3099 4171 extrema
3136 4130 3263 4185 pars
3309 4116 3554 4185 corporis
3581 4125 3687 4179 est,

2114 4202 2244 4271 quid
2271 4204 2374 4258 nisi
2405 4202 2564 4258 linem
2591 4204 2881 4260 Dominicze
2909 4204 3177 4275 signiﬁcat
3202 4205 3510 4275 passionis?
3540 4205 3692 4277 Moy-

2116 4310 2203 4348 ses
2231 4293 2395 4365 igitur
2416 4296 2640 4351 caudam
2668 4297 3051 4364 apprehendit,
3073 4306 3126 4351 et
3155 4297 3288 4351 nihil
3306 4296 3358 4349 in
3387 4299 3532 4366 virga
3550 4296 3690 4350 ultra

2119 4384 2387 4455 serpentis
2422 4384 2649 4439 formam
2692 4387 2960 4456 apparuit,
2999 4388 3129 4456 quia
3152 4387 3418 4458 completo
3449 4388 3692 4443 Domini-

440 4477 575 4551 (λετ.
626 4473 781 4546 xxx).
817 4493 835 4526 ι
872 4473 1098 4530 Penaclo
1156 4476 1443 4540 sacriﬁcio,
1498 4458 1696 4534 dicitur
1733 4458 2008 4549 Abralm;
2045 4458 2093 4517 D
2120 4493 2196 4531 cae
2240 4478 2506 4548 passionis
2529 4478 2816 4549 crucisque
2862 4482 3140 4551 mysterio,
3163 4489 3216 4535 et
3248 4480 3422 4536 ﬁdelis
3462 4482 3693 4550 quisque

445 4587 466 4621 ι
504 4569 558 4622 III
587 4567 793 4623 semine
851 4576 940 4621 tuo
980 4568 1368 4623 benedicentur
1417 4584 1608 4627 omnes
1636 4583 1827 4642 gentes
1856 4573 2008 4646 (Gen.

440 4659 620 4729 χχιι),
658 4677 679 4710 ι
709 4666 763 4713 et
809 4668 1092 4728 postquam
1148 4660 1404 4716 Dominus
1457 4662 1633 4718 dicit:
1681 4683 1699 4715 ι
1742 4665 2014 4722 Fodernnt

442 4767 634 4811 manus
659 4767 809 4806 meas
848 4760 903 4804 et
928 4751 1091 4820 pedes
1114 4767 1262 4807 meos
1288 4753 1615 4826 (PsaLxxI),
1653 4776 1672 4809 ι
1707 4760 1866 4827 paulo
1894 4773 2015 4831 post

443 4841 495 4895 in
524 4841 711 4895 eodem
742 4839 1192 4909 PsalIno-snbgicit
1217 4859 1229 4895 :
1266 4863 1284 4894 ι
1319 4844 1771 4913 Reminiscenlur,
1800 4861 1857 4906 et
1882 4870 2013 4908 con-

440 4940 725 4987 vertentur
761 4931 827 4985 ad
857 4932 1139 4985 Dominum
1168 4932 1403 4989 universi
1430 4935 1562 4990 ﬁnes
1591 4946 1769 5004 terrae,
1798 4950 1854 4995 et
1878 4943 2011 4998 ado-

444 5024 642 5078 rabunt
680 5023 733 5077 in
784 5031 1077 5092 conspectu
1128 5022 1245 5091 ejus
1283 5041 1473 5081 omnes
1517 5029 1708 5098 patria:
1745 5034 2012 5101 gentium,

443 5113 700 5182 quoniam
755 5112 964 5167 Domini
1013 5125 1096 5167 est
1136 5130 1379 5183 regnum,
1422 5127 1475 5172 et
1510 5120 1626 5188 ipse
1653 5123 2017 5179 dominabitur

449 5204 685 5273 gentium
716 5202 925 5273 (lbid.).
958 5222 977 5255 ι
1007 5203 1201 5281 Oblato
1250 5215 1433 5275 Itaque
1477 5208 1752 5266 Abraham
1783 5212 1920 5279 ﬁlio,
1964 5225 2022 5271 et

447 5305 544 5357 pro
568 5306 633 5345 eo
654 5292 823 5347 ariete
847 5293 1147 5355 immolato,
1179 5297 1464 5366 appellavit
1488 5315 1682 5355 nomen
1712 5301 1816 5358 loci
1855 5305 2019 5373 illius,

449 5379 708 5437 Dominus
755 5383 918 5447 videt,
965 5385 1094 5452 quia
1128 5384 1454 5456 Redemptor
1493 5400 1704 5457 noster,
1736 5405 2019 5466 postquam

448 5466 515 5528 iu'
538 5482 632 5520 ara
655 5470 833 5525 crucis
877 5470 1092 5529 oblatus
1118 5475 1306 5530 mortis
1352 5488 1550 5534 nostra:
1579 5481 1816 5537 debitum
1843 5486 2021 5553 solvit,

449 5555 735 5610 videndum
786 5574 847 5615 se
905 5561 1158 5633 deinceps
1207 5564 1439 5620 ﬁdelium
1493 5584 1712 5626 suarum
1747 5573 2023 5633 obtutibus

449 5647 703 5715 praebuit,
734 5658 792 5704 ut
820 5650 1074 5706 nimirum
1106 5655 1366 5725 redempti
1397 5670 1584 5717 omnes
1611 5663 1758 5718 illum
1791 5665 1897 5732 iam
1930 5685 2025 5733 pcr

2124 4579 2249 4625 tunc
2289 4572 2355 4624 ad
2404 4571 2564 4625 ﬁdem
2605 4571 2785 4637 rediit,
2813 4581 2868 4626 et
2895 4572 3144 4627 Christus
3171 4583 3489 4647 consumpta
3520 4580 3694 4626 morte

2123 4662 2352 4730 idipsnm
2408 4663 2460 4715 in
2519 4677 2578 4717 se
2624 4663 2768 4732 quod
2795 4662 2975 4718 fuerat
3008 4659 3106 4733 per
3139 4664 3552 4719 resurrectionis
3576 4662 3692 4732 glo-

2120 4757 2255 4806 riam
2287 4752 2573 4821 reparavit.

2191 4842 2307 4897 Jam
2338 4858 2464 4897 vero
2492 4843 2620 4912 quid
2666 4852 2749 4899 est
2775 4844 2918 4914 quod
2945 4843 3236 4899 Israelitica
3269 4844 3418 4915 plehs
3451 4844 3696 4914 postibus

2122 4936 2400 4988 domorum
2429 4934 2495 4988 de
2523 4935 2782 5003 sanguine
2803 4938 2924 5007 agni
2949 4935 3169 5004 jubetur
3197 4938 3472 5005 imponere
3494 4935 3694 5007 (Exod.

2124 5026 2247 5092 xu),
2280 5025 2380 5078 nisi
2413 5036 2469 5079 nt
2490 5041 2587 5080 nos
2609 5027 2925 5097 ριυςιτιὶειιιτειι
2943 5044 3160 5082 crucem
3176 5029 3402 5091 Christi,
3423 5030 3515 5098 qui
3538 5043 3698 5083 verus

2122 5130 2205 5173 ρει
2233 5132 2420 5187 agnus,
2451 5118 2502 5171 in
2529 5117 2704 5174 fronte
2726 5121 2974 5189 portare?
3002 5120 3081 5175 Ad
3116 5134 3395 5189 vesperam
3433 5119 3697 5189 siquidem

2127 5207 2506 5263 immolabatur
2527 5223 2717 5276 agnus,
2767 5218 2823 5265 et
2859 5210 2911 5264 in
2943 5225 3167 5281 vespera
3190 5210 3373 5264 mundi
3401 5224 3596 5279 passas
3620 5217 3703 5263 est

2127 5305 2394 5360 Christus.
2449 5303 2736 5359 Liniuntur
2783 5306 2967 5376 utique
2994 5316 3198 5375 postes,
3230 5318 3298 5359 ne
3336 5311 3578 5361 vastator
3604 5318 3702 5356 an-

2100 5398 2280 5470 gelus
2306 5398 2499 5453 audeat
2529 5397 2727 5453 inferre
2759 5398 3082 5469 perniciem;
3111 5407 3167 5453 et
3189 5414 3289 5453 nos
3309 5397 3489 5452 crucis
3540 5394 3705 5451 vexil-

2132 5490 2239 5544 lum
2274 5491 2326 5545 in
2356 5492 2518 5546 corde
2545 5500 2816 5561 gestamus
2845 5500 2900 5545 et
2929 5492 3126 5557 fronte,
3171 5507 3237 5546 ne
3270 5490 3582 5561 repentinus
3613 5490 3709 5544 hoc

2131 5580 2230 5635 stis
2285 5582 2496 5636 irruens
2536 5580 2712 5657 valeat
2746 5580 2960 5637 auferre
2984 5580 3235 5636 salutem.
3269 5576 3423 5636 [inde
3449 5589 3505 5636 et
3526 5579 3707 5636 securi

2134 5672 2422 5726 canimus:
2462 5689 2479 5722 ι
2517 5669 2797 5741 Signatnm
2851 5682 2932 5728 est
2986 5688 3147 5742 super
3187 5689 3286 5729 nos
3314 5673 3494 5731 lumen
3529 5679 3713 5729 vultus
