4070 6198
392 325 497 379 605

1792 324 1920 381 SER
1930 326 2023 383 ΜΟ
2061 326 2240 384 XVIII.

3527 330 3635 387 θοι)

392 442 490 504 tui,
524 439 750 495 Domine
779 436 952 510 (Prol.
979 438 1074 511 tv).
1115 458 1133 491 ι
1174 439 1328 506 Quod
1376 447 1553 495 tamen
1586 440 1830 495 securius
1875 440 1956 494 di-
1984 443 2029 502 Α
2062 441 2236 501 (Cum.
2286 442 2401 510 vn).
2429 461 2448 494 ι
2484 441 2713 498 Fructus
2773 456 2964 512 nempe
3011 438 3188 499 crucis
3230 436 3421 500 euntes
3469 445 3632 501 electi

388 531 653 601 guiusque
700 540 1000 597 cantamus,
1052 531 1096 586 si
1129 532 1311 585 Rubro
1332 529 1444 600 jam
1471 531 1606 585 mari
1641 531 1958 587 transmisso

388 628 444 673 et
490 620 643 674 hoste
671 622 918 674 demerso
954 629 1262 691 tympanum
1295 636 1418 675 cum
1456 621 1621 675 Maria
1653 620 1850 693 Moysis
1872 636 1961 676 so-

391 722 514 761 rore
540 706 833 761 deferimus
862 707 1058 775 (Exod.
1110 709 1223 780 xv).
1277 709 1414 777 Quid
1462 720 1546 765 est
1593 719 1770 765 autem
1823 719 1961 780 tym-

388 810 587 866 panum
629 798 877 867 portare?
922 798 1061 852 Audi
1110 782 1393 853 Dominum
1454 800 1723 855 dicentem
1756 818 1769 854 :
1804 819 1822 850 ι
1861 799 1960 865 Qui

390 886 502 939 vult
529 884 716 940 venire
744 896 865 956 post
891 902 998 951 me,
1033 889 1261 959 abneget
1310 891 1655 960 semetipsmn
1682 931 1697 954 ,
1729 899 1782 946 et
1814 891 1963 944 tollat

387 989 606 1030 crucem
638 990 788 1029 suam
821 978 1080 1046 quotidie,
1113 986 1169 1033 et
1205 989 1464 1049 sequatur
1490 997 1576 1036 me
1606 981 1757 1053 (Luc.
1797 982 1895 1047 ix).
1936 1001 1957 1034 ι

388 1068 489 1133 Qui
518 1060 664 1122 enim
693 1084 913 1125 carnem
954 1085 1108 1124 suam
1144 1087 1267 1126 cum
1299 1073 1444 1127 vitiis
1484 1082 1539 1128 et
1573 1075 1959 1143 concupiscen-

358 1186 365 1233 ί
391 1157 481 1213 tiis
507 1157 775 1227 cruciﬁgit
802 1156 1000 1230 (Galat.
1032 1162 1107 1231 ν),
1135 1162 1228 1231 qui
1262 1163 1501 1218 membra
1531 1180 1657 1228 sua,
1690 1180 1808 1233 qua:
1835 1174 1962 1217 sunt

387 1262 553 1321 super
597 1258 818 1312 terram,
870 1250 1189 1307 abstinendo
1244 1255 1696 1325 ntortilicat((.'ol.
1735 1256 1841 1322 ut),
1873 1256 1962 1311 ille

390 1350 519 1390 vere
542 1352 665 1392 cum
692 1337 858 1392 Maria
892 1349 1203 1409 tympanum
1232 1351 1432 1411 portat,
1464 1344 1586 1413 quia
1611 1346 1959 1413 semetipsum

385 1442 419 1481 a
468 1430 643 1484 noxiis
674 1438 900 1486 terrena:
932 1432 1222 1502 voluptatis
1248 1432 1562 1488 humoribus
1593 1434 1801 1487 aridum
1846 1448 1961 1488 ser-

387 1525 499 1570 vat.
540 1514 699 1572 Juxta
748 1520 971 1574 rationis
1028 1520 1193 1591 igitur
1242 1523 1680 1591 consequentiam
1711 1561 1726 1585 ,
1777 1533 1835 1576 et
1874 1522 1962 1576 hic

388 1616 698 1678 tympanum
764 1610 942 1666 crucis
1002 1611 1319 1681 mysterium
1380 1627 1484 1668 non
1535 1612 1765 1668 obscure
1820 1612 1962 1668 desi-

385 1706 535 1765 gnat.

2059 536 2202 580 SIIIII.

2129 617 2387 672 Ascendit
2413 617 2573 688 igitur
2598 618 2859 675 Dominus
2889 621 2941 674 in
2977 620 3228 690 palmam,
3251 630 3306 676 et
3329 620 3632 691 apprehen-

2060 705 2137 758 dit
2178 706 2382 761 fructus
2429 706 2565 777 ejus,
2611 710 2736 778 quia
2783 725 2909 764 mox
2953 718 3011 763 ut
3043 711 3095 764 in
3123 725 3282 766 cruce
3317 726 3420 780 pro
3446 720 3632 766 nostra

2059 795 2233 851 salute
2285 799 2559 866 pependit,
2601 814 2790 855 omnes
2825 800 3024 855 electos
3053 802 3119 856 ad
3158 803 3507 872 semetipsum
3535 816 3634 871 per

2062 889 2260 943 amoris
2310 888 2634 944 desiderium
2696 892 2881 946 traxit.
2928 892 2993 946 Et
3025 901 3149 947 tunc
3178 904 3364 947 sancta
3394 892 3632 948 Ecclesia

2060 993 2156 1046 per
2207 980 2433 1033 duorum
2481 980 2948 1035 Testamentorum
2982 982 3149 1036 ubera
3180 982 3441 1052 spiritalis
3468 983 3635 1053 coepit

2061 1066 2260 1123 laetitiae
2293 1068 2415 1124 vina
2445 1068 2766 1133 diffundere,
2796 1080 2961 1141 atque
2988 1072 3211 1126 odorem
3242 1073 3483 1128 caelestis
3513 1088 3633 1129 con-

2061 1161 2408 1230 cupiscentia:
2429 1161 2787 1216 humanarum
2812 1163 3071 1217 mentium
3097 1163 3321 1217 naribus
3345 1163 3629 1232 inspirare,

2063 1261 2119 1304 ut
2151 1252 2374 1307 incitata
2403 1253 2469 1307 ad
2495 1252 2898 1321 obsequendum
2926 1267 3079 1306 mens
3106 1261 3291 1306 nostra
3321 1251 3423 1306 sibi
3453 1261 3630 1323 gratu-

2060 1342 2197 1407 lans,
2229 1342 2375 1398 dicat
2408 1359 2421 1395 :
2464 1361 2482 1394 ι
2512 1343 2691 1398 'l‘rahe
2721 1358 2806 1398 me
2833 1353 2953 1413 post
2983 1352 3037 1399 te
3066 1384 3081 1408 ,
3113 1359 3393 1400 curremus
3420 1345 3473 1399 in
3500 1344 3632 1399 odo-

2054 1447 2173 1508 rem
2200 1443 2592 1502 unguentorum
2621 1442 2833 1487 tuorum
2860 1432 3034 1505 (Cant.
3063 1432 3124 1505 ι).
3164 1453 3183 1486 ι
3213 1433 3363 1500 Quod
3392 1436 3632 1504 profecto

2060 1535 2114 1579 et
2141 1536 2291 1596 petra
2318 1525 2403 1579 illa
2430 1524 2572 1581 Oreb
2601 1526 2652 1579 in
2676 1525 2961 1595 Raphidim
2986 1526 3119 1581 satis
3146 1540 3401 1595 expresse
3426 1527 3633 1580 denun-

2063 1619 2178 1681 tiat,
2218 1633 2380 1687 quam
2418 1617 2565 1687 virga
2598 1616 2832 1688 Moyses,
2863 1617 3091 1672 Domino
3121 1616 3370 1685 jubente,
3414 1631 3634 1686 percus-

2060 1712 2149 1773 sit,
2182 1720 2236 1765 et
2262 1726 2432 1780 aquas
2461 1710 2644 1765 elicuit
2683 1711 2878 1782 (Exod.
2905 1710 3060 1782 xvn).
3090 1709 3241 1765 Hanc
3266 1724 3399 1764 sane
3422 1717 3630 1779 petram

457 1789 727 1846 Prteterea
774 1801 830 1847 et
880 1793 1007 1848 illud
1056 1811 1161 1849 non
1212 1795 1653 1853 iuconvenienter
1694 1798 1955 1864 occurrit,
1989 1777 2031 1835 Β
2058 1800 2258 1855 Christi
2306 1777 2546 1861 tenuisse
2575 1777 2801 1871 ligurum
2838 1809 2891 1855 et
2918 1777 3207 1869 Apostolus
3231 1777 3477 1864 testatur,
3509 1814 3631 1853 cum

358 1946 363 1950 ἡ
386 1878 529 1945 quod
554 1879 800 1935 videlicet
835 1881 1163 1939 lsraeliticus
1185 1886 1411 1955 populus
1442 1887 1495 1940 in
1525 1886 1672 1941 Mara
1698 1888 1958 1942 adversus

388 1967 606 2039 Moysen
637 1979 956 2034 murmurat,
982 1972 1282 2029 vociferans
1307 1974 1511 2030 scilicet
1555 1991 1658 2029 non
1698 1991 1757 2030 se
1800 1992 1958 2046 posse

390 2060 626 2128 reperire
666 2062 807 2130 quor]
856 2063 1021 2117 bibat.
1055 2063 1203 2120 'I‘unc
1236 2068 1471 2121 ostendit
1505 2067 1669 2139 Moysi
1700 2066 1958 2122 Dominus

388 2151 590 2221 lignum
624 2193 639 2218 ,
689 2154 831 2223 quod
882 2144 1005 2210 cum
1062 2156 1151 2212 ille
1199 2158 1435 2214 misisset
1495 2160 1548 2214 in
1592 2161 1957 2216 amarissimas

384 2261 579 2316 aquas,
604 2246 658 2302 in
680 2246 1014 2303 dulcedinem
1040 2251 1286 2319 protinus
1313 2261 1438 2307 sunt
1462 2268 1735 2309 conversa:
1759 2253 1954 2324 (Exod.

386 2335 501 2406 xv).
570 2334 709 2402 Quid
765 2338 908 2391 enim
944 2354 1141 2395 amarre
1170 2340 1272 2395 illa:
1301 2357 1478 2412 aquae,
1504 2344 1605 2398 nisi
1650 2346 1776 2415 quia
1816 2346 1958 2401 occi-

386 2426 563 2482 dentis
588 2426 800 2491 littcrze,
834 2439 889 2484 et
914 2430 1059 2487 dune
1092 2442 1256 2503 atque
1290 2434 1536 2504 insipith
1559 2436 1689 2507 legis
1723 2439 1954 2507 speciem

388 2519 608 2574 tenent?
659 2519 930 2590 Scriptum
986 2532 1068 2578 est
1119 2524 1307 2580 enim:
1365 2545 1383 2578 ι
1417 2525 1708 2583 Constituit
1760 2529 1956 2598 popqu

385 2627 484 2667 suo
516 2612 775 2670 Dominus
841 2615 1036 2686 legem,
1083 2626 1138 2671 et
1181 2617 1404 2688 judicia.
1458 2628 1513 2674 et
1564 2623 1790 2676 tentavit
1832 2638 1953 2677 eum

386 2706 600 2778 (Ibid.).
630 2726 649 2760 ι
693 2707 760 2766 Ει
807 2707 979 2763 alibi:
1030 2727 1049 2759 ι
1081 2708 1194 2779 Ego
1249 2711 1367 2765 dedi
1413 2711 1493 2765 eis
1545 2722 1808 2782 praecepta
1849 2727 1953 2767 non

384 2799 547 2862 bona.
581 2809 637 2854 et
654 2798 876 2865 judicia,
908 2800 962 2854 in
990 2802 1185 2872 quibus
1216 2819 1319 2856 non
1351 2802 1531 2858 vivent
1557 2796 1771 2874 (Ezeclt.
1803 2805 1947 2875 xx)»

384 2888 482 2943 Cui
524 2897 703 2945 tamen
732 2891 831 2960 legi
856 2891 900 2947 si
929 2891 1199 2948 confessio
1227 2896 1406 2950 crucis
1433 2905 1487 2950 et
1515 2896 1805 2952 Dominicae
1832 2900 1950 2965 pas-

384 2979 555 3034 sionis
584 2982 899 3051 mysterium
932 2984 1235 3053 copulatur,
1270 2986 1516 3054 protinus
1541 2986 1684 3056 quod
1708 3001 1951 3040 amarum

385 3064 581 3133 fuerat,
612 3069 680 3129 .in
719 3071 977 3140 spiritalis
1015 3074 1761 3144 intelligentiae-dulcedinem
1785 3075 1951 3130 verti-

385 3165 493 3214 tur.
547 3156 850 3215 Notandum
913 3170 1090 3216 autem
1141 3164 1295 3232 juxta
1354 3165 1633 3220 veritatem
1688 3166 1950 3231 historia,

384 3249 528 3316 quod
554 3264 694 3318 aqua
716 3252 768 3306 in
792 3252 1125 3309 dulcedinem
1158 3270 1332 3321 versa,
1360 3257 1584 3313 subinde
1615 3259 1842 3329 populus
1864 3276 1956 3314 ve-

384 3339 597 3412 nit96
624 3344 678 3396 in
702 3341 895 3408 Helim,
923 3346 1010 3401 ubi
1055 3360 1212 3403 erant
1264 3350 1543 3407 duodecim
1588 3352 1763 3408 fontes
1790 3370 1954 3424 aqua-

386 3446 505 3485 rum
524 3441 581 3486 et
604 3435 945 3508 septuaginta
1009 3438 1219 3507 palmae.
1279 3439 1416 3507 Quid
1477 3443 1620 3497 enim
1670 3444 1951 3505 duodecim

386 3519 580 3587 fontes,
632 3524 732 3579 nisi
788 3525 1069 3582 duodecim
1100 3538 1225 3585 sunt
1253 3531 1501 3601 apostoli,
1534 3548 1670 3601 quos
1696 3533 1953 3588 Dominus

384 3614 451 3668 ad
477 3614 581 3671 hoc
603 3618 898 3685 constituit,
930 3629 989 3673 ut
1015 3622 1165 3677 arida
1193 3632 1247 3677 et
1276 3624 1575 3694 squalentia
1605 3625 1824 3680 humani
1858 3640 1952 3695 ge-

384 3706 529 3762 neris
557 3716 773 3777 pectora
801 3725 912 3766 sua:
938 3712 1336 3781 prtedicationis
1361 3715 1797 3774 inundationibus
1836 3720 1953 3778 irri-

383 3798 610 3865 garent?
655 3798 790 3867 Quid
841 3816 968 3856 vero
1025 3805 1360 3875 septuaginta
1388 3807 1684 3875 palmarum
1707 3812 1948 3877 arbores,

383 3886 485 3941 nisi
518 3888 736 3943 totidem
783 3899 908 3944 sunt
951 3892 1223 3963 discipuli,
1254 3882 1389 3963 quos
1412 3906 1536 3952 ante
1575 3897 1767 3955 faciem
1796 3918 1950 3959 suam

383 3976 586 4033 idcirco
600 3979 756 4034 misit
786 3978 942 4046 (Luc.
973 3982 1052 4053 x),
1094 3992 1152 4037 ut
1175 4000 1270 4054 per
1295 4000 1389 4041 eos
1419 3988 1657 4045 victoria:
1692 4007 1804 4046 sua:
1839 3994 1950 4062 pal-

382 4081 499 4121 mas
520 4069 749 4123 mundus
768 4073 1122 4139 agnosceret?
1164 4073 1231 4127 Et
1271 4086 1418 4131 certe
1443 4079 1571 4134 satis
1606 4096 1845 4151 congrue
1873 4085 1951 4138 vi-

383 4156 537 4211 detur
562 4160 1006 4227 consequentium
1038 4177 1215 4217 rerum
1245 4166 1378 4220 ordo
1409 4168 1716 4238 dispositus,
1747 4181 1803 4227 ut
1844 4176 1953 4243 pri-

380 4262 469 4301 mo
503 4249 733 4318 populus
761 4252 1047 4309 duceretur
1084 4257 1151 4309 ad
1202 4255 1433 4312 litteram
1484 4259 1633 4331 legis,
1661 4278 1691 4317 a
1721 4278 1828 4333 qua
1868 4266 1950 4319 ni-

380 4337 601 4405 mirum,
652 4340 778 4396 dum
829 4358 1009 4398 amara
1055 4344 1175 4412 fuit,
1238 4350 1470 4405 transire
1523 4367 1627 4407 non
1663 4356 1852 4422 potuit.
1880 4356 1949 4411 At

2057 1889 2226 1944 dicit:
2266 1909 2284 1939 ι
2315 1888 2577 1943 Bibebant
2633 1900 2811 1944 autem
2867 1890 2935 1944 de
2981 1889 3235 1957 spiritali,
3266 1896 3632 1956 consequente

2057 1995 2149 2034 eos
2178 1989 2360 2049 petra;
2397 1991 2546 2049 petra
2591 1989 2770 2035 autem
2813 1987 2933 2035 erat
2970 1979 3216 2036 Christus
3248 1978 3299 2047 (1
3324 1978 3445 2032 Cor.
3498 1978 3574 2047 ιι).
3604 1997 3625 2031 ο

2058 2068 2195 2125 Huic
2239 2071 2419 2140 itaque
2448 2079 2614 2139 petrae
2665 2068 2866 2140 lignum
2920 2069 3100 2125 crucis
3145 2069 3398 2130 accessit,
3425 2078 3480 2123 et
3503 2084 3629 2123 mox

2049 2173 2315 2231 tauquam
2347 2163 2500 2232 aqua:
2525 2161 2839 2231 proﬂuenlis
2867 2161 3236 2215 inundantiam
3269 2161 3417 2230 larga
3455 2162 3629 2214 sancti

2058 2254 2294 2324 Spiritus
2318 2254 2457 2309 dona
2484 2252 2745 2324 profudit.
2792 2255 2873 2308 Ad
2916 2269 3050 2322 quas
3076 2253 3329 2307 nimirttm
3376 2252 3629 2307 haurien-

2057 2346 2153 2400 das
2181 2361 2350 2416 aquas
2378 2361 2567 2400 omnes
2609 2344 2854 2400 sitientes
2898 2334 3089 2398 invitat
3129 2344 3263 2412 ipse,
3288 2360 3411 2400 cum
3443 2344 3578 2401 dicit
3610 2362 3625 2399 :

2050 2456 2080 2511 rt
2117 2436 2173 2492 Si
2216 2438 2338 2506 quis
2366 2437 2501 2499 sitit,
2533 2438 2714 2492 veniat
2738 2437 2805 2491 ad
2848 2452 2952 2501 me,
2993 2446 3050 2491 et
3074 2436 3245 2501 bibat,
3274 2446 3328 2491 et
3354 2436 3419 2491 de
3438 2445 3631 2491 ventre

2046 2530 2172 2596 eius
2200 2530 2363 2599 nitent
2391 2544 2545 2599 aqua:
2586 2529 2722 2583 viva:
2749 2528 2926 2597 (Joan.
2954 2526 3072 2599 vn).
3106 2546 3125 2579 ι
3161 2526 3295 2591 Hoc,
3320 2534 3517 2587 autem,
3553 2527 3632 2580 in-

2056 2622 2172 2691 quit
2196 2620 2544 2691 evangelista,
2583 2638 2602 2670 t
2633 2620 2848 2675 dicebat
2885 2620 2950 2673 de
2974 2619 3201 2686 Spiritu,
3259 2633 3420 2673 auem
3471 2632 3631 2673 acce-

2056 2713 2197 2782 pturi
2223 2720 2379 2767 erant
2406 2713 2691 2767 credentes
2724 2711 2775 2765 in
2808 2726 2931 2765 eum
2964 2710 3177 2781 (lbid.).
3213 2730 3233 2763 ι

2126 2803 2231 2859 Sed
2281 2802 2411 2873 quid
2469 2802 2522 2856 in
2573 2801 2792 2871 reliquis
2826 2802 3027 2855 diutius
3077 2802 3449 2867 immoramur,
3496 2801 3625 2857 dum

2054 2902 2264 2949 constet
2309 2908 2428 2949 esse
2474 2892 2812 2963 perspicuum
2850 2892 2993 2961 quod
3016 2900 3067 2946 et
3109 2892 3237 2958 ipsa:
3272 2890 3480 2950 tabulae.
3506 2906 3628 2961 qua:

2059 2986 2149 3040 Dei
2177 2986 2343 3055 digito
2372 2985 2586 3053 script:e
2637 2992 2782 3047 sunt,
2837 2984 3014 3037 crucis
3045 2983 3337 3039 Dominicze
3370 2982 3630 3051 praetule-

2055 3077 2164 3132 rint
2184 3077 2617 3131 sacramentum?
2652 3077 2848 3131 Decem
2883 3091 3114 3145 namque
3143 3083 3408 3145 praecepta
3449 3074 3500 3128 in
3547 3074 3630 3129 eis

2055 3166 2255 3236 scripta
2309 3174 2454 3230 sunt,
2491 3174 2546 3220 et
2596 3166 2850 3220 denarius
2878 3180 3132 3221 numerus
3181 3164 3628 3235 peeritteram,

2053 3271 2173 3326 qua:
2235 3255 2412 3309 crucis
2456 3255 2711 3325 exprimit
2755 3255 3011 3323 speciem,
3069 3253 3401 3324 designatur.
3432 3253 3489 3308 In
3526 3252 3629 3310 hac

2052 3359 2184 3399 sane
2216 3341 2418 3405 littera,
2467 3358 2586 3411 quae
2635 3342 2914 3396 denarium
2969 3342 3020 3395 in
3075 3356 3134 3397 se
3177 3342 3411 3396 continet
3440 3357 3628 3398 nume-

2053 3453 2195 3498 rum,
2242 3436 2322 3490 sic
2374 3451 2511 3490 unus
2564 3450 2700 3504 apex
2747 3449 2777 3487 a
2832 3450 3044 3488 sunnno
3096 3434 3148 3488 in
3182 3433 3344 3487 iamut
3371 3448 3469 3504 per
3491 3435 3629 3489 obli-

2052 3541 2217 3597 quum
2241 3525 2472 3588 ducitur,
2498 3534 2555 3580 ut
2577 3524 2713 3580 alter
2734 3538 2948 3593 quoque
2978 3539 3081 3577 non
3105 3524 3289 3593 dispar
3315 3539 3409 3593 per
3446 3533 3625 3579 trans-

2052 3633 2264 3685 versam
2294 3617 2524 3681 lineam,
2564 3616 2840 3687 productis
2878 3615 3130 3685 utrinque
3182 3615 3440 3682 brachiis,
3469 3632 3623 3672 com-

2044 3710 2322 3783 piugatur.
2372 3708 2440 3762 Et
2479 3708 2557 3763 sic
2590 3706 2758 3776 apicis
2808 3707 3087 3775 utriusque
3137 3705 3275 3760 facta
3325 3705 3627 3776 complexio

2049 3800 2158 3871 97
2188 3814 2294 3854 non
2325 3798 2494 3854 solum
2518 3798 2843 3852 exteriorem
2869 3795 3046 3851 crucis
3099 3794 3383 3865 prtetendit
3434 3796 3647 3868 imagi-.

2052 3907 2195 3955 nem,
2221 3890 2316 3945 sed
2337 3900 2391 3945 et
2415 3888 2695 3960 mysticam
2731 3887 2850 3958 ejus
2875 3886 3161 3955 quamdam
3211 3887 3425 3942 videtur
3481 3887 3628 3941 indi-

2052 3996 2178 4037 care
2216 3982 2490 4036 virtutem.
2545 3979 2682 4033 Dicit
2730 3978 2874 4032 enim
2921 3977 3225 4032 Dominus:
3281 3996 3299 4029 ι
3337 3975 3453 4032 Non
3501 3976 3625 4032 veni

2050 4073 2259 4127 solvere
2305 4071 2473 4142 legem
2502 4112 2516 4135 ,
2560 4070 2653 4124 sed
2703 4067 2993 4138 adimplere
3042 4066 3259 4137 (Matth.
3311 4067 3388 4139 v).
3449 4086 3467 4119 ι
3521 4066 3627 4122 Per

2050 4166 2229 4220 crucis
2259 4163 2443 4232 itaque
2469 4146 2867 4216 sacramenium
2893 4168 3161 4229 praecepta
3193 4159 3391 4214 veteris
3418 4159 3626 4213 instru-

2054 4254 2217 4310 menti
2243 4251 2567 4323 evangelica:
2595 4250 2783 4320 gratia:
2809 4248 3099 4318 copulavit,
3130 4256 3203 4313 et,
3237 4256 3295 4301 ut
3317 4247 3389 4301 ita
3414 4247 3625 4316 loquar,

2051 4345 2157 4399 duo
2184 4342 2532 4397 Testamenta
2564 4340 2711 4393 velut
2736 4337 2895 4391 unius
2916 4337 3176 4392 doctrina:
3202 4350 3401 4406 corpus
3423 4335 3624 4391 effecit.

380 4439 662 4499 postquam
710 4442 793 4488 est
837 4450 933 4504 per
971 4436 1170 4506 lignum
1197 4440 1321 4495 vitae
1355 4441 1527 4497 dulcis
1549 4442 1760 4512 effecta,
1787 4457 1840 4500 et
1865 4448 1939 4501 in.
1983 4458 2029 4516 ι)
2056 4438 2122 4491 Εἰ
2150 4436 2365 4505 quidem
2394 4434 2568 4502 Primo
2597 4431 2735 4484 dum
2765 4438 2893 4484 sum
2939 4428 3129 4483 “milia?
3153 4468 3171 4494 ν
3230 4429 3326 4484 ⁸εά
3376 4428 3629 4498 Noun“

380 4521 546 4592 telligi
593 4522 949 4591 spiritualiter
996 4528 1179 4597 cmpit,
1213 4529 1353 4585 illico
1377 4532 1466 4587 Dei
1508 4533 1732 4603 populus
1757 4536 1822 4589 de
1849 4537 1951 4592 Ve—

378 4610 479 4668 teri
509 4613 857 4673 Testamento
882 4619 947 4672 ad
970 4621 1292 4690 apostolicos
1331 4623 1508 4679 fontes
1545 4634 1616 4679 et-
1645 4626 1947 4695 palmarum

375 4705 620 4771 arbores,
649 4706 701 4761 id
732 4716 814 4763 est
837 4709 904 4762 ad
932 4709 1205 4780 Evangelii
1234 4715 1464 4781 gratiam
1496 4718 1732 4772 transiit.
1770 4719 1834 4772 Et
1857 4719 1949 4775 be-

375 4810 444 4849 ne
481 4805 602 4865 post
654 4807 931 4868 acceptum
975 4800 1294 4871 Decalogum
1332 4806 1609 4875 septuplus
1632 4808 1947 4877 prtedicato-

375 4902 497 4942 rum
547 4903 807 4944 numerus
857 4890 1221 4957 constituitur,
1273 4895 1399 4964 quia
1448 4911 1544 4965 per
1571 4898 1939 4969 septiformem

374 4981 549 5036 sancti
577 4980 811 5051 Spiritus
851 4985 1079 5053 gratiam
1105 5000 1266 5039 omne
1296 4988 1604 5043 mandatum
1634 4991 1829 5046 divina:
1875 4993 1943 5047 le-

371 5072 456 5142 gis
486 5072 761 5142 impletur.
793 5071 901 5129 Nec
933 5074 1200 5130 immerito
1226 5076 1382 5145 plane
1410 5079 1789 5148 prardicatores
1818 5098 1942 5137 cru—

373 5161 454 5214 cis
482 5161 785 5231 palmarum
833 5163 1084 5219 videntur
1104 5165 1321 5222 nomine
1346 5167 1580 5238 ﬁgurati,
1602 5170 1727 5225 dum
1755 5183 1807 5227 et
1828 5174 1939 5242 ipsa

372 5265 504 5305 crux
521 5249 648 5319 jure
671 5252 897 5308 dicenda
934 5255 1004 5308 sit
1026 5254 1221 5323 palma,
1252 5257 1377 5327 quia
1407 5258 1459 5311 in
1482 5273 1545 5314 ea
1570 5260 1770 5317 scilicet
1800 5263 1941 5321 facta

371 5349 458 5393 est
500 5339 566 5395 de
604 5331 885 5410 prostrato.
901 5345 1082 5399 mundi
1110 5345 1261 5400 hoste
1289 5347 1543 5412 victoria;
1577 5348 1717 5404 sicut
1746 5353 1809 5405 de
1832 5353 1942 5421 ipsa

370 5445 534 5486 cruce
576 5447 806 5503 sponsus
849 5435 916 5489 ad
964 5450 1236 5504 sponsam,
1280 5455 1298 5484 σ
1338 5436 1481 5501 Dixi,
1514 5438 1707 5509 inquit,
1753 5456 1945 5495 ascen-

371 5522 495 5577 dam
522 5524 576 5578 in
597 5523 848 5592 palmam,
880 5530 1279 5596 apprehendam
1306 5528 1511 5582 fructus
1539 5527 1684 5597 ejus;
1712 5536 1765 5583 et
1786 5539 1944 5584 erunt

374 5612 540 5668 ubera
597 5624 687 5669 tua
737 5617 881 5672 sicut
930 5620 1069 5675 b0tri
1100 5621 1286 5685 vincte,
1349 5628 1405 5674 et
1449 5619 1643 5675 odores
1697 5620 1771 5675 tui
1800 5620 1942 5676 sicut

377 5702 689 5771 malorum,
780 5714 965 5777 guttur
1053 5719 1198 5765 tuum
1264 5709 1398 5770 sicut
1436 5708 1615 5765 vinum
1680 5709 1938 5783 optimum

2055 4536 2199 4589 sunt,
2232 4525 2425 4596 populo
2454 4522 2863 4594 prtevarieante,
2894 4520 3130 4574 effractte
3177 4518 3376 4590 (Exod.
3406 4518 3623 4588 xxxn);

2054 4617 2292 4673 secundo
2318 4630 2445 4669 vero
2467 4616 2663 4667 dantur
2693 4611 2887 4665 tabula:
2911 4651 2925 4674 ,
2960 4611 3051 4666 sed
3092 4618 3351 4680 perpetuo
3376 4623 3627 4678 perman-

2051 4723 2214 4764 surae.
2268 4706 2433 4761 Plane
2486 4706 2693 4776 priores
2736 4702 2930 4756 tabulae
2977 4702 3165 4770 prisca:
3213 4700 3346 4767 legis
3402 4708 3628 4753 tenuere

2055 4799 2298 4868 figuram,
2333 4812 2451 4867 qua:
2476 4810 2506 4848 a
2534 4794 2617 4849 sui
2648 4793 2824 4848 cultus
2848 4791 3111 4860 obsequio
3139 4800 3255 4845 erat
3282 4789 3622 4861 postmodum

2053 4889 2286 4945 desitura
2333 4883 2676 4959 [defectura].
2712 4883 3057 4940 Postmodum
3118 4895 3246 4945 vero
3296 4879 3494 4933 dantur
3541 4887 3625 4932 ta-

2048 4981 2207 5047 bulre,
2254 4981 2350 5035 sed
2399 4996 2503 5035 non
2549 4977 2903 5046 franguntur;
2935 4975 3061 5044 quia
3110 4972 3241 5027 Novi
3292 4970 3622 5027 Testamenti
3682 5052 3687 5056 '

2048 5073 2243 5144 gratia,
2266 5088 2386 5142 qua:
2413 5087 2508 5141 per
2535 5070 2715 5125 crucis
2739 5077 2823 5125 est
2846 5067 3073 5124 solidata
3116 5063 3433 5135 mysterium
3459 5102 3475 5129 ,
3507 5061 3623 5117 llltI-

2049 5166 2158 5220 lmn
2187 5165 2336 5219 novit
2361 5163 2561 5218 habere
2587 5161 2876 5216 defectum.

2118 5255 2287 5314 Porro
2336 5262 2516 5308 autem
2569 5268 2669 5307 nec
2714 5268 2841 5307 arca
2899 5251 2985 5305 illa
3040 5249 3246 5305 Veteris
3291 5248 3622 5304 Testamenti

2050 5347 2222 5401 beatae
2247 5345 2422 5399 crucis
2442 5342 2710 5398 credenda
2735 5351 2816 5396 est
2844 5341 3086 5397 caruisse
3116 5339 3404 5397 thesauris.
3428 5339 3623 5395 Crucis

2051 5453 2283 5507 namque
2314 5435 2765 5506 incomparabiles
2786 5435 3004 5502 divitias
3032 5434 3341 5489 occultabat
3367 5473 3382 5499 ,
3413 5433 3540 5504 quia
3566 5440 3623 5488 et

2048 5530 2196 5585 cruci
2236 5530 2349 5599 jam
2401 5544 2496 5598 per
2547 5538 2741 5583 cuncta
2817 5529 3107 5599 figurarum
3169 5543 3389 5582 suarum
3455 5534 3620 5597 atque

2048 5620 2390 5690 tenigmatum
2450 5620 2706 5690 mysteria
2764 5616 3044 5674 militabat“.
3107 5620 3233 5689 Ejus
3289 5620 3485 5690 quippe
3547 5631 3617 5672 ex

2051 5718 2175 5765 tunc
2195 5708 2305 5780 jam
2334 5719 2453 5766 erat
2477 5711 2743 5783 ministra,
2772 5711 2950 5782 imago
2981 5711 3188 5768 scilicet
3232 5708 3474 5767 veritatis
3499 5747 3516 5774 ,
3559 5713 3616 5763 et
