4070 6198
403 298 508 355 θυι

1003 302 1063 357 S.
1092 301 1294 356 PETRI
1319 300 1603 357 DAMIANI
1627 301 1778 362 OPP.
1810 299 1992 362 PARS
2019 297 2152 355 SEU
2179 297 2414 356 TOMUS
2438 300 2498 353 II.
2523 329 2590 340 -
2611 298 3000 355 SERMONES.

3576 299 3676 354 I508

405 411 619 465 initium
645 409 1014 481 plenitudinis.
1048 412 1187 466 Area
1213 412 1440 477 scilicet,
1483 424 1669 470 sancta
1710 425 1830 470 erat
1880 413 1984 468 Ee-
2012 413 2062 473 Δ
2091 418 2336 464 calorum
2367 425 2426 464 se
2453 409 2702 479 contagio
2730 423 2826 480 per
2863 403 3237 464 :e.li-Ilcationis
3287 408 3548 464 fratertne
3570 411 3681 463 mi-

400 500 590 554 clesia.
618 500 746 554 Tria
779 516 905 556 vero
936 503 1356 556 continebantur
1380 504 1431 558 in
1463 518 1612 570 arca,
1661 507 1778 560 dua:
1807 503 1989 559 videli-

403 598 496 641 cet
543 588 773 658 lapidea:
823 589 1037 655 tabulae,
1085 598 1204 659 quae
1247 593 1489 661 profecto
1536 593 1764 650 duorum
1799 595 1990 649 Testa-

401 692 710 737 mentorum
770 684 1000 737 innuunt
1055 695 1370 756 perpetuam
1436 681 1786 750 ﬁrmitatem,
1851 701 1991 757 quas

404 775 568 827 etiam
601 774 781 828 crucis
813 775 864 828 in
895 790 954 829 se
1001 777 1319 846 mysterium
1368 779 1652 832 continere
1687 786 1852 848 Supra
1899 779 1996 831 do-

407 867 634 920 cuinms.
673 866 817 921 Urna
863 883 1078 937 quoque
1131 885 1296 924 aurea
1343 871 1549 925 habens
1597 878 1816 924 manna.
1869 857 1993 925 Ihec

404 956 650 1026 profecto
674 974 862 1027 puram
885 969 1049 1028 atque
1071 961 1338 1015 sinceram
1362 972 1582 1017 carn’em
1609 964 1987 1032 Redemptoris

409 1050 692 1115 exprimit,
721 1067 843 1119 quae
891 1052 1078 1120 procul
1125 1053 1288 1108 dubio
1330 1053 1666 1108 dulcedinem
1721 1061 1994 1123 perpetiue

407 1143 706 1198 divinitatis
781 1144 1024 1198 includit.
1097 1145 1226 1212 Quae
1269 1145 1496 1200 dulcedo
1543 1154 1671 1199 tunc
1711 1146 1762 1198 in
1819 1145 1994 1214 palato

411 1243 720 1288 nostrarum
753 1236 1014 1289 mentium
1045 1237 1242 1304 sapuit,-
1277 1249 1344 1291 ex
1378 1249 1485 1306 quo
1516 1237 1671 1291 miles
1698 1236 1993 1306 pendentis

409 1325 463 1378 in
520 1341 680 1381 cruce
732 1327 969 1382 Domini.
1001 1327 1141 1381 latus
1171 1329 1383 1398 aperuit
1439 1329 1620 1399 (loau.
1679 1325 1835 1398 tux);
1872 1343 1995 1381 cum

411 1417 600 1471 liotrus
633 1418 878 1473 videlicet
903 1431 1195 1488 expressus
1221 1427 1324 1484 est,
1359 1421 1450 1489 qui
1493 1420 1619 1473 dum
1662 1419 1993 1483 calcaretur,

413 1511 650 1562 torcular
703 1510 934 1565 calcavit
982 1511 1149 1565 solus.
1194 1506 1377 1566 Tertio
1425 1512 1477 1565 in
1520 1521 1644 1566 arca
1695 1511 1795 1564 I‘nlt
1845 1512 1994 1582 virga

411 1600 613 1663 Aaron,
637 1607 756 1668 qua”).
782 1610 903 1670 post
931 1600 1234 1656 ariditatem
1261 1600 1444 1656 ﬁoruit
1471 1600 1662 1672 (Num.
1693 1602 1849 1672 xvu).
1867 1600 1998 1667 Quae

414 1691 666 1744 nimirum
695 1692 825 1761 quid
863 1692 1005 1746 aliud
1051 1694 1342 1762 signiﬁcat,
1377 1695 1477 1748 nisi
1531 1695 1727 1748 Summi
1775 1695 1997 1764 verique
2041 1753 2044 1756 ,

2093 499 2375 554 nisterium
2417 508 2670 570 purgant.

2163 590 2274 646 Sed
2298 589 2616 660 quibusdam
2669 589 2897 646 fortasse
2938 591 3222 661 utsptieeat
3268 592 3418 661 quod
3460 597 3562 646 nos
3605 591 3675 646 ad

2094 683 2305 738 laudem
2329 684 2506 738 erucis
2532 683 2770 737 totsacri
2800 683 3001 751 eloquii
3025 682 3273 751 exempla
3303 683 3672 751 congerimus,

2093 783 2150 828 et
2187 774 2328 828 velut
2352 774 2672 828 taetructam
2701 774 3048 827 Instrumenti
3091 771 3294 827 veteris
3322 772 3496 826 aciem
3547 755 3680 825 huic

2096 867 2244 936 regio
2273 866 2466 920 vexillo
2493 879 2716 935 prorsus
2747 866 3008 920 intentam
3056 873 3250 936 parere
3283 873 3679 920 monstramus.

2092 955 2303 1022 Quibus
2352 965 2502 1011 certe
2556 955 2686 1024 quid
2735 954 2879 1009 aliud
2931 956 3216 1010 dicendum
3265 967 3371 1020 est,
3403 955 3505 1011 nisi
3532 955 3680 1025 quod

2095 1048 2384 1119 Apostolus
2415 1049 2703 1118 perhibet,
2753 1048 2943 1102 dicens
2974 1055 2986 1101 ὲ
3024 1056 3042 1097 t
3085 1048 3321 1103 Verbum
3363 1049 3545 1103 erucis
3581 1058 3681 1116 pe-

2096 1141 2377 1196 reuntibus
2398 1141 2615 1210 quidem
2663 1140 2894 1194 stultitia
2937 1141 3056 1204 est;
3106 1141 3194 1194 his
3217 1145 3396 1194 autem
3419 1139 3509 1209 qui
3547 1137 3682 1193 salvi

2096 1236 2252 1301 ﬁunt,
2296 1237 2346 1291 id
2375 1236 2658 1300 est'nobis,
2690 1237 2866 1290 virtus
2899 1235 2991 1290 Dei
3034 1246 3116 1289 est
3142 1235 3193 1303 (I
3219 1233 3343 1290 Cor.
3371 1233 3433 1303 l).
3472 1254 3489 1284 ι
3515 1229 3685 1299 Quid-

2098 1327 2226 1396 quid
2251 1328 2394 1381 enim
2426 1328 2492 1382 de
2519 1328 2699 1382 crucis
2725 1325 2882 1380 laude
2920 1327 3238 1381 disserimus
3262 1368 3278 1392 ,
3326 1325 3378 1379 i‘n
3407 1324 3525 1392 ejus
3569 1333 3682 1377 non

2100 1416 2394 1487 ambigitur
2426 1417 2727 1471 redundare
2756 1417 3085 1485 praeconium
3115 1415 3206 1484 qui
3235 1415 3414 1470 crucis
3446 1411 3692 1468 illustra-’

2101 1509 2177 1562 t‘it
2202 1509 2415 1578 propria
2441 1513 2618 1563 morte
2649 1507 2930 1562 vexillum.

2171 1599 2273 1655 Per
2298 1601 2410 1654 haec
2439 1600 2642 1668 itaque,
2673 1599 2872 1654 fratres
2902 1599 3004 1653 mei
3031 1639 3045 1662 ,
3077 1602 3196 1668 qum
3235 1588 3380 1653 dicta
3405 1605 3535 1652 sunt
3561 1638 3575 1660 ,
3615 1594 3690 1649 Ii-

2102 1690 2266 1759 quido
2295 1690 2549 1761 colligere
2601 1704 2889 1758 possumus
2921 1689 3046 1758 quia
3096 1691 3198 1743 hoc
3245 1688 3482 1743 chestis
3519 1688 3690 1740 victo-

413 1781 682 1848 pontiﬁcis
717 1783 882 1838 nostri
921 1783 1046 1837 illud
1097 1785 1332 1839 salutare
1377 1784 1631 1838 vexillum
1676 1783 2001 1838 immortalis
2030 1767 2077 1827 Β
2108 1782 2200 1836 ria:
2228 1782 2466 1851 signum,
2500 1783 2596 1850 'p'er
2627 1781 2770 1850 quod
2819 1780 3049 1834 numdus
3091 1790 3209 1833 erat
3248 1770 3314 1834 de
3354 1766 3689 1849 captivitatis

417 1874 690 1927 memor-im
705 1885 919 1943 semper
941 1865 1210 1929 viriditate
1227 1873 1497 1939 ﬂoridum,
1519 1885 1570 1927 et
1586 1871 1998 1928 exubera-nlium

416 1965 687 2026 fructuum
732 1967 1008 2022 fertilitate
1057 1965 1551 2023 feeubdum?Crux
1597 1968 1743 2020 enim
1787 1971 2003 2036 semper

417 2058 555 2111 viret
585 2060 636 2111 in
655 2073 778 2129 spe,
807 2058 960 2113 ﬁeret
989 2061 1042 2112 in
1070 2061 1194 2119 ﬁde.-
1216 2059 1503 2114 fr‘nctiticat
1529 2060 1578 2112 in
1612 2057 1897 2112 charitate.
1937 2056 2006 2110 Et

416 2157 698 2218 postQuam
725 2165 752 2204 a
779 2159 995 2206 terreno
1019 2152 1221 2221 cespite
1243 2150 1465 2221 praecisa
1489 2158 1591 2216 est,
1629 2149 2003 2219 frondet,un

416 2240 661 2311 quisquis
690 2238 1054 2311 per'amorcm
1085 2244 1266 2299 crucis
1299 2260 1328 2298 a
1361 2243 1597 2298 terrenis
1626 2249 1686 2298 ac
1713 2242 2002 2298 desideriis

419 2330 470 2383 in
501 2329 613 2400 ipsa
644 2334 842 2388 mentis
889 2334 1068 2389 radice
1096 2333 1320 2406 [mentis
1371 2332 1633 2405 radicem]
1680 2333 2002 2402 praeScidit,

419 2419 486 2472 ad
550 2421 923 2479 luereduatem
995 2415 1504 2481 inmarcescibilem
1571 2425 2004 2494 capessendam,

419 2519 474 2564 ut
525 2525 740 2583 semper
793 2513 1023 2570 virentia
1081 2523 1301 2572 interna:
1365 2516 1488 2571 vittae
1549 2521 1754 2586 pascua
1811 2520 2008 2570 convits

421 2607 597 2664 Iescit.

501 2703 704 2760 Verum
735 2706 864 2775 quid
895 2696 1127 2776 amplius
1153 2705 1218 2760 de
1247 2705 1405 2760 laude
1450 2705 1624 2760 beata:
1653 2707 1832 2759 crucis
1859 2701 2010 2756 edis;-

419 2802 625 2863 seram;
648 2797 1087 2868 quandoquidem
1113 2797 1294 2852 omnia
1327 2795 1416 2850 illa
1445 2794 1715 2850 sacrilicia
1759 2805 1880 2864 qum
1908 2790 2010 2846 Sub

420 2890 674 2960 legalium
698 2888 1144 2944 caeremoniarum
1176 2887 1278 2940 ritu
1304 2884 1484 2941 offerri
1505 2884 1784 2953 iubentur,
1815 2882 1881 2935 ad
1906 2881 2011 2934 hoc

422 2989 591 3036 unum
640 2980 915 3049 singulare
973 2993 1273 3048 verumque
1347 2976 1674 3032 sacriﬁcium
1736 2974 1880 3044 quod
1955 2973 2008 3026 in

423 3081 555 3129 arca
595 3073 773 3128 crucis
821 3072 1062 3127 oblatum
1109 3081 1192 3126 est
1239 3068 1595 3124 referantur?
1627 3067 1729 3121 Per
1784 3063 2008 3120 vitulum

2103 1873 2339 1940 antiqua:
2370 1870 2600 1926 vinculis
2628 1870 3012 1935 absolvendus,
3053 1871 3121 1925 ab
3155 1871 3274 1938 ipso
3315 1875 3499 1924 mundi
3532 1877 3689 1940 prm-

2103 1964 2244 2034 cipio
2268 1962 2456 2018 Patres
2487 1959 2754 2028 adorant,
2775 1961 3063 2032 Pmphetae
3113 1961 3483 2033 pramu‘ntiaut
3510 2001 3524 2025 ,
3562 1973 3686 2014 om-

2107 2069 2309 2125 nesque
2339 2061 2619 2111 sacrarum
2657 2053 3015 2128 [sanctarum]
3043 2053 3448 2123 Sur'iptnrarmn
3476 2052 3687 2122 paginie

2107 2146 2474 2215 prreligurant.
2503 2144 2716 2214 Quippe
2743 2144 2887 2214 quod
2919 2159 3018 2198 nos
3039 2143 3335 2198 adoramus
3364 2143 3417 2196 in
3442 2148 3694 2201 munere,

2105 2234 2313 2305 illijam
2359 2232 2758 2289 venerabantur
2805 2235 2856 2287 in
2901 2232 3025 2287 ﬁde.
3070 2229 3137 2286 Et
3187 2231 3330 2300 quod
3380 2229 3519 2299 apud
3575 2223 3697 2283 illos

2107 2333 2227 2379 erat
2255 2324 2578 2395 quibusdam
2629 2322 3010 2394 aehig'matibus
3052 2322 3340 2393 ﬁguratum
3370 2361 3386 2384 ,
3436 2335 3536 2374 nos
3579 2333 3684 2389 per

2110 2416 2420 2471 Mediatoris
2440 2415 2801 2485 gratiamjam
2834 2413 3079 2468 videmus
3112 2412 3415 2481 impletum,
3450 2417 3510 2463 ut
3543 2411 3694 2479 quod

2109 2505 2184 2562 illi
2207 2507 2668 2576 praesagiebautur
2697 2521 2794 2576 per
2817 2506 3092 2575 spiritum.
3111 2518 3208 2558 nos
3234 2502 3344 2572 jam
3377 2516 3472 2571 per
3493 2514 3696 2569 corpo-

2108 2597 2278 2652 ralem
2310 2607 2600 2652 cernamus
2631 2606 2687 2650 et
2716 2594 3112 2664 amplectamur
3140 2593 3415 2646 obtutum.
3445 2588 3490 2645 0
3517 2589 3697 2642 admi-

2113 2691 2278 2742 randa
2300 2687 2610 2742 Conditiris
2631 2687 2802 2740 nostri
2827 2687 2912 2755 pia
2940 2683 3265 2738 clementia!
3297 2698 3329 2734 o
3358 2678 3699 2749 przediramia

2109 2779 2403 2850 singularis
2451 2778 2624 2833 nostri
2662 2776 3044 2846 Redemptoris
3095 2773 3414 2829 humilitas!
3459 2770 3705 2822 Atrocis-

2111 2870 2266 2926 sima:
2297 2869 2486 2924 mortis
2508 2867 2695 2923 subire
2717 2867 2972 2938 dignatus
2999 2873 3083 2919 est
3110 2873 3350 2933 poenam,
3372 2869 3429 2914 ut
3455 2874 3552 2913 nos
3572 2873 3705 2926 pro-

2111 2963 2337 3017 veheret
2399 2962 2467 3016 ad
2520 2964 2800 3017 coronam.
2851 2956 3248 3029 Turpissimum
3314 2953 3496 3009 crucis
3537 2950 3708 3020 elegit

2111 3055 2330 3126 prepria
2357 3054 2637 3110 voluntate
2669 3051 2995 3124 supplicium
3017 3090 3032 3115 ,
3069 3059 3127 3103 ut
3153 3057 3254 3102 nos
3296 3044 3365 3100 de
3414 3043 3705 3098 servitutis

429 3169 680 3234 uanique,
708 3165 797 3232 qui
840 3163 906 3218 de
938 3171 1187 3218 armento
1233 3159 1418 3216 oll‘erri
1461 3160 1773 3230 praecipitur
1812 3153 2012 3229 (Exod.
2042 3129 2088 3205 C
2114 3149 2243 3220 jngo
2267 3149 2584 3204 sublimaret
2608 3146 2674 3201 ad
2713 3159 2958 3214 regnum.
2995 3141 3239 3196 Malcdici
3290 3155 3396 3195 non
3449 3134 3705 3203 respuit,

430 3259 582 3329 xm)
613 3298 628 3322 ,
684 3255 1014 3326 Redemptor
1069 3258 1274 3319 noster,
1330 3252 1422 3322 qui
1476 3251 1542 3305 de
1581 3249 2014 3319 patriarcharum

432 3339 708 3406 descendit
743 3348 1020 3419 progenie,
1059 3338 1343 3416 ﬁguratur.
1392 3342 1492 3396 Hic
1524 3341 1781 3395 nimirum
1833 3344 2019 3392 aratro

433 3444 614 3498 crucis
639 3453 752 3497 sum
779 3450 978 3495 terram
1001 3438 1181 3493 carnis
1224 3447 1426 3491 nostra:
1473 3432 1810 3504 perdomuit,
1859 3439 1913 3485 ct
1953 3437 2021 3485 ex

431 3533 669 3603 Spiritus
689 3531 863 3587 saneti
893 3529 1100 3586 semine
1151 3528 1416 3582 virtutum
1459 3539 1559 3579 nos
1599 3519 1752 3592 fruge
1803 3521 2015 3576 ditavit.

431 3627 531 3680 llic
569 3625 771 3681 vitulus
812 3623 932 3678 sire
979 3621 1188 3676 macula
1236 3635 1340 3674 non
1387 3619 1441 3673 in
1495 3611 1880 3679 tabernaculo,
1925 3610 2021 3667 Sed

429 3729 557 3772 ante
592 3718 791 3774 ostium
825 3713 942 3782 ejus
988 3728 1018 3767 a
1071 3707 1194 3766 ﬁliis
1235 3711 1418 3765 Aaron
1447 3707 1776 3762 'oﬁ'crebatur‘
1820 3701 2018 3766 (Exod.

431 3812 586 3881 xxix)
613 3819 628 3876 ς
663 3809 788 3878 quia
811 3816 865 3861 et
897 3804 1174 3868 Dominus,
1213 3801 1304 3871 qui
1336 3803 1454 3856 sine
1486 3805 1711 3868 peccato
1750 3805 1834 3850 est
1862 3793 2020 3864 (Iani.

430 3902 575 3973 rm),
613 3901 714 3955 sub
744 3899 900 3952 Anna
949 3903 1005 3949 et
1048 3894 1251 3962 Caipha
1283 3889 1438 3961 (Luc.
1481 3889 1566 3958 ιιι)
1612 3897 1765 3942 extra
1808 3894 2022 3955 portam

429 4004 518 4051 est
546 3991 858 4050 cruciﬁxus.
891 3988 1010 4059 Ipse
1041 3987 1224 4056 Agnus
1249 3985 1338 4055 qui
1374 3982 1558 4037 mundi
1591 3989 1813 4051 peccata
1841 3979 2023 4033 deter-

434 4088 510 4141 sit
535 4085 716 4156 (Joan.
747 4081 808 4155 ι).
834 4081 952 4151 Ipse
982 4079 1190 4140 luedns,
1217 4075 1307 4144 qui
1353 4081 1634 4128 auctorem
1670 4068 1878 4140 peccati
1911 4067 2027 4123 dia-

437 4173 641 4240 bolum,
674 4173 854 4228 crucis
901 4169 1078 4240 gladio
1118 4165 1409 4236 jugulavit.
1460 4163 1579 4232 IpSe
1630 4159 1941 4237 columba,‘
1969 4159 2025 4213 in

439 4267 593 4336 eujus
622 4259 878 4318 nimirum
919 4241 1101 4328 specie
1144 4257 1380 4326 Spiritus
1431 4262 1653 4309 sanctus
1694 4263 1856 4320 super
1901 4265 2023 4304 eum

442 4357 508 4411 ad
538 4353 789 4411 Jordanis
814 4347 1010 4406 (incuta
1037 4346 1315 4403 descendit
1337 4343 1558 4416 (Matth.
1586 4341 1686 4414 ιιι).
1715 4342 1835 4412 Ipse
1859 4341 2025 4396 etiam

443 4451 640 4510 turtur,
672 4446 796 4518 quia
837 4448 1111 4515 perpetuae
1151 4439 1423 4495 castitatis
1467 4443 1657 4490 auctor
1680 4431 1792 4505 98
1817 4433 2024 4496 existit,

443 4542 583 4597 sicut
614 4539 715 4596 sibi
759 4553 789 4592 a
837 4550 1035 4608 sponsa
1077 4533 1320 4588 dieillth
1359 4537 1377 4581 ι
1423 4527 1696 4599 Speciosat
1744 4535 1892 4596 genae
1924 4530 2028 4577 tua:

442 4635 587 4687 sicut
612 4629 839 4686 turturis
869 4625 1047 4699 (Cani.
1081 4624 1143 4694 ι).
1180 4643 1197 4675 ι
1528 4629 1536 4637 ·

516 4722 773 4778 Eamdem
799 4734 959 4790 porro
980 4716 1209 4770 viviﬁca:
1233 4713 1415 4769 erucis
1443 4699 1677 4764 hostiam
1708 4705 2030 4778 designabat

441 4825 496 4868 et
522 4813 683 4868 vitula
709 4811 797 4865 illa
834 4809 975 4874 rufa,
1007 4824 1148 4878 qme,
1178 4815 1338 4860 aetate
1381 4805 1600 4874 quidem
1637 4803 1849 4871 integra
1876 4841 1890 4866 ,
1935 4803 2029 4855 sed

446 4907 554 4977 iugi
586 4919 706 4959 esse
727 4900 948 4970 jubetur
978 4901 1168 4968 ignara
1191 4891 1381 4967 (Nunt.
1427 4896 1563 4964 xxx).
1601 4891 1738 4946 Rufa
1772 4891 2029 4945 nimirum

447 4997 616 5053 vitula
658 5009 786 5050 caro
827 5001 910 5046 est
961 4987 1282 5054 Salvatdris,
1312 4994 1466 5041 rosea
1515 4983 1726 5040 scilicet
1773 4982 2034 5052 sanguine

447 5089 736 5163 passionis.
766 5077 1026 5141 Perfecta:
1048 5082 1264 5152 quidem
1295 5079 1471 5135 aetatis
1501 5067 1762 5133 Dominus
1804 5075 1872 5131 ad
1905 5090 2034 5146 pas-

449 5187 660 5241 sionem
689 5179 862 5245 venit,
897 5177 994 5233 sed
1040 5176 1158 5247 ejus
1200 5174 1396 5230 collum
1434 5170 1626 5242 jugum
1677 5168 1890 5240 peceati
1941 5183 2036 5224 cu-

446 5273 671 5348 juslibet
700 5289 807 5328 non
830 5269 1058 5325 attrivit.
1100 5253 1202 5335 Qui
1233 5265 1453 5321 vitulam
1481 5261 1716 5319 oﬁ‘erunt
1762 5259 2030 5315 immundi

453 5378 600 5431 sunt,
643 5377 700 5423 et
739 5365 831 5437 qui
879 5360 1156 5420 Christum
1212 5359 1577 5427 crueiﬁgunt,
1622 5354 1766 5410 unde
1805 5353 2038 5407 mundus

455 5459 718 5523 abluitur,
751 5456 852 5527 ipsi
894 5453 1281 5509 damnabiliter
1326 5449 1703 5520 inquinantur.
1754 5444 1859 5513 Qui
1908 5457 2040 5498 vero

456 5552 698 5610 cinerem
743 5549 1039 5619 colligens,
1087 5554 1244 5602 extra
1288 5552 1467 5598 castra
1523 5538 1760 5611 projicit,
1809 5537 2043 5592 mundus

457 5652 585 5709 est;
621 5642 746 5712 quia
785 5640 1092 5710 quicunque
1121 5635 1302 5692 crucis
1329 5631 1622 5690 Dominicae
1664 5620 2043 5701 passionisque

463 5734 785 5806 mysterium
817 5746 911 5803 per
937 5729 1120 5785 mundi
1148 5725 1483 5783 latitudinem
1514 5723 1829 5793 praedicant,
1865 5737 1892 5777 a
1921 5735 2042 5790 pec-

2119 3245 2180 3295 ut
2223 3251 2321 3294 nos
2365 3240 2432 3294 de
2482 3237 2770 3292 maledicto
2815 3235 2949 3306 legis
2997 3233 3320 3288 absolveret.
3372 3227 3704 3281 Probrosam

2119 3342 2350 3387 mortem
2378 3329 2619 3400 pertulit,
2651 3335 2711 3382 ut
2762 3341 2862 3381 nos
2907 3327 2976 3380 ab
3006 3333 3222 3379 aeternae
3269 3321 3462 3374 mortis
3501 3325 3707 3386 oppro-

2123 3425 2242 3479 brio
2269 3424 2544 3478 liberaret.
2579 3419 2734 3476 Unde
2757 3423 2812 3474 et
2855 3416 3146 3487 Apostolus
3177 3433 3190 3467 :
3230 3427 3249 3465 ι
3287 3409 3538 3466 Christus
3563 3451 3578 3473 ,
3626 3408 3711 3462 in-

2123 3516 2256 3583 quit.
2293 3527 2392 3567 nos
2438 3511 2671 3566 redemit
2714 3510 2783 3565 de
2830 3508 3117 3562 maledicto
3152 3505 3326 3576 legis,
3378 3503 3554 3556 factus
3601 3505 3704 3568 pro

2125 3605 2279 3660 nobis
2311 3603 2653 3658 maledictum
2682 3631 2698 3667 ς
2748 3601 2876 3670 quia
2927 3599 3192 3668 scriptum
3228 3598 3350 3650 eSt:
3388 3591 3709 3647 Maledictu's

2123 3681 2320 3759 omnis,
2351 3694 2441 3764 qui
2471 3692 2667 3764 pendet
2702 3692 2757 3745 in
2804 3689 2950 3760 ligno
2981 3703 2995 3752 ;
3031 3693 3090 3740 ut
3136 3687 3188 3740 in
3236 3681 3489 3755 genuinis
3533 3682 3709 3735 bene-

2125 3790 2288 3846 dictio
2314 3788 2541 3841 Abrahae
2569 3776 2722 3841 ﬁeret
2771 3784 2823 3838 in
2855 3782 3072 3838 Christo
3103 3779 3228 3834 Jcstl
3260 3819 3274 3842 ,
3325 3777 3385 3832 ul.
3428 3769 3700 3846 pollicita-

2125 3881 2326 3935 tionem
2353 3877 2574 3948 spiritus
2593 3875 2922 3945 accipiamus
2949 3887 3044 3942 per
3077 3871 3234 3924 ﬁdem
3265 3866 3406 3938 (Gal.
3438 3866 3543 3934 ιιι).
3579 3877 3598 3916 ι

2196 3972 2334 4039 Quia
2355 3977 2505 4040 ergo,
2535 3965 2735 4021 fratres
2766 3967 2894 4030 mei,
2923 3961 3202 4018 servitutis
3227 3959 3358 4030 jugo
3379 3956 3539 4013 soluti
3565 3995 3580 4019 ,
3611 3956 3712 4009 be—

2128 4062 2486 4119 nedictionem
2513 4058 2744 4113 Abrahze
2772 4056 2826 4110 in
2855 4053 3074 4108 Christo
3114 4051 3225 4118 jam
3274 4063 3462 4104 sunms
3504 4046 3714 4114 adepti,

2127 4155 2253 4224 quid
2283 4157 2468 4215 restat,
2495 4149 2596 4204 nisi
2625 4157 2682 4202 ut
2711 4161 2775 4202 ea
2800 4160 2939 4215 quxe,
2970 4142 3142 4214 gratia
3169 4137 3550 4208 praeveniente,
3583 4149 3716 4203 per-

2128 4241 2564 4312 cepinius,etiam
2594 4255 2691 4310 per
2715 4239 2834 4292 vita:
2860 4236 3110 4290 meritum
3137 4229 3513 4299 Redetnptoris
3536 4227 3718 4281 nostri

2129 4341 2267 4393 dona
2310 4343 2608 4398 servemus,
2643 4348 2711 4387 ne
2754 4330 2843 4401 qui
2895 4345 2992 4399 per
3037 4327 3362 4396 baptismum
3410 4324 3462 4377 in
3493 4321 3720 4377 Christo

2133 4427 2488 4488 renascimur,
2517 4423 2810 4478 secundum
2847 4428 3084 4473 veterem
3111 4423 3300 4470 rursus
3328 4413 3608 4468 hominem
3635 4411 3720 4464 vi-

2057 4494 2105 4554 D
2134 4528 2340 4582 ventes,
2371 4517 2438 4571 ad
2461 4513 2826 4569 damnationis
2851 4509 2968 4579 ejus
2990 4508 3314 4564 sententiam
3346 4509 3669 4559 revocemur
3697 4502 3724 4553 ?

2130 4613 2268 4667 Nam
2313 4618 2370 4665 et
2415 4609 2577 4664 hodie
2627 4608 2680 4661 in
2722 4599 2963 4662 Ecclesia
3021 4602 3148 4657 illud
3207 4595 3374 4654 David
3413 4597 3665 4652 canimus
3702 4612 3718 4648 :

2137 4724 2154 4757 ι
2193 4702 2459 4759 Maledicti
2522 4701 2615 4771 qui
2661 4697 2937 4754 declinant
2981 4710 3012 4750 a
3049 4691 3320 4749 mandatis
3373 4689 3484 4745 tuis
3537 4681 3719 4757 (Paul.

2131 4795 2341 4869 cxvm).
2381 4804 2399 4847 ι
2428 4791 2834 4850 Consideranda
2869 4804 3063 4865 nempe
3113 4785 3379 4841 sententia
3407 4823 3421 4848 ,
3450 4782 3577 4853 quia
3608 4787 3720 4863 non

2131 4861 2350 4952 dicitur,
2381 4883 2650 4940 maledicti
2676 4882 2768 4951 qui
2823 4863 2927 4934 non
2979 4869 3092 4949 99
3134 4882 3237 4931 non
3264 4877 3627 4930 renascuntur
3662 4861 3720 4924 in

2137 4979 2490 5039 sacramentis
2521 4977 2650 5040 tuis,
2675 4973 2788 5036 sed,
2817 4973 2906 5044 qui
2937 4971 3210 5028 declinant
3238 4983 3268 5022 a
3296 4965 3561 5021 mandatis
3587 4963 3722 5025 tuis,

2137 5076 2263 5145 quia
2294 5070 2546 5127 videlicet
2573 5082 2681 5122 non
2729 5055 2903 5120 solum
2937 5059 3010 5116 illi
3055 5058 3449 5115 maledictiouis
3491 5055 3726 5110 netibns

2138 5173 2264 5224 Sunt.
2288 5159 2504 5218 obnoxii
2531 5200 2546 5224 ,
2575 5171 2712 5229 quos
2737 5157 2791 5210 in
2819 5155 3036 5212 Christo
3065 5163 3203 5221 aqua
3235 5147 3578 5219 baptismatis
3606 5151 3722 5201 non

2140 5254 2445 5326 regenerat,
2495 5247 2590 5307 sed
2620 5248 2693 5302 illi
2729 5243 2893 5302 etiam
2946 5253 3176 5314 quorum
3211 5231 3450 5313 pravitas
3490 5251 3521 5292 a
3557 5233 3728 5292 recti-

2143 5350 2324 5404 tudine
2355 5343 2733 5401 mandatorum
2766 5328 2858 5395 Dei
2890 5354 2986 5409 per
3011 5339 3266 5393 vitiorum
3293 5334 3517 5403 abrupta
3551 5329 3724 5384 de‘eli-

2145 5448 2256 5494 nat.
2293 5437 2431 5504 Quid
2461 5447 2593 5505 ergo
2651 5433 2872 5504 prodest
2906 5432 3035 5501 quia
3081 5430 3148 5484 de
3177 5423 3406 5482 vinculis
3465 5423 3586 5492 quis
3632 5421 3728 5473 ve-

2143 5539 2299 5585 tusta:
2329 5525 2723 5582 maledictionis
2750 5522 3069 5583 absolvitur,
3098 5519 3142 5574 si
3185 5527 3282 5588 per
3312 5517 3476 5570 vitam
3531 5517 3690 5580 repro

2147 5625 2270 5679 ham
2327 5619 2527 5675 eisdem
2583 5614 2811 5672 vinCuIis
2856 5601 3032 5667 denuo
3085 5594 3443 5664 retrud'atur‘?
3487 5603 3620 5657 Nam
3669 5613 3729 5657 ct

2151 5712 2437 5784 Apostolus
2466 5711 2580 5766 ait:
2616 5727 2634 5761 ‹
2669 5706 2770 5774 Qui
2800 5721 2904 5762 non
2948 5713 3092 5759 amat
3140 5699 3426 5754 Dominum
3477 5703 3724 5751 nostrum
