4022 6202
301 287 407 343 ωε)
1725 287 1880 344 SEN

2001 285 2190 349 Χγιιε.
3490 301 3594 356 610

300 399 489 455 lusum
513 396 820 469 Christum,
846 397 916 463 sit
941 397 1260 469 anathema,
1303 400 1623 465 maranatba
1668 399 1722 471 (l
1768 399 1896 465 Cor.
1928 409 1975 465 Α
2006 401 2059 456 in
2083 416 2282 473 aquam
2314 402 2483 478 misit,
2515 411 2567 458 et
2607 419 2731 463 mox
2774 404 2978 462 ferrum
3024 409 3268 479 natavit,
3318 422 3483 486 atque
3525 417 3595 482 ad

300 492 438 561 xvi),
477 488 584 553 Ubi
610 504 767 569 teque
812 489 1109 555 notandum
1130 491 1258 568 quia
1284 507 1395 549 non
1432 493 1603 551 dicit:
1636 491 1742 567 Qui
1784 508 1893 559 non
1998 491 2343 546 manubrium
2376 492 2536 546 rediit
2568 492 2674 563 (IV
2705 492 2829 564 Reg.
2873 495 2971 567 vi).
3006 496 3143 564 Quid
3168 508 3253 555 est
3291 512 3471 558 autem
3512 522 3597 561 se-

298 582 607 643 renascitur
634 581 689 645 in
730 579 1018 647 Dominum
1069 591 1317 645 nostrum
1358 581 1542 647 Jesum
1588 583 1895 656 Clu-istum,

296 672 393 735 sed
418 671 515 743 qui
545 686 653 727 non
685 678 854 739 amat,
886 678 948 733 ut
994 669 1160 735 etiam
1207 670 1253 725 si
1298 671 1571 741 baptismo
1618 674 1884 750 probetur

294 763 422 833 quis
456 763 511 825 iu
536 762 753 828 Christo
778 770 1019 833 renatus,
1046 762 1089 816 si
1116 778 1221 827 non
1252 763 1324 819 sit
1365 764 1528 825 etiam
1564 780 1631 821 ex
1664 780 1895 829 conver-q

294 855 511 919 satione
531 867 931 925 commortuus,
958 870 1301 925 nequaquam
1325 856 1402 921 sit
1428 870 1459 910 a
1479 855 1889 915 maledictiunitt

293 949 521 1009 omnino
542 948 771 1011 vinculis
796 947 1109 1015 ahsolutus;
1148 969 1169 1013 ι
1196 948 1253 1017 Si
1281 951 1453 1023 enim,
1479 950 1633 1022 juxta
1658 953 1892 1024 Aposto-

298 1038 444 1102 lum,
479 1038 830 1107 complantati
883 1054 1074 1094 sumus
1118 1041 1459 1107 similitudini
1511 1044 1705 1099 mortis
1747 1043 1889 1116 eius,

301 1130 467 1186 simul
500 1140 557 1197 et
585 1130 1000 1195 resurrectionis
1027 1132 1235 1191 erimus
1259 1132 1438 1204 (Rom,
1477 1135 1575 1204 γι).
1617 1156 1635 1189 ι
1672 1136 1741 1201 Et
1771 1154 1890 1199 rur-

292 1239 390 1278 sus
419 1236 436 1277 :
473 1241 493 1274 ι
532 1221 588 1287 Si
620 1222 1011 1292 compatimur,
1039 1235 1095 1285 et
1127 1226 1619 1297 cmtregpahimus;
1664 1229 1709 1283 si
1741 1245 1893 1294 ρθιιιη

290 1314 589 1381 morimur,
618 1323 673 1377 et
699 1315 1051 1379 convivemus
1073 1314 1153 1385 (ll
1186 1314 1321 1383 Tim.
1351 1319 1436 1386 ιι),
1463 1336 1481 1375 ι
1516 1316 1623 1381 Sed
1647 1318 1769 1389 quis
1800 1320 1891 1375 illo

288 1412 377 1458 est
406 1403 498 1474 qui
540 1420 650 1469 non
696 1412 844 1470 autat
888 1404 1163 1467 Christum
1189 1405 1213 1458 ?
1239 1404 1373 1471 Quis
1415 1406 1562 1462 enim
1613 1420 1883 1474 nostrum,

287 1494 335 1549 si
368 1495 436 1549 de
484 1493 684 1555 Christi
740 1494 1031 1555 dilectione
1077 1496 1423 1562 consulitur,
1474 1514 1582 1553 non
1630 1501 1884 1573 protinus

286 1593 631 1655 constanter,
661 1584 768 1640 imo
799 1586 1205 1659 promptissime
1253 1603 1316 1653 se
1340 1587 1620 1655 Christum
1659 1590 1885 1662 diligere

286 1673 572 1730 fateatur?
605 1673 800 1741 Verum
826 1676 914 1731 ille
952 1692 1060 1743 non
1106 1688 1255 1739 amat
1280 1677 1557 1745 Christum
1625 1681 1717 1752 qui
1778 1700 1884 1736 nou

1997 578 2170 643 curis,
2195 578 2298 633 nisi
2334 580 2601 651 sapientia
2648 583 2741 638 Dei
2782 594 3004 655 operata
3056 601 3155 656 per
3178 603 3375 659 corpus
3400 592 3424 645 ?
3451 591 3591 660 Quid

1996 666 2342 741 l‘crrum,nisi
2365 671 2657 735 divinitas?
2681 673 2781 742 Qui
2805 682 2819 728 t
2846 676 3079 748 lignum,
3106 681 3209 739 nisi
3232 682 3541 743 humanitas
3565 686 3591 740 τ

1993 757 2062 817 Et
2095 770 2242 825 recte
2275 776 2483 832 corpus
2507 763 2710 827 Christi
2733 765 2935 835 lignum
2964 769 3186 841 dicitur,
3215 772 3341 845 quia
3376 788 3407 835 ιι
3435 773 3583 849 ligno

1991 853 2266 921 pependit.
2318 851 2541 915 Securis
2592 855 2755 925 igitur
2804 856 2962 936 juxta
3003 856 3297 919 .lordanem
3358 862 3585 931 arbores

1990 943 2322 1011 succidebat,
2351 947 2479 1017 quia
2502 947 2595 1007 Dei
2620 949 2912 1028 sapientia,
2935 950 3093 1026 juxta
3124 953 3348 1015 liuidum
3376 965 3592 1021 morta-

1990 1030 2161 1098 litatis
2183 1043 2383 1101 nostrae
2407 1036 2717 1105 decursum,
2745 1038 2964 1113 dignata
3008 1050 3094 1103 est
3129 1043 3324 1119 impios
3368 1044 3592 1108 Judaeos

1993 1140 2104 1187 suae
2154 1128 2555 1196 praedicationis
2605 1133 2921 1197 austeritate
2982 1136 3291 1215 corripere,
3340 1148 3395 1192 et
3439 1140 3591 1201 velut

1991 1213 2359 1281 infructuosas
2408 1220 2634 1285 arbores
2662 1237 2691 1279 at
2725 1232 2871 1287 Statu
2903 1223 3090 1297 rigida:
3136 1213 3402 1297 superbia:
3431 1229 3589 1288 dese-

1987 1320 2136 1367 care.
2172 1306 2324 1367 Unde
2348 1317 2403 1371 et
2428 1308 2669 1375 Joannes
2690 1311 2859 1375 dicit:
2894 1332 2912 1365 ι
2952 1314 3073 1371 lam
3127 1321 3340 1375 securis
3367 1323 3435 1377 ad
3488 1337 3584 1376 ra-

1988 1396 2164 1459 dicem
2186 1398 2445 1454 arborum
2471 1401 2648 1473 posita
2697 1414 2803 1465 est.
2868 1402 3058 1466 Omnis
3102 1409 3265 1471 arbor
3299 1428 3419 1486 qua:
3467 1429 3579 1470 non

1987 1486 2119 1543 facit
2148 1486 2383 1547 fructum
2411 1490 2632 1561 bonum,
2660 1494 2966 1561 excidetur,
2998 1508 3055 1561 et
3085 1500 3139 1555 in
3168 1500 3346 1569 ignem
3393 1505 3573 1558 mitte-

1991 1587 2081 1642 tur
2106 1580 2322 1651 (Matth,
2358 1600 2418 1649 ιιι
2448 1601 2463 1650 ;
2497 1584 2627 1642 Lua.
2670 1589 2777 1659 ιιι).
2818 1609 2835 1642 t
2882 1589 3072 1662 Itaque
3117 1594 3245 1657 dum
3282 1597 3425 1669 ligna
3478 1616 3587 1657 cat-

1992 1671 2219 1738 duntur.
2264 1675 2471 1741 ferrum
2504 1680 2557 1735 in
2586 1696 2781 1750 aquam
2809 1684 2879 1747 de
2904 1687 3189 1751 manubrio
3212 1692 3428 1759 cecidit,
3455 1694 3582 1764 quia

288 1772 444 1818 amat
481 1779 707 1831 crucem
728 1763 958 1831 Christi.
990 1767 1059 1833 Et
1105 1768 1198 1837 qui
1227 1778 1354 1829 sunt
1393 1772 1484 1840 qui
1514 1770 1716 1827 Clu-isti
1757 1787 1878 1833 om.
1916 1761 1958 1818 Β
1994 1765 2121 1819 dum
2162 1766 2441 1831 silvestres
2465 1769 2772 1835 Iudaeorum
2821 1785 3033 1835 mentes
3083 1780 3299 1844 Veritas
3318 1761 3583 1855 corripit,

284 1871 409 1910 cem
442 1873 550 1923 uoti
574 1865 763 1919 autaut
790 1858 814 1913 ἲ
838 1858 975 1927 Audi
1005 1858 1232 1925 Paulum
1283 1862 1569 1923 manifesta
1608 1879 1703 1921 eos
1751 1880 1884 1920 voce

285 1957 618 2013 nauantem:
659 1966 678 2000 t
722 1947 895 2015 Multi,
923 1951 1139 2036 inquit,
1194 1952 1514 2019 ambulant,
1561 1971 1699 2025 quos
1738 1971 1884 2027 saepe

283 2040 537 2099 dicebam
568 2042 720 2109 vobis
745 2042 913 2113 (nunc
946 2054 1128 2101 autem
1161 2055 1217 2100 et
1259 2044 1392 2105 ﬂens
1434 2046 1578 2120 dico)
1623 2049 1880 2117 inimicos

285 2132 470 2189 crucis
497 2132 728 2204 Christi,
752 2149 985 2205 quorum
1010 2136 1131 2201 tiuis
1159 2137 1433 2208 interitus,
1458 2154 1692 2209 quorum
1737 2142 1885 2202 Deus

288 2233 485 2293 venter
509 2234 589 2295 est
621 2243 637 2291 ;
668 2234 722 2293 et
749 2226 920 2298 gloria
952 2227 1005 2293 in
1028 2227 1350 2287 confusione
1370 2245 1591 2299 eorum,
1625 2233 1719 2304 qui
1760 2242 1875 2295 ter?

287 2329 422 2379 rena
453 2314 915 2387 sapiuut(Pltilip.
959 2318 1064 2387 ιιι).
1112 2336 1132 2385 ι
1176 2318 1454 2390 Loquatur
1490 2330 1546 2379 et
1590 2320 1872 2385 Jacolms:

290 2428 312 2464 ι
474 2412 719 2476 anticus,
753 2412 828 2475 ait
851 2454 866 2478 ,
917 2423 1003 2471 est
1050 2413 1213 2483 huius
1240 2416 1444 2482 saw-di,
1487 2417 1744 2479 inimicus
1773 2419 1870 2477 Dei

285 2502 641 2565 constituitur
671 2502 814 2572 (Jac.
841 2504 937 2573 tv).
976 2524 997 2556 ι

363 2590 623 2662 Quisquis
659 2607 789 2663 ergo
834 2593 1109 2656 desiderat
1154 2597 1225 2653 ab
1265 2596 1415 2655 omni
1458 2597 1673 2657 vinculo
1712 2599 1877 2664 male-

289 2681 543 2743 dictienis
570 2682 821 2747 absolvi,
877 2693 933 2746 et
976 2684 1187 2753 plenam
1220 2700 1377 2747 novre
1426 2687 1617 2757 gratiae
1660 2687 1878 2750 benedi-

289 2772 530 2831 ctionem
564 2775 846 2844 consequi,
875 2790 1096 2835 erucem
1126 2774 1339 2846 diligat,
1365 2792 1433 2841 ex
1461 2791 1566 2847 qua
1623 2778 1878 2844 videlicet

289 2864 469 2921 omnis
488 2864 764 2935 plenitudo
793 2867 1190 2929 benedictionis
1217 2878 1457 2930 emanat.
1504 2868 1609 2927 l’er
1653 2887 1872 2935 crucem

287 2971 352 3010 se
369 2955 466 3011 Dei
491 2957 763 3017 nuntiatis
782 2959 1069 3029 astringat.
1086 2958 1192 3019 Per
1213 2975 1430 3017 erucem
1454 2960 1674 3023 ettrenis
1693 2979 1753 3017 ea
1763 2964 1875 3029 ritis

292 3043 566 3108 incentiva
598 3046 871 3111 cohibeat.
904 3046 1061 3113 Sicut
1086 3049 1231 3105 enim
1277 3053 1666 3117 consetttieudo
1696 3055 1871 3117 carui.

290 3136 625 3201 sententiam
652 3137 1061 3208 utaledictiouis~
1080 3138 1430 3207 incurrimus,
1452 3141 1531 3197 sic
1552 3142 1879 3209 refrenando
1906 3120 1921 3167 ⁴

289 3238 537 3289 carnem,
568 3223 961 3282 benedictionis
982 3228 1211 3297 gratiam
1238 3244 1631 3299 promeremur.
1656 3232 1734 3291 Ex
1768 3244 1875 3291 tor-

285 3311 461 3378 culari
508 3330 747 3386 namque
796 3316 1036 3399 [netttpe]
1073 3318 1253 3375 crucis
1304 3318 1607 3391 largissime
1653 3322 1790 3385 bene
1812 3325 1876 3387 ti-
1920 3364 1923 3368 -

287 3408 490 3467 ctionis
514 3412 657 3472 unda
698 3410 976 3480 proﬂuxit,
1025 3428 1148 3482 qua;
1196 3412 1597 3477 maledictionis
1642 3416 1877 3486 antiqua:

288 3500 446 3559 virus
472 3515 636 3565 mune
661 3502 907 3568 detersit,
943 3502 1067 3567 lude
1121 3503 1377 3567 nimirum
1422 3504 1699 3569 stillicidia
1741 3508 1872 3562 cha-

289 3594 580 3654 rismatum
609 3594 913 3650 emlestium
958 3606 1367 3665 proruperunt,
1393 3612 1515 3666 quae
1563 3598 1875 3665 ariditatem

286 3685 649 3747 humanum»
690 3685 953 3740 mentium
995 3685 1284 3751 salubriter
1322 3686 1577 3757 irrigant,
1602 3690 1875 3755 ninnium-

284 3788 392 3843 que
421 3772 679 3838 virtutum
713 3773 853 3829 felici
892 3773 1046 3844 fruge
1095 3774 1407 3839 iocundam.
1448 3776 1575 3839 ilice
1608 3787 1691 3841 est
1724 3780 1872 3845 enim

288 3869 461 3926 nubes
506 3868 597 3929 illa
615 3883 736 3939 qua:
762 3868 893 3927 Elite
918 3868 1017 3923 sub
1039 3869 1272 3939 vestigio
1291 3869 1528 3937 hominis
1551 3871 1610 3936 in
1631 3880 1879 3943 tempore

288 3962 558 4018 siccitatis
581 3961 855 4032 apparuit,
885 3970 939 4017 et
974 3978 1099 4023 mox
1142 3961 1674 4032 inundantispluvim
1713 3965 1868 4035 copia

287 4050 628 4109 abundanter
646 4048 1300 4124 [subsequentcr}ert_tpit.
1317 4051 1411 4113 Sic
1430 4054 1577 4117 enim
1592 4053 1874 4124 Scrinium

286 4150 682 4199 commemorat
715 4161 729 4196 :
769 4159 793 4193 ο
823 4141 979 4202 Ecce.
1015 4142 1210 4211 inquit,
1235 4144 1496 4201 nubecula
1525 4161 1689 4217 parva
1717 4149 1873 4217 quasi

285 4235 574 4305 vestigium
622 4234 858 4292 hominis
905 4235 1233 4291 ascendebat
1282 4238 1352 4299 de
1399 4239 1546 4299 mari
1592 4239 1714 4311 (Ill
1746 4240 1871 4312 Reg.

286 4331 469 4399 svnt).
515 4350 535 4382 ι
589 4330 727 4398 Quia
774 4331 923 4385 enim
970 4347 1073 4386 non
1122 4333 1276 4402 quasi
1323 4335 1521 4397 homo.
1570 4338 1662 4403 sed
1716 4340 1872 4407 quasi

285 4421 574 4492 vestigium
599 4421 837 4478 hominis
860 4424 1170 4481 ascendisse
1194 4423 1416 4491 dicitur,
1442 4436 1589 4482 recte
1639 4443 1737 4498 per
1763 4430 1868 4487 hoc

1998 1855 2255 1917 divinitas
2283 1874 2507 1923 carnem
2531 1862 2789 1921 deserens
2817 1868 2885 1927 ad
2915 1868 3111 1933 inferni
3139 1872 3405 1940 profunda
3436 1876 3569 1931 des-n

1986 1949 2188 2003 ceudit.
2219 1949 2324 2006 Sed
2349 1951 2553 2023 lignum
2575 1954 2628 2011 in
2652 1970 2851 2028 aquam
2881 1959 3141 2027 mittitur,
3172 1972 3228 2023 et
3252 1962 3459 2025 ferrum
3488 1981 3578 2029 τον

1993 2037 2095 2101 dit,
2129 2040 2256 2109 quia
2295 2055 2493 2110 corpus
2518 2043 2752 2109 Domini,
2777 2049 2924 2116 quod
2952 2051 3004 2105 in
3033 2050 3179 2126 ligno
3220 2057 3579 2123 pependerat,

1985 2128 2041 2185 in
2094 2132 2343 2201 sepulcro
2389 2135 2651 2205 ponitur,
2696 2137 2892 2197 deinde
2939 2159 3005 2201 ex
3053 2145 3340 2214 profundis
3391 2148 3579 2219 interi,

1984 2223 2180 2292 spiritu
2210 2225 2492 2293 redeunte,
2517 2232 2774 2291 surrexit.
2876 2299 2885 2307 ο

2057 2356 2211 2412 Unde
2232 2361 2524 2415 notandum
2551 2371 2653 2428 est,
2689 2362 2887 2421 fratres
2920 2367 3048 2432 mei,
3076 2370 3577 2439 erdiligentissimo

1984 2449 2423 2516 pcrpendendutn
2444 2452 2571 2521 quia
2604 2453 2718 2523 ipse
2741 2455 3070 2527 Redemptor
3099 2468 3286 2517 noster
3321 2474 3447 2517 ante
3476 2478 3577 2534 per

1980 2553 2196 2593 crucem
2224 2541 2460 2607 transiit,
2482 2552 2536 2595 et
2558 2543 2637 2598 sic
2658 2543 3054 2606 humanitatem
3078 2564 3232 2603 suam
3261 2551 3312 2613 in
3331 2563 3578 2622 paterna:

1980 2630 2215 2689 dexterae
2241 2631 2466 2701 gloriam
2495 2633 2828 2690 sublimavit.
2854 2637 3172 2713 Exemplum
3225 2643 3425 2719 quippe
3471 2660 3571 2699 no-

1978 2720 2063 2776 bis
2082 2722 2354 2789 exhihuit,
2383 2732 2442 2778 ut
2469 2725 2609 2781 unde
2630 2736 2797 2798 caput
2823 2733 3167 2799 praecessisse
3199 2726 3573 2809 regnoscititr,

1978 2827 2074 2880 per
2090 2814 2341 2868 eamdem
2373 2815 2514 2870 viam
2543 2824 2598 2873 et
2626 2820 2868 2875 membra
2893 2823 3277 2899 subsequentia
3307 2829 3572 2899 gradian-

1979 2915 2083 2961 tur.
2104 2907 2451 2973 Prtcferiuttts
2474 2910 2637 2981 igitur
2660 2929 2877 2969 crucem
2904 2915 2954 2969 in
2989 2915 3190 2985 fronte,
3209 2922 3306 2977 scd
3325 2923 3574 2976 canalem

1977 3013 2195 3052 crucem
2241 2999 2412 3054 multo
2465 3002 2737 3059 salubrius
2789 3009 3152 3065 recoudamus
3206 3011 3260 3063 in
3300 3012 3485 3067 corde.
3517 3011 3573 3066 In

1927 3113 1949 3167 τ
1981 3103 2212 3161 utroque
2237 3103 2390 3162 poste
2434 3096 2753 3167 sanguinem
2805 3113 3101 3168 percussor
3127 3101 3354 3175 angelus
3391 3102 3573 3159 videat

1982 3182 2179 3253 (Exod.
2216 3183 2335 3255 xu),
2370 3191 2429 3238 ut
2474 3185 2731 3241 exclusus
2766 3190 2993 3255 evadat,
3036 3207 3144 3246 non
3195 3204 3573 3271 perempturus

1980 3273 2266 3341 irrumpat.
2304 3273 2416 3329 Nec
2459 3276 2561 3331 sibi
2607 3277 2876 3347 quispiam
2921 3280 2987 3334 de
3037 3281 3152 3337 solo
3199 3283 3353 3355 signo
3394 3286 3575 3340 cruris

1979 3364 2288 3433 applaudat,
2318 3366 2364 3420 si
2392 3367 2679 3422 veritatem
2709 3370 2889 3431 crucis
2920 3370 2971 3433 iu
2994 3373 3253 3441 operibus
3282 3391 3385 3428 non
3414 3376 3572 3435 exhi-

1980 3458 2123 3512 beat.
2164 3457 2395 3513 Crucem
2422 3475 2615 3530 nempe
2640 3461 2729 3515 ille
2758 3461 2811 3516 in
2844 3463 2958 3519 suis
3005 3465 3249 3520 moribus
3290 3466 3575 3537 signanter

1978 3560 2342 3619 expresserat.
2382 3553 2470 3622 qui
2497 3553 2714 3608 dicebat
2746 3572 2759 3609 :
2798 3573 2817 3613 ι
2845 3555 2960 3625 Ego
2993 3556 3138 3621 enim
3163 3558 3418 3631 Stigmata
3444 3558 3575 3624 lese

1979 3642 2031 3696 in
2059 3657 2289 3717 corpore
2321 3658 2441 3699 meo
2477 3655 2633 3725 porto
2665 3644 2809 3716 (Gal.
2838 3648 2937 3721 vt).
2969 3668 2989 3702 r

2048 3773 2370 3837 Mundantes
2390 3777 2556 3847 igitur
2578 3780 2959 3851 nosmetipsos,
2977 3782 3309 3851 charissimi,
3326 3787 3396 3843 ab
3415 3787 3571 3865 omni

1979 3865 2392 3935 inquinamento
2417 3869 2597 3923 carnis
2623 3879 2677 3924 et
2699 3870 2943 3940 spiritus.
2974 3873 3330 3943 accingamur
3365 3878 3563 3934 adrer~

1976 3959 2216 4014 santium
2243 3960 2498 4015 vitiorum
2529 3961 2765 4031 impetus
2788 3962 3060 4035 imagore.
3094 3967 3331 4024 carnalis
3368 3969 3558 4035 illece-

1977 4051 2090 4105 brae
2110 4052 2454 4121 passionibus
2484 4055 2710 4111 obviare
2734 4094 2748 4120 ,
2786 4056 2874 4126 pie
2920 4058 3295 4128 proximorum
3331 4065 3576 4127 secessi-2

1980 4141 2185 4207 tatibus
2222 4144 2661 4203 condescendere
2690 4186 2706 4210 ,
2752 4144 2929 4211 illatas
2972 4149 3139 4211 etiam
3177 4152 3575 4221 contumelias.

1977 4242 2191 4289 servata
2232 4234 2543 4301 charitate,
2601 4235 2866 4305 perferre.
2927 4237 3012 4294 Sit
3071 4256 3226 4296 mens
3267 4252 3454 4298 nostra
3505 4246 3577 4298 ab

1977 4325 2125 4379 muni
2158 4333 2389 4381 terrente
2415 4326 2734 4396 cupiditatis
2760 4328 3000 4400 pondere
3032 4329 3205 4385 libera
3232 4372 3247 4396 ,
3286 4342 3346 4387 ut
3396 4336 3574 4390 salicti

1976 4415 2233 4480 desiderii
2259 4416 2455 4471 librata
2485 4417 2685 4486 pennis
2710 4418 2818 4473 ima
2848 4417 2962 4488 jam
3003 4421 3220 4476 deserat
3246 4463 3262 4488 ,
3311 4433 3478 4493 atque
3504 4427 3575 4479 ad

286 4528 443 4577 crus,
470 4527 591 4582 qua:
616 4513 876 4568 membris
901 4523 983 4569 est
1009 4523 1193 4584 aptata
1219 4515 1513 4573 Dominicis
1534 4518 1872 4591 designatur.

1985 4504 2275 4561 Auctorem
2303 4520 2463 4565 suum
2490 4506 2709 4562 rediens
2740 4507 2796 4563 in
2826 4505 2947 4575 ejus
2975 4523 3166 4566 amore
3215 4491 3461 4569 suaviter
3489 4527 3574 4573 ron

284 4601 355 4658 Et
379 4602 525 4657 bene
548 4618 681 4657 orux
712 4602 1003 4673 vestigium
1049 4604 1289 4659 hominis
1326 4605 1525 4665 dicitur
1548 4623 1579 4669 ,·
1608 4608 1737 4678 quia
1778 4625 1880 4680 per

285 4707 411 4746 eam
435 4690 577 4759 Deus
602 4692 766 4747 homo
795 4693 1082 4748 transitum
1113 4694 1260 4758 fecit,
1297 4710 1422 4750 cum
1447 4696 1513 4750 ad
1542 4696 1761 4759 Patrem
1790 4714 1879 4756 res

284 4785 407 4849 diit,
434 4785 577 4840 sicut
603 4800 700 4855 per
726 4783 991 4841 Joannem
1020 4788 1253 4843 dicitur:
1286 4806 1306 4840 ι
1344 4789 1540 4846 Sciens
1564 4790 1724 4847 Jesus
1749 4795 1875 4861 quia

283 4876 436 4931 venit
464 4874 582 4944 ejus
610 4876 768 4943 hora,
800 4887 863 4933 ut
905 4887 1149 4934 transeat
1176 4894 1240 4945 es
1276 4880 1380 4937 ltoe
1427 4885 1629 4937 mundo
1659 4885 1724 4939 ad
1775 4885 1880 4942 Pa-

286 4973 424 5020 trem
457 4965 640 5036 (Joan.
665 4969 805 5037 xm).
838 4987 857 5020 ι
893 4967 1100 5024 Pascha
1137 4971 1342 5041 quippe
1361 4974 1619 5029 transitus
1648 4976 1870 5041 dicitur.

286 5054 354 5113 Et
382 5056 474 5111 hic
502 5057 769 5115 transitus
792 5074 890 5127 per
922 5074 1140 5115 crucem
1184 5059 1359 5123 factus
1404 5072 1489 5119 est
1509 5105 1524 5128 ,
1557 5066 1701 5121 sicut
1741 5067 1875 5123 dicit

285 5145 602 5217 Apostolus
636 5166 655 5199 ι
688 5147 899 5206 Pascha
918 5161 1161 5206 nostrum
1188 5153 1501 5213 immolatus
1522 5166 1606 5213 est
1624 5158 1876 5215 Christus

288 5236 341 5307 (1
366 5235 493 5294 Cor.
520 5240 598 5309 ν).
628 5258 650 5293 ι
699 5238 855 5297 Sicut
881 5253 1017 5311 ergo
1038 5258 1136 5314 per
1166 5244 1447 5314 Virginem
1482 5246 1766 5303 descendit
1806 5249 1877 5305 ad

289 5339 495 5394 nostra,
535 5331 617 5385 sie
645 5346 742 5401 per
793 5347 1013 5389 erucem
1063 5344 1149 5390 est
1204 5350 1458 5394 reversus
1504 5340 1574 5393 ad
1625 5342 1866 5410 prepria.

288 5417 443 5486 Quod
472 5431 839 5492 congruenter
873 5427 1143 5494 expressit
1188 5428 1351 5498 100
1380 5428 1510 5483 illud
1537 5429 1740 5485 factum
1773 5432 1877 5486 sub

290 5508 475 5571 Elissa
510 5514 853 5570 miraculum.
892 5516 1028 5571 Nam
1057 5533 1180 5572 eum
1212 5517 1370 5586 juxta
1403 5518 1694 5580 .iordanem
1725 5520 1871 5590 ligna
1912 5568 1918 5573 .

290 5603 664 5670 caederentur,
712 5615 933 5677 repente
991 5609 1204 5664 securis
1267 5610 1549 5680 cujusdam
1589 5613 1875 5669 materiam

290 5694 620 5753 succidentis
641 5696 696 5751 in
723 5713 918 5770 aquam
949 5702 1165 5758 cecidit.
1198 5701 1357 5761 Tune
1379 5702 1645 5775 proitbeta
1668 5703 1871 5776 lignum

1982 4594 2249 4663 quiescat.
2287 4593 2532 4652 Fastidio
2561 4593 2721 4652 nobis
2740 4595 2852 4652 sint
2882 4605 3078 4653 cuncta
3109 4612 3233 4668 quas
3268 4600 3574 4671 cernimus,

1982 4685 2063 4740 Ad
2097 4686 2184 4740 ilia
2234 4702 2364 4742 vero
2392 4702 2513 4757 quze
2538 4687 2836 4753 credimus,
2866 4689 3345 4749 eontinuilaboris
3365 4693 3573 4750 iustam.

1985 4779 2058 4832 tia
2098 4778 2443 4834 l‘euinemus.
2476 4778 2604 4835 ﬂare
2641 4778 2887 4849 profecto
2915 4795 3049 4836 crux
3098 4790 3206 4844 est.
3237 4797 3401 4852 quam
3450 4800 3575 4841 “0-.

1982 4869 2135 4927 ribus
2161 4879 2219 4926 et
2263 4871 2476 4926 actibus
2520 4871 2723 4927 nostris
2763 4872 3029 4929 debemus.
3063 4873 3398 4942 imprimere.
3446 4876 3575 4935 Haec

1980 4975 2083 5030 cst,
2111 4980 2272 5033 quam
2296 4963 2554 5033 iubemur
2574 4964 2817 5036 quotidie
2839 4975 2960 5035 post
2988 4965 3277 5025 Dominum
3302 4968 3571 5038 baiulare.

1981 5055 2081 5122 Qui
2098 5055 2241 5109 hane
2263 5062 2468 5123 portat,
2490 5054 2731 5125 passioni
2758 5053 3141 5124 Redemptoris
3164 5056 3249 5115 sui
3270 5071 3399 5112 vere
3424 5072 3566 5115 com-

1981 5148 2243 5211 municat.
2276 5146 2391 5201 Hoc
2441 5146 2657 5217 signum
2706 5161 2837 5209 oves
2876 5146 2947 5201 ab
3000 5146 3170 5204 haedis
3222 5147 3275 5207 in
3321 5158 3575 5209 extremo

1982 5241 2235 5295 examine
2259 5248 2511 5309 segregat
2548 5237 2765 5309 (Matth.
2799 5237 2952 5307 xxv).
3006 5238 3071 5294 Et
3118 5239 3285 5309 iudex
3311 5280 3328 5300 .
3357 5241 3447 5308 qui
3486 5257 3577 5299 ren

1981 5331 2184 5402 probos
2218 5330 2428 5395 nescit,
2453 5330 2595 5384 hunc
2624 5330 2679 5383 in
2726 5330 2843 5384 suis
2897 5330 3277 5389 characterem
3313 5348 3569 5403 recogito.

1980 5423 2107 5478 scit.
2168 5422 2377 5489 Quibus
2442 5432 2626 5476 autem
2690 5422 3020 5491 impressum
3086 5439 3319 5495 propriae
3376 5428 3573 5489 mortis

1978 5514 2173 5584 stigma
2199 5512 2547 5578 considerat;
2599 5528 2725 5567 mox
2775 5514 2845 5568 ad
2894 5523 3115 5570 aeterna:
3164 5515 3293 5571 vita:
3345 5518 3569 5589 praemia

1980 5612 2167 5676 gratus
2217 5613 2593 5660 remunerator
2634 5604 2830 5661 invitat
2861 5623 2875 5658 :
2913 5624 2932 5660 ι
2987 5605 3218 5673 Venite,
3268 5608 3522 5679 inquiens
3550 5647 3568 5674 ,

1980 5698 2252 5758 benedicti
2301 5698 2483 5759 Patris
2511 5699 2656 5766 mei,
2710 5699 2974 5772 percipite
3010 5713 3240 5777 regnum
3272 5701 3503 5774 (Ibid);
3539 5717 3561 5752 ο
