4070 6198
409 332 508 389 διιί

1084 321 1139 377 S.
1175 317 1377 376 PETRI
1402 313 1682 371 DAMIANI
1707 311 1857 369 OPP.
1880 310 2059 367 PARS
2084 311 2215 369 SEU
2247 310 2484 368 TOMUS
2521 310 2579 365 ιι.
2600 339 2671 351 -—
2692 307 3079 365 SERMONES.

3496 320 3499 321 '
3542 307 3648 363 612

402 460 655 517 cumquo
688 443 803 514 ipse
834 437 966 493 vivit
989 444 1042 492 et
1067 441 1257 504 regnat
1284 445 1380 501 per
1414 427 1597 483 omnia
1643 426 1839 481 saecula
1867 440 1963 479 δω-
1997 436 2039 494 Α
2069 424 2150 479 los
2176 423 2329 494 ligat,
2379 422 2433 476 in
2472 435 2742 491 unumque
2771 419 3110 490 constringit,
3155 426 3211 473 et
3243 417 3417 472 sancti
3460 418 3648 473 docto-

401 541 667 598 culorum.
699 537 888 589 Amen.
928 608 933 613 .

881 610 1034 689 ιοι
1079 612 1312 670 SERMO
1352 610 1491 664 xux.

597 731 663 771 ne
698 724 898 769 sauc'ro
934 720 1171 761 ANTHIIO
1206 713 1476 757 manus.
1519 697 1596 769 (ιι
1636 695 1794 765 usti.)

471 808 605 865 Gum
658 802 803 859 beati
851 797 1110 860 Antliitni,
1157 795 1349 847 fratres
1403 785 1725 849 charissitui,
1780 784 1970 837 trium-

402 904 580 975 phalia
606 907 753 971 gesta
798 891 1104 953 recoliuius,
1154 881 1536 953 triumphantis
1593 880 1646 931 in
1679 892 1746 930 eo
1774 874 1972 930 Christi

400 964 655 1052 victorias
699 985 1053 1043 celebramus.
1085 978 1177 1033 llle
1206 975 1468 1046 siquidem
1494 971 1546 1024 in
1577 983 1642 1023 eo
1682 964 1974 1036 pugnabat,

400 1087 491 1142 illc
536 1078 845 1152 superabat,
895 1073 987 1144 qui
1023 1079 1077 1126 et
1125 1066 1249 1121 fidei
1293 1060 1653 1120 constantiam
1704 1061 1977 1126 praebebat

401 1142 620 1235 animo,-
654 1182 720 1223 ne
759 1142 1032 1235 suppliciis
1070 1157 1305 1218 cederet,
1343 1161 1399 1207 et
1440 1149 1604 1204 verba
1655 1147 1779 1199 vitae
1822 1142 2007 1197 labiis“

402 1259 744 1333 suggerebat,
775 1262 835 1309 ut
872 1249 1115 1307 infideles
1141 1257 1197 1300 et
1222 1241 1459 1313 perditos
1508 1236 1576 1291 ab
1621 1247 1805 1290 errore
1832 1239 1978 1284 vete-

403 1320 740 1423 ris-"perﬁdia;
778 1349 1078 1399 revocaret.
1126 1356 1144 1386 ι
1164 1334 1282 1389 Non
1308 1331 1476 1394 enim,
1504 1327 1694 1395 inquit,
1736 1337 1832 1376 vos
1853 1320 1983 1374 estis

403 1413 827 1514 qui'loquimini,
849 1434 942 1489 sed
964 1430 1188 1501 spiritus
1211 1423 1386 1479 Patris
1416 1421 1600 1486 veStri,
1628 1417 1717 1488 qui
1742 1413 1981 1484 loquitur

405 1507 459 1591 iu
492 1507 644 1588 vobis
670 1529 882 1603 (Matth.
908 1525 986 1595 x).
1021 1543 1038 1575 ι
1072 1519 1452 1588 Stringebatur
1482 1526 1675 1582 corpus
1711 1507 1841 1561 loris
1888 1520 1982 1558 nc-

402 1639 590 1685 xuum,
609 1594 703 1675 sed
720 1594 1051 1673 verbuniDei
1077 1626 1181 1665 non
1204 1616 1322 1664 erat
1337 1605 1609 1675 alligatum
1629 1599 1711 1673 (II
1730 1598 1867 1652 Tim.
1893 1594 1978 1662 ιι).

404 1712 673 1767 Horrebat
729 1705 968 1763 tenebris
1007 1715 1195 1756 carcer
1219 1704 1498 1768 angustus,
1523 1693 1616 1746 sed
1647 1702 1801 1744 meus
1845 1685 1981 1739 atria

2078 531 2163 571 res
2191 516 2243 570 in
2280 515 2542 569 unitatem
2573 513 2694 567 tidei
2728 511 3112 582 praedicatione
3147 526 3244 567 sua
3278 511 3512 566 ﬁdelium
3540 512 3648 568 col-

2077 608 2247 678 lignnt
2295 604 2693 659 multitudinem
2741 612 2903 672 atque
2944 603 2997 656 in
3041 617 3206 655 unum
3254 601 3499 671 redigunt
3546 604 3647 657 sub

2079 705 2272 751 mutuae
2297 694 2579 751 charitatis
2606 706 2866 762 compage
2899 690 3173 746 decorem.
3204 689 3481 744 Postremo
3502 691 3650 760 quis-

2076 789 2195 859 quis
2218 797 2373 843 extra
2407 786 2563 855 102
2594 785 2810 839 domum
2842 782 2990 838 illam
3018 781 3268 836 inventus
3305 790 3409 846 est,
3439 780 3648 850 gladios

2083 895 2187 935 non
2225 879 2450 944 vitavit;
2484 877 2793 947 quicunque
2838 874 3002 928 etiam
3045 871 3113 926 ab
3154 872 3409 926 Ecclesia:
3455 871 3649 935 limite,

2077 971 2167 1040 qui
2192 968 2323 1024 fides
2349 978 2450 1034 est,
2479 966 2718 1023 exterior
2745 965 2926 1030 fuerit,
2955 963 3251 1035 periculum
3278 962 3463 1032 procul
3487 963 3652 1018 dubio

2080 1062 2269 1117 mortis
2295 1061 2537 1115 incurrit.

2149 1152 2316 1208 Extra
2347 1152 2489 1206 hanc
2530 1151 2747 1205 domum
2779 1146 3076 1217 sacrilegus
3126 1145 3213 1199 ille
3253 1145 3516 1200 Ceremon
3557 1161 3651 1198 rc.

2079 1254 2266 1315 pertus
2313 1252 2425 1310 est,
2479 1242 2568 1312 qui
2630 1240 2867 1311 acceptis
2925 1240 2993 1294 ab
3040 1237 3304 1307 imperiali
3366 1236 3653 1310 tyrannide

2081 1335 2381 1398 codicillis,
2428 1334 2554 1387 dum
2613 1338 2806 1387 contra
2860 1328 3200 1385 Christianos
3262 1343 3453 1383 vesana
3502 1328 3657 1382 rabie

2081 1432 2309 1495 fureret,
2332 1440 2828 1497 corumqueuecem
2853 1423 3094 1478 eruentis
3119 1421 3371 1477 dentibus
3400 1421 3653 1484 esurirct,

2084 1540 2113 1578 a
2148 1523 2413 1581 danuonio
2453 1529 2673 1591 repente
2723 1526 3006 1587 correptus
3040 1514 3108 1571 de
3140 1513 3389 1573 vehiculo
3424 1515 3654 1579 corruit,

2084 1616 2283 1683 diuque
2303 1619 2548 1675 vexatus,
2566 1609 2690 1663 dum
2707 1615 2923 1663 sanctos
2938 1606 3232 1669 invocaret,
3249 1618 3387 1675 quos
3403 1603 3517 1672 ipse
3531 1617 3657 1655 cru-

2084 1705 2275 1759 deliter
2295 1701 2612 1763 laniaverat,
2636 1696 2949 1768 exspiravit.
2981 1694 3059 1749 Ad
3085 1694 3223 1748 hanc
3243 1692 3458 1747 domum
3479 1690 3657 1745 Pinia-

404 1815 651 1873 supernte
678 1795 941 1853 claritatis
971 1790 1304 1852 inhabitans,
1333 1786 1492 1839 beato
1534 1779 1734 1873 lumine
1761 1777 1979 1873 frueba-
2017 1806 2055 1863 Π
2088 1813 2189 1852 “us
2222 1793 2533 1865 confugium
2565 1791 2714 1856 fecit,
2738 1789 2830 1859 qui
2861 1802 2986 1842 mo‘
3032 1794 3091 1840 ut
3118 1800 3213 1856 per
3239 1782 3300 1838 Β.
3340 1782 3657 1837 Amhimum

406 1893 740 1947 tur:dicens
763 1902 884 1942 cum
929 1884 1138 1938 Paulo:
1175 1898 1192 1930 ι
1231 1877 1331 1945 Qui
1381 1890 1481 1929 nos
1525 1868 1885 1932 resuscitavit,
1928 1877 1985 1921 et

405 1981 700 2036 consedere
726 1976 855 2057 fecit
883 1988 1064 2029 secum
1084 1970 1135 2024 in
1156 1961 1699 2033 cmlestibuswphes.
1734 1958 1818 2027 ιι).
1845 1976 1864 2008 ι
1894 1954 1983 2009 Li-

408 2070 606 2123 vehant
624 2056 863 2120 membra
888 2060 1062 2134 plagis
1092 2058 1399 2119 verberum,
1430 2049 1728 2107 sed‘aiebat
1747 2054 1767 2100 ':
1797 2064 1813 2095 ι
1833 2044 1985 2099 Licet

404 2160 474 2239 is,
505 2158 597 2228 qui
638 2156 768 2211 foris
791 2161 898 2219 est,
942 2159 1126 2205 noster
1152 2147 1314 2202 homo
1359 2149 1765 2211 corrumpatur;
1797 2134 1888 2192 sed
1915 2135 1983 2199 is,

406 2232 498 2323 qui
528 2251 785 2310 iutusest.
818 2254 1111 2300 renovatur
1129 2242 1196 2296 de
1219 2239 1307 2294 die
1332 2237 1387 2292 in
1410 2236 1552 2291 diem
1578 2232 1663 2304 (ΙΙ
1693 2229 1818 2287 Cor.
1847 2232 1977 2299 iv).i

404 2321 539 2399 Cum
572 2340 766 2395 talibus
816 2335 1042 2390 armatis
1069 2341 1255 2388 noster
1295 2329 1454 2385 Jesus
1482 2324 1726 2381 ascendit
1767 2321 1821 2376 in
1846 2335 1985 2391 prae-

406 2429 561 2494 lium,
584 2427 837 2482 defuncto
888 2422 1073 2494 Moyse
1119 2428 1175 2474 ot
1224 2416 1462 2473 Jordane
1495 2411 1832 2473 transmisso,
1867 2423 1984 2494 ces-

408 2529 562 2576 sante
609 2515 817 2571 scilicet
861 2484 1058 2566 veteris
1102 2508 1236 2580 legis
1277 2503 1619 2561 observantia
1655 2509 1706 2555 et
1731 2484 1983 2569 percepio

408 2607 750 2682 baptismatis
792 2611 1151 2660 sacramento.
1196 2617 1215 2651 ι
1247 2598 1355 2652 Lex
1415 2595 1557 2651 enim
1607 2601 1663 2647 et
1710 2588 1983 2661 pmphetze

413 2675 584 2770 usque
605 2698 673 2752 ad
701 2694 960 2751 JOannem
990 2689 1142 2762 (Luc.
1172 2678 1317 2759 xvi);
1350 2705 1368 2736 ι
1403 2694 1460 2738 ιιι
1485 2681 1730 2736 videlicet
1756 2678 1862 2734 illic
1883 2675 1981 2745 legi

410 2791 621 2848 Veteris
650 2784 980 2843 Testameuti
1011 2783 1133 2837 linis
1160 2785 1495 2841 occurreret,
1526 2777 1664 2829 unde
1690 2787 1841 2827 nova:
1863 2783 1983 2840 gra-

412 2882 499 2937 tia:
522 2880 799 2934 lavacrum
828 2873 1122 2946 proﬂuendi
1166 2872 1233 2926 ad
1262 2870 1485 2925 salutem
1518 2866 1795 2922 hominum
1822 2862 1984 2930 origi-

410 2990 532 3030 nem
583 2963 869 3026 inveniret.
899 2965 1055 3021 Iesus
1094 2965 1275 3033 itaque
1323 2960 1412 3016 ille
1462 2958 1772 3015 Israeliticae
1814 2954 1983 3026 plebis

412 3066 542 3130 dux,
566 3071 811 3118 nostrum
840 3056 1219 3114 verumJesum
1243 3053 1465 3110 humani
1495 3051 1708 3124 generis
1732 3048 1978 3103 Salvato—

2090 1888 2308 1944 verbum
2323 1886 2515 1942 salutis
2533 1883 2759 1948 audivit,
2783 1881 3009 1936 credens
3040 1878 3092 1933 in
3123 1877 3418 1940 Christum,
3440 1890 3660 1930 omnem

2089 1979 2387 2035 molestiam
2437 1974 2702 2045 desperati
2758 1969 3035 2041 languoris
3094 1983 3253 2038 quem
3330 1966 3660 2036 patiebatur,

2086 2070 2272 2126 evasit.
2305 2067 2369 2122 Et
2398 2067 2534 2122 bene
2571 2064 2746 2118 factus
2789 2058 3092 2130 transfuga,
3125 2059 3250 2112 dum
3282 2056 3503 2110 victoris
3530 2054 3661 2108 Jesu

2086 2160 2281 2217 castris
2308 2156 2582 2228 applicuit,
2613 2152 2932 2224 peregrinus
2952 2150 3004 2203 iu
3032 2149 3388 2203 domesticum
3421 2144 3658 2205 transiit,

2089 2252 2142 2308 in
2172 2250 2524 2309 Israeliticam
2563 2246 2929 2301 limreditatem
2974 2240 3273 2311 alienigena
3305 2236 3674 2293 subintravit.

2087 2342 2148 2397 ln
2175 2355 2271 2397 ore
2309 2335 2518 2412 [opere]
2543 2335 2741 2405 quippe
2774 2332 2918 2388 beati
2958 2329 3214 2399 martyris
3240 2326 3502 2386 Anthimi.
3538 2333 3661 2379 tau-

2086 2447 2249 2505 quam
2296 2446 2362 2485 ex
2412 2428 2651 2483 fenestra
2693 2425 2883 2479 domus
2929 2419 3216 2475 coccineus
3263 2413 3679 2486 quodammodo

2088 2502 2358 2579 funiculus
2379 2515 2734 2587 dependebat,
2762 2512 2887 2583 quia
2927 2511 3224 2581 trophaaum
3257 2505 3436 2561 crucis
3458 2502 3665 2587 Christi

2087 2613 2340 2670 omnibus
2386 2611 2725 2664 innotescere
2756 2604 2965 2677 [notum
3010 2596 3212 2671 facere]
3245 2612 3349 2652 non
3389 2580 3662 2651 cessabat:

2088 2707 2199 2761 Nec
2239 2703 2436 2759 mirum
2471 2700 2721 2755 videatur
2764 2695 2887 2764 quia
2940 2691 3001 2746 Β.
3047 2686 3362 2745 Antliimum
3401 2694 3457 2740 et
3504 2697 3667 2754 snpe-

2089 2797 2204 2853 rius
2231 2809 2354 2848 cum
2386 2792 2523 2845 duce
2545 2788 2672 2843 Jesu
2705 2794 2971 2839 armatum
3010 2780 3223 2836 venisse
3249 2775 3661 2844 descripsimus.

2089 2899 2139 2942 et
2191 2899 2337 2941 nunc
2365 2886 2558 2938 domus
2582 2878 2771 2932 Rabab
2822 2875 3046 2946 figuram
3076 2880 3260 2925 tenere
3291 2866 3662 2938 perhibemus.

2088 2978 2249 3047 Quia,
2288 2974 2431 3045 quod
2464 2971 2810 3043 perspicuum
2842 2974 2944 3028 est,
2973 2974 3026 3018 et
3056 2960 3439 3031 praedicatores
3464 2964 3517 3011 et
3563 2969 3667 3007 au-

2086 3073 2326 3136 ditores,
2355 3082 2486 3123 oves
2523 3061 2684 3120 simul
2712 3072 2768 3116 et
2796 3060 3015 3121 arietes,
3050 3057 3191 3110 intra
3238 3067 3404 3107 unum
3438 3065 3668 3119 congre-

411 3174 524 3212 rc'“
573 3166 629 3211 θι
657 3153 917 3210 vocabulo
944 3151 1307 3222 Ρτωθϐυτθνίί
1349 3156 1399 3204 οι
1430 3147 1592 3202 Γθοιου
1639 3141 1983 3235 Μίιιίιιιτμῖιξθ
2011 3174 2054 3235 C
2087 3169 2285 3232 gantur
2331 3157 2513 3223 ovile,
2567 3155 2709 3220 sicut
2754 3166 2918 3205 unum
2970 3154 3266 3202 noscuntur
3316 3142 3515 3198 habere
3560 3139 3671 3195 Pa-

411 3247 478 3301 ad
505 3245 806 3317 perdendas
826 3243 1068 3313 gentium
1116 3243 1392 3303 nationes;
1426 3238 1571 3294 venit
1596 3237 1683 3292 hic
1708 3236 1774 3289 ad
1801 3231 1982 3289 debel-

402 3338 599 3393 landes
642 3349 831 3390 aereas
872 3341 1185 3403 potestates.
1241 3329 1404 3384 Mittit
1450 3327 1539 3383 ille
1582 3324 1800 3382 Jericho
1850 3324 1985 3377 duos

410 3429 779 3501 exploratores
807 3423 1071 3496 (IULII),
1121 3420 1306 3492 dirigit
1332 3420 1434 3475 iste
1463 3419 1517 3473 in
1546 3417 1689 3472 hunc
1728 3413 1993 3470 mundum

409 3521 510 3576 sub
535 3520 773 3590 ejusdem
802 3515 1011 3571 numeri
1057 3519 1397 3568 sacramento
1420 3524 1544 3565 suos
1584 3508 1982 3579 praedicatores.

416 3632 434 3665 ι
466 3609 629 3674 Misit,
663 3608 829 3672 enim,
880 3613 1112 3661 testante
1170 3600 1529 3672 Evangelista,
1560 3599 1715 3654 binos
1742 3604 1866 3650 ante
1897 3594 1982 3648 fa-

410 3704 550 3761 ciem
573 3715 722 3757 suam
747 3699 799 3753 in
827 3710 1041 3753 onmem
1069 3693 1343 3749 civitatem
1395 3700 1451 3746 et
1492 3690 1669 3745 locum
1718 3702 1827 3760 quo
1869 3696 1986 3742 erat

411 3796 528 3866 ipse
556 3802 815 3849 venturus
840 3787 992 3860 (Luc.
1012 3784 1138 3857 1).»
1168 3784 1515 3839 Mittebantnr
1536 3781 1630 3848 illi,
1661 3790 1719 3835 ut
1744 3781 1985 3835 locorum

409 3888 551 3945 situs
572 3883 799 3940 sollicita
842 3878 1155 3935 curiositate
1203 3875 1607 3944 perquirerent;
1659 3870 1809 3925 missi
1864 3877 1989 3924 sunt

411 3977 527 4044 isti,
553 3982 614 4028 ut
644 3968 1033 4028 venientilesu
1054 3966 1198 4021 viam
1223 3965 1343 4019 fidei
1377 3964 1429 4017 in
1455 3962 1706 4043 humanis
1736 3961 1989 4016 cordibus

411 4036 796 4141 praepararent.
824 4062 909 4117 Illi
925 4062 981 4115 in
1012 4056 1202 4113 Raliab
1226 4055 1526 4112 meretricis
1553 4036 1788 4124 hospitio
1819 4051 1992 4106 susci-

413 4162 632 4229 piuntur
678 4154 818 4226 (Jos.
848 4151 940 4221 tt);
970 4149 1060 4204 isti
1109 4146 1250 4217 apud
1272 4144 1568 4200 Ecclesiam
1594 4144 1990 4213 geminumque:

411 4265 535 4304 cum
551 4246 707 4302 idolis
726 4243 986 4298 fornicata
1008 4238 1205 4303 fuerat,
1227 4236 1588 4307 requiescunt.
1609 4234 1778 4289 Porro
1801 4232 1990 4287 Rabab

412 4340 725 4396 coccineum
754 4333 1074 4397 funiculum,
1102 4329 1383 4402 sanguinei
1408 4327 1660 4382 videlicet
1686 4325 1904 4386 coloris.
1934 4325 1987 4379 in

412 4432 648 4501 fenestra
674 4427 904 4498 propria:
924 4425 1114 4480 domus
1144 4420 1429 4493 appendit;
1455 4428 1511 4474 et
1535 4426 1723 4473 sancta
1749 4415 1989 4471 Ecclesia

2085 3262 2308 3306 storem.

2155 3341 2420 3395 Praeterea
2446 3334 2506 3389 Β.
2544 3331 2857 3394 Anthimus,
2882 3326 3037 3397 cujus
3062 3324 3173 3396 jam
3209 3300 3518 3393 permulta
3544 3332 3665 3372 cer-

2089 3433 2290 3488 tamina
2318 3430 2619 3486 testabatur
2651 3433 2793 3479 terra
2818 3419 3096 3479 victorias,
3138 3426 3196 3470 ut
3232 3423 3288 3469 et
3323 3415 3375 3466 in
3410 3404 3665 3465 alioclc-

2085 3533 2268 3582 mento
2298 3521 2490 3577 nobilis
2538 3519 2656 3589 ejus
2702 3515 2879 3587 palma
2926 3511 3272 3573 claresceret,
3325 3506 3379 3561 in
3422 3502 3665 3558 Tiberini

2085 3615 2313 3688 gurgitis
2341 3611 2541 3668 ﬂuenta
2573 3610 2854 3664 demersus
2882 3613 2984 3660 est.
3028 3603 3093 3658 Et
3136 3610 3194 3666 ut
3220 3598 3413 3654 artifex
3441 3594 3664 3651 carnifi—

2085 3722 2207 3762 cum
2255 3703 2434 3760 rabies
2457 3700 2590 3756 nihil
2618 3698 2895 3753 omitteret
2930 3690 3275 3767 [dimitteret]
3316 3691 3664 3750 intentatum,

2088 3810 2253 3852 saxea
2283 3794 2445 3850 corda
2477 3799 2775 3863 gestantes.
2817 3786 3024 3858 pondus
3057 3783 3281 3853 alligant
3317 3780 3454 3846 saxi,
3485 3779 3669 3832 minus

2089 3888 2318 3944 fidentes
2374 3897 2650 3954 corporea:
2697 3879 2974 3952 gravitati.
3037 3876 3142 3931 Sed
3202 3873 3401 3928 frustra
3450 3871 3663 3942 lapidea

2090 3978 2260 4032 moles
2313 3981 2573 4045 aggravat
2631 3983 2791 4040 quem
2848 3982 3024 4037 penna
3089 3964 3404 4029 meritorum
3490 3960 3658 4013 levat.

2090 4068 2280 4122 Aliena
2304 4064 2638 4136 perversitas
2666 4058 2901 4114 inaniter
2927 4056 3180 4126 deprimit
3221 4068 3380 4123 quem
3405 4051 3663 4119 altipetax

2093 4152 2363 4227 [sublimia
2401 4149 2613 4223 petens]
2644 4146 2949 4203 sanctitatis
2975 4143 3204 4214 propriae
3230 4142 3404 4195 virtus
3432 4139 3665 4194 extollit.

2092 4246 2242 4301 Felix
2272 4244 2361 4299 ille
2374 4240 2740 4310 vinctus,qui,
2770 4237 2897 4291 dttm
2927 4238 3163 4291 humano
3191 4232 3385 4288 solatio
3415 4230 3668 4286 destitui-

2094 4347 2203 4400 tur,
2242 4350 2310 4389 ne
2338 4330 2697 4403 pusillanimis
2726 4328 2839 4391 fiat,
2881 4325 3147 4395 angelitus
3176 4323 3444 4385 visitatur.
3481 4319 3665 4383 Felix,

2092 4428 2334 4496 inquam,
2381 4420 2697 4491 naufragus,
2728 4418 2845 4488 qui,
2889 4425 2947 4469 ιιι
2994 4415 3063 4468 de
3095 4411 3354 4479 voragine
3399 4407 3569 4480 pelagi
3598 4409 3669 4461 ad

412 4522 468 4576 in
490 4520 729 4577 fenestra
748 4533 873 4598 sua:
918 4517 1110 4571 domus
1153 4511 1550 4584 quodammodo
1578 4510 1829 4570 ruborem
1862 4523 1985 4561 sau-

2098 4516 2386 4571 statiouem
2431 4511 2630 4566 littoris
2682 4514 3009 4577 reportetur,
3043 4519 3149 4558 non
3195 4501 3392 4555 terreni
3446 4498 3669 4567 remigis

412 4611 596 4684 guinis
625 4609 795 4681 ponit,
826 4608 952 4662 dum
988 4614 1044 4660 et
1067 4604 1373 4675 passionem
1400 4601 1602 4657 Christi
1628 4598 1843 4670 publice
1861 4612 1992 4651 cou-

414 4706 599 4761 iitetnr
627 4703 680 4757 in
725 4715 878 4766 voce,
923 4710 979 4753 et
1028 4697 1241 4767 signum
1288 4692 1467 4749 crucis
1510 4691 1685 4760 palam
1734 4698 1911 4761 portat
1936 4689 1988 4742 in

413 4795 614 4852 fronte.
654 4793 803 4849 Unde
823 4791 959 4847 bene
985 4803 1217 4859 sponsus
1252 4786 1317 4839 ad
1341 4799 1593 4854 sponsam
1622 4784 1752 4837 dicit
1778 4783 1829 4836 in
1857 4783 1992 4835 Can-

414 4892 537 4948 ticis
569 4909 582 4946 :
621 4910 640 4942 ι
670 4889 823 4944 Sicut
858 4886 989 4939 vitta
1019 4881 1271 4937 coccinea
1298 4879 1434 4932 labia
1481 4886 1590 4940 tua,
1621 4885 1676 4929 et
1717 4875 1990 4945 eloquium

414 4995 566 5039 tuum
589 4979 744 5036 dulce
784 4974 960 5048 (Cant.
1012 4976 1106 5044 iv).
1146 4988 1163 5022 ι
1198 4969 1335 5036 Quid
1369 4966 1512 5022 enim
1557 4965 1701 5020 labia
1752 4978 1979 5033 sponsis,

415 5074 518 5130 nisi
553 5072 802 5127 doctores
844 5064 1215 5135 intelliguntur
1260 5056 1544 5114 Ecclesiae?
1562 5056 1768 5111 Coccus
1802 5066 1981 5109 autem

414 5164 693 5235 sanguinis
737 5160 897 5216 habet
936 5159 1209 5217 ruborem,
1239 5150 1323 5204 vel
1365 5150 1502 5221 ignis
1545 5148 1801 5218 speciem,
1842 5148 1984 5216 quod

414 5255 681 5328 significat
705 5250 1045 5315 charitateui.
1076 5244 1240 5299 Labia
1268 5256 1396 5311 ergo
1429 5239 1702 5302 Ecclesite,
1735 5238 1839 5291 hoc
1878 5245 1981 5299 est,

398 5346 799 5418 praedicatores
845 5337 1039 5401 sancti,
1082 5335 1350 5390 coccinea:
1397 5332 1543 5385 vitta:
1594 5338 1719 5383 sunt
1758 5328 1982 5392 sitniles,

415 5417 538 5507 quia
580 5441 805 5488 mortem
836 5428 1035 5484 Christi
1071 5424 1389 5495 praedicant,
1416 5435 1650 5490 eumque
1678 5434 1775 5488 pro
1803 5417 1986 5472 chari-

417 5540 529 5584 tate
555 5527 773 5596 generis
798 5522 1017 5579 humani
1060 5519 1241 5575 crucis
1272 5516 1503 5572 subiisse
1532 5512 1830 5583 patibulum
1867 5526 1991 5563 con.

416 5629 621 5677 stanter
668 5615 957 5672 aﬁirmant.
1019 5613 1085 5666 Et
1138 5610 1274 5665 bene
1317 5623 1412 5679 per
1448 5607 1635 5662 vittam
1678 5604 1985 5658 coccineatn

419 5710 825 5776 Wdicatorum
850 5705 985 5760 ordo
1012 5703 1276 5770 signatur.
1320 5698 1461 5752 Vitta
1509 5694 1776 5763 siquidem
1819 5691 1985 5761 capil-

2085 4598 2262 4665 ollicio
2298 4605 2517 4669 fruitur,
2562 4601 2657 4657 sed
2696 4599 2937 4656 ctielestis
2965 4595 3141 4651 nuntii
3171 4591 3421 4648 vehiculo
3461 4589 3666 4659 baiula-

2089 4711 2198 4757 tur.
2232 4697 2469 4770 Angelus
2494 4696 2640 4749 enim
2686 4690 2899 4746 Domini
2936 4691 3179 4752 veniens,
3215 4695 3275 4740 ut
3304 4686 3356 4739 iu
3399 4700 3511 4754 Ipsa
3542 4696 3670 4752 pas-

2088 4790 2256 4847 sionis
2280 4790 2396 4859 ejus
2425 4794 2679 4840 narratur
2718 4781 2970 4844 historia,
3009 4788 3064 4833 et
3093 4776 3429 4831 vinculorum
3467 4787 3665 4826 nexum

2087 4882 2262 4941 solvit,
2293 4887 2349 4934 et
2376 4880 2590 4932 beatum
2615 4882 2909 4943 martyrem
2933 4871 3000 4924 ad
3019 4868 3243 4922 oratorii
3268 4868 3351 4924 sui
3375 4864 3667 4920 rorationis

2091 4968 2223 5041 suae]
2250 4966 2493 5024 cellulam
2525 4964 2818 5019 revocavit.

2159 5062 2438 5117 Imitemur
2490 5057 2633 5110 hunc
2684 5053 2960 5124 egregium
3024 5051 3233 5113 virum,
3292 5043 3695 5107 dilectissimi,

2091 5160 2279 5209 sancte
2316 5148 2569 5211 vivendo,
2619 5144 2801 5199 carnis
2848 5139 3116 5196 incentiva
3145 5124 3429 5199 frenando,
3480 5134 3666 5188 mundi

2091 5240 2313 5314 gloriam
2347 5233 2756 5314 contemnendo.
2799 5231 2948 5285 Beati
2974 5243 3072 5283 nos
3099 5237 3367 5296 martyres
3396 5224 3449 5279 in
3475 5237 3668 5292 opera-

2094 5311 2240 5388 tione
2265 5311 2590 5401 praecedant,
2620 5335 2677 5379 ut
2721 5324 2892 5380 sancti
2938 5321 3111 5391 angeli
3161 5319 3317 5373 nobis
3345 5317 3401 5371 in
3438 5313 3665 5370 tribula—

2093 5427 2236 5480 tione
2263 5429 2602 5479 succurrant.
2636 5415 2908 5470 Delicatus
2938 5412 3207 5481 Siquidem
3251 5408 3403 5464 miles
3435 5414 3540 5469 est,
3569 5405 3660 5474 qui

2091 5523 2216 5568 ante
2247 5512 2357 5564 vult
2405 5507 2739 5577 triumphare
2769 5518 2931 5573 quam
2968 5515 3119 5555 arma
3159 5511 3468 5560 conserere,
3499 5496 3663 5565 prius

2093 5605 2350 5659 triturare
2372 5614 2532 5670 quam
2564 5611 2690 5652 rura
2724 5592 3095 5664 proscindere.

2163 5692 2514 5750 Considerate
2544 5700 2737 5758 nempe
2759 5683 2948 5740 ordine
2980 5681 3383 5752 Scripturarum
3415 5678 3517 5732 rite
3538 5691 3659 5747 per-

3189 5792 3206 5820 Ι
