4070 6198
452 317 555 372 613

1793 273 1798 278 ’
1881 316 2112 373 SERMO
2146 313 2284 370 XIX.

3573 331 3624 390 ,1)
3638 329 3697 378 M

449 433 701 504 penditur
732 441 1035 488 nostrarum
1064 430 1235 485 series
1253 429 1549 484 actionum.
1570 429 1728 485 Prius
1750 430 1892 486 enim
1917 430 2021 495 lex,
2052 433 2097 491 Α
2131 428 2284 482 nistri
2320 428 2403 496 cju
2426 447 2454 494 ',
2484 437 2538 482 et
2567 428 2859 498 principes,
2887 439 2941 483 ct
2974 430 3165 499 duces,
3207 442 3261 486 et
3288 433 3525 503 pnefeeti
3568 455 3697 505 cur-

402 523 643 577 .deinde
694 520 996 589 judicium,
1052 528 1323 591 postremo
1384 520 1729 588 subsequitur
1789 520 2012 575 historia

448 626 655 682 regum.
697 610 849 665 Nunc
872 625 1003 666 sane
1034 625 1132 665 nos
1173 610 1390 680 expedit
1416 610 1614 665 indicta
1646 612 1798 666 nobis
1823 611 2017 665 divinae

448 702 581 773 legis
636 702 891 755 mandata
941 716 1184 765 servare,
1230 710 1415 769 postea
1462 700 1840 768 compellimur
1887 707 2017 757 ante

446 792 679 848 tribunal
713 792 975 847 tremendi
1006 791 1211 852 ,Ιυιιίνιε
1252 792 1516 847 rationem
1548 794 1613 846 de
1644 794 1843 846 nostris
1884 809 2015 861 ορθ-

446 885 595 938 ribus
632 882 897 946 reddere,
951 890 1222 951 postremo
1266 880 1483 935 dabitur
1531 882 1583 934 in
1625 882 1715 936 illa
1768 897 2016 952 superna:

444 974 711 1028 claritatis
745 971 913 1042 gloria
944 971 1195 1026 sine'ﬁne
1244 987 1490 1041 regnare.
1521 972 1726 1026 Teucat
1755 988 1882 1042 ergo
1921 991 2014 1028 or-

445 1071 647 1135 dinem,
675 1069 767 1139 qui
792 1069 964 1121 vitare
986 1067 1098 1120 vult
1126 1066 1477 1137 Babylonem.
1506 1067 1599 1122 Ille
1616 1068 1867 1122 nimirum
1894 1069 2017 1123 vitae

447 1158 602 1229 103
638 1174 750 1212 suae
773 1156 1017 1210 ordinem
1049 1157 1278 1211 vivendo
1305 1156 1604 1220 confundit,
1629 1157 1720 1231 qui
1753 1167 1878 1217 ante
1902 1159 2017 1213 vult

444 1249 623 1303 ridere
658 1262 820 1316 quant
854 1244 1022 1301 ﬁere:
1058 1260 1181 1319 cum
1223 1245 1480 1299 Salomon
1511 1245 1691 1300 dicat:
1731 1263 1750 1296 ι
1783 1244 2017 1315 Tempus

441 1337 625 1404 ﬂendi,
664 1349 718 1392 et
772 1346 983 1408 tempus
1028 1336 1235 1391 ridendi
1279 1334 1477 1407 (Eccle.
1517 1335 1621 1406 nt).
1656 1354 1675 1386 ι
1717 1336 1809 1390 llle
1851 1337 2014 1390 etiam

442 1430 578 1484 recti
609 1429 820 1483 ordinis
844 1429 1041 1482 lineam
1077 1427 1296 1491 deserit,
1322 1414 1412 1497 qui
1445 1428 1643 1481 creatis
1667 1428 1826 1482 rebus
1852 1428 2018 1482 Crea-

441 1529 617 1575 torem
647 1504 886 1572 nm‘nium
920 1518 973 1572 in
1025 1532 1210 1571 amore
1258 1517 1550 1587 postponit.
1581 1516 1735 1572 Si'cut
1761 1511 2017 1585 perverso

440 1609 652 1666 homini
683 1609 863 1663 divina
895 1624 1026 1664 voce
1052 1608 1287 1663 dicitur:
1318 1625 1337 1659 ι
1369 1608 1600 1662 Posuisti
1639 1622 1724 1663 me
1746 1618 1870 1677 post
1896 1623 2019 1662 cor-

440 1715 541 1773 pus
567 1708 713 1752 tunm
743 1697 860 1770 (111
885 1696 1008 1767 Reg.
1039 1696 1172 1769 xiv).
1204 1717 1222 1750 ι
1258 1697 1425 1752 Deum
1455 1698 1651 1767 quippe
1675 1706 1796 1767 post
1816 1711 2015 1767 corpus

2122 536 2276 574 ruunt
2322 530 2380 575 et
2427 536 2691 589 equorum
2742 521 2859 592 (Ill
2904 522 3035 593 Reg.
3072 525 3172 596 Ix).
3229 545 3248 578 ι
3302 527 3403 582 Ubi
3453 540 3700 598 patenter

2117 610 2422 665 ostenditur
2479 628 2597 681 qua:
2651 612 2790 668 inter
2832 615 3164 673 concubinas
3213 617 3468 673 distantia
3522 622 3593 677 sit
3642 631 3697 677 et

2118 705 2354 772 reginas.
2385 703 2524 770 Quid
2575 703 2787 759 diﬁ‘erat
2829 707 2970 759 inter
3013 721 3111 760 eos
3164 709 3254 777 qui
3302 712 3443 765 servi
3489 713 3697 782 peccati

2117 793 2265 846 durae
2293 794 2594 848 exactionis
2640 794 2840 848 tributa
2870 796 3215 865 persolvunt,
3257 809 3313 852 et
3364 815 3457 855 eos
3487 803 3574 871 qui
3601 817 3698 872 per

2106 882 2304 949 (sedata
2346 882 2482 938 bella
2514 885 2870 938 certaminum
2900 886 3298 956 principatuum
3342 890 3539 946 infulas
3581 910 3699 948 sor-

2120 971 2347 1027 tiuntur.
2383 971 2527 1026 Inter
2555 972 2651 1027 hos
2678 989 2807 1028 sane
2833 975 3125 1046 principes,
3153 986 3207 1033 et
3234 979 3469 1036 ccelestis
3492 984 3695 1040 militiae

2118 1062 2442 1128 bellatores,
2494 1062 2553 1116 Β.
2601 1064 2890 1119 Anthimus
2946 1066 3171 1136 insignis
3218 1069 3447 1139 enituit,
3498 1074 3588 1141 qui
3640 1086 3694 1128 et

2117 1152 2359 1219 cruentis
2410 1153 2698 1222 impiorum
2759 1154 3004 1211 manibus
3052 1156 3105 1211 in
3166 1163 3536 1227 persecutione
3587 1180 3691 1219 non

2118 1243 2318 1306 cessit,
2361 1250 2415 1297 et
2457 1242 2510 1296 in
2551 1258 2683 1312 pace
2724 1245 2965 1312 positus,
3011 1245 3398 1316 insurgentium
3449 1262 3693 1321 portenta

2118 1332 2374 1391 vitiorum
2407 1333 2640 1402 Spiritali
2670 1334 2923 1387 virtutum
2951 1351 3207 1393 mucrone
3238 1342 3527 1395 truncavit.
3563 1342 3697 1398 Car-

2121 1426 2206 1477 nis
2235 1439 2347 1477 suae
2384 1424 2624 1478 membra
2657 1426 2942 1480 tormentis
2978 1429 3254 1496 exposuit,
3288 1431 3562 1488 interioris
3594 1436 3691 1489 ho-

2120 1513 2278 1566 minis
2301 1513 2507 1567 viscera
2533 1511 2691 1566 illaesa
2726 1512 2884 1586 104
2902 1516 3152 1570 servavit.
3177 1517 3349 1588 Caput
3378 1537 3484 1574 non
3521 1523 3699 1578 timuit

2104 1601 2328 1681 (ferienti
2356 1602 2531 1674 gladio
2558 1603 2819 1668 subdere,
2868 1615 2926 1658 ut
2955 1605 3173 1662 Christo
3203 1609 3363 1679 capiti
3398 1624 3697 1669 mereretur
3773 1676 3789 1681 _

2120 1691 2559 1762 inseparabiliter
2579 1694 2874 1748 adhaerere.
2906 1695 3038 1749 Erat
3063 1697 3205 1750 enim
3235 1699 3287 1752 in
3314 1713 3380 1754 eo
3410 1700 3562 1770 ﬁdes,
3588 1720 3692 1769 non

437 1804 596 1844 suum
623 1788 775 1859 ponit
802 1788 895 1858 qui
929 1788 1098 1855 magis
1125 1789 1305 1843 studet
1350 1787 1570 1842 utilitati
1616 1786 1697 1842 vel
1753 1786 2015 1855 voluptati
2049 1787 2093 1846 Β
2123 1799 2241 1854 qua:
2272 1793 2481 1838 mortua
2513 1794 2657 1840 esset
2704 1786 2754 1838 in
2800 1788 3086 1858 semetipsa
3101 1828 3127 1862 ,'
3164 1790 3257 1843 sed
3299 1806 3419 1861 qua:
3447 1796 3700 1863 pendilc-

435 1879 620 1934 carnis
664 1894 775 1933 sua:
803 1878 1112 1943 consulere,
1150 1894 1311 1948 quam
1346 1879 1437 1934 Dei
1464 1887 1731 1948 praecepta
1774 1880 2013 1933 servare.

438 1970 577 2026 Hinc
597 1979 681 2024 est
724 1969 868 2039 quod
884 1967 1098 2040 Sponsa
1124 1968 1253 2022 dicit
1275 1968 1326 2023 in
1358 1967 1627 2023 Cantieis:
1660 1987 1680 2019 ι
1718 1967 2019 2022 Introduxit

436 2074 526 2115 me
556 2075 657 2125 rex
683 2059 738 2113 in
768 2058 960 2114 cellam
989 2058 1278 2124 vinariam,
1310 2058 1580 2112 ordinavit
1609 2058 1660 2111 in
1708 2071 1794 2111 me
1842 2055 2019 2111 chari-

439 2159 608 2204 tatem
647 2147 829 2219 (Cant.
854 2148 940 2221 tt).
981 2167 1000 2200 ι
1042 2147 1161 2202 Non
1191 2149 1267 2201 ait
1296 2166 1309 2202 :
1338 2148 1506 2213 dedit,
1540 2163 1701 2219 quam
1729 2162 1833 2200 non
1859 2158 2017 2215 repe-

436 2241 540 2307 rit;
581 2241 678 2296 sed
705 2240 995 2305 ordinavit,
1027 2255 1187 2310 quam
1223 2239 1582 2294 inordinatam
1616 2238 1837 2292 invenit.
1870 2235 2016 2290 Non-

435 2331 568 2387 nulli
600 2347 837 2402 namque
878 2332 931 2387 in
974 2331 1257 2401 principali
1304 2330 1486 2385 cordis
1531 2330 1612 2384 sui
1659 2328 1777 2385 loco
1814 2330 2016 2385 habent

435 2437 660 2487 uxores,
688 2421 848 2487 ﬁlios,
878 2421 1100 2491 praedia,
1131 2420 1215 2475 vel
1245 2421 1511 2486 honores;
1562 2421 1615 2474 in
1657 2420 1897 2475 secundo
1922 2434 2014 2474 au-

438 2522 544 2566 tem
593 2513 986 2581 quodammodo
1028 2512 1195 2566 Deum
1244 2521 1472 2581 ponunt,
1506 2512 1630 2567 dum
1680 2527 1804 2567 eum
1837 2515 2015 2571 minus

436 2602 687 2673 diligunt.
722 2603 757 2657 li
789 2602 1039 2656 nimirum
1081 2602 1331 2656 videntur
1356 2602 1570 2671 quidem
1614 2592 1817 2657 habere
1839 2605 2020 2659 chari-

438 2703 627 2759 tatem,
661 2694 753 2748 sed
795 2694 1186 2760 inordinatam;
1214 2709 1313 2748 nec
1348 2693 1497 2746 illum
1525 2703 1743 2747 servant
1770 2693 2017 2747 ordinem

438 2783 744 2848 charitatis,
774 2799 931 2854 quem
978 2782 1192 2840 Veritas
1221 2784 1334 2854 ipsa
1378 2783 1655 2852 disposuit,
1690 2798 1811 2839 cum
1839 2784 1966 2839 dicit
2000 2802 2015 2841 :

444 2890 466 2924 ι
508 2873 739 2944 Diligere
779 2873 946 2928 Deum
973 2890 1040 2929 ex
1072 2881 1183 2928 toto
1207 2875 1392 2937 corde,
1425 2875 1525 2929 hoc
1554 2889 1674 2929 esse
1722 2876 2016 2929 maximum

436 2965 780 3036 primumque
802 2966 1149 3031 mandatum;
1178 2967 1470 3021 secundum
1493 2974 1670 3019 autem
1695 2964 1869 3021 simile
1897 2980 2017 3020 esse

439 3055 587 3122 huic,
619 3065 678 3109 ut
702 3056 887 3127 diligat
911 3056 1211 3127 proximum
1242 3055 1456 3121 (Matth.
1491 3051 1645 3126 λιιι).
1683 3075 1701 3109 ι
1738 3054 1851 3109 Non
1886 3070 2016 3126 ergo

2120 1875 2353 1930 etionem
2408 1876 2750 1946 operabatur.
2805 1877 3170 1944 Quorumdam
3226 1880 3384 1950 plane
3438 1884 3571 1940 ﬁdes
3614 1898 3699 1941 cst

2110 1980 2281 2036 ‘vana,
2312 1964 2535 2020 ﬁaccida
2554 2005 2568 2030 ,
2599 1966 2943 2035 pranendens
2983 1967 3197 2036 quidem
3227 1969 3281 2023 in
3304 1972 3589 2041 superﬁcie
3617 1977 3695 2030 si-

2120 2058 2509 2125 militudinem,
2560 2075 2665 2115 non
2710 2068 2891 2114 autem
2937 2058 3141 2117 habens
3187 2063 3514 2122 intrinsecus
3555 2069 3693 2122 veri-

2121 2156 2309 2205 tatem.

2191 2239 2394 2294 Horum
2417 2255 2578 2311 porro
2608 2251 2826 2298 tenuere
2846 2241 3071 2315 ﬁguram
3101 2245 3192 2315 qui
3218 2245 3346 2301 olim
3396 2253 3463 2303 de
3493 2251 3695 2319 popqu
3778 2232 3787 2241 ’

2119 2329 2376 2401 Ephraim
2403 2331 2682 2388 venientes
2709 2334 2774 2387 ad
2798 2334 2934 2388 vada
2959 2332 3232 2403 Jordanis,
3263 2337 3387 2393 dum
3422 2328 3694 2396 nescirent

2118 2423 2425 2494 exprimere
2448 2424 2727 2483 sebboleth
2743 2423 2944 2495 (ludio.
2962 2424 3083 2497 xu),
3107 2427 3200 2482 sed
3230 2427 3503 2497 jebboleth
3527 2429 3688 2502 [scib-

2120 2514 2283 2571 bolet.
2320 2512 2569 2585 sibbolet]
2633 2514 2810 2582 potius
2865 2523 3122 2585 tanquam
3179 2520 3460 2588 peregrina
3510 2521 3691 2588 lingua

2120 2606 2449 2675 proferrent,
2479 2604 2881 2659 Galaaditarum
2932 2607 3121 2676 gladiis
3158 2609 3285 2663 czesi
3346 2618 3488 2665 sunt.
3552 2610 3690 2679 Quid

2119 2697 2262 2751 enim
2307 2711 2404 2765 per
2444 2694 2764 2761 Jordauem,
2800 2694 2853 2748 in
2890 2711 2997 2766 quo
3026 2695 3276 2752 Salvator
3305 2709 3490 2754 noster
3515 2702 3693 2770 bapti-

2119 2784 2230 2838 zari
2270 2784 2520 2853 dignatus
2565 2791 2679 2850 est,
2728 2783 2830 2839 nisi
2872 2784 3202 2853 baptismus?
3233 2786 3372 2852 Quid
3417 2796 3542 2843 vero
3597 2804 3693 2856 per

2120 2874 2428 2940 sebboleth,
2461 2889 2580 2943 quae
2602 2874 2991 2945 interpretatur
3016 2875 3181 2945 spica,
3212 2877 3314 2932 nisi
3340 2876 3474 2933 ﬁdes
3503 2888 3587 2934 est
3614 2880 3696 2933 in-

2108 2958 2441 3038 ‘telligenda‘l
2492 2966 2646 3021 Sicut
2696 2968 2838 3020 enim
2865 2969 3014 3038 spica
3055 2968 3251 3024 victum
3285 2971 3488 3041 prmbet
3517 2973 3693 3026 homi-

2123 3058 2312 3122 nibus,
2360 3060 2429 3111 ita
2461 3068 2516 3111 et
2563 3056 2629 3112 de
2670 3056 2773 3112 ﬁde
2811 3057 3038 3125 dicitur;
3076 3077 3096 3110 ι
3129 3061 3253 3130 quia
3284 3061 3465 3129 justus
3492 3077 3556 3118 ex
3592 3064 3695 3118 ﬁde

436 3158 499 3201 se
515 3146 683 3217 iactet
705 3136 826 3216 quis
848 3147 1047 3202 habere
1066 3147 1406 3210 charitatem,
1431 3147 1475 3200 si
1499 3146 1750 3214 ordinata
1774 3134 1878 3200 non
1908 3158 2008 3209 est,
2039 3133 2085 3196 C
2111 3129 2255 3203 vivit
2278 3147 2441 3220 (Ilab.
2469 3164 2537 3213 tt;
2570 3149 2719 3202 Rom.
2748 3152 2812 3218 ι).
2843 3168 2861 3200 ι
2890 3150 2955 3205 Et
2979 3151 3115 3205 sicut
3140 3129 3283 3222 spica
3306 3154 3471 3209 multa
3503 3156 3554 3211 in
3578 3156 3695 3213 suis

437 3237 581 3291 sicut
624 3252 724 3292 nec
758 3237 922 3291 etiam
956 3236 1139 3305 ﬁdem,
1171 3236 1217 3291 si
1247 3235 1363 3290 sine
1407 3235 1663 3307 Oper-ibus
1699 3249 1762 3288 ac
1785 3251 1882 3306 per
1911 3237 2012 3290 hoc

434 3328 609 3382 otiosa
640 3337 721 3383 est
758 3327 899 3398 (Jac.
932 3328 1015 3398 ιι).
1648 3324 1653 3331 ’

510 3417 731 3488 Legitur
753 3417 896 3473 enim
924 3418 1046 3488 quia
1078 3416 1351 3473 Salomoni
1390 3417 1608 3473 fuerunt
1634 3432 1832 3471 uxores
1859 3419 2011 3487 quasi

439 3509 639 3579 reginae
668 3509 1021 3580 septingenta?
1051 3519 1104 3564 et
1133 3508 1447 3564 concubina:
1474 3506 1858 3579 trecentteUIl
1885 3505 2009 3576 Reg.

436 3604 534 3673 λι).
562 3602 699 3669 Quid
726 3611 908 3657 autem
939 3602 1068 3657 mihi
1093 3617 1215 3658 cum
1256 3614 1509 3673 gynzeceo
1541 3599 1880 3655 Salomonis?
1910 3596 2015 3653 Sed

436 3711 667 3750 excussa
696 3694 848 3765 palea
878 3693 1162 3751 verborum
1186 3692 1456 3747 invenitur
1475 3690 1528 3744 in
1557 3689 1786 3743 medulla
1814 3700 2015 3759 myste-

378 3770 381 3771 ν
437 3786 601 3840 rimn.
629 3786 766 3853 Quid
793 3786 938 3841 enim
961 3800 1058 3856 per
1084 3785 1471 3855 septingentas,
1498 3797 1618 3852 quae
1641 3796 1834 3836 uxores
1856 3779 2014 3835 sinml

418 3885 494 3930 'et
516 3877 713 3949 regina:
738 3885 1130 3942 memorantur,
1152 3876 1255 3930 nisi
1279 3875 1382 3929 illa:
1408 3873 1778 3944 intelliguntur
1800 3873 2011 3938 animae,

434 3983 558 4037 qua:
581 3978 636 4022 et
664 3966 994 4038 septiformis
1018 3963 1217 4024 [labent
1256 3964 1444 4034 gratia:
1473 3963 1753 4033 Spiritum,
1778 3973 1832 4017 et
1855 3980 2016 4033 super

436 4056 820 4111 resultantium
845 4056 1095 4111 vitiorum
1122 4067 1300 4109 motus
1329 4053 1479 4123 quasi
1510 4053 1741 4122 regalem
1771 4053 2016 4108 obtinent

433 4148 832 4221 principatum?
859 4147 997 4216 Quid
1024 4157 1201 4202 autem
1234 4162 1330 4216 per
1376 4155 1646 4213 trecentas
1690 4146 2015 4215 easdemque

434 4241 787 4304 concubinas,
818 4240 919 4295 nisi
950 4239 1049 4293 illae
1080 4239 1273 4293 anima:
1299 4237 1620 4308 ﬁgurantur,
1654 4251 1772 4305 quae
1802 4251 1899 4305 per
1927 4251 2015 4290 so-

436 4332 544 4385 lam
573 4341 773 4386 sancta:
793 4327 1076 4384 Trinitatis
1101 4327 1283 4394 ﬁdem,
1310 4326 1604 4382 thalamum
1627 4328 1841 4398 quidem
1872 4328 2014 4398 regis

435 4421 691 4491 ingressa
720 4427 865 4484 sunt,
896 4418 990 4473 sed
1017 4425 1180 4472 casta:
1209 4416 1634 4471 conversationis
1664 4426 1718 4472 et
1753 4417 2015 4485 quodam-

395 4525 400 4528 '
436 4512 597 4565 modo
616 4510 930 4564 matronalis
952 4509 1220 4579 pudicitia:
1246 4509 1564 4564 munditiam
1595 4522 1698 4561 non
1730 4509 2012 4572 habentes,

437 4601 643 4657 dotales
669 4616 896 4656 uxorum
934 4600 1143 4655 tabulas
1165 4613 1271 4655 non
1300 4600 1613 4655 merentur?
1641 4597 1734 4653 Ha)
1761 4599 2011 4653 nimirtun

437 4706 494 4750 et
521 4690 790 4750 Salomoni
823 4710 921 4764 per
957 4693 1172 4749 carnale
1199 4694 1582 4749 commercium
1619 4693 1819 4761 juncta:
1854 4704 2010 4759 sunt;

438 4788 562 4856 quia
588 4787 881 4841 Salvatoris
902 4780 1216 4842 nostri’veri
1245 4785 1453 4855 paciﬁci
1479 4792 1817 4839 sacramenta
1843 4785 2018 4853 perci-

436 4876 615 4948 piunt,
634 4884 691 4930 et
716 4884 894 4930 tamen
918 4890 1013 4946 per
1037 4875 1355 4944 degenerem
1375 4872 1730 4928 lenocinantis
1757 4871 1881 4925 vita:
1906 4883 2017 4926 tor-

436 4981 652 5037 porem,
682 4981 781 5021 nec
807 4966 1069 5022 habentes
1097 4964 1187 5018 uni
1231 4965 1348 5019 viro
1382 4963 1602 5034 pudoris
1642 4961 1913 5028 aﬁ‘ectum,
1949 4963 2015 5015 ad

439 5058 698 5128 nuptialis
710 5057 928 5114 fmderis
951 5056 1250 5113 detalitium
1274 5073 1379 5111 non
1404 5050 1713 5127 assurgunt.
1730 5055 2018 5109 Enimvero

438 5149 542 5204 illa:
572 5150 766 5203 anima:
790 5148 981 5203 uxorio
1005 5163 1067 5202 ac
1098 5148 1261 5217 regali
1292 5147 1506 5201 nomine
1531 5146 1703 5218 dignae
1733 5156 1874 5211 sunt,
1902 5161 2020 5217 qua)

440 5240 496 5293 in
534 5239 651 5293 solo
692 5237 931 5293 celestis
964 5224 1157 5306 Sponsi
1187 5237 1456 5292 desiderio
1499 5236 1863 5306 requiescunt,
1902 5251 2021 5304 qua:

440 5329 891 5385 inﬁnderabiliter
917 5336 1105 5386 contra
1141 5328 1493 5398 malignorum
1529 5328 1811 5397 spirituum
1841 5334 2017 5382 tenta-

440 5430 623 5474 menta
650 5420 962 5490 conﬂigunt.
1010 5420 1163 5476 Sicut
1194 5421 1259 5475 de
1302 5420 1488 5474 eodem
1532 5419 1820 5473 Salomone
1868 5418 2019 5474 Scri-

440 5521 602 5581 ptura
626 5520 853 5567 testatur
883 5532 896 5566 :
942 5531 961 5564 t
995 5513 1130 5578 Quia
1157 5512 1484 5580 alienigenas
1506 5525 1748 5579 quosque
1793 5510 2020 5563 tributa-

443 5608 556 5662 rios
591 5605 749 5674 fecit;
792 5608 859 5663 de
890 5605 1013 5662 ﬁliis
1035 5615 1212 5660 autem
1256 5605 1419 5660 Israel
1459 5619 1562 5659 non
1605 5600 1883 5656 constituit
1925 5616 2016 5654 rex

424 5697 653 5753 servire
683 5712 1027 5768 quemquam,
1054 5696 1146 5751 sed
1171 5706 1324 5751 erant
1367 5695 1466 5751 viri
1503 5693 1809 5759 bellatores,
1840 5701 1891 5748 et
1922 5693 2017 5747 mi-

2045 4473 2093 4532 D

2120 3240 2303 3293 aristis
2327 3254 2491 3308 grana
2527 3240 2798 3305 recondit,
2832 3241 2903 3294 ita
2936 3250 2991 3296 et
3015 3243 3313 3313 symbolum
3344 3255 3540 3302 nostra:
3566 3262 3699 3302 eou-

2117 3328 2374 3383 l‘essiouis
2406 3329 2638 3397 plurima
2667 3329 2716 3382 in
2749 3346 2809 3384 se
2834 3330 2956 3385 ﬁdei
2988 3333 3193 3387 sentina
3212 3333 3433 3401 colligit.
3466 3336 3691 3392 Venieu-
3780 3338 3784 3343 ’

2119 3428 2200 3473 tes
2252 3419 2436 3488 itaque
2481 3420 2547 3473 ad
2597 3418 2884 3475 .lordauem
2937 3421 3206 3490 Ephratzei
3261 3424 3616 3479 consuluntur
3660 3442 3691 3479 a

2115 3508 2414 3565 Galaaditis
2464 3510 2736 3578 quomodo
2778 3510 2982 3580 spicam
3025 3512 3364 3581 exprimant;
3396 3498 3693 3570 ’venientes

2115 3604 2279 3658 etiam
2314 3603 2380 3658 ad
2415 3601 2671 3672 baptismi
2707 3602 2980 3656 lavacrum
3008 3603 3382 3659 catechumeni
3414 3604 3692 3674 inquirun-

2118 3703 2206 3747 tur
2242 3707 2271 3746 a
2313 3691 2684 3745 sacerdotibus
2743 3691 2974 3760 qualiter
3023 3694 3265 3748 credant.
3320 3694 3386 3750 Et
3435 3699 3690 3765 quoniam

2116 3784 2321 3840 Galaad
2368 3784 2756 3853 interpretatur
2789 3799 3016 3838 acervus
3058 3786 3375 3850 testimonii,
3419 3799 3563 3843 recte
3598 3806 3692 3859 per

2117 3877 2431 3933 Galaadilas
2478 3876 2790 3930 sacerdotes
2839 3875 3096 3931 Ecclesia)
3144 3878 3552 3949 intelliguntur,
3602 3884 3693 3950 qui

2118 3960 2592 4039 przedica‘tionibus
2636 3966 2750 4020 suis
2793 3981 2956 4036 opera
3009 3967 3189 4021 divina
3250 3978 3539 4029 testantur.
3588 3970 3694 4026 Per

2116 4060 2373 4129 Ephraim
2412 4072 2580 4126 vero,
2628 4058 2720 4128 qui
2768 4057 3138 4127 fecunditatem
3193 4060 3380 4126 sonat,
3422 4062 3496 4116 illi
3549 4063 3693 4118 desi-

2117 4160 2351 4221 gnantur
2386 4149 2476 4218 qui
2528 4149 2731 4203 idcirco
2763 4147 2829 4202 ad
2866 4147 2987 4202 ﬁdei
3025 4150 3346 4217 perveniunt
3398 4152 3603 4222 spicam
3636 4162 3695 4206 ut

2118 4248 2433 4311 proventum
2464 4238 2810 4294 fectmditatis
2831 4252 2927 4308 per
2946 4237 3070 4293 boni
3096 4240 3275 4307 operis
3298 4249 3536 4310 segetem
3561 4258 3685 4311 pro-

2117 4329 2313 4385 ferant.
2372 4328 2525 4383 Sicut
2585 4343 2714 4398 ergo
2773 4327 2807 4381 ii
2859 4328 2949 4396 qui
3002 4328 3067 4382 ad
3118 4327 3405 4384 Jordanem
3450 4332 3691 4398 veniunt,

2118 4420 2322 4489 spicatn
2352 4417 2566 4486 quidem
2608 4416 2943 4485 intelligunt,
2971 4417 3061 4470 sed
3091 4418 3215 4485 quia
3245 4419 3551 4488 exprimere
3580 4437 3697 4476 nes-

2119 4513 2296 4575 ciunt,
2331 4512 2662 4574 moriuntur;
2694 4509 2768 4562 ita
2797 4518 2852 4562 ct
2879 4509 2969 4577 qui
2999 4506 3198 4564 fontem
3230 4508 3569 4578 baptismatis
3595 4529 3693 4566 ex-

2118 4584 2337 4675 petunt,
2366 4618 2396 4655 a
2428 4601 2535 4654 vita
2574 4598 2813 4654 funditus
2848 4599 3130 4664 decidunt,
3159 4600 3259 4654 nisi
3297 4600 3453 4655 ﬁdem
3488 4603 3693 4671 ipsam,

2118 4711 2280 4768 quam
2318 4691 2493 4747 cdocti
2534 4697 2661 4744 sunt
2706 4690 2957 4754 credere,
2986 4688 3291 4744 studuerint
3325 4691 3488 4744 etiam
3523 4693 3692 4746 bnno-
3737 4744 3753 4755 δ

2121 4804 2239 4842 rmn
2293 4797 2515 4853 operum
2558 4779 2933 4834 enuntiatione
2986 4777 3249 4848 proferre.
3303 4780 3378 4835 Ita
3435 4782 3689 4836 nimirum

2118 4878 2347 4932 alterum
2376 4873 2574 4945 pendet
2610 4886 2677 4926 ex
2716 4869 2917 4934 altero,
2943 4878 3001 4923 ut
3030 4884 3212 4925 semen
3239 4871 3357 4927 ﬁdei
3401 4888 3693 4944 exsurgere

2119 4967 2310 5021 debeat
2336 4963 2389 5017 in
2417 4963 2620 5032 spicam
2661 4958 3007 5029 operationis.
3044 4958 3196 5026 Quod
3226 4969 3280 5014 et
3307 4959 3555 5016 Salvator
3601 4979 3696 5018 no-

2120 5066 2231 5112 ster
2255 5056 2531 5111 evidenter
2560 5050 2814 5106 ostendit.
2870 5049 3001 5104 Nam
3032 5066 3153 5105 cum
3178 5051 3495 5120 prreciperet
3524 5053 3688 5109 disci—

2064 5170 2085 5187 κ
2118 5149 2259 5218 pulis
2284 5188 2298 5210 ,
2327 5148 2512 5201 dicens
2540 5159 2554 5198 :
2592 5163 2608 5195 ι
2644 5143 2751 5209 lte,
2810 5143 3005 5198 dooete
3038 5158 3224 5198 omnes
3267 5153 3485 5214 gentes,
3515 5146 3691 5216 bapti-

2121 5248 2308 5294 zantes
2331 5251 2425 5290 eos
2452 5235 2506 5288 in
2531 5234 2749 5289 nomine
2776 5232 2974 5298 Patris,
2998 5243 3051 5287 et
3076 5233 3217 5297 Filii,
3242 5244 3295 5288 et
3318 5233 3551 5303 Spiritus
3576 5252 3695 5291 san.

2122 5328 2224 5392 eti,
2284 5326 2530 5395 protinus
2559 5325 2765 5378 addidit
2791 5337 2806 5378 :
2835 5324 3098 5377 Docentes
3140 5338 3233 5377 eos
3263 5339 3483 5378 servare
3512 5325 3693 5379 omnia

2120 5420 2457 5490 qumcunque
2486 5411 2733 5466 mandavi
2777 5412 2928 5466 vobis
2979 5412 3197 5483 (Matth.
3231 5412 3441 5483 xxvm).
3480 5433 3497 5465 ι
3526 5414 3603 5468 Ac
3648 5415 3693 5468 si

2123 5516 2307 5577 aperte
2355 5503 2548 5558 dicat:
2582 5501 2779 5556 Semen
2830 5502 2954 5556 ﬁdei
2999 5502 3052 5557 in
3115 5504 3369 5559 cordibus
3414 5504 3690 5559 hominum

2123 5599 2319 5658 serite,
2352 5603 2409 5650 et
2450 5609 2573 5649 mox
2619 5593 2996 5648 mandatorum
3027 5596 3444 5664 germinantium
3492 5597 3693 5667 spicam

2123 5682 2353 5760 qualiter
2390 5685 2720 5757 operationis
2749 5685 2927 5756 lingua
2958 5687 3258 5756 exprimere
3282 5688 3543 5755 debeant,
3571 5689 3690 5741 cdo-
