4070 6198
434 312 538 369 6l5

1034 304 1089 358 S.
1120 299 1322 356 PETlll
1347 295 1626 352 DA)“le
1669 293 1818 349 OPP.
1854 293 2036 347 PARS
2062 290 2189 346 SE‘U
2227 288 2462 346 'i‘OiiUS
2501 289 2563 342 ll.
2593 318 2660 329 —
2699 282 3090 342 SEliilONERS.

3593 284 3696 337 (illi

433 431 550 480 cete
577 461 594 484 ,
622 434 688 474 ne
717 414 1084 472 solmcismum
1111 410 1314 465 faciant
1344 409 1396 462 in
1427 408 1571 477 spica
1597 405 1800 475 operis,
1831 404 1920 473 qui
1950 418 2008 457 sc
2038 409 2081 466 Λ
2112 401 2274 456 corde
2304 401 2606 456 diceremus
2637 415 2650 452 :
2687 419 2705 450 ι
2738 397 2915 452 Τι·;ιι.θ
2948 413 3032 452 me
3069 406 3189 467 post
3229 405 3301 462 te,
3332 411 3614 451 currcinus
3645 414 3699 453 ιιι

432 518 498 571 de
525 521 704 570 monte
730 506 982 578 Ephraim
1001 545 1014 569 ,
1047 504 1150 557 hoc
1181 512 1298 564 est,
1331 501 1396 554 de
1422 498 1742 552 celsitudine
1775 509 1894 550 esse
1925 505 2008 548 tc-

433 615 649 662 stantur
678 598 1059 656 ecclesiastica:
1087 592 1451 648 fecunditatis.

504 697 871 764 Quapmptcr,
930 684 1302 746 dilectissimi,
1390 694 1678 735 caveamus
1754 691 1821 731 ne
1881 675 2014 730 fides

433 799 619 846 nostra
675 782 1002 854 saperducto
1060 792 1158 831 nos
1199 774 1366 829 solius
1426 768 1781 841 prolessionis
1833 765 2013 821 colore

433 878 686 948 decipiat,
705 882 759 927 et
788 882 1040 939 tanquam
1065 865 1240 922 inanis
1262 864 1430 934 spica,
1451 860 1774 915 vaca-tibus
1799 856 2010 919 culmis,

433 971 636 1040 absque
666 964 970 1022 dilectionis
998 959 1227 1015 medulla
1253 957 1514 1012 follescat.
1546 954 1823 1008 Imitemur
1854 950 2013 1005 fidem

433 1073 768 1132 martyrum,
809 1073 905 1127 per
940 1068 1125 1124 quam,
1176 1052 1457 1103 vincentes
1508 1061 1668 1113 regna
1713 1052 2012 1132 terrarum,

433 1126 611 1220 adepii
660 1156 784 1203 sunt
815 1126 1042 1216 pnemia
1077 1139 1344 1210 promissa
1381 1133 1643 1190 caalorum
1686 1128 1872 1201 (Hebr.
1912 1126 2015 1199 xi),

437 1240 522 1295 Sit
549 1255 678 1309 ergo
712 1237 844 1290 fides
878 1248 1061 1287 nosra
1088 1229 1281 1294 solida,
1310 1227 1381 1281 sit
1407 1241 1558 1289 vera,
1587 1223 1658 1278 sit
1690 1222 1930 1284 robusta,
1960 1227 2020 1272 ut

438 1347 582 1386 nunc
617 1329 795 1384 eundo
835 1341 930 1395 per
970 1324 1159 1386 fidem,
1211 1318 1588 1390 perveniamus
1639 1313 1704 1367 ad
1753 1311 2014 1381 speciem,

439 1420 674 1474 videndo
696 1433 791 1487 per
819 1412 1125 1484 tritigtitatis
1152 1407 1430 1480 speculum
1461 1403 1509 1476 (I
1536 1403 1658 1458 Cor.
1682 1402 1826 1472 xm),
1857 1415 2019 1470 quan.

439 1513 619 1580 doque
651 1511 1014 1578 perducantur
1046 1505 1110 1558 ad
1135 1503 1303 1574 ipsius
1327 1515 1553 1555 summa:
1581 1496 1824 1551 veritatis
1863 1495 2021 1547 obtu-

438 1612 552 1658 tum
576 1643 591 1667 ,
629 1601 716 1655 tibi
767 1615 910 1654 nunc
955 1596 1144 1651 beatus
1177 1603 1384 1665 martyr
1413 1591 1734 1652 Anthimus,
1775 1586 2018 1656 deposita

437 1694 648 1750 sarcina
709 1688 1078 1760 corruptibilis
1143 1686 1367 1749 carnis,
1423 1682 1615 1737 stolam
1666 1679 1890 1748 adeptus
1939 1685 2022 1731 est

2114 495 2334 548 odorem
2365 499 2718 562 uguentornm
2751 497 2961 544 tuorum
2995 485 3172 554 (Cant.
3208 488 3268 556 ι).
3302 507 3320 540 ι

2184 587 2252 641 Ει
2284 580 2513 640 fortasse
2541 584 2629 639 isti
2657 594 2782 638 sunt
2812 584 3010 654 gradus
3037 584 3180 638 illius
3208 583 3485 654 horologii,
3512 583 3566 640 in
3595 601 3703 654 quo

2102 692 2211 732 rex
2258 675 2521 730 Ezechias
2569 674 2814 728 umbram
2866 673 3062 728 reverti
3102 673 3292 728 decem
3332 673 3489 730 lineis
3529 673 3702 744 petiit.

2117 766 2269 834 Quod
2312 765 2562 819 videlicet
2603 763 2771 818 lsaias
2817 765 3077 832 propheta
3122 763 3174 816 in
3213 763 3424 834 signum
3475 780 3704 836 recupe-

2119 859 2300 911 randa!
2324 857 2514 912 salutis
2553 856 2697 910 illitis
2729 855 3014 909 Dominum
3045 855 3300 909 invocans
3335 857 3580 924 protinus
3605 859 3710 912 int-

2118 949 2350 1018 petravit
2379 946 2511 1018 (Isa.
2537 962 2789 1015 χχχι-ιιι).
2833 946 3194 1000 Descenderat
3218 947 3398 1015 itaque
3421 949 3500 1002 sol
3523 963 3710 1002 emeno

2119 1039 2193 1094 sis
2214 1037 2328 1106 jam
2369 1038 2552 1092 decem
2585 1037 2841 1107 gradibus
2883 1035 3167 1105 horologii,
3216 1038 3310 1091 sed
3349 1053 3444 1106 per
3488 1039 3706 1092 eosdem

2120 1130 2319 1201 gradus
2365 1131 2560 1185 iterum
2611 1129 2792 1185 rediit.
2843 1129 2994 1197 Quod
3024 1129 3274 1184 videlicet
3299 1129 3511 1200 signum
3540 1141 3704 1195 esset,

2121 1237 2218 1290 per
2247 1221 2390 1290 quod
2424 1234 2482 1275 se
2517 1236 2610 1274 rex
2641 1220 2903 1275 Ezechias
2933 1220 3092 1274 saluti
3132 1222 3376 1292 pristina:
3422 1223 3715 1278 restituen-

2121 1311 2248 1367 dum
2287 1328 2407 1368 esse
2429 1311 2742 1367 confideret.
2789 1311 3074 1368 Enimvero
3099 1327 3197 1368 nec
3218 1329 3387 1384 genus
3413 1315 3711 1369 humanum

2123 1402 2188 1456 ad
2222 1401 2640 1456 incolumitatem
2669 1417 2830 1471 quam
2883 1403 3163 1468 amiserat,
3205 1403 3272 1459 de
3318 1405 3399 1460 sui
3439 1404 3718 1477 languoris

2123 1493 2475 1562 :cgrotatione
2520 1492 2813 1556 convaluit,
2861 1493 3099 1562 quandiu
3146 1492 3236 1548 lux
3287 1508 3414 1552 vera
3461 1493 3716 1551 Christus

2127 1589 2313 1641 decem
2364 1601 2458 1640 cos
2509 1600 2644 1655 quos
2695 1585 3131 1641 enuntcravimus
3190 1585 3402 1656 mystici
3449 1584 3714 1657 horologii

2128 1678 2324 1748 gradus
2363 1676 2428 1731 ad
2459 1691 2709 1732 occasum
2744 1691 2802 1730 se
2829 1675 3164 1730 humiliando
3205 1675 3491 1745 percurrit.
3535 1674 3717 1748 Quatt-

438 1785 695 1856 angelica:
719 1757 1007 1838 claritatis.
1041 1779 1178 1835 Ecce
1203 1777 1346 1832 enim
1384 1776 1528 1830 inter
1553 1772 1749 1843 ignitos
1773 1783 2019 1838 superna:
2051 1757 2094 1815 Β
2123 1785 2284 1838 quant
2316 1785 2411 1838 per
2439 1769 2684 1823 umbram
2718 1769 2902 1822 decem
2928 1767 3191 1844 graduum
3215 1775 3268 1821 et
3291 1767 3448 1820 aliter
3469 1782 3723 1837 superna:

440 1875 780 1931 Hierusalem
831 1873 1043 1943 lapides
1086 1871 1284 1925 emicat
1313 1887 1325 1922 :
1355 1881 1482 1922 ecce
1526 1857 1670 1919 inter
1694 1869 2020 1932 purpuratus

439 1978 735 2038 martyrum
763 1965 999 2036 legiones
1020 1963 1194 2017 victor
1214 1969 1269 2016 et
1285 1969 1579 2015 coronatus
1602 1954 1857 2009 exsultat.
1882 1951 2024 2006 Con-

438 2071 708 2118 summato
739 2060 895 2130 105
945 2059 1143 2129 quippe
1179 2053 1408 2128 gloriosi
1452 2048 1768 2106 certaminis
1815 2061 1976 2101 cursu
2007 2085 2021 2109 ,

437 2155 684 2210 eumdem
711 2156 882 2223 ipsmn
907 2153 961 2207 in
999 2150 1220 2220 praemio
1253 2149 1425 2203 beata:
1452 2141 1905 2200 renumerationis
1938 2155 2026 2193 ac-

437 2244 579 2314 cepit
608 2244 698 2313 qui
739 2244 911 2297 factus
936 2248 1019 2296 est
1063 2249 1117 2294 ct
1145 2238 1376 2318 pretium
1407 2252 1532 2292 cum
1561 2234 1814 2297 redemit,
1843 2231 2025 2286 Jesum

437 2336 710 2391 Christum
735 2334 1026 2388 Dominum
1054 2343 1319 2393 nostrum,
1352 2329 1443 2404 qui
1488 2343 1610 2382 cum
1645 2325 1752 2380 Deo
1781 2323 1942 2377 Patre
1977 2329 2030 2373 ct

442 2429 645 2498 Spiritu
668 2437 860 2482 sancto
885 2425 1018 2480 vivit
1042 2433 1096 2477 et
1128 2429 1314 2492 regnat
1341 2435 1439 2491 per
1473 2417 1654 2478 omnia
1683 2414 1877 2471 sa-cula
1926 2429 2030 2466 sa:-

440 2519 701 2574 culornm.
735 2519 927 2571 Amen.

1036 2649 1266 2712 senae
1321 2646 1436 2709 XX.

610 2787 676 2826 nr.
715 2785 920 2824 δικετο
955 2779 1232 2822 BUNIFACIO
1269 2777 1519 2817 uxa'rvae
1559 2759 1673 2830 (xiv
1707 2757 1866 2827 mn).

512 2887 664 2942 Beati
716 2882 975 2938 Bonifacii
1033 2880 1263 2952 gloriosa
1318 2877 1613 2938 festivitas,
1656 2871 1858 2926 fratres
1905 2870 2031 2934 mei,

443 2979 568 3033 dum
599 2977 807 3032 cunctis
831 2973 1029 3029 Christi
1061 2971 1304 3026 fidelibus
1329 2981 1615 3024 commune
1660 2966 1712 3018 fit
1759 2963 2033 3034 gaudium,

445 3068 752 3138 Specialitcr
796 3075 970 3118 tamen
1013 3060 1390 3132 peccatoribus
1414 3059 1480 3112 ad
1509 3055 1918 3128 promerendam
1946 3069 2036 3108 ve-

2126 1859 2542 1930 dispensationis
2540 1873 2847 1947 .possumus
2869 1842 3165 1932 intelligere
3188 1865 3606 1914 sacramentum.
3638 1855 3724 1909 Di-

2126 1951 2413 2004 versitates
2451 1950 2649 2019 quippe
2685 1958 2986 2018 temporum
3034 1949 3189 2002 euasi
3234 1949 3481 2028 quaedam
3521 1947 3717 2002 distiu-

2127 2043 2335 2098 ctiones
2383 2051 2507 2095 sunt
2562 2043 2613 2094 in
2665 2042 2942 2115 horologii)
2989 2040 3275 2103 linearum.
3329 2039 3442 2095 Soli
3484 2056 3723 2110 namque

2123 2131 2351 2200 iustitiae
2386 2132 2603 2186 Christo
2641 2133 2848 2206 primus
2890 2133 2956 2192 ad
3000 2148 3095 2184 nos
3129 2131 3497 2188 descensionis
3523 2133 3727 2207 gradus

2131 2223 2233 2276 fuit
2261 2221 2326 2277 de
2347 2222 2458 2277 Deo
2493 2222 2546 2276 in
2578 2222 2845 2293 angelum.
2892 2223 3051 2298 106
3082 2221 3230 2277 Uade
3265 2231 3345 2276 cst
3376 2221 3517 2293 quod
3549 2232 3603 2275 et
3625 2237 3730 2290 per

2131 2312 2324 2367 Isaiam
2365 2313 2543 2381 magni
2583 2312 2791 2367 consilii
2827 2297 3062 2386 Angelus
3093 2312 3290 2366 dicitur
3321 2310 3476 2381 (Isai.
3512 2311 3610 2381 ix).
3657 2311 3729 2363 Et

2133 2405 2225 2474 qui
2277 2418 2398 2458 cmn
2450 2402 2618 2459 Jacob
2650 2404 2968 2474 loquebatur
2997 2404 3156 2466 Deus,
3187 2403 3408 2475 angelus
3441 2419 3728 2472 nuncupa-

2137 2505 2240 2548 tur.
2278 2493 2416 2549 Hinc
2443 2502 2526 2549 est
2555 2495 2697 2565 quod
2729 2510 2823 2560 per
2851 2497 3097 2554 eumdem
3124 2493 3288 2549 .Iacob
3310 2495 3506 2549 dicitur
3537 2513 3549 2548 :
3584 2518 3600 2545 ι
3634 2495 3731 2549 Di-

2139 2588 2213 2641 xit
2248 2586 2470 2656 angelus
2511 2587 2719 2641 Domini
2744 2592 2809 2642 ad
2837 2588 2961 2642 mei
2985 2607 2994 2639 l
3019 2588 3224 2642 somnis
3257 2605 3268 2640 :
3299 2587 3408 2658 Ego
3438 2603 3555 2642 sum
3582 2588 3732 2646 Deus

2135 2679 2348 2745 Bcthcl,
2397 2679 2489 2733 ubi
2535 2680 2735 2740 unxisti
2787 2679 3018 2749 lapidem
3065 2689 3119 2732 ct
3158 2689 3336 2732 votum
3370 2679 3561 2733 vovisti
3591 2679 3726 2734 mihi

2139 2771 2293 2844 (Cen.
2332 2770 2507 2844 χιιι).
2539 2789 2557 2824 ι
2601 2770 2886 2837 Nimirum,
2921 2781 2978 2826 ut
3009 2772 3152 2832 idem
3179 2772 3293 2841 ipse
3323 2771 3414 2850 qui
3468 2771 3727 2841 loquitur,

2139 2872 2193 2917 et
2224 2863 2367 2922 Deus
2395 2861 2554 2923 simul
2582 2870 2638 2916 et
2669 2861 2892 2936 angelus
2936 2862 3271 2922 ostendatur.
3315 2860 3594 2924 Secundus
3631 2863 3732 2924 de-

2140 2956 2443 3014 scensionis
2476 2956 2676 3026 gradus
2711 2954 2810 3014 fuit
2840 2955 2891 3008 in
2925 2955 3269 3031 patriarchis,
3302 2970 3398 3024 per
3419 2970 3552 3024 quos
3580 2954 3736 3009 scili-

2141 3056 2229 3101 cet
2271 3048 2385 3118 ipse
2431 3046 2693 3101 Dominus
2731 3047 2893 3100 unius
2944 3045 3037 3100 Dei
3093 3046 3292 3100 cultum
3335 3061 3398 3106 ac
3438 3061 3577 3104 vene
3605 3046 3731 3108 fidei

445 3122 590 3214 niam
645 3169 808 3213 certa:
851 3157 962 3226 spei
1015 3122 1202 3208 iribuit
1248 3122 1666 3206 incrementum.
1727 3146 1862 3200 Nam
1911 3160 2031 3198 cum
2062 3122 2106 3183 Ο
2139 3138 2801 3194 fundamentaconstituit.
2837 3137 3727 3208 Tertiusinpromulgationclegis,

446 3252 568 3305 vitae
593 3249 708 3320 ejus
735 3263 799 3302 ac
829 3248 1001 3301 beata:
1051 3241 1534 3298 consummationis
1573 3249 1721 3311 gesta
1760 3237 2028 3310 percurri.

445 3360 587 3407 mus,
631 3342 759 3413 quid
799 3339 945 3394 aliud
993 3335 1296 3394 invenimus
1327 3350 1488 3404 quam
1528 3331 1653 3402 quia
1698 3329 1890 3405 stipula
1923 3337 2036 3382 tar-

451 3435 577 3500 tari,
612 3434 808 3490 cedrus
848 3430 988 3485 facta
1021 3438 1104 3483 est
1129 3425 1363 3496 paradisi
1389 3425 1412 3478 ?
1440 3423 1638 3493 Atque,
1667 3430 1725 3474 ut
1747 3421 1819 3475 ita
1847 3420 2036 3492 fatear,

449 3527 613 3582 torris
644 3523 837 3580 inferni
872 3523 1042 3576 factus
1085 3527 1168 3573 est
1207 3515 1544 3594 splendidum
1587 3513 1737 3569 sidus
1783 3511 1926 3567 creti.
1965 3511 2042 3564 De

449 3618 692 3690 lupanari
732 3615 996 3685 siquidem
1050 3609 1245 3680 prodiit
1291 3605 1631 3685 prmliaturus
1678 3603 1745 3658 ad
1784 3602 2038 3665 stadium,

449 3713 517 3762 de
553 3707 728 3763 stadio
763 3703 1112 3774 suspenditur
1147 3699 1214 3753 ad
1266 3704 1616 3758 tormentum,
1661 3696 1728 3750 de
1775 3701 2043 3751 tormento

451 3805 666 3858 ducitur
703 3801 770 3856 ad
811 3801 1066 3871 gladium,
1118 3799 1182 3851 de
1229 3795 1404 3867 gladio
1437 3792 1753 3846 sublevatur
1787 3786 1960 3850 victor
1992 3793 2044 3838 et

448 3904 742 3957 coronatus
789 3894 855 3947 ad
897 3891 1115 3946 cretum.
1168 3889 1271 3943 Per
1316 3887 1512 3960 gradus
1561 3898 1753 3954 nempe
1793 3889 2046 3962 peccator

453 3989 554 4041 iste
596 3986 664 4040 ad
702 3985 866 4039 vitam
909 3982 1087 4046 rediit,
1119 3981 1243 4051 quia
1275 3989 1326 4035 et
1352 3995 1445 4050 per
1465 3978 1724 4048 quosdam
1770 3973 1968 4048 gradus
1999 3973 2046 4028 is

453 4078 544 4146 qui
566 4076 682 4130 sine
706 4085 926 4148 peccato
945 4081 1028 4128 est
1054 4071 1105 4140 (I
1135 4070 1281 4124 l’ctr.
1310 4070 1402 4141 ιι),
1433 4071 1498 4123 ad
1528 4077 1726 4123 nostra:
1749 4062 2069 4124 mortalita?

457 4171 526 4224 tis
555 4169 658 4222 ima
706 4166 1000 4222 descendit.
1040 4164 1176 4218 Hinc
1208 4172 1289 4216 est
1328 4163 1469 4232 quod
1503 4178 1568 4214 cx
1594 4175 1822 4229 persona
1845 4167 2048 4216 sancta:

457 4260 712 4317 Ecelesite
746 4274 841 4335 per
880 4257 1218 4312 Salomonem
1251 4256 1447 4310 dicitur
1475 4268 1490 4307 :
1526 4272 1542 4304 ι
1571 4243 1709 4308 Ecce
1756 4250 1858 4312 iste
1901 4251 2051 4304 venit

459 4353 656 4408 saliens
683 4352 734 4405 in
762 4350 1033 4408 montibus
1052 4390 1066 4415 ,
1093 4356 1149 4403 et
1178 4346 1486 4402 transiliens
1515 4345 1678 4400 colles
1709 4342 1884 4414 (Cant.
1915 4343 1997 4412 ιι).
2025 4363 2042 4400 ι

460 4443 711 4499 Salvator
750 4442 948 4498 etenim
996 4448 1181 4498 uoster
1207 4438 1362 4510 quasi
1394 4437 1655 4508 quosdam
1688 4436 1855 4498 saltus
1895 4435 2047 4495 exhi-

459 4539 595 4599 buit.
623 4551 744 4590 cum
772 4535 838 4593 ad
864 4533 1230 4593 redimendum
1257 4545 1424 4602 genus
1446 4529 1741 4587 humanum
1768 4527 1929 4580 venit.
1974 4525 2048 4580 De

458 4629 600 4684 coelo
620 4629 817 4698 quippe
847 4625 990 4680 venit
1016 4624 1068 4678 in
1101 4633 1313 4678 uterum
1348 4620 1602 4691 Virginis,
1633 4619 1698 4672 de
1725 4626 1877 4675 utero
1904 4617 2050 4672 venit

461 4719 514 4774 in
551 4732 810 4788 prmsepc,
844 4715 910 4770 de
941 4727 1177 4784 prmsepc
1207 4712 1401 4766 transit
1443 4713 1508 4769 ad
1559 4709 2047 4772 circumcisioncm,

462 4810 530 4865 de
560 4807 970 4867 circumcisione
994 4803 1060 4865 ad
1096 4804 1347 4875 templum
1369 4844 1383 4864 ,
1428 4803 1494 4858 de
1538 4801 1734 4872 templo
1769 4801 1834 4852 ad
1878 4800 2053 4868 bapti-

465 4916 667 4962 smum,
693 4900 757 4951 de
785 4879 1049 4964 baptismo
1069 4894 1135 4952 ad
1161 4908 1403 4956 crucem,
1423 4891 1488 4946 de
1517 4905 1678 4950 cruce
1705 4891 1769 4943 ad
1800 4899 2048 4952 mortem,

465 4991 534 5043 de
565 4999 736 5042 morte
764 4988 829 5039 ad
857 4985 1181 5054 sepulcrum,
1221 4990 1490 5050 postremo
1511 4982 1673 5036 etiam
1701 4978 1971 5036 descendit
1999 4979 2049 5030 in

467 5080 758 5139 infernum,
785 5085 840 5130 ut
866 5076 987 5135 inde
1010 5082 1228 5128 sanctos
1257 5087 1380 5125 suos
1404 5079 1638 5131 erueret,
1668 5085 1803 5138 quos
1839 5069 1904 5121 ad
1949 5083 2055 5122 coe-

468 5171 657 5225 lestem
701 5168 924 5239 gloriam
974 5166 1182 5221 calcato
1249 5163 1437 5220 inertis
1480 5162 1706 5230 imperio
1751 5169 2050 5218 revocaret.

470 5261 653 5324 i‘lane,
692 5271 749 5313 ut
777 5276 874 5313 nos
907 5265 1024 5327 post
1052 5273 1109 5310 se
1137 5271 1354 5310 currere
1376 5255 1566 5308 iaceret
1584 5295 1596 5318 ,
1623 5255 1752 5310 istos
1779 5269 1876 5324 pro
1901 5254 2055 5308 nobis

470 5353 667 5420 gradus
694 5350 1029 5405 manifestata
1057 5365 1152 5418 per
1175 5363 1392 5407 carnem
1417 5345 1704 5404 Veritasad
1723 5345 2054 5399 nosdescen-

471 5443 645 5495 dendo
677 5441 958 5510 dispo.-.uit.,
1009 5450 1062 5496 et
1108 5439 1505 5507 quodammodo
1534 5437 1810 5504 cujusdam
1844 5435 2054 5506 mystici

472 5529 732 5602 horologii
770 5530 849 5586 sol
873 5531 1096 5604 iustitia:
1131 5530 1377 5584 Christus
1418 5529 1530 5600 haec
1568 5531 1634 5582 ad
1677 5543 1774 5581 nos
1810 5543 1868 5581 se
1905 5525 2061 5582 incli-

472 5622 650 5676 nando
681 5631 950 5676 moutenta
981 5622 1243 5676 distinxit.
1286 5621 1384 5687 Qui
1410 5621 1662 5679 nimirum
1688 5618 1976 5676 exsultavit
1999 5627 2056 5672 ιιι

473 5713 622 5784 gigas
657 5713 722 5767 ad
768 5712 1086 5766 currendum
1119 5713 1258 5764 viam
1293 5708 1463 5780 (Paul.
1507 5713 1681 5779 xviii),
1710 5717 1764 5761 ut
1792 5725 1889 5762 nos
1916 5709 1962 5762 ci
1988 5726 2055 5764 ex

2140 3245 2302 3299 quam
2331 3222 2387 3284 et
2417 3231 2528 3299 ipse
2553 3228 2702 3298 prius
2728 3228 2981 3282 audiente
3002 3229 3197 3297 populo
3227 3229 3465 3298 protulit,
3495 3239 3548 3285 et
3574 3238 3731 3298 post-

2142 3324 2359 3378 modum
2404 3322 2457 3376 in
2498 3321 2724 3394 lapideis
2776 3319 2969 3383 tabulis
3008 3321 3224 3398 proprio
3265 3321 3431 3397 digito
3469 3332 3734 3380 exarame

2143 3413 2448 3492 descripsit.
2501 3414 2736 3484 Quartus
2779 3413 2832 3477 in
2877 3412 3005 3474 Jesu
3047 3413 3216 3480 Nave,
3251 3414 3304 3468 in
3336 3430 3442 3492 quo
3470 3415 3604 3471 sicut
3632 3431 3736 3468 no-

2144 3511 2288 3570 mine
2318 3508 2394 3570 sic
2424 3517 2479 3564 et
2509 3523 2672 3578 opere
2702 3509 2902 3578 degens
2941 3507 2997 3570 in
3041 3516 3240 3571 terram
3294 3509 3735 3578 repromissionis

2143 3602 2398 3676 populum
2423 3603 2742 3663 introduxit.
2773 3602 3004 3676 Quintus
3028 3602 3129 3656 fuit
3147 3608 3343 3672 gradus
3367 3601 3731 3676 injudicibus,

2147 3710 2243 3764 per
2270 3709 2405 3763 quos
2441 3694 2693 3755 nimirum
2728 3694 3075 3752 lsraeliticam
3114 3695 3318 3762 plebem
3350 3703 3402 3750 ct
3434 3695 3547 3762 ipse
3578 3677 3733 3763 rege-

2149 3785 2260 3840 bat.
2302 3785 2496 3847 Sextus
2535 3785 2588 3845 in
2627 3785 2842 3860 regibus
2869 3782 3198 3860 Ju.l;cornm,
3239 3784 3362 3858 quia
3395 3784 3448 3845 in
3479 3786 3556 3838 eis
3587 3785 3739 3856 prii;-

2147 3875 2392 3946 cipalitcr
2423 3876 2538 3945 ipse
2568 3876 2846 3948 regnabat.
2890 3875 3162 3944 Septimis
3195 3876 3246 3928 in
3281 3875 3575 3949 prophetis,
3607 3876 3735 3945 quia

2149 3981 2246 4036 per
2276 3982 2370 4022 eos
2391 3966 2508 4038 ipse
2527 3976 2580 4024 et
2601 3966 2954 4025 annuntiatus
2973 3973 3055 4022 est
3083 3975 3136 4018 ct
3157 3966 3382 4028 locutus.
3425 3963 3661 4020 Octavus
3682 3967 3737 4019 in

2149 4057 2515 4127 pontificibus,
2559 4057 2612 4110 in
2653 4056 2849 4128 quibus
2893 4057 3027 4125 ipse,
3079 4059 3167 4128 qui
3199 4074 3442 4112 summtts
3471 4066 3553 4112 est
3598 4058 3742 4112 l’ou-

2153 4148 2305 4214 tifex,
2345 4150 2454 4208 veri
2485 4157 2538 4204 et
2564 4149 2749 4206 aeterni
2789 4150 2870 4206 sui
2910 4151 3196 4204 sacerdotii
3245 4151 3559 4220 mysterium
3604 4151 3750 4219 figu-

2155 4241 2310 4294 ravit.
2369 4239 2550 4294 Nonus
2593 4249 2773 4294 autem
2809 4241 3006 4315 gradus
3053 4241 3366 4314 designatus
3413 4252 3497 4296 est
3543 4243 3594 4298 in
3643 4244 3749 4302 ho-

2154 4336 2317 4388 mine.
2379 4331 2628 4386 Decimus
2672 4331 2725 4386 in
2769 4331 3038 4401 passione.
3093 4331 3314 4392 Peritos
3348 4333 3526 4400 itaque
3553 4334 3744 4386 decem

2153 4426 2369 4494 gradus,
2404 4423 2560 4493 quasi
2608 4437 2704 4500 per
2744 4423 2988 4480 umbram
3041 4421 3249 4482 Veteris
3279 4421 3631 4486 Testamcnti,
3661 4424 3745 4478 sol

2145 4514 2374 4583 justitiae
2424 4513 2673 4573 Christus
2722 4511 2774 4572 in
2830 4523 3026 4572 nostra:
3075 4511 3418 4568 mortalitatis
3464 4512 3748 4566 descendit

2151 4621 2436 4668 occasum,
2489 4614 2542 4658 et
2589 4618 2686 4672 per
2733 4618 2824 4658 eos
2875 4603 3066 4656 iterum
3125 4613 3246 4671 post
3289 4604 3743 4660 resurrectionem

2153 4711 2304 4751 suam
2337 4693 2610 4752 in'coelunt
2638 4692 2810 4750 victor
2841 4694 3103 4764 ascendit,
3129 4709 3450 4762 omnemque
3472 4693 3618 4750 illam
3651 4709 3747 4747 vc—

2157 4796 2313 4845 tustze
2359 4786 2492 4862 legis
2526 4786 2770 4845 umbram
2818 4787 3063 4842 veritatis
3113 4801 3224 4843 sua:
3271 4802 3334 4840 ac
3377 4801 3527 4848 nova:
3556 4789 3749 4855 gratia:

2158 4881 2321 4936 radiis
2366 4879 2674 4942 illustravit,
2717 4880 2942 4933 obscura
2978 4877 3239 4943 revelatis,
3263 4879 3443 4932 clausa
3476 4894 3746 4942 reserans,

2158 4979 2213 5028 et
2241 4971 2419 5032 omnia
2458 4969 2558 5028 sub
2601 4969 2864 5024 velamine
2912 4970 3105 5028 littera:
3159 4979 3301 5028 tecta
3340 4971 3637 5026 dcnuians.
3684 4971 3752 5026 Et

2159 5065 2300 5118 sicut
2327 5072 2456 5120 tunc
2494 5062 2574 5118 sol
2608 5061 2849 5117 lineatim
2887 5063 3105 5136 quidem
3134 5079 3196 5116 ac
3228 5077 3441 5118 morose
3469 5073 3752 5131 processe-

2161 5165 2264 5221 rat,
2310 5166 2531 5228 repcnte
2580 5166 2758 5209 autent
2795 5156 2862 5209 ad
2897 5168 3047 5209 ortus
3079 5155 3160 5210 sui
3194 5166 3276 5210 est
3304 5170 3554 5214 reversus
3582 5156 3752 5224 erigi-

2161 5263 2316 5313 nem;
2355 5249 2434 5303 sic
2478 5247 2752 5314 nimirum,
2792 5247 2868 5300 sic
2899 5246 3227 5317 Redemptor
3273 5255 3456 5302 noster
3517 5263 3579 5300 ea
3629 5263 3752 5316 quae

2161 5343 2227 5398 de
2277 5342 2662 5398 incarnationis
2700 5356 2808 5394 sua:
2838 5341 3096 5409 mysterio
3126 5356 3220 5410 per
3253 5341 3406 5404 longa
3445 5349 3749 5408 temporum

2161 5435 2440 5490 intervalla
2481 5436 2810 5504 signaverat,
2861 5431 2912 5484 in
2957 5429 3072 5487 sola
3128 5431 3542 5490 resur.eetionis
3585 5439 3782 5496 atque,

2159 5525 2495 5581 ascension's
2542 5540 2652 5583 sua:
2693 5523 2860 5594 gloria
2910 5523 3086 5579 subito
3133 5520 3404 5592 patefcct.
3453 5521 3569 5575 Non
3619 5535 3749 5585 ergo

2161 5620 2378 5682 mirum,
2408 5618 2453 5671 si
2482 5617 2539 5670 Β.
2574 5614 2878 5672 Bonifacius
2909 5613 3228 5682 quibusdam
3261 5613 3517 5681 gradibus
3543 5613 3746 5683 pertin-

2159 5724 2284 5776 gere
2329 5711 2523 5764 meruit
2555 5710 2620 5763 ad
2657 5723 2935 5773 coronam,
2966 5707 3398 5776 quandoquidem
3443 5714 3496 5761 et
3537 5707 3743 5761 Auc.or
