4022 6202
221 271 320 329 617

1755 254 2012 315 SEBMO
2050 253 2173 313 XX.

3613 268 3722 325 618

217 392 419 450 salutis
452 390 728 447 humana
759 400 860 458 pro
890 384 1402 454 charitateuostra,
1440 385 1600 440 velut
1633 399 1732 458 per
1761 378 2184 457 quas-Adunt.
2249 376 2406 435 Sicut
2463 380 2764 436 Cornelius
2824 381 2919 437 ille
2975 384 3276 454 centurio,
3333 387 3435 459 qui
3491 390 3726 460 gentilis

217 483 348 540 dam
379 474 828 551 dispensationis
856 489 978 532 sua
1013 473 1213 543 lineas,
1247 473 1538 531 descendit
1567 474 1638 531 ad
1676 489 1928 547 panam.

217 569 522 630 Descendit
571 566 667 623 hic
711 563 783 621 ad
825 578 1110 632 occasum,
1137 570 1200 620 ut
1233 562 1332 620 ille
1373 562 1578 619 rediret
1615 561 1686 620 ad
1717 569 1927 620 ortum.

218 658 459 719 Pertulit
489 655 770 715 Dominus
800 668 1097 725 vesperam
1140 651 1567 724 temporalitatis
1603 658 1834 721 nostra,
1871 656 1933 708 ut

215 767 320 810 nos
365 749 659 808 reduceret
710 745 782 803 ad
835 744 1032 801 lumen
1085 742 1144 798 in
1202 742 1509 800 occiduum
1557 742 1932 816 perennitatis

217 857 359 900 sua.
416 839 528 898 Sed
569 827 1053 896 considerandum
1092 837 1194 902 est,
1226 831 1429 888 fratres
1474 830 1607 900 mei,
1645 831 1932 902 quomodo

218 931 280 989 B.
339 927 705 988 Bonifacium
759 924 908 981 inter
961 922 1112 995 ipsas
1173 920 1430 994 reproba
1483 919 1619 978 vita
1669 920 1933 978 tenebras

217 1016 534 1076 sanctitatis
559 1013 849 1088 igniculus
876 1026 989 1068 non
1019 1008 1294 1080 deseruit,
1316 1009 1416 1068 sed
1444 1008 1642 1066 tandiu
1667 1008 1837 1068 illum
1868 1009 1932 1066 in

217 1104 480 1164 minimis
510 1102 670 1172 fovit,
700 1102 880 1158 donec
906 1099 976 1156 ad
1011 1113 1215 1169 magna
1254 1098 1545 1170 perduxit.
1587 1097 1720 1155 Erat
1749 1099 1929 1166 enim,

218 1196 367 1252 sicut
400 1192 463 1250 in
501 1197 796 1264 gestorum
831 1189 956 1261 ejus
987 1187 1320 1245 continetur
1365 1185 1602 1244 historia
1624 1233 1639 1257 ,
1673 1185 1933 1244 ebriosus

217 1292 273 1344 et
324 1283 573 1354 adulter,
606 1289 660 1339 et
715 1279 982 1339 omnium
1035 1276 1310 1334 vitiorum
1363 1275 1584 1334 amicus
1628 1291 1760 1349 qua
1813 1275 1934 1334 odit

218 1375 393 1434 Deus.

290 1463 648 1523 Audivimus
684 1457 1123 1519 obscurissimas
1163 1457 1426 1514 tenebras
1475 1454 1770 1529 pravitatis
1794 1498 1808 1525 ,
1840 1454 1930 1511 vi-

221 1555 463 1613 deamus
490 1553 662 1610 etiam
703 1548 1004 1608 sublucere
1045 1544 1134 1604 vel
1168 1553 1400 1604 tenuem
1440 1543 1814 1602 scintillulam
1852 1559 1935 1600 re-

221 1643 546 1704 ctitudinis.
602 1640 880 1712 Habebat,
934 1639 1146 1712 inquit,
1203 1635 1668 1710 hospitalitatem,
1710 1635 1936 1708 largita-

2009 468 2201 526 adhuc
2237 467 2623 543 eleemosynis
2658 476 2712 527 et
2738 471 3097 531 orationibus
3128 474 3351 533 institit.
3387 475 3610 546 Quibus
3638 482 3722 538 vi-

2010 557 2214 616 delicet
2264 559 2757 633 suffragantibus,
2799 562 2868 619 ad
2916 562 3183 636 baptismi
3225 568 3590 637 postmodum
3639 586 3725 628 sa-

2011 653 2302 706 cramenta
2361 649 2640 720 pervenit.
2698 651 2801 708 Cui
2859 652 3106 723 profecto
3157 655 3417 728 angelus,
3478 659 3725 718 necdum

2011 744 2274 809 percepta
2299 737 2747 810 regenerationis
2770 740 2972 812 gratia,
3001 740 3150 799 dixit
3182 762 3192 800 :
3232 768 3256 790 «
3290 743 3586 806 Orationes
3615 754 3727 807 tua

2012 831 2067 882 et
2123 827 2508 899 eleemosyna
2570 833 2684 885 tua
2740 830 3121 888 ascenderunt
3174 832 3235 889 in
3293 837 3630 894 memoriam
3665 837 3726 894 in
3810 866 3816 873 -

2011 921 2318 986 conspectu
2354 915 2604 987 Domini,
2638 923 2691 974 et
2727 932 2885 975 nunc
2913 919 3073 976 mitte
3111 919 3266 978 viros
3305 921 3367 979 in
3397 923 3638 997 JOppen,
3671 931 3728 983 et

2011 1001 2221 1059 accersi
2278 1001 2573 1060 Simonem
2633 1002 2884 1063 Petrum.
2940 1005 3050 1063 Hic
3103 1006 3250 1065 dicet
3312 1009 3414 1068 tibi
3469 1010 3612 1084 quid
3674 1018 3727 1069 te

2011 1101 2266 1167 oporteat
2311 1097 2493 1154 facere
2535 1100 2682 1168 (Act.
2720 1103 2803 1169 Χ).
2843 1123 2866 1148 η
2902 1100 2984 1156 Ac
3031 1098 3079 1156 si
3121 1100 3422 1174 perspicue
3462 1100 3720 1161 diceret:

2012 1188 2141 1247 Jam
2200 1188 2310 1247 Deo
2359 1205 2494 1261 qua
2546 1196 2642 1248 tua
2697 1196 2832 1248 sunt
2867 1189 3151 1258 obtulisti,
3199 1192 3268 1248 de
3315 1198 3522 1250 catero
3577 1195 3726 1252 nihil

2013 1283 2290 1349 superest,
2325 1277 2438 1334 nisi
2487 1284 2548 1335 ut
2585 1283 2641 1335 et
2682 1278 2804 1352 ipse
2842 1278 3052 1336 debeas
3104 1295 3319 1338 munus
3359 1282 3529 1354 longe
3576 1299 3725 1356 pra-

2015 1365 2259 1423 stantius
2299 1364 2414 1421 tuis
2443 1365 2786 1423 muneribus
2831 1366 3157 1438 superaddi,
3191 1367 3417 1442 tuisque
3456 1375 3508 1428 te
3538 1370 3724 1429 facul-

2015 1453 2226 1511 tatibus
2263 1468 2554 1526 possessor
2590 1453 2845 1526 adjicias,
2877 1459 2941 1511 ut
2970 1469 3153 1513 unum
3183 1471 3256 1512 ex
3287 1456 3580 1529 omnibus,
3610 1473 3722 1517 non

2009 1543 2126 1615 jam
2161 1541 2530 1612 sacrificium,
2563 1541 2661 1600 sed
2703 1542 3100 1601 holocaustum
3128 1545 3319 1618 potius
3345 1545 3461 1603 ﬁat.

2087 1631 2174 1687 Ad
2206 1629 2382 1702 hujus
2418 1629 2597 1703 igitur
2635 1630 2991 1689 centurionis
3028 1633 3367 1706 exemplum
3395 1632 3459 1690 B.
3492 1631 3728 1691 Bonifa-

225 1742 338 1792 tem
369 1742 425 1791 et
467 1731 959 1797 misericordiam;
991 1743 1123 1802 qua
1162 1735 1350 1784 tamen
1397 1725 1501 1783 tria
1541 1741 1726 1784 unum
1775 1731 1928 1790 sunt,
1957 1721 2142 1786 Bcius
2198 1721 2361 1793 prius
2411 1718 2569 1777 dedit
2623 1735 2746 1790 sua,
2801 1721 3164 1794 postmodum
3219 1737 3314 1793 se;
3369 1722 3506 1796 quia
3558 1723 3732 1796 juxta

223 1830 278 1882 et
322 1822 503 1880 unius
551 1820 810 1878 membra
862 1825 998 1876 sunt
1052 1815 1363 1875 charitatis.
1421 1813 1699 1887 Sequitur
1752 1812 1944 1870 adhuc

227 1911 491 1981 historia,
523 1915 577 1968 et
612 1909 766 1984 quod
813 1906 1059 1966 breviter
1097 1907 1396 1980 pramisit,
1444 1903 1682 1977 exponit
1713 1923 1725 1961 :
1761 1903 1863 1977 qui
1895 1902 1943 1960 si

2024 1818 2372 1885 praceptum
2420 1809 2559 1884 legis
2599 1811 2799 1877 (Exod.
2847 1817 2978 1881 XII),
3019 1827 3236 1885 agnum
3274 1812 3622 1872 innocentia
3669 1813 3731 1872 in

2024 1901 2145 1959 suis
2171 1899 2442 1974 gregibus
2468 1899 2716 1972 reperire
2739 1915 2858 1956 non
2883 1900 3088 1973 potuit,
3118 1901 3356 1962 hadum
3377 1903 3735 1975 panitentia

225 2000 558 2075 aliquando,
592 1999 798 2072 inquit,
833 1996 1050 2055 videret
1080 1997 1470 2069 peregrinum,
1503 2004 1603 2054 aut
1637 1995 1707 2052 de
1737 1993 1944 2051 itinere
2026 1992 2399 2066 semetipsum
2440 1991 2647 2051 offerre
2684 1992 2927 2050 curavit.
2963 1993 3198 2065 Agnum
3237 1994 3525 2070 siquidem
3561 1998 3734 2055 inno-

223 2087 582 2157 venientem,
614 2102 748 2144 cum
791 2086 951 2144 omni
985 2085 1349 2142 festinatione
1388 2090 1441 2141 et
1479 2083 1769 2141 alacritate
1810 2083 1943 2140 hor-
2026 2091 2237 2153 centes,
2298 2084 2532 2142 hadum
2577 2083 2828 2142 offerunt
2869 2091 3205 2157 peccatores.
3258 2086 3373 2145 Nec
3426 2088 3641 2146 mirum
3688 2089 3737 2146 si

226 2179 456 2236 tabatur
495 2177 814 2249 hospitium
856 2192 1031 2234 suum
1072 2176 1318 2249 ingredi,
1349 2184 1404 2234 et
1449 2174 1808 2232 ministrabat
1852 2175 1943 2241 ei;
2029 2173 2273 2246 quilibet
2315 2180 2546 2231 sanctus
2583 2179 2710 2246 post
2739 2181 2965 2246 peccata
2994 2189 3326 2245 conversus,
3360 2175 3563 2235 hadus
3593 2177 3738 2236 dici-

227 2267 499 2324 noctibus
542 2274 735 2324 autem
779 2265 1062 2322 circuibat
1102 2265 1315 2338 plateas
1366 2268 1420 2320 et
1469 2264 1626 2320 vicos
1677 2262 1947 2330 civitatis,
2035 2267 2145 2332 tur,
2179 2277 2315 2319 cum
2347 2268 2402 2318 et
2438 2261 2560 2335 ipse
2589 2260 2692 2333 qui
2731 2261 2800 2319 de
2829 2262 2974 2320 calo
3012 2277 3114 2335 pro
3143 2264 3536 2336 peccatoribus
3563 2267 3742 2335 venit,

236 2356 502 2414 tribuens
554 2356 638 2414 eis
669 2371 801 2428 qua
846 2355 1162 2412 necessaria
1203 2358 1381 2411 erant.
1429 2353 1573 2410 Ecce
1614 2353 1765 2410 inter
1809 2349 1949 2405 107
2029 2367 2132 2424 per
2178 2351 2404 2408 hircum
2434 2348 2705 2422 dignatus
2747 2357 2833 2408 est
2872 2351 3132 2426 figurari.
3175 2351 3340 2411 Unde
3378 2361 3463 2412 est
3499 2355 3652 2428 quod
3682 2357 3741 2413 in

233 2444 584 2502 densissima
641 2441 1099 2500 horrescentium
1157 2441 1387 2499 dumeta
1444 2441 1745 2514 spinarum
1771 2486 1786 2510 ,
1843 2437 1950 2495 etsi
2036 2440 2292 2498 Levitico
2324 2439 2580 2512 pontifex
2612 2439 2905 2498 viventem
2932 2441 3160 2500 hircum
3187 2441 3296 2500 hoc
3323 2443 3492 2502 modo
3509 2444 3749 2518 jubetur

233 2549 362 2591 rara
391 2577 406 2604 ,
444 2540 630 2591 tamen
688 2533 918 2590 inventa
957 2537 1094 2589 sunt
1140 2529 1264 2587 lilia
1318 2530 1599 2606 floresque
1647 2531 1948 2588 virtutum.
2034 2530 2257 2600 offerre,
2294 2536 2359 2588 ut
2387 2531 2569 2603 posita
2592 2545 2765 2604 super
2785 2538 2954 2605 caput
2983 2534 3108 2606 ejus
3127 2537 3368 2607 utraque
3393 2549 3750 2606 manu,con-

234 2621 308 2678 Et
347 2619 550 2679 multa
583 2629 719 2678 sunt
757 2621 964 2695 plaga,
997 2637 1130 2694 qua
1180 2619 1474 2678 volucrem
1512 2621 1742 2679 Domini
1774 2629 1951 2679 terra-
2037 2622 2267 2678 fiteatur
2314 2635 2516 2703 omnes
2566 2620 2908 2694 iniquitates
2952 2621 3209 2680 filiorum
3251 2623 3449 2694 Israel,
3509 2621 3650 2679 108
3695 2631 3751 2683 et

236 2718 410 2770 tenus
434 2719 783 2784 aggravant;
823 2727 1018 2784 pauca
1044 2727 1271 2785 penna,
1304 2727 1436 2784 qua
1469 2712 1678 2770 levant.
1724 2712 1834 2770 Sed
1869 2712 1954 2769 fa-
2037 2711 2306 2768 universa
2359 2707 2566 2766 delicta
2606 2713 2780 2782 atque
2828 2715 3057 2783 peccata
3102 2726 3326 2782 eorum,
3373 2727 3506 2786 qua
3549 2713 3754 2786 impre-

236 2801 350 2858 cile
377 2808 462 2859 est
490 2801 711 2858 medico
743 2801 1072 2859 animarum
1104 2801 1220 2859 Deo
1250 2802 1500 2874 patentia
1527 2801 1770 2860 vulnera
1798 2800 1952 2860 tenui
2035 2814 2172 2856 cans
2221 2795 2391 2870 capiti
2447 2798 2591 2870 ejus,
2648 2797 2866 2855 emittat
2923 2797 3092 2857 illum
3144 2800 3204 2856 in
3255 2799 3546 2858 desertum
3601 2804 3753 2869 (Lee.

240 2892 667 2950 medicamento
697 2905 1055 2963 componere,
1085 2899 1138 2946 et
1172 2890 1275 2948 ubi
1309 2907 1516 2950 sanum
1547 2891 1688 2965 quid
1723 2891 1954 2964 reperit,
2039 2893 2285 2954 XXXVI).
2321 2884 2472 2954 Quid
2502 2890 2588 2942 est
2609 2892 2804 2943 autem
2831 2885 3061 2945 hircum
3083 2886 3316 2961 utrique
3342 2891 3539 2947 manui
3565 2891 3758 2964 ponti-

233 2987 467 3051 catera,
500 2996 632 3054 qua
677 2979 1128 3054 circumquaque
1159 2981 1385 3053 putrida
1425 2987 1577 3050 sunt,
1607 2980 1678 3038 ad
1712 2980 1955 3038 salutem
2040 2977 2164 3034 ﬁcis
2207 2975 2436 3048 subjici,
2468 2975 2582 3032 nisi
2637 2975 2851 3033 Filium
2901 2976 3152 3034 hominis
3199 2977 3259 3034 in
3310 2977 3756 3038 similitudinem

234 3068 545 3143 pristinam
589 3084 871 3127 revocare.
918 3068 1091 3127 Porro
1141 3075 1354 3138 autem,
1393 3069 1540 3127 sicut
1578 3070 1726 3126 mari
1774 3066 2229 3144 possi-Ccarnis
2278 3066 2496 3138 peccati
2532 3070 2699 3139 (Rom.
2734 3067 2856 3138 VIII)
2889 3068 3215 3126 venientem
3255 3084 3358 3144 per
3389 3062 3757 3130 voluntatem

234 3158 359 3216 bile
419 3166 502 3215 est
568 3157 744 3216 unius
805 3157 1061 3215 hominis
1115 3172 1322 3231 corpus
1383 3157 1614 3215 abluere
1645 3205 1659 3228 ,
1718 3158 1792 3214 ita
1847 3158 1960 3215 Deo
2047 3156 2194 3225 Dei,
2229 3156 2533 3228 utriusque
2568 3155 2806 3229 populi,
2848 3155 3074 3214 Judaici
3112 3158 3377 3218 videlicet
3413 3167 3466 3219 et
3504 3159 3760 3234 gentilis,

235 3235 518 3319 perfacile
552 3253 655 3316 est,
687 3246 1119 3319 quantumlibet
1167 3247 1329 3320 lapsi,
1367 3246 1796 3319 quantumlibet
1828 3261 1960 3318 pec-
2048 3243 2442 3317 persecutione
2506 3243 2734 3317 gravari
2777 3253 2798 3301 ?
2849 3244 3025 3302 Plane
3085 3248 3388 3322 utriusque
3448 3263 3508 3306 se
3579 3250 3766 3308 voluit

2049 3332 2320 3390 manibus
2367 3333 2679 3406 subjacere,
2726 3333 2826 3407 qui
2873 3335 2944 3392 de
2987 3335 3128 3408 jugo
3179 3336 3391 3394 diaboli
3445 3343 3761 3412 utrumque

2050 3429 2287 3480 venerat
2315 3423 2600 3496 populum
2638 3422 2902 3482 liberare.
2941 3424 3088 3493 Quid
3137 3441 3270 3484 vero
3307 3433 3392 3484 est
3439 3426 3591 3500 quod
3637 3435 3763 3502 post

2050 3511 2470 3570 confessionem
2517 3518 2688 3588 atque
2727 3513 3197 3586 imprecationem
3243 3515 3508 3573 omnium
3545 3515 3766 3590 iniqui-

2053 3607 2232 3660 tatum
2260 3601 2518 3659 ﬁliorum
2544 3600 2720 3660 Israel
2743 3618 2916 3676 super
2942 3604 3121 3677 capita
3144 3605 3270 3676 ejus
3299 3605 3494 3664 hircus
3521 3605 3768 3665 mittitur

2054 3691 2112 3747 in
2139 3691 2452 3762 desertum,
2485 3690 2597 3747 nisi
2637 3691 2773 3764 quia
2807 3691 2857 3749 is
2881 3691 2981 3763 qui
3012 3699 3237 3764 peccata
3265 3701 3457 3752 nostra
3496 3695 3767 3768 portavit,

2052 3781 2153 3853 qui
2204 3780 2346 3854 legis
2391 3779 2692 3837 maledicta
2727 3780 3024 3849 sustinuit,
3060 3781 3326 3853 protinus
3350 3782 3409 3840 in
3452 3782 3768 3852 desertum,

2055 3870 2158 3929 ubi
2210 3870 2522 3940 nonaginta
2567 3885 2779 3928 novem
2816 3870 3144 3943 reliquerat,
3176 3888 3341 3930 ovem
3394 3874 3766 3930 centesimam

2058 3955 2422 4032 reportavit?
2453 3960 2676 4026 (Matth.
2720 3960 2908 4030 XVIII.)
2946 3957 3109 4016 Unde
3156 3966 3212 4017 et
3253 3959 3560 4034 Apostolus
3591 3985 3603 4018 :
3643 3986 3668 4009 «
3698 3959 3771 4018 Ut

239 3333 452 3392 caloris
502 3332 760 3390 hominis
809 3333 1066 3391 animam
1119 3334 1192 3391 ab
1243 3334 1402 3392 omni
1457 3341 1650 3392 reatus
1697 3334 1962 3407 squalore

235 3439 509 3498 purgare.
549 3421 658 3481 Sed
702 3421 849 3480 sicut
875 3422 1007 3496 quis
1049 3423 1306 3495 quandiu
1341 3425 1400 3482 in
1452 3430 1646 3481 monte
1682 3422 1960 3494 consistit,

242 3512 497 3570 marinis
523 3510 792 3570 ﬂuctibus
830 3525 944 3568 non
992 3510 1274 3582 abluitur,
1305 3511 1381 3568 ita
1420 3518 1679 3585 peccator
1704 3511 1964 3585 quandiu

242 3598 307 3656 in
340 3608 566 3658 tumore
593 3599 880 3673 superbia
905 3605 1251 3673 perseverat,
1285 3599 1414 3657 licet
1441 3599 1598 3672 larga
1627 3599 1716 3668 sit,
1747 3600 1964 3657 divina

239 3687 473 3761 pietatis
502 3703 637 3745 eum
667 3687 1027 3744 abundantia
1067 3703 1182 3746 non
1211 3695 1514 3762 expurgat.
1556 3689 1802 3746 Accedat
1831 3703 1966 3761 ergo

236 3792 347 3850 per
397 3776 795 3850 paenitentiam
839 3776 910 3833 ad
955 3777 1167 3834 fontem
1207 3776 1638 3847 misericordia,
1668 3778 1767 3850 qui
1813 3777 1966 3834 desi-

242 3867 409 3924 derat
453 3866 613 3924 ablui
638 3882 671 3923 a
698 3866 981 3939 contagiis
1006 3869 1216 3941 culpa.
1256 3868 1326 3925 Et
1353 3869 1454 3942 qui
1485 3869 1595 3927 sibi
1623 3885 1656 3926 a
1686 3869 1801 3926 Deo
1841 3869 1968 3926 fieri

243 3954 705 4012 misericordiam
760 3956 1041 4027 postulat,
1092 3957 1215 4030 ipse
1270 3973 1501 4032 quoque
1561 3959 1970 4016 misericordia

244 4044 475 4101 viscera
513 4043 798 4116 proximis
846 4043 1247 4117 indigentibus
1295 4047 1605 4105 clementer
1654 4047 1966 4121 impendat.
2055 4063 2179 4118 nos,
2221 4047 2434 4121 inquit,
2496 4047 2766 4105 liberaret
2807 4061 2841 4104 a
2898 4048 3220 4117 maledicto,
3273 4050 3394 4124 ipse
3445 4050 3630 4109 factus
3681 4056 3771 4108 est
3818 4101 3820 4104 ,

243 4129 496 4205 Videtis,
541 4133 744 4190 fratres
779 4132 1126 4204 charissimi,
1157 4136 1298 4210 quia
1331 4136 1564 4195 beatum
1605 4138 1760 4196 hunc
1795 4135 1971 4196 Boni-
2056 4135 2427 4194 maledictum
2473 4136 2611 4205 (Gal.
2667 4137 2768 4206 in).
2813 4158 2839 4188 η
2885 4136 2992 4194 Per
3041 4136 3268 4196 hircum
3314 4154 3450 4213 ergo
3484 4140 3770 4213 ﬁguratus

244 4220 471 4278 facium
520 4222 592 4278 de
646 4227 721 4280 tot
777 4223 1010 4295 ﬂagitiis
1061 4239 1197 4296 qua
1245 4225 1551 4297 commisit,
1590 4227 1777 4284 solum
1829 4243 1974 4301 opus
2057 4231 2142 4283 est
2185 4224 2487 4291 Dominus,
2543 4225 2642 4296 qui
2699 4240 2799 4298 pro
2840 4226 3236 4298 peccatoribus
3287 4227 3464 4284 venit.
3518 4227 3766 4286 Hadum

240 4309 670 4367 misericordia
727 4309 1009 4381 liberavit,
1081 4321 1145 4371 ut
1201 4329 1315 4372 non
1385 4314 1553 4372 modo
1610 4321 1971 4387 peccatorum
2058 4313 2389 4372 Bonifacius
2434 4314 2660 4383 obtulit,
2717 4314 2818 4389 qui
2869 4331 2992 4373 sese
3039 4315 3112 4372 ad
3164 4317 3501 4389 portandum
3539 4332 3767 4376 crucem

243 4412 444 4509 nexrus
472 4396 760 4467 evaderet,
788 4398 884 4455 sed
922 4400 1098 4458 etiam
1135 4401 1465 4475 insignibus
1504 4402 1758 4460 victoria
1791 4403 2034 4509 titulisD
2058 4405 2182 4476 ejus
2211 4410 2331 4476 post
2359 4408 2584 4476 peccata
2609 4403 2907 4460 convertit.
2938 4403 3005 4460 Et
3031 4404 3168 4477 quia
3204 4405 3261 4461 in
3291 4405 3416 4478 lege
3443 4404 3772 4478 pracipitur

238 4485 325 4542 ad
368 4486 596 4543 felicem
644 4487 909 4558 martyrii
952 4489 1193 4560 gloriam
1234 4491 1578 4563 perveniret.
1623 4490 1692 4547 Et
1737 4485 2034 4564 quidem”
2065 4499 2127 4547 ut
2159 4489 2262 4563 qui
2300 4490 2362 4546 in
2404 4491 2591 4560 primo
2632 4506 2830 4547 mense
2878 4489 3092 4547 Pascha
3131 4492 3314 4548 facere
3351 4506 3466 4548 non
3500 4490 3770 4564 potuerit,

243 4588 376 4630 non
419 4580 544 4631 erat
567 4573 792 4646 dignus
838 4581 904 4632 ut
935 4591 966 4632 a
1001 4575 1117 4634 Deo
1165 4579 1568 4651 susciperetur,
1634 4580 1731 4637 sed
1783 4581 1975 4638 dando
2065 4580 2234 4637 faciat
2280 4578 2339 4634 in
2389 4579 2671 4648 secundo;
2704 4577 2931 4651 primus
2975 4585 3169 4636 autem
3210 4578 3444 4647 mensis,
3472 4577 3660 4649 prima
3690 4583 3774 4634 est

241 4679 385 4732 sua,
425 4664 744 4736 promeruit
775 4674 838 4722 ut
866 4666 1244 4739 semetipsum
1278 4667 1391 4725 Deo
1421 4669 1764 4727 sacrificium
1793 4670 1972 4741 daret,
2063 4668 2266 4742 gratia.
2300 4667 2508 4724 Beatus
2560 4667 2656 4724 hic
2711 4672 2928 4740 martyr
2950 4710 2963 4737 ,
2990 4667 3127 4740 quia
3177 4665 3503 4738 paschalem
3552 4681 3770 4738 agnum

238 4759 333 4822 et,
368 4752 466 4824 qui
495 4760 735 4810 eatenus
766 4755 1073 4812 carnaliter
1113 4756 1357 4827 vixerat,
1391 4758 1748 4830 spiritualem
1782 4773 1840 4816 se
1869 4761 1975 4818 ho—
2065 4773 2180 4815 non
2243 4757 2528 4816 obtulerat
2595 4758 2678 4813 in.
2723 4757 2910 4830 primo
2981 4771 3175 4814 mense
3231 4754 3554 4813 innocentis
3615 4754 3769 4826 vita,

236 4842 427 4897 stiam
457 4841 520 4897 in
548 4840 782 4898 odorem
812 4842 1111 4900 suavitatis
1137 4843 1382 4901 offerret.
1416 4845 1698 4904 Nonnulli
1727 4863 1978 4921 namque
2068 4845 2296 4903 hadum
2347 4844 2558 4902 obtulit
2597 4845 2654 4901 in
2692 4844 2964 4913 secundo,
2999 4844 3307 4901 fructuosa
3345 4841 3611 4900 videlicet
3649 4857 3768 4915 pa-

235 4931 425 5006 prius
455 4931 791 5005 semetipsos
828 4933 1099 5003 offerunt,
1129 4934 1493 5006 postmodum
1536 4951 1660 4994 sua.
1709 4935 1868 4995 Sicut
1907 4937 1977 4995 de
2067 4934 2345 4992 nitentia.
2379 4933 2492 5003 Qui
2538 4935 2680 4992 dum
2713 4935 2924 5008 quarit
2957 4935 3236 4992 honorare
3281 4941 3582 5006 martyres,
3617 4948 3768 4990 mar-

236 5021 437 5095 primi
475 5021 725 5095 parentis
756 5022 877 5080 filio
919 5023 1196 5096 scriptum
1241 5030 1325 5080 est
1357 5048 1368 5081 :
1407 5047 1427 5074 σι
1460 5024 1735 5099 Respexit
1778 5026 1977 5084 Domi-
2067 5027 2157 5096 tyr
2191 5021 2456 5092 efﬁcitur,
2481 5021 2628 5080 sicut
2672 5028 2728 5080 et
2767 5023 2864 5079 ille
2896 5024 2952 5079 in
3001 5021 3380 5095 hospitalitate
3419 5035 3536 5078 non
3577 5019 3771 5092 dispar

235 5125 382 5167 nus
420 5110 488 5166 ad
538 5109 685 5166 Abel
737 5116 788 5167 et
835 5111 906 5169 ad
953 5128 1198 5170 munera
1247 5113 1373 5185 ejus
1417 5116 1571 5184 (Gen.
1603 5119 1703 5186 Iv).
1742 5138 1762 5166 ι
1821 5114 1980 5174 Sicut
2067 5110 2304 5179 Abdias,
2333 5110 2473 5167 dum
2512 5111 2811 5183 prophetas
2857 5111 3037 5184 pascit
3082 5110 3142 5167 in
3183 5111 3486 5183 specubus,
3524 5110 3769 5182 prophe-

239 5203 428 5262 enim
465 5203 608 5260 Abel
646 5203 1019 5276 semetipsum
1058 5203 1173 5260 Deo
1205 5204 1366 5276 prius
1408 5203 1711 5274 obtulerat,
1743 5211 1797 5262 et
1823 5212 1976 5278 post—
2068 5199 2227 5257 tandi
2251 5199 2493 5272 gratiam
2516 5204 2569 5255 et
2601 5199 2722 5271 ipse
2750 5206 3002 5256 meretur
3029 5202 3130 5268 (ΠΙ
3142 5203 3272 5267 Reg.
3308 5204 3480 5268 XVII).

237 5287 506 5347 modum
552 5304 796 5347 munera
834 5289 1127 5360 offerebat,
1167 5290 1245 5347 ita
1285 5296 1339 5348 et
1380 5289 1663 5348 Dominus
1704 5292 1866 5364 prius
1908 5292 1980 5349 ad

234 5380 480 5452 ipsum,
507 5377 717 5436 deinde
743 5377 814 5434 ad
841 5375 967 5450 ejus
988 5392 1232 5434 munera
1265 5378 1587 5450 respexisse
1623 5380 1976 5451 perhibetur.

239 5465 552 5524 Nonnulli
614 5481 750 5523 vero
804 5465 863 5522 in
919 5464 1124 5538 primis
1174 5482 1306 5539 qua
1357 5482 1460 5524 sua
1513 5473 1651 5524 sunt
1708 5467 1978 5534 oﬂ‘erunt,

231 5553 483 5613 deinde
528 5555 904 5628 semetipsos,
958 5554 1183 5612 meritis
1229 5554 1659 5629 adjuvantibus,
1716 5554 1982 5629 superad-

582 5667 838 5730 PATROL.
873 5667 1119 5730 CXLIV.

2147 5287 2401 5355 Videtis,
2459 5287 2660 5343 fratres
2717 5287 3082 5358 charissimi,
3133 5293 3348 5359 quanta
3398 5302 3590 5345 coram
3658 5287 3772 5345 Deo

2071 5375 2457 5448 eleemosyua
2497 5374 2571 5431 sit
2605 5375 2889 5447 potentia;
2922 5374 3254 5448 perpendite
3279 5382 3492 5449 quanta
3523 5375 3770 5449 impera-

2074 5462 2231 5521 tricis
2275 5461 2689 5520 misericordia
2747 5462 2820 5519 sit
2858 5463 3143 5536 majestas.
3191 5463 3396 5522 Nonne
3447 5463 3604 5522 enim
3653 5462 3778 5520 hac

2075 5554 2305 5613 videtur
2329 5551 2493 5612 velut
2518 5559 2843 5627 prapotens
2869 5554 3066 5626 regina
3092 5553 3244 5612 inter
3271 5558 3506 5614 cateras
3532 5553 3786 5612 eminere

3423 5670 3494 5728 2U
