4070 6198
274 290 379 349 619

897 285 956 345 S.
1001 284 1222 346 PETRI
1262 283 1582 343 DAMIANI
1622 282 1779 343 OPP.
1821 282 2013 344 PARS
2056 285 2195 346 SEU
2237 288 2487 350 TOMUS
2525 290 2600 349 II.
2643 323 2709 334 —
2750 244 3163 356 SEIiMONES.

3666 303 3774 364 620

275 414 539 484 virtutes,
571 427 703 487 qna
743 410 1023 470 nimirum
1056 410 1127 467 de
1163 409 1457 468 communi
1496 406 1661 482 plebe
1688 408 2044 481 bomines,A
2067 414 2303 472 ctaverit
2333 458 2348 487 ,
2411 416 2636 491 aliquid
2703 418 2866 479 vobis
2897 464 2914 493 ,
2979 422 3150 495 juxta
3217 424 3552 486 rusticitatis
3628 443 3773 488 mea

272 504 459 563 alium
511 502 750 577 quidem
794 500 864 558 ad
908 498 1225 573 prophetia
1266 498 1532 572 provehit
1574 498 1839 572 gratiam,
1880 498 1981 557 alii

275 594 540 669 martyrii
570 594 665 651 dat
693 607 963 651 coronam
991 588 1137 648 ?Illi
1181 589 1276 648 dat
1303 596 1370 650 ut
1407 588 1719 650 Ecclesiam
1766 590 1983 649 Christi

273 685 523 747 calestis
569 680 787 742 oraculi
837 680 1083 754 dapibus
1130 685 1353 753 pascat;
1387 678 1482 737 isti
1533 681 1749 754 prabet
1794 685 1857 736 ut
1907 677 1978 736 ad

274 790 543 850 superna
593 770 795 846 gloria
843 769 1102 843 nuptiale
1155 768 1491 829 convivium
1543 776 1671 844 post
1722 768 1979 827 victoria

271 867 526 941 palmam
558 861 803 920 feliciter
824 859 1162 933 epulaturus
1184 858 1431 918 accedat.
1468 858 1797 918 Habeamus
1818 874 1974 932 ergo~

268 959 490 1027 fratres,
551 950 1004 1011 misericordiam
1032 995 1045 1022 ,
1106 956 1172 1009 ut
1240 956 1295 1007 et
1353 949 1463 1024 ipsi
1524 949 1977 1008 misericordiam

269 1057 728 1118 consequamur;
763 1056 1037 1100 curemus
1065 1040 1449 1113 eleemosynis
1490 1046 1546 1098 et
1572 1039 1801 1113 pietatis
1839 1054 1977 1112 ope-

266 1136 449 1201 ribus,
480 1133 542 1192 in
587 1136 871 1205 quantum
907 1129 1149 1189 facultas
1194 1130 1488 1203 permittit,
1537 1129 1823 1187 insistere.
1867 1132 1975 1187 De-

265 1225 432 1283 lectet
486 1220 891 1295 hospitalitatis
934 1234 1000 1278 ac
1051 1220 1319 1277 fraterna
1368 1217 1743 1292 susceptionis
1787 1217 1977 1277 studio

268 1314 581 1380 deservire,
610 1317 676 1370 ut
707 1309 811 1383 qui
847 1307 1095 1367 calestis
1124 1307 1302 1365 curia
1341 1314 1629 1366 senatores
1661 1308 1977 1381 aspicimus

266 1420 369 1478 per
393 1402 620 1477 pietatis
648 1415 818 1474 opera
857 1404 1028 1457 tanta
1063 1396 1359 1470 dignitatis
1394 1397 1636 1468 gloriam
1675 1399 1973 1471 meruisse,

265 1492 377 1567 ipsi
414 1492 616 1550 saltem
656 1489 857 1564 procul
896 1487 1075 1546 dubio
1111 1486 1471 1546 confidamus
1514 1488 1585 1546 ad
1615 1495 1975 1562 peccatorum

228 1586 596 1641 'nostrorum
642 1577 1068 1652 indulgentiam
1115 1575 1454 1648 pervenire,
1516 1575 1767 1635 Veritate
1802 1579 1973 1652 polli-

265 1678 446 1742 cente,
477 1687 613 1745 qua
649 1671 728 1728 ait
760 1694 773 1728 :
813 1692 834 1721 α
865 1668 1025 1726 Beati
1056 1667 1456 1726 misericordes
1475 1711 1490 1739 ,
1521 1668 1803 1742 quoniam
1832 1669 1974 1744 ipsis

2065 504 2393 565 rudimenta
2432 508 2814 582 conscribere,
2847 517 2911 571 ut
2955 519 3010 571 et
3053 513 3176 588 ipse
3218 524 3412 576 sancto
3457 521 3775 580 conventui

2066 600 2255 653 vestro
2281 595 2478 654 deesse
2509 612 2628 655 non
2658 598 2877 670 videar,
2906 605 3111 675 prater
3132 601 3236 660 illa
3257 620 3393 679 qua
3418 605 3624 681 legitis,
3658 609 3773 666 sal-

2065 688 2181 741 tem
2211 700 2416 758 parum
2459 686 2703 762 aliquid,
2736 689 2897 748 velut
2943 698 3192 764 agrestes
3228 694 3436 753 herbas
3479 696 3774 770 opulentis

2064 771 2296 830 famulis
2340 773 2634 835 adhibere.
2670 776 2766 836 Sic
2792 777 2991 853 itaque
3029 782 3234 840 vestris
3276 783 3574 843 desideriis
3612 785 3776 845 satis-

2064 860 2180 931 tiet,
2210 861 2371 934 dum,
2403 862 2540 937 quia
2570 864 2717 923 mihi
2755 865 3078 928 litterarum
3117 871 3281 944 copia
3314 872 3623 933 artiﬁciosa
3652 888 3773 932 non

2062 951 2327 1026 suppetit,
2357 968 2423 1011 ea
2463 969 2595 1028 qua
2634 961 2928 1017 tentavero
2974 961 3241 1034 scribere,
3272 980 3306 1020 a
3353 964 3503 1023 vivis
3548 965 3771 1024 modice

2060 1038 2370 1097 videantur
2394 1043 2760 1102 sermonibus
2789 1044 3132 1120 discrepare.
3168 1047 3280 1108 Sed
3308 1051 3463 1109 unde
3494 1050 3602 1110 ista
3630 1068 3770 1111 con-

2059 1130 2363 1202 gruentius
2398 1130 2651 1205 incipere
2704 1150 3044 1209 possumus,
3078 1139 3193 1198 nisi
3226 1156 3261 1198 a
3298 1148 3493 1201 sancto
3528 1140 3773 1216 Spiritu,

2060 1221 2229 1293 cujus
2270 1236 2370 1279 vos
2421 1225 2750 1296 nuperrime
2792 1233 2848 1285 et
2877 1228 3159 1289 solemnia
3192 1231 3440 1291 coluisse
3477 1238 3533 1291 et
3560 1249 3778 1293 sermo-

2059 1324 2194 1366 nem
2233 1326 2308 1367 ex
2345 1309 2515 1369 oﬂicii
2555 1315 2739 1372 nostri
2773 1316 3096 1376 ministerio
3120 1335 3237 1378 non
3268 1321 3498 1381 audisse
3523 1323 3779 1396 graviter

2058 1396 2348 1470 suspirare
2378 1398 2687 1459 videmus?
2720 1402 2789 1461 Et
2822 1405 2947 1463 hac
2975 1407 3215 1480 quidem
3264 1424 3378 1467 non
3423 1409 3644 1481 timide,
3672 1409 3774 1470 sed

2058 1484 2303 1543 fidenter
2326 1488 2720 1559 aggredimur,
2754 1491 2910 1566 quia,
2941 1494 3013 1552 de
3044 1510 3159 1569 quo
3188 1495 3349 1571 loqui
3377 1498 3667 1570 volumus,
3699 1498 3775 1557 ab

2056 1575 2180 1649 ipso
2209 1575 2572 1649 concipimus
2607 1586 2674 1637 ut
2704 1578 2863 1655 loqui
2896 1581 3070 1656 digne
3096 1583 3414 1645 valeamus.

2130 1665 2322 1725 Primo
2385 1665 2582 1740 itaque
2635 1668 2956 1729 notandum
3005 1677 3107 1742 est,
3159 1672 3362 1733 fratres
3411 1677 3548 1747 mei,
3595 1682 3772 1750 atque

262 1760 719 1822 misericordiam
759 1758 917 1818 dabit
950 1757 1104 1817 Deus
1155 1760 1366 1825 (Matth.
1403 1759 1480 1832 v),
1513 1779 1540 1809 »
1581 1758 1685 1833 qui
1716 1775 1870 1818 unus
1913 1765 2029 1830 etB
2053 1755 2216 1813 omni
2266 1756 2485 1815 annisu
2538 1758 2839 1817 memoria
2883 1761 3409 1823 commendandum
3452 1765 3610 1840 quia,
3653 1766 3769 1824 nisi

260 1867 436 1913 verus
472 1852 535 1909 in
564 1850 846 1909 Trinitate
886 1847 1134 1922 perfecta
1162 1847 1308 1905 vivit
1333 1855 1389 1906 et
1428 1853 1626 1921 regnat
1652 1848 1716 1905 in
1754 1849 1969 1908 sacula

263 1941 631 2002 saculorum.
656 1940 866 1997 Amen.

903 2051 1153 2141 SERMO
1173 2054 1327 2139 XXI.

387 2204 461 2250 DE
491 2199 717 2251 SPIBITU
752 2200 974 2249 SANCTO
1002 2200 1073 2246 ET
1102 2199 1237 2246 EJUS
1264 2198 1501 2245 GBATIA.
1533 2186 1639 2254 (XV
1666 2186 1834 2255 MAII.)

330 2299 629 2359 Latamur
660 2296 732 2356 de
771 2295 1175 2355 honestissima
1211 2294 1483 2367 petitione
1521 2297 1729 2362 vestra,
1766 2292 1969 2351 fratres

255 2389 606 2460 charissimi,
637 2392 693 2445 et
717 2385 939 2444 ﬂebiles
978 2383 1427 2457 importunitatis
1465 2388 1671 2441 vestra
1704 2381 1968 2455 querelas

257 2480 550 2556 gaudendi
586 2477 755 2538 nobis
781 2476 1083 2536 materiam
1115 2475 1478 2549 deputamus,
1509 2473 1649 2547 quia
1685 2473 1841 2531 enim
1876 2472 1967 2530 bis

255 2569 463 2629 diebus
515 2568 586 2626 ad
634 2566 865 2642 propria
909 2572 1135 2640 peccata
1193 2562 1539 2622 familiarius
1591 2561 1959 2635 depioranda,

259 2672 377 2716 non
408 2656 598 2715 solum
625 2653 952 2713 remotioris
979 2651 1255 2710 custodia
1285 2650 1505 2709 obicem
1533 2653 1755 2724 corpori
1784 2650 1880 2708 sed
1911 2656 1967 2708 et

254 2745 479 2820 procaci
521 2745 739 2816 lingua
777 2745 939 2801 frena
976 2740 1296 2815 posuimus.
1338 2740 1606 2810 Pulsatis,
1641 2739 1851 2813 petitis,
1885 2744 1962 2809 et,

263 2832 404 2890 109
428 2842 494 2893 ut
522 2833 685 2892 vobis
709 2831 1108 2891 adificationis
1133 2831 1307 2890 verba
1332 2833 1585 2904 proferre
1606 2845 1722 2889 non
1751 2828 1962 2903 pigeat,

253 2922 669 2983 instantissime
717 2920 1003 2995 ﬂagitatis,
1051 2918 1308 2978 maxime
1353 2918 1493 2993 quia
1538 2934 1725 2993 nuper
1766 2924 1965 2976 octava

251 3027 426 3071 sacra
472 3011 851 3080 Pentecostes,
901 3023 995 3066 me
1033 3013 1287 3077 tacente,
1336 3007 1686 3080 pertransiit,
1729 3014 1784 3065 et
1834 3007 1964 3066 ideo

2056 1844 2190 1914 quis
2245 1845 2430 1918 gratia
2488 1847 2669 1904 sancti
2727 1847 2979 1922 Spiritus
3040 1858 3329 1911 mereatur
3379 1853 3580 1923 afﬂari,
3634 1853 3772 1913 licet

2055 1939 2311 2005 conetur,
2362 1933 2493 1993 licet
2531 1936 2604 1994 ad
2657 1941 2883 2011 tempus
2930 1939 3074 1998 eniti
3126 1940 3408 2015 videatur,
3459 1958 3769 2018 nunquam

2051 2028 2245 2081 tamen
2295 2025 2369 2082 ad
2415 2024 2566 2083 bona
2604 2027 2928 2100 peragenda
2969 2044 3202 2102 prorsus
3245 2046 3565 2106 assurgere,
3606 2049 3767 2094 nun-

2051 2128 2224 2186 quam
2259 2114 2377 2173 Deo
2413 2114 2605 2188 placiti
2653 2117 2842 2191 operis
2870 2116 3023 2177 valet
3061 2120 3284 2180 fructus
3320 2119 3543 2180 afferre.
3575 2123 3771 2184 Arbor

2050 2216 2308 2275 namque
2333 2203 2452 2261 solo
2482 2204 2754 2265 radicitus
2781 2207 2901 2264 fixa
2927 2222 3124 2266 succos
3149 2223 3223 2266 ex
3248 2208 3470 2283 uligine
3492 2212 3765 2287 concipit,

2048 2290 2263 2363 quibus
2308 2305 2409 2365 per
2458 2292 2731 2352 interiora
2780 2294 3028 2365 diffusis,
3075 2302 3130 2355 et
3179 2296 3242 2354 in
3291 2299 3651 2358 incrementa
3707 2317 3770 2361 se

2048 2379 2267 2437 roboris
2304 2380 2473 2452 erigit
2508 2388 2564 2439 et
2606 2398 2841 2455 germen
2877 2384 3103 2443 emittit.
3142 2385 3367 2460 Quique
3397 2395 3590 2447 autem
3630 2388 3774 2448 fide-
3864 2390 3871 2394 ’

2050 2469 2133 2526 les
2153 2471 2386 2528 arbores
2410 2487 2612 2531 sumus
2640 2473 2793 2532 intra
2821 2481 3033 2532 sancta
3061 2490 3269 2535 nemus
3288 2476 3576 2548 Ecclesia,
3602 2476 3771 2537 illius

2048 2559 2266 2617 summi
2311 2560 2599 2634 Agricola
2643 2562 3017 2636 dispositione
3061 2564 3324 2635 plantati.
3368 2564 3557 2635 Quam
3594 2564 3771 2640 plan-

2048 2647 2323 2707 tationem
2375 2649 2590 2709 Paulus
2638 2650 2925 2709 indicabat
2976 2652 3240 2726 Ephesiis
3272 2702 3286 2724 ,
3317 2669 3449 2713 cum
3492 2654 3766 2714 dicebat:

2052 2760 2074 2790 «
2111 2739 2184 2798 Ut
2215 2741 2309 2799 det
2346 2740 2512 2800 vobis
2541 2742 2862 2801 secundum
2888 2742 3123 2803 divitias
3148 2745 3349 2818 gloria
3385 2761 3509 2805 sua
3546 2746 3772 2805 virtute

2046 2831 2403 2890 corroborari
2452 2848 2553 2906 per
2598 2831 2883 2907 Spiritum
2921 2834 3046 2906 ejus
3091 2834 3152 2892 in
3191 2835 3525 2894 interiorem
3578 2835 3771 2893 homi.

2051 2934 2228 2989 nem,
2287 2920 2585 2979 Christum
2652 2921 2911 2980 habitare
2974 2939 3075 2997 per
3134 2922 3308 2983 fidem
3372 2924 3435 2981 in
3490 2923 3772 2981 cordibus

2045 3007 2296 3078 vestris,
2360 3009 2424 3066 in
2486 3009 2760 3069 charitate
2827 3011 3064 3070 radicati
3133 3018 3190 3070 et
3255 3013 3479 3072 fundati
3534 3014 3768 3084 (Ephes.

252 3118 372 3161 non
428 3101 716 3159 mediocre
762 3113 866 3157 vos
916 3096 1279 3155 arbitramini
1325 3096 1570 3171 prepria
1618 3096 1822 3156 salutis
1869 3097 2156 3192 in-Cm).
2216 3118 2239 3148 ιι
2299 3096 2473 3155 Terra
2529 3103 2723 3157 autem
2780 3105 2975 3157 nostra
3007 3145 3022 3169 ,
3078 3101 3182 3160 ubi
3234 3102 3357 3174 spei
3414 3106 3627 3161 nostra
3678 3118 3775 3161 ra-

250 3191 499 3251 currisse
538 3188 928 3263 dispendium,
966 3187 1105 3260 quia
1152 3201 1381 3245 mecum
1418 3202 1536 3244 non
1588 3188 1853 3259 potuistis
1895 3186 1966 3245 de

250 3282 499 3339 adventu
540 3277 719 3338 sancti
759 3277 1007 3351 Spiritus
1048 3278 1320 3352 frequens
1353 3277 1565 3335 habere
1603 3277 1771 3335 solito
1805 3292 1967 3335 more

245 3372 624 3448 colloquihm.
667 3370 829 3429 Unde
867 3385 984 3428 non
1020 3369 1312 3426 immerito
1356 3367 1720 3442 gratulamur
1756 3369 1816 3427 in
1854 3369 1962 3426 Do-

252 3462 435 3532 mino,
466 3460 607 3519 dum
632 3457 705 3517 ad
731 3458 861 3516 illas
890 3473 991 3515 vos
1018 3457 1221 3531 epulas
1244 3456 1444 3515 avidos
1468 3463 1642 3530 atque
1672 3456 1966 3515 inhiantes

252 3550 587 3623 aspicimus,
621 3564 872 3624 quarum
915 3547 1134 3606 sobrios
1168 3553 1223 3604 et
1254 3546 1595 3615 fastidiosos,
1629 3548 1786 3604 velut
1814 3545 1965 3603 male

260 3641 661 3713 languescente
719 3639 931 3696 mentis
971 3637 1284 3707 stomacho,
1316 3636 1485 3694 morti
1528 3636 1825 3710 proximos
1865 3637 1964 3709 ju-

254 3729 536 3788 dicamus.
584 3728 653 3785 Et
699 3727 831 3785 licet
876 3741 1011 3784 vera
1060 3724 1305 3783 charitas
1341 3740 1461 3783 non
1513 3725 1765 3799 patiatur
1813 3724 1965 3781 inter

253 3819 456 3877 fratres
482 3818 711 3876 diversa
747 3814 969 3885 sentiri,
1002 3814 1196 3885 fateor,
1242 3820 1426 3871 tamen
1471 3813 1532 3870 in
1581 3814 1687 3872 hoc
1717 3813 1965 3873 articulo

251 3921 348 3964 cor
396 3918 594 3962 meum
648 3910 838 3963 vester
897 3916 1110 3959 mceror
1159 3899 1464 3965 exhilarat,
1521 3906 1713 3973 atque,
1770 3906 1835 3958 ut
1885 3900 1964 3958 ita

255 3995 527 4064 dixerim,
568 3992 890 4054 amaritudo
942 3995 1146 4047 vestra
1206 3988 1451 4046 tristitia
1506 4003 1705 4046 meum
1765 3996 1964 4061 pectus

250 4084 535 4152 obdulcat,
569 4082 704 4155 quia
734 4080 891 4138 unde
928 4079 1021 4150 pia
1055 4091 1220 4135 mens
1261 4081 1449 4133 vestra
1487 4077 1784 4135 marendo
1812 4079 1964 4136 tabe-

253 4172 378 4242 scit,
416 4171 551 4229 inde
587 4171 647 4227 in
695 4184 851 4227 vera
886 4166 1088 4223 salutis
1122 4164 1401 4238 gaudium
1440 4166 1683 4238 proiicit,
1723 4172 1963 4225 testante

255 4259 549 4335 Apostolo,
579 4256 680 4331 qui
721 4258 801 4313 ait
834 4279 847 4313 :
892 4276 919 4308 «
952 4254 1208 4312 Tristitia
1247 4253 1565 4312 secundum
1603 4254 1782 4312 Deum
1813 4255 1962 4314 salu-

257 4357 369 4406 tem
408 4346 674 4405 stabilem
724 4349 991 4417 operatur
1037 4346 1115 4402 (ΙΙ
1138 4344 1255 4400 Cor.
1303 4348 1429 4411 vu).
1462 4366 1483 4393 ι
1537 4341 1647 4401 Sed
1696 4344 1797 4416 qui
1827 4359 1961 4402 san-

2051 3186 2153 3244 dix
2188 3183 2330 3240 110
2362 3187 2654 3259 innititur,
2685 3188 2787 3247 illa
2824 3190 3074 3262 profecto
3108 3196 3197 3248 est
3221 3190 3293 3248 de
3317 3206 3431 3264 qua
3462 3206 3564 3265 per
3603 3190 3772 3249 Psal-

2052 3276 2285 3332 mistam
2330 3274 2542 3333 dicitur
2579 3294 2592 3332 :
2645 3301 2671 3325 ‹‹
2726 3276 2917 3336 Portio
2967 3294 3095 3336 mea
3133 3279 3195 3336 in
3240 3285 3385 3337 terra
3435 3279 3769 3339 viventium

2052 3367 2227 3431 (Psal.
2256 3367 2417 3435 CXLI)
2436 3383 2453 3436 ;
2486 3390 2510 3415 υ
2542 3365 2665 3423 sive
2697 3367 2870 3425 etiam
2910 3366 3241 3427 humanitas
3270 3367 3504 3440 Christi,
3539 3369 3612 3427 de
3649 3385 3775 3445 qua

2048 3451 2200 3509 idem
2245 3453 2523 3525 propheta
2557 3453 2699 3511 alibi
2735 3454 3019 3527 perbibet,
3051 3456 3249 3514 dicens
3280 3475 3293 3513 :
3345 3479 3368 3508 ι
3403 3456 3633 3515 Etenim
3662 3458 3772 3515 fir-

2050 3540 2229 3598 mavit
2272 3540 2468 3600 orbem
2518 3548 2703 3612 terra,
2752 3543 2856 3616 qui
2911 3560 3024 3602 non
3077 3546 3540 3604 commovebitur
3586 3548 3768 3612 (Psal.

2048 3634 2212 3698 XCII).
2269 3653 2296 3678 η
2358 3628 2418 3688 Si
2475 3646 2609 3705 ergo
2662 3638 2728 3690 ut
2784 3632 3161 3692 infructuosa
3217 3634 3449 3692 arbores
3502 3649 3773 3693 arescere

2046 3718 2341 3789 nolumus,
2391 3719 2440 3776 si
2499 3719 2804 3779 securibus
2854 3722 3044 3780 excidi
3097 3737 3163 3780 ac
3210 3721 3469 3797 deputari
3525 3720 3775 3795 ignibus

2048 3809 2340 3867 inutiliter
2391 3809 2793 3884 formidamus,
2848 3813 2907 3870 in
2964 3812 3062 3871 illa
3106 3829 3490 3887 supernorum
3541 3813 3771 3872 civium

2046 3898 2250 3971 patria,
2291 3898 2351 3955 in
2404 3898 2766 3958 humanitate
2811 3899 3210 3972 Redemptoris
3253 3901 3435 3959 nostri
3476 3915 3579 3974 per
3624 3901 3771 3957 cha-

2048 3985 2231 4044 ritatis
2283 3985 2577 4059 glutinum
2632 3987 2753 4059 spei
2809 3993 3020 4046 nostra
3074 3988 3241 4047 radix
3296 3985 3524 4063 semper
3571 3987 3771 4046 inha-

2045 4081 2185 4145 reat,
2236 4082 2302 4133 ut
2354 4076 2427 4132 ad
2479 4076 2852 4148 proferendos
2901 4077 3070 4135 bona
3116 4078 3462 4154 operationis
3512 4078 3768 4152 fructus,

2046 4163 2107 4220 in
2140 4163 2318 4222 robur
2358 4162 2720 4222 fortitudinis
2756 4166 2997 4224 firmiter
3033 4166 3409 4225 convalescat.
3462 4163 3570 4225 Sed
3613 4165 3770 4225 sicut

2043 4252 2213 4310 arbor
2259 4251 2309 4309 si
2359 4253 2678 4325 vegetantis
2730 4254 2889 4311 succi
2937 4254 3183 4313 humore
3230 4253 3533 4324 deseritur,
3580 4254 3768 4328 proti-

2044 4358 2156 4400 nus
2204 4343 2552 4413 exsiccatur,
2593 4344 2675 4400 sic
2723 4348 2778 4401 et
2832 4344 3028 4403 anima
3080 4350 3295 4416 nostra,
3342 4344 3455 4403 nisi
3508 4343 3767 4418 Spiritus

252 4444 475 4497 ctorum
530 4435 766 4493 Patrum
808 4430 1076 4491 homilias
1119 4430 1304 4503 legitis
1330 4476 1344 4501 ,
1376 4430 1477 4505 qui
1517 4432 1774 4505 quotidie
1815 4433 1959 4491 sacri
1984 4430 2228 4534 Dsancti
2259 4429 2476 4534 gratia
2510 4431 2684 4489 fuerit
2720 4446 2847 4490 rore
2882 4431 3135 4530 perfusa,
3179 4433 3468 4534 funditus
3490 4431 3761 4534 arefacta,

250 4526 470 4601 eloquii
518 4521 996 4582 meditationibus
1046 4520 1312 4578 insistere
1367 4536 1483 4578 non
1540 4521 1790 4592 cessatis,
1843 4517 2118 4594 quo"ad
2166 4518 2391 4576 nullius
2445 4524 2656 4576 sancta
2702 4520 3050 4592 operationis
3094 4535 3328 4593 germen
3377 4519 3584 4593 poterit
3635 4532 3768 4576 esse

249 4621 413 4689 pacto
452 4614 604 4671 inter
632 4613 753 4686 ipsa
790 4612 963 4685 plena
1006 4609 1274 4667 torrentis
1310 4610 1639 4668 circumﬂui
1672 4611 1958 4682 profunda
2051 4606 2313 4663 fecunda.
2348 4606 2455 4663 Ille
2496 4608 2654 4665 enim
2698 4607 2896 4665 lumen
2939 4609 3233 4667 mentibus
3271 4608 3501 4682 ingerit,
3529 4607 3765 4665 deside-

250 4710 362 4761 tam
388 4701 536 4760 aridi
565 4706 620 4757 et
645 4696 981 4772 pauperculi
1010 4696 1267 4753 hominis
1304 4712 1513 4769 aquam
1552 4696 1959 4771 despicabilem
2050 4694 2203 4754 rium
2254 4696 2485 4761 excitat,
2516 4696 2670 4755 vires
2716 4696 2991 4756 infundit.
3042 4698 3296 4756 Illustrat
3338 4697 3648 4771 siquidem,
3690 4700 3767 4755 ut

249 4791 408 4851 sitire
437 4787 786 4861 dignamini,
816 4785 927 4843 nisi
953 4784 1089 4857 quia
1112 4784 1181 4842 ad
1214 4784 1321 4841 hoc
1346 4800 1461 4842 non
1492 4800 1654 4842 amor
1680 4785 1956 4855 scientia,
2049 4783 2388 4853 videamus;
2420 4791 2709 4857 provocat,
2751 4791 2816 4843 ut
2861 4786 3148 4857 velimus;
3204 4787 3449 4856 roborat,
3498 4792 3563 4844 ut
3604 4784 3767 4843 bona

249 4896 383 4955 qua
417 4878 578 4936 inﬂat
609 4878 652 4950 (Ι
684 4878 802 4934 Cor.
841 4874 981 4944 V111),
1017 4872 1279 4946 impellit,
1312 4872 1409 4930 sed
1452 4873 1698 4933 charitas
1741 4874 1957 4947 potius,
2048 4889 2180 4947 qua
2209 4872 2487 4932 volumus
2508 4873 2759 4948 ‘implere
2806 4874 3121 4935 valeamus.
3162 4877 3253 4934 Ex
3282 4875 3384 4934 illa
3419 4889 3627 4947 nempe
3672 4873 3773 4930 fe-

247 4988 384 5047 qua
435 4970 677 5029 aditicat
714 4966 915 5036 (Ibid.),
953 4963 1234 5022 attrahit?
1263 4964 1323 5021 Si
1352 4964 1507 5023 enim
1547 4965 1730 5033 vobis,
1766 4974 1829 5024 ut
1859 4966 1961 5024 de-

250 5061 517 5136 poscitis,
578 5057 766 5117 oﬂicio
821 5055 1040 5127 lingua
1105 5052 1391 5111 currentis
1443 5054 1763 5126 eloquerer,
1815 5055 1961 5128 quid

248 5149 430 5219 aliud,
454 5147 569 5207 nisi
599 5146 795 5205 eadem
827 5145 950 5219 ipsa
994 5158 1127 5217 qua
1155 5143 1365 5217 legitis,
1400 5144 1590 5202 verbis
1621 5146 1961 5218 vulgaribus

249 5234 572 5297 iterarem?
652 5236 871 5294 Tamen
938 5235 1075 5308 quia
1138 5238 1433 5305 tantopere
1507 5234 1561 5290 id
1635 5235 1958 5308 deposcitis,

247 5326 452 5384 amodo
501 5340 636 5384 cum
684 5324 745 5381 in
795 5322 972 5381 sacris
1023 5320 1485 5381 solemnitatibus
1529 5324 1871 5395 convenitis,
1905 5328 1962 5381 et

250 5414 628 5487 vosmetipsos
655 5428 687 5471 e
739 5411 963 5471 cellulis
1005 5411 1320 5480 venientes,
1348 5418 1618 5484 tanquam
1664 5412 1735 5471 de
1778 5410 1964 5486 sepul-

257 5502 375 5561 cris
420 5509 633 5570 erutos,
669 5501 728 5557 in
769 5498 1204 5558 resurrectionis
1241 5499 1516 5572 gaudium
1562 5504 1768 5558 mutuo
1812 5516 1961 5575 pra-

254 5590 514 5662 sentatis,
546 5587 699 5660 volo,
737 5588 785 5646 si
823 5585 1155 5661 pracipitis,
1200 5592 1372 5659 prout
1418 5586 1602 5660 gratia
1644 5587 1844 5647 divina
1870 5588 1963 5646 di-

2046 4963 2338 5023 cunditate
2386 4964 2671 5037 prodeunt
2712 4963 2985 5038 lacryma
3033 4973 3246 5024 nostra
3278 5012 3291 5037 ,
3323 4982 3398 5026 ex
3452 4964 3554 5023 illa
3602 4976 3769 5021 com-

2044 5053 2387 5129 punctiones
2426 5053 2733 5123 mentium,
2781 5069 2855 5111 ex
2896 5054 2997 5111 illa
3034 5054 3315 5113 confessio
3366 5059 3769 5128 peccatorum.

2051 5144 2212 5202 Sicut
2240 5141 2399 5199 enim
2426 5142 2623 5200 anima
2651 5148 2735 5199 est
2764 5142 2879 5200 vita
2908 5143 3179 5216 corporis,
3212 5144 3290 5202 ita
3319 5150 3372 5202 et
3400 5143 3516 5202 vita
3542 5141 3773 5200 anima

2050 5238 2263 5290 nostra
2301 5229 2554 5306 Spiritus
2582 5238 2814 5290 sanctus
2836 5238 2938 5290 est.
2970 5231 3041 5290 Et
3065 5232 3214 5292 sicut
3240 5248 3444 5306 corpus
3471 5235 3767 5299 nostrum,

2049 5318 2247 5377 anima
2297 5318 2614 5391 recedente,
2672 5318 2998 5392 collabitur,
3054 5320 3135 5378 ita
3189 5326 3243 5378 et
3297 5321 3496 5379 eadem
3538 5319 3767 5391 anima,

2048 5410 2095 5468 si
2140 5408 2392 5484 Spiritus
2428 5412 2752 5470 vivificator
2789 5409 3144 5482 abscesserit,
3175 5426 3406 5471 necesse
3431 5415 3515 5471 est
3545 5408 3772 5468 moria-

2048 5506 2164 5570 tur,
2195 5500 2322 5560 sine
2369 5501 2538 5575 cujus
2576 5496 2842 5559 videlicet
2882 5515 3123 5559 munere
3166 5515 3273 5559 nec
3308 5500 3379 5559 ad
3407 5500 3769 5575 agnitionem

2048 5588 2153 5647 Dei
2212 5589 2472 5663 qualibet
2532 5589 2752 5649 ratione
2806 5589 3151 5664 pertingere,
3204 5603 3312 5648 nec
3363 5604 3430 5647 ea
3479 5603 3610 5662 qua
3652 5586 3769 5646 Dei
