4070 6198
275 324 370 384 621

1803 324 2052 385 SERMO
2091 323 2246 382 XXI.

3677 321 3784 381 622

274 455 409 519 sunt
479 463 792 521 possumus
867 450 1237 522 aliquatenus
1319 457 1634 523 penetrare,
1715 447 2424 523 ApostoloAindigemus.
2462 445 2612 504 Illud
2653 447 2846 519 itaque
2885 445 3214 520 flagitamus
3240 448 3396 521 quod
3423 455 3477 505 et
3505 447 3672 507 nobis
3700 455 3784 508 est

276 543 432 602 teste.
463 535 569 612 qui
612 537 693 595 ait
732 560 744 596 :
798 560 819 590 α
864 537 1110 612 Spiritus
1153 545 1384 597 sanctus
1433 540 1630 598 omnia
1675 546 1978 608 scrutatur,

274 627 444 685 etiam
496 627 778 701 profunda
823 628 924 686 Dei
951 631 997 699 (Ι
1021 631 1136 687 Cor.
1171 631 1254 695 II).
1288 649 1315 681 »
1347 629 1452 686 Cui
1502 644 1639 687 mox
1681 629 1984 687 sententiae

273 723 697 791 consequenter
736 717 1005 790 adjungit
1040 737 1051 774 :
1090 742 1114 765 «
1149 716 1290 786 Quis
1325 717 1483 775 enim
1528 719 1633 776 scit
1679 719 1985 776 hominum

275 823 406 880 qua:
443 814 580 864 sunt
609 806 883 876 hominis,
916 806 1030 864 nisi
1060 806 1298 881 spiritus
1332 807 1608 879 hominis,
1636 808 1737 882 qui
1765 809 1825 866 in
1861 810 1986 881 ipso

275 898 410 954 est?
456 897 639 969 (Ibid)
675 921 694 945 ι
728 895 808 954 ita
841 901 896 954 et
938 912 1069 972 quae
1110 896 1213 955 Dei
1261 903 1418 968 sunt,
1475 913 1646 956 nemo
1696 897 1984 971 cognovit,

275 989 389 1048 nisi
425 988 674 1064 Spiritus
703 988 824 1046 Dei.

349 1077 461 1138 Sed
509 1094 581 1136 an
633 1075 832 1148 vultis,
863 1077 1068 1135 fratres
1118 1077 1463 1149 charissimi,
1497 1079 1749 1137 fortassis
1790 1079 1987 1153 inqui-

276 1184 400 1227 rere
454 1167 555 1243 qui
611 1166 756 1224 scire
812 1181 1122 1240 possumus
1176 1183 1249 1224 an
1305 1167 1618 1227 habeamus
1708 1167 1986 1240 Spiritum

277 1256 434 1315 Dei?
468 1257 534 1314 In
567 1256 672 1314 hoc
700 1255 951 1328 profecto
987 1260 1208 1312 constat
1252 1255 1392 1328 quia
1429 1255 1707 1328 Spiritum
1736 1256 1839 1314 Dei
1885 1258 1988 1315 ha-

273 1347 441 1414 betis,
499 1345 549 1404 si
603 1345 790 1406 Deum
849 1360 981 1402 vere
1057 1345 1418 1416 cognoscitis.
1485 1345 1544 1404 Si
1597 1347 1774 1416 enim,
1819 1347 1989 1422 juxta

269 1436 585 1510 apostolica
640 1436 837 1506 verba,
890 1457 915 1489 ‹‹
944 1451 1115 1493 nemo
1162 1452 1294 1508 quze
1339 1436 1437 1495 Dei
1481 1443 1618 1496 sunt
1670 1439 1850 1507 novit,
1877 1437 1991 1497 nisi

275 1525 532 1600 Spiritus
564 1524 663 1583 Dei
697 1526 905 1594 (Ibid),
929 1546 954 1576 »
988 1524 1119 1598 quis
1142 1524 1334 1598 ipsum
1360 1532 1546 1598 posset
1578 1525 1761 1584 Deum
1787 1541 1991 1598 cogno-

275 1629 455 1684 scere,
486 1613 597 1671 nisi
638 1613 766 1688 ejus
799 1612 1077 1688 Spiritum
1119 1619 1434 1671 mereretur
1468 1613 1697 1674 habere.
1740 1613 1850 1673 Sed
1886 1615 1992 1674 hoc

275 1705 471 1782 ipsum
524 1703 760 1762 forsitan
810 1703 999 1762 adhuc
1048 1704 1210 1762 vobis
1236 1705 1296 1761 in
1327 1704 1576 1763 dubium
1610 1705 1770 1763 venit
1795 1723 1866 1764 an
1897 1721 1986 1764 co-

2069 551 2189 609 prae
2227 535 2501 594 omnibus
2541 533 2946 602 necessarium,
2976 539 3030 590 et
3067 533 3163 594 ille
3195 535 3377 610 magis
3415 536 3551 595 dare
3585 544 3785 611 peten-

2070 624 2225 683 tibus
2277 623 2611 681 delectatur.
2666 622 2842 694 Illud,
2897 623 3161 698 inquam,
3207 625 3280 682 ab
3317 641 3382 683 eo
3429 626 3554 684 sine
3597 642 3784 685 cessa-

2071 716 2226 773 tione
2275 728 2607 789 quzeramus
2652 711 2722 770 ad
2770 713 2926 786 quod
2974 729 3077 771 nos
3123 715 3245 788 ipse
3292 721 3347 772 et
3403 717 3783 789 quaerendum

2069 809 2359 877 provocat,
2416 808 2470 860 et
2516 802 2588 859 ad
2633 802 2984 875 sperandum
3029 811 3181 860 certa
3222 804 3602 875 promissione
3649 822 3784 864 con-

2072 893 2280 965 firmat,
2321 893 2520 950 dicens
2551 911 2562 950 :
2598 892 2742 961 Quia
2770 892 2817 950 si
2851 893 3118 966 petimus,
3154 895 3201 952 si
3232 895 3558 968 pulsamus,
3591 916 3619 949 α
3648 913 3787 971 ape-

2073 983 2252 1040 rietur
2283 980 2488 1049 nobis;
2518 987 2577 1040 et
2605 981 2771 1038 Pater
2813 988 3006 1039 noster
3041 981 3111 1040 de
3144 982 3288 1040 etelo
3327 982 3484 1041 dabit
3521 984 3787 1057 spiritum

2071 1071 2288 1130 bonum
2328 1072 2658 1145 petentibus
2689 1088 2749 1130 se
2777 1072 2991 1144 (Matth.
3021 1084 3104 1131 vn
3125 1093 3143 1144 ;
3172 1077 3303 1132 Luc.
3336 1076 3440 1146 X1).
3475 1099 3501 1123 »
3537 1073 3642 1133 Sed
3687 1076 3790 1148 qui

2072 1178 2102 1221 e
2140 1162 2318 1220 divite
2366 1167 2558 1221 nostro
2603 1163 3030 1236 eleemosynam
3077 1164 3422 1237 quaerimus,
3479 1173 3546 1224 ut
3603 1167 3788 1240 impe-

2076 1255 2261 1312 trandi
2290 1254 2450 1327 copia
2479 1255 2845 1324 concedatur,
2891 1255 3193 1329 quaerendi
3231 1256 3472 1315 formam
3503 1258 3576 1316 ab
3606 1257 3788 1331 hujus

2073 1343 2243 1401 etiam
2279 1342 2488 1400 mundi
2521 1343 2875 1416 pauperibus
2905 1350 3265 1402 mutuemur.
3310 1344 3595 1420 Pauperes
3633 1348 3790 1406 enim

2074 1450 2206 1493 eum
2247 1434 2318 1492 ab
2358 1433 2563 1492 altiora
2602 1433 2944 1507 degentibus
2979 1435 3199 1509 aliquid
3231 1436 3484 1509 accipere
3512 1437 3788 1512 gestiunt,

2073 1542 2172 1584 ora
2213 1541 2347 1584 mox
2405 1525 2768 1584 saeculorum
2811 1525 3030 1598 laxant,
3072 1533 3128 1584 et
3161 1526 3242 1585 sic
3283 1526 3352 1584 ad
3389 1527 3790 1602 accipiendum

2075 1617 2272 1692 parati,
2307 1615 2522 1690 quibus
2575 1615 2893 1689 praevalent
2935 1615 3174 1676 vocibus
3220 1615 3492 1690 clamant,
3543 1625 3607 1676 ut
3648 1619 3786 1678 dum

2076 1706 2158 1766 sic
2195 1712 2429 1781 paratus
2459 1706 2708 1780 quisque
2750 1720 2849 1778 per
2897 1703 3194 1779 speculare
3239 1706 3449 1765 domus
3496 1706 3794 1780 aspicitur,

274 1794 566 1867 gnoscalis
613 1791 820 1850 Deum.
856 1790 966 1851 Sed
994 1793 1189 1851 audite
1214 1792 1497 1851 Joannem
1547 1795 1868 1868 apostolum
1900 1797 1986 1854 di-
2013 1801 2060 1861 B
2083 1794 2249 1853 facile
2299 1793 2752 1853 misericordiam
2791 1799 3194 1868 consequatur.
3246 1794 3522 1855 Saeculus
3559 1797 3790 1872 quidem

273 1888 546 1940 centem:
597 1903 625 1933 «
683 1879 794 1949 Qui
837 1879 972 1938 dicit
1025 1896 1084 1938 se
1133 1895 1300 1938 nosse
1358 1881 1564 1952 Deum,
1617 1889 1672 1941 et
1723 1885 1993 1944 mandata

275 1971 404 2042 ejus
461 1985 579 2028 non
633 1969 898 2038 custodit,
952 1970 1204 2027 mendax
1259 1977 1343 2028 est
1393 1973 1437 2033 (Ι
1487 1975 1644 2029 Joan.
1695 1976 1774 2045 ιι).
1814 2000 1836 2021 ι·
1888 1973 1992 2034 Ille

278 2059 464 2134 igitur
529 2075 662 2119 vere
741 2061 922 2120 DeUm
993 2061 1300 2134 cognoscit,
1354 2063 1456 2132 qui
1533 2063 1659 2135 ejus
1725 2065 1994 2123 mandata

274 2149 548 2208 custodit.
615 2149 778 2208 Unde
830 2156 885 2207 et
936 2149 1034 2208 ille
1085 2152 1369 2223 perfectus
1425 2153 1827 2211 mandatorum
1895 2154 1996 2212 Dei

275 2250 473 2300 custos
504 2257 746 2299 securus
775 2241 963 2298 aiebat
994 2265 1006 2298 :
1055 2266 1072 2291 ι
1107 2241 1221 2298 Nos
1265 2241 1532 2316 spiritum
1579 2245 1754 2318 hujus
1790 2245 1996 2303 mundi

278 2346 402 2388 non
449 2332 796 2403 accepimus,
847 2331 942 2388 sed
993 2330 1272 2404 Spiritum
1323 2331 1446 2399 Dei,
1495 2332 1595 2408 qui
1641 2349 1713 2390 ex
1765 2332 1879 2391 Deo
1915 2339 2000 2391 est

277 2424 334 2488 (Ι
391 2423 508 2478 Cor.
563 2426 652 2489 ιι).
705 2442 731 2474 ››
771 2419 912 2490 Quis
961 2429 1044 2479 est
1079 2428 1270 2479 autem
1307 2421 1542 2494 spiritus
1589 2422 1844 2481 mundi?
1896 2423 2000 2481 Ille

280 2512 536 2585 profecto
593 2517 678 2569 est
729 2510 832 2583 qui
888 2510 1089 2568 suadet
1151 2511 1416 2569 homines
1471 2511 1671 2569 divina
1723 2519 2001 2585 praecepta

278 2607 680 2668 contemnere,
716 2600 958 2656 terrenis
989 2599 1235 2674 negotiis
1262 2599 1672 2657 delectabiliter
1705 2600 2000 2671 insudare,

279 2689 604 2747 mundanze
669 2686 1082 2745 dominationis
1130 2686 1360 2747 culmen
1417 2693 1700 2760 appetere,
1756 2688 2004 2746 carnalis

2079 1890 2273 1943 noster
2327 1898 2424 1942 cor
2476 1889 2738 1942 nostrum
2777 1890 2878 1953 est,
2927 1883 2991 1941 in
3029 1883 3184 1958 quod
3227 1884 3274 1942 si
3320 1884 3591 1945 volumus
3646 1903 3796 1949 nova

2079 1971 2327 2030 cmlestis
2380 1971 2581 2043 gratiae
2636 1969 2784 2028 dona
2851 1972 3160 2043 suscipere,
3218 1971 3291 2029 ab
3350 1973 3509 2030 omni
3574 1981 3798 2036 terrena

2081 2061 2562 2136 concupiscentia,
2605 2061 2891 2119 fermento
2921 2060 3186 2120 videlicet
3219 2063 3418 2131 veteri,
3451 2079 3683 2124 necesse
3714 2072 3800 2125 est

2083 2166 2348 2208 vacuare.
2397 2149 2576 2224 Cujus
2615 2151 2865 2222 profecto
2911 2150 3124 2210 saeculi
3161 2151 3356 2209 sinum
3403 2151 3798 2216 indubitanter

2084 2239 2492 2314 expendimus,
2527 2240 2574 2296 si
2607 2241 2838 2312 perfecti
2873 2241 3087 2300 amoris
3124 2242 3392 2300 incendio
3425 2242 3591 2302 donis
3622 2248 3798 2305 caele-

2084 2329 2270 2387 stibus
2297 2328 2616 2387 inhiamus.
2643 2328 2834 2403 Hujus
2860 2329 3074 2394 saeculi
3102 2330 3246 2388 bene
3280 2331 3494 2391 Paulus
3521 2349 3621 2393 ora
3643 2335 3799 2395 laxa-

2087 2425 2266 2487 verat,
2300 2434 2433 2476 eum
2488 2417 2712 2476 dicebat
2753 2442 2765 2476 :
2816 2440 2843 2471 «
2888 2417 2961 2478 Os
3016 2425 3280 2478 nostrum
3319 2427 3470 2494 patet
3505 2421 3576 2480 ad
3617 2440 3741 2498 vos,
3767 2440 3801 2484 ο

2087 2506 2395 2576 Corinthii,
2424 2522 2522 2565 cor
2568 2515 2834 2568 nostrum
2878 2508 3179 2567 dilatatum
3222 2516 3306 2568 est
3353 2514 3431 2578 (II
3469 2512 3587 2569 Cor.
3625 2520 3730 2583 VI).
3772 2538 3798 2565 η

2088 2595 2259 2670 Hunc
2300 2594 2497 2652 laxare
2522 2600 2575 2652 et
2608 2595 2740 2654 illos
2779 2597 3026 2668 monuit,
3056 2613 3192 2657 cum
3231 2599 3538 2673 subjunxit
3569 2626 3582 2660 :
3619 2625 3641 2653 ι
3676 2603 3802 2662 Non

2087 2685 2509 2756 angustiamini
2541 2686 2600 2743 in
2633 2686 2820 2744 nobis.
2854 2711 2873 2737 ιι
2911 2687 2979 2745 Et
3021 2688 3192 2761 paulo
3236 2697 3399 2762 post:
3450 2715 3470 2740 ι
3503 2691 3804 2766 Tanquam

277 2779 576 2837 illecebrze
615 2779 984 2850 passionibus
1021 2779 1264 2851 turpiter
1303 2779 1616 2852 subjacere,
1661 2778 2037 2838 transitorize
2091 2773 2228 2831 ﬁliis
2267 2773 2415 2845 diCO,
2445 2773 2770 2832 dilatamini
2813 2782 2866 2833 et
2906 2791 3006 2834 V08
3042 2778 3254 2847 (Ιὸὶἀο).
3297 2803 3323 2827 η
3366 2778 3808 2842 Consideremus

278 2867 665 2942 possessionis
750 2866 898 2925 lines
975 2868 1311 2939 extendere,
1406 2868 1626 2926 tumido
1717 2867 2006 2939 superbiae
2091 2862 2262 2920 etiam
2303 2864 2592 2936 quomodo
2624 2879 2683 2922 se
2711 2880 2927 2938 pauper
2955 2866 3054 2924 ille
3087 2867 3157 2924 ad
3191 2868 3557 2942 percipienda
3592 2869 3664 2928 de
3703 2886 3807 2930 su-

282 2959 440 3016 fastu
480 2973 653 3031 super
689 2958 986 3032 proximos
1027 2957 1162 3029 jura
1210 2957 1499 3030 potestatis
1544 2957 1782 3014 ambire.
1819 2958 2006 3014 Eeon-
2091 2952 2289 3024 pernis
2342 2968 2584 3011 munera
2643 2961 3084 3028 praeparaverat,
3134 2971 3265 3015 cum
3318 2956 3620 3029 clamabat,
3673 2974 3803 3019 eum

285 3055 396 3119 ira,
464 3048 714 3122 Spiritus
770 3048 870 3122 qui
924 3063 999 3106 ex
1056 3047 1172 3106 Deo
1222 3053 1325 3118 est,
1356 3063 1500 3119 quas
1556 3046 1732 3120 replet
1787 3052 2010 3104 mentes
2094 3039 2536 3112 voeiferabatur,
2592 3057 2731 3100 eum
2771 3043 3128 3116 precabatur,
3180 3060 3314 3103 eum
3369 3045 3662 3107 interioris
3713 3065 3810 3108 or—

281 3137 356 3195 ad
406 3137 662 3195 ccelestia
704 3143 993 3211 provocat,
1026 3145 1102 3208 et,
1134 3137 1377 3210 expulso
1426 3135 1678 3210 corporis
1720 3143 1773 3193 et
1820 3131 2230 3225 negli-Cgani
2286 3147 2451 3190 voces
2507 3131 2925 3205 ingeminabat,
2989 3134 3186 3194 dicens
3236 3155 3249 3193 :
3307 3159 3331 3185 α
3395 3135 3663 3197 Paratum
3712 3155 3810 3198 cor

283 3227 502 3301 gentize
532 3226 764 3300 frigore,
799 3226 867 3284 ad
896 3241 1152 3284 amorem
1183 3225 1450 3283 divinum
1479 3224 1820 3294 inﬂammat,
1854 3232 2012 3298 petu-
2044 3221 2065 3225 ’
2100 3234 2320 3289 meum,
2361 3221 2530 3290 Deus,
2575 3229 2834 3294 paratum
2876 3239 2973 3281 cor
3009 3239 3206 3283 meum
3247 3227 3410 3297 (Psal.
3444 3239 3563 3294 LVI,
3589 3233 3748 3300 CVII).
3782 3252 3807 3281 ››

287 3313 470 3371 lautia
520 3313 710 3371 carnis
759 3313 1045 3371 desideria
1088 3311 1368 3385 reprimit,
1405 3317 1459 3368 et
1499 3311 1749 3370 liberum
1789 3327 1886 3369 cor
1941 3312 2014 3370 ab
2097 3308 2180 3364 Ae
2208 3306 2256 3363 si
2285 3315 2476 3380 aperte
2503 3307 2654 3365 dicat
2687 3332 2699 3366 :
2740 3310 2848 3368 Cor
2871 3325 3091 3383 meum,
3131 3311 3395 3385 Domine,
3426 3315 3497 3373 ad
3535 3316 3812 3390 capienda

287 3404 458 3463 omni
503 3411 726 3462 terrena
761 3404 1138 3462 delectatione
1176 3401 1492 3474 suspendit.
1537 3400 1641 3458 Ille
1683 3401 1868 3458 reddit
1907 3401 2014 3458 ho-
2097 3400 2214 3454 tute
2277 3394 2556 3469 largitatis
2619 3413 2862 3456 munera
2908 3414 3188 3473 przeparo,
3219 3401 3323 3474 qui
3370 3419 3404 3459 a
3443 3405 3667 3462 cunctis
3704 3406 3811 3464 hoc

295 3496 521 3552 minem
552 3495 625 3552 ad
664 3493 1030 3567 despicienda
1069 3507 1335 3566 prospera
1372 3491 1644 3564 rigidum,
1671 3491 1740 3548 ad
1776 3491 2015 3550 adversa
2096 3499 2293 3558 pravae
2344 3484 2708 3558 cogitationis
2762 3487 3134 3560 squaloribus
3182 3504 3381 3563 purgo,
3427 3491 3695 3567 nihilque
3749 3494 3810 3551 in

294 3583 622 3656 superanda
672 3584 1019 3651 robustum;
1075 3582 1174 3640 ille
1227 3581 1463 3639 exhibet
1501 3581 1646 3639 bene
1683 3580 2016 3638 viventibus
2098 3587 2163 3628 90
2203 3570 2576 3644 relinquitur,
2605 3590 2720 3649 (ἶυο
2759 3575 2960 3650 gratiae
3010 3583 3124 3635 tua:
3171 3593 3386 3637 munus
3425 3579 3670 3653 desuper
3711 3598 3811 3641 ve-

293 3673 607 3733 humiliter
631 3674 974 3744 subditum;
1011 3672 1145 3728 111
1173 3673 1269 3730 ille
1294 3671 1491 3745 objicit
1520 3687 1693 3745 prave
1712 3671 2014 3744 agentibus
2100 3660 2268 3718 DieDS
2306 3662 2668 3722 Γθῖυηάῖιίυῐκ
2700 3664 2819 3738 Ego
2858 3666 3056 3726 CUPaVi
3089 3683 3220 3740 QUID
3251 3668 3409 3727 imus
3449 3669 3599 3729 male
3621 3686 3811 3730 serva-

298 3761 356 3818 in
389 3762 525 3834 jura
555 3761 754 3820 liberie
783 3761 1141 3820 auctoritatis
1168 3767 1458 3829 erectum;
1494 3760 1612 3830 ille,
1644 3776 1813 3833 quem
1838 3759 2017 3832 replet
2102 3748 2311 3808 bantur
2351 3766 2598 3824 egerere,
2635 3759 2693 3810 tu
2744 3753 2887 3813 iulld
2933 3753 3187 3812 accelera
3233 3755 3383 3815 dono
3431 3764 3543 3816 “133
3588 3759 3813 3831 Ρίθῐᾶῐίὸ

300 3850 618 3923 prudenter
683 3850 951 3920 inebriat,
992 3856 1164 3923 atque
1213 3866 1246 3907 a
1305 3863 1478 3907 sensu
1529 3847 1665 3905 vitm
1717 3846 2017 3921 praesentis
2098 3839 2404 3912 dignanter
2429 3843 2690 3916 implere.
2716 3842 2823 3902 Cor
2847 3860 3044 3904 meum
3063 3846 3736 3922 vaeuefactumatquead
3761 3859 3812 3906 te

299 3940 549 3998 scienter
604 3941 836 3998 alienat.
875 3942 967 3998 An
1009 3955 1126 3998 non
1166 3945 1329 3998 erant
1363 3938 1451 3995 illi
1485 3937 1681 3998 divina
1717 3937 2016 3996 sobrietate
2098 3935 2360 4001 patulum
2396 3937 2579 4002 teneo,
2605 3934 2740 4007 quia
2766 3935 2990 3993 eﬂ'ossis
3017 3951 3091 3994 ex
3116 3951 3181 3994 eo
3207 3935 3479 3995 vitiorum
3502 3936 3813 3996 ruderibus

299 4030 582 4088 veraciter
632 4029 802 4100 ebrii,
834 4030 904 4087 de
937 4029 1152 4103 quibus
1191 4045 1224 4086 a
1264 4027 1412 4084 male
1451 4025 1876 4084 insanientibus
1927 4025 2016 4082 di-
2104 4015 2244 4072 112
2276 4021 2348 4078 ad
2378 4023 2831 4096 amplectendam
2861 4026 2946 4085 tui
2979 4025 3227 4100 Spiritus
3250 4026 3492 4099 gratiam
3522 4033 3630 4085 tota
3657 4042 3814 4086 men-

296 4123 536 4180 cebamr
570 4141 582 4178 ;
623 4147 644 4170 α
673 4120 816 4190 Quia
839 4127 1028 4180 musto
1054 4120 1208 4194 pleni
1239 4124 1375 4177 sunt
1402 4117 1494 4176 isti
1517 4119 1662 4187 (Λοτ,
1688 4122 1774 4186 ιι),
1809 4139 1828 4167 ι
1857 4115 2016 4175 Nun-
2099 4107 2173 4164 tis
2203 4107 2524 4171 intentione
2552 4115 2799 4188 suspiro.
2842 4116 2983 4173 Ecce
3017 4131 3232 4188 pauper
3261 4115 3362 4173 Dei
3391 4131 3488 4173 cor
3519 4122 3674 4174 tenes
3712 4132 3811 4189 pa—

297 4211 443 4286 quid
498 4227 614 4270 non
655 4212 926 4286 quaedam
967 4210 1165 4268 divina
1207 4209 1454 4267 ebrietas
1489 4215 1590 4275 est,
1625 4205 1929 4280 praesentia
1965 4212 2020 4263 et
2102 4203 2313 4286 lfatum,
2348 4203 2451 4274 Qui
2481 4219 2514 4260 a
2547 4205 2740 4277 pravis
2769 4204 2916 4263 illud
2946 4221 3140 4263 servas
3167 4205 3609 4278 cogitationibus
3638 4223 3812 4266 mun-

297 4284 420 4376 prze
460 4300 649 4358 oculis
675 4284 871 4375 “posita
906 4306 1111 4358 cuneta
1141 4299 1453 4370 despicere,
1486 4302 1661 4372 atque
1689 4294 1760 4354 ad
1791 4312 1854 4353 ea
1886 4310 2019 4368 qua}
2100 4284 2270 4344 dum.
2305 4288 2415 4348 Sed
2460 4293 2568 4351 nisi
2614 4293 2978 4363 clamantem,
3023 4295 3135 4353 nisi
3172 4296 3580 4355 vociferantem
3619 4298 3812 4356 audiat

299 4405 421 4449 non
452 4389 748 4459 videntur,
783 4394 896 4446 toto
927 4387 1138 4446 mentis
1160 4386 1442 4444 desiderio
1473 4384 1808 4442 medullitus
1834 4383 2018 4440 anhe—
2101 4379 2238 4449 quis
2261 4379 2330 4439 de
2365 4385 2762 4443 eminentioris
2801 4386 3083 4445 etenaculi
3132 4387 3519 4459 penetralibus
3564 4387 3811 4445 eleemov

298 4482 439 4550 lare,
485 4478 683 4538 mollia
735 4493 982 4553 quaeque
1038 4483 1093 4535 et
1141 4475 1403 4550 jucunda
1461 4471 2310 4553 contemnere,durahsynam
2364 4472 2602 4546 pauperi
2669 4480 3057 4546 porrecturus,
3115 4489 3285 4533 nemo
3348 4475 3595 4534 accedat.
3660 4475 3813 4533 Post-

296 4587 454 4641 vero,
492 4576 548 4627 et
585 4585 784 4642 aspera
823 4583 925 4640 pro
962 4565 1162 4624 divino
1201 4565 1447 4622 libenter
1483 4580 1678 4622 amore
1717 4560 2280 4636 perferre?”quam
2336 4575 2470 4633 ergo
2511 4561 2660 4617 dixit
2693 4584 2704 4617 :
2741 4582 2766 4613 ε(
2796 4560 3068 4619 Paratum
3107 4577 3204 4620 eor
3236 4578 3452 4632 meum,
3498 4563 3671 4630 Deus,
3720 4580 3814 4638 pa-

296 4661 466 4720 Hane
503 4660 858 4731 ebrietatem,
894 4660 1094 4717 fratres
1127 4657 1259 4729 mei,
1293 4657 1588 4716 continuze
1622 4654 1789 4713 nobis
1822 4668 2018 4710 neces-
2107 4656 2292 4706 ratum
2331 4664 2428 4706 cor
2465 4664 2694 4716 meum;
2731 4673 2749 4699 ι
2788 4650 3049 4724 protinus
3087 4651 3308 4709 addidit
3345 4675 3356 4708 :
3397 4675 3418 4703 ε
3451 4652 3723 4722 Cantabo,
3757 4663 3810 4711 et

298 4769 360 4810 se
382 4757 472 4810 est
502 4750 780 4809 orationis
810 4749 1086 4808 instantia
1114 4764 1372 4822 quaerere
1399 4766 1412 4817 ;
1445 4748 1612 4814 hanc,
1643 4745 1804 4802 velut
1841 4741 2019 4800 aridis
2104 4736 2392 4809 psalmum
2425 4737 2610 4795 dicam
2656 4737 2902 4796 Domino
2943 4740 3117 4808 (Ibid)
3137 4757 3152 4808 ;
3186 4763 3212 4787 »
3247 4746 3522 4813 tanquam
3550 4740 3760 4800 diceret
3791 4767 3804 4800 :

301 4839 521 4899 mentis
559 4847 772 4898 nostrai
812 4838 1081 4898 faucibus
1121 4844 1234 4896 tota
1273 4836 1552 4895 debemus
1589 4833 1905 4893 intentione
1940 4832 2019 4889 si-
2107 4824 2216 4884 Cor
2247 4825 2449 4899 utique
2490 4842 2683 4885 meum
2719 4844 2998 4901 praeparo,
3030 4835 3084 4886 et
3122 4845 3288 4888 voces
3324 4829 3674 4903 importunae
3704 4845 3809 4904 po-

295 4933 427 4991 ﬁre.
2107 4915 2432 4974 stulationis
2476 4917 2695 4987 emitto,
2727 4926 2790 4976 ut
2826 4924 2881 4974 et
2913 4933 3027 4975 vox
3068 4918 3140 4976 ad
3177 4918 3569 4978 miserendum
3612 4922 3810 4979 audita

371 5021 608 5092 Qumrat
639 5039 773 5097 ergo
801 5023 1032 5083 assidue
1067 5023 1264 5081 anima
1297 5027 1488 5079 nostra
1521 5020 1676 5077 hune
1715 5016 2016 5090 Spiritum,
2106 5012 2470 5097 permoveat;
2522 5013 2576 5097 ἓξ
2631 5012 2895 5097 Puram!“
2951 5007 3155 5097 90",“
3210 5008 3364 5080 QUOd
3420 5023 3493 5066 ex
3551 5009 3808 5082 largum“

299 5127 422 5185 quo
443 5094 745 5185 vegetante
767 5113 1074 5187 vivat,quo
1092 5113 1416 5170 illustrante
1437 5109 1772 5182 videat,quo
1785 5106 2020 5163 docente
2107 5095 2432 5154 miSBI‘BDUS
2460 5094 2743 5153 emittitur
2769 5109 2885 5152 ηοῐι
2913 5094 3190 5153 mundat-

301 5203 507 5275 sapiat,
542 5217 658 5274 quo
686 5201 849 5273 duce,
891 5202 1176 5260 inoffenso
1209 5199 1422 5258 amoris
1457 5213 1631 5256 cursu
1666 5197 1735 5252 ad
1778 5195 2017 5269 patriam
2178 5188 2318 5245 Πωο
2369 5202 2575 5260 nempe
2624 5189 2760 5258 duo,
2792 5187 2992 5244 fratres
3040 5189 3169 5256 mei,
3227 5189 3391 5247 vobis
3449 5192 3807 5263 permaxima

302 5292 520 5349 tendat.
556 5289 900 5360 Quaeramus
953 5292 1150 5364 itaque
1187 5306 1220 5348 a
1266 5289 1381 5346 Deo
1435 5292 1650 5354 nostro,
1704 5300 1816 5340 non
1861 5281 2017 5355 quod
2108 5276 2429 5336 necessaria
2461 5282 2616 5344 sunt,
2670 5276 2770 5349 qui
2814 5276 2992 5334 eremi
3032 5277 3334 5336 remotiora
3380 5278 3569 5336 studio
3604 5279 3806 5353 singu-

302 5380 554 5453 quilibet
608 5395 888 5453 panperes
935 5380 1006 5438 ab
1065 5379 1242 5452 hujus
1290 5377 1493 5435 mundi
1535 5371 1814 5430 divitibus
1855 5386 2022 5446 qum-
2106 5367 2346 5426 laritatis
2376 5365 2644 5434 incolitis,
2675 5364 2774 5437 qui
2818 5365 3278 5453 contemplatisz
3303 5367 3438 5425 vitae
3469 5368 3809 5440 speculatio‘

306 5451 468 5540 runt,
509 5451 630 5527 non
671 5451 940 5528 videlicet
975 5451 1302 5536 nummum,
1358 5481 1477 5522 non
1518 5459 1901 5534 digestibilem
1938 5459 2022 5517 ci-
2105 5457 2281 5514 nibus
2327 5453 2631 5512 insudatis.
2675 5451 2923 5525 Expedit
2972 5453 3134 5512 vobis
3179 5456 3408 5515 assidue
3455 5458 3808 5529 psalmorum

316 5556 484 5629 bum,
512 5573 629 5618 non
654 5557 797 5618 nudi
825 5543 1080 5630 corporis
1121 5556 1550 5614 indumentum.
1595 5549 1710 5609 Scit
1737 5549 1896 5606 enim
1924 5547 2024 5605 ille
2111 5541 2512 5610 modulationi,
2564 5548 2620 5599 et
2665 5541 2883 5599 crebris
2925 5543 3280 5603 orationibus
3326 5545 3630 5618 vigilanter
3667 5545 3813 5603 insi-

318 5646 424 5719 qui
452 5648 523 5706 ad
556 5649 681 5718 haec
709 5663 816 5724 nos
841 5662 966 5706 esse
995 5645 1268 5706 sollicitos
1291 5648 1460 5714 vetat,
1483 5640 1621 5715 quia
1642 5638 1733 5697 his
1752 5636 2024 5698 omnibus
2118 5641 2287 5706 stere,
2316 5638 2372 5692 et
2416 5637 2612 5691 contra
2659 5631 3069 5706 cogitationum
3117 5633 3512 5707 ingruentium
3565 5635 3815 5706 impetus
