4070 6198
316 254 450 333 "s25

1859 276 2107 339 SERMO
2142 276 2331 343 ΧΧΙῙ.

3742 273 3850 337 626

339 397 704 458 immobilem
736 414 942 460 eorum
964 400 1115 460 ferre
1139 402 1538 475 constantiam,
1569 404 1835 478 apposuit
1862 403 1924 463 in
1954 418 2050 464 eos
2071 403 2303 471 AUnde
2338 403 2449 462 sibi
2484 402 2767 462 divinitus
2802 401 3050 461 dicitur:
3082 424 3104 454 ι
3146 403 3289 462 Dua
3330 408 3529 477 gentes
3560 403 3623 461 in
3672 409 3838 465 utero

339 485 653 546 crudeliter
696 487 977 548 insanire.
1028 489 1174 548 Nam
1222 489 1592 551 carnificibus
1634 491 1895 566 undique
1937 509 2047 552 sa-

340 576 656 648 vientibus,
688 584 932 651 uterque
964 587 1201 652 martyr,
1232 579 1394 637 velut
1424 595 1542 638 una
1573 595 1738 639 mens
1765 582 2051 641 et‘eadem

335 681 492 737 caro,
530 666 867 725 verberibus
916 666 1178 737 caditur,
1219 667 1517 741 plagarum
1548 668 1703 728 cade
1746 675 2044 741 mactatur,

338 771 481 815 mox
504 754 775 815 carcerali
806 755 1088 814 custodia
1115 757 1378 829 traditur,
1403 774 1471 816 ac
1500 759 1670 817 famis
1699 759 1893 833 inOpia
1915 775 2050 819 cru-

334 846 540 906 ciatur.
593 844 706 905 Sed
735 845 1001 919 nunquid
1035 846 1409 906 bellatoribus
1444 850 1566 908 suis
1602 850 1801 908 divina
1828 857 2049 925 protec-

337 936 419 995 tio
444 934 651 1005 defuit,
685 940 741 994 et
771 936 927 1010 quod
967 935 1028 993 in
1075 936 1158 994 eis
1194 937 1348 996 Deus
1379 937 1500 1012 ipse
1544 939 1875 1011 conﬂigeret
1923 941 2050 998 evi-

334 1024 497 1084 denti
539 1040 775 1098 prorsus
821 1024 1038 1082 indicio
1087 1040 1203 1084 non
1253 1027 1540 1085 ostendit?
1586 1026 1732 1086 Nam
1767 1028 1906 1087 dum
1954 1045 2050 1088 eos

332 1112 634 1171 carniﬁces
681 1112 1017 1171 verberibus
1059 1119 1335 1187 atterunt,
1379 1131 1582 1176 eorum
1628 1116 1879 1187 brachia,
1917 1135 2050 1193 qua

358 1217 398 1259 n
426 1200 579 1260 ictus
604 1200 1054 1275 debacchantur,
1083 1210 1371 1269 arescunt,
1417 1211 1482 1263 ut
1522 1221 1695 1265 saxea
1733 1213 1958 1281 pectora
1994 1212 2051 1266 et

331 1308 367 1351 a
410 1292 638 1367 pietatis
685 1293 1005 1352 visceribus
1041 1294 1253 1366 aliena,
1301 1295 1505 1354 saltem
1543 1312 1645 1370 per
1688 1298 1880 1355 carnis
1920 1314 2048 1357 are-

330 1381 503 1441 facta
538 1382 809 1456 rigorem,
849 1383 1072 1441 discant
1114 1383 1304 1442 cordis
1364 1385 1573 1444 habere
1619 1386 1946 1459 mollitiem,
1993 1393 2050 1447 et

332 1469 396 1529 in
443 1472 842 1531 membrorum
884 1488 1123 1532 suorum
1160 1472 1413 1533 nexibus
1449 1475 1725 1549 colligant
1770 1494 1945 1551 quam
1977 1480 2047 1537 ti-

332 1561 549 1620 menda
594 1561 668 1619 sit
713 1562 900 1620 virtus
949 1561 1226 1621 adversus
1264 1578 1439 1637 quam
1486 1570 1604 1623 tam
1650 1565 1886 1638 furiose,
1932 1571 2047 1626 tam

332 1650 599 1709 atrociter
625 1649 1005 1709 dimicabant.

2131 496 2229 553 tuo
2284 498 2440 563 sunt,
2493 497 2549 550 et
2590 491 2708 549 duo
2751 490 2947 566 pepuli
2995 507 3071 550 ex
3116 497 3279 550 utero
3316 492 3432 550 duo
3480 492 3834 566 dividentur,

2130 578 2492 652 populusque
2525 578 2806 652 populum
2836 578 3152 653 superabit,
3186 585 3239 637 et
3269 580 3449 653 major
3477 580 3686 640 serviet
3718 582 3833 640 mi-

2133 666 2257 725 nori
2309 667 2457 739 (Gen.
2514 668 2688 739 xxv).
2720 687 2747 718 »
2774 666 2841 723 In
2884 666 3010 725 istis
3055 672 3248 726 autem
3298 666 3461 726 nulla
3505 668 3830 743 diversitas,

2129 770 2275 829 quos
2298 755 2581 813 nimirum
2608 760 2663 813 et
2692 770 2806 813 non
2834 755 3027 829 dispar
3055 755 3175 813 vita
3206 756 3576 828 confaderat,
3607 763 3659 815 et
3688 757 3838 818 indi-

2129 844 2321 902 vidua
2368 842 2661 902 charitatis
2706 844 3062 903 unanimitas
3094 845 3323 904 conﬁat.
3370 844 3614 904 Felicior
3660 848 3835 906 etiam

2129 934 2236 991 iste
2280 940 2480 1006 partus
2525 950 2697 1008 quam
2740 935 2915 994 fuerit
2951 936 3049 994 ille
3088 935 3361 1005 Thamar,
3408 952 3526 1012 quo
3568 937 3836 997 videlicet

2128 1023 2317 1082 exorti
2354 1028 2491 1080 sunt
2528 1022 2743 1082 Phares
2776 1030 2830 1081 et
2859 1023 3002 1081 Zara
3046 1026 3195 1095 (Gen.
3238 1027 3521 1099 XXXVIII).
3573 1022 3865 1097 Quorum’

2127 1114 2271 1173 alter
2304 1117 2523 1180 divisio,
2565 1113 2708 1172 alter
2736 1115 3367 1189 oriensinterpretatur.
3400 1117 3471 1175 Et
3505 1117 3655 1176 sicut
3681 1118 3835 1177 inter

2129 1222 2189 1264 se
2214 1205 2464 1264 invicem
2497 1205 2731 1263 dissidet
2761 1206 3152 1279 interpretatio
3191 1208 3524 1279 nominum,
3560 1210 3639 1269 ita
3667 1225 3833 1284 qua-

2128 1294 2261 1352 dam
2289 1294 2591 1353 diversitas
2622 1300 2705 1351 est
2742 1295 2802 1351 in
2849 1296 3122 1369 operibus
3152 1296 3543 1369 singulorum,
3584 1298 3683 1356 sed
3728 1314 3836 1357 nec

2127 1383 2282 1442 idem
2322 1389 2515 1441 tenent
2552 1384 2613 1440 in
2660 1384 2847 1458 figura
2896 1386 3258 1458 mysterium.
3307 1385 3470 1443 Beati
3514 1402 3650 1445 vero
3688 1402 3837 1445 mar-

2127 1476 2282 1546 tyres
2326 1471 2423 1529 isti
2470 1471 2532 1529 in
2579 1487 2817 1530 suorum
2863 1473 3171 1532 nominum
3210 1474 3683 1547 interpretatione
3714 1490 3831 1533 non

2126 1562 2470 1638 discrepant,
2514 1562 2651 1636 quia
2687 1563 3114 1639 quodammodo
3152 1579 3342 1623 unum
3374 1569 3463 1621 est
3496 1564 3651 1639 quod
3690 1565 3835 1623 desi-

2123 1656 2325 1725 gnant,
2361 1656 2417 1709 et
2455 1667 2666 1711 nomen
2699 1651 3029 1710 utriuslibet
3062 1652 3297 1728 utrique
3326 1652 3657 1711 concordat.
3699 1653 3833 1711 Per-

403 1739 533 1799 Jam
590 1755 723 1799 vero
766 1739 915 1799 illud
960 1756 1137 1814 quam
1184 1741 1453 1801 sublimis
1489 1742 1691 1816 gratia
1743 1738 2397 1830 meritum,Bgentinus
2450 1739 2607 1798 enim
2657 1745 2713 1798 et
2761 1740 3173 1809 Laurentinus,
3228 1745 3473 1813 uterque
3528 1740 3712 1813 pergit
3765 1740 3837 1798 ad

330 1836 569 1903 quantae
606 1832 974 1905 cognoscitur
1016 1833 1172 1906 apud
1214 1833 1399 1891 Deum
1444 1832 1852 1893 familiaritatis
1899 1829 2092 1898 indi-7
2132 1829 2408 1900 lauream,
2438 1834 2494 1888 et
2513 1830 2727 1905 quibus
2755 1846 2875 1890 una
2902 1837 2987 1888 est
3011 1831 3129 1903 via,
3158 1845 3278 1902 una
3307 1836 3391 1888 est
3419 1830 3836 1905 concupiscen-

331 1918 514 1989 cium,
556 1920 730 1996 quod,
772 1921 833 1979 in
865 1936 1091 1981 carcere
1134 1921 1427 1981 constituti
1469 1928 1524 1981 et
1563 1923 1826 1983 triduana
1868 1928 2046 1991 simul

329 2007 527 2067 inedia
566 2009 856 2079 macerati,
897 2010 1187 2083 angelitus
1216 2010 1525 2069 visitantur
1567 2016 1621 2071 et
1668 2029 1886 2075 mensa
1927 2034 2044 2078 ca-

330 2097 494 2157 lestis
541 2098 816 2157 alimenta
864 2099 1209 2174 percipiunt.
1255 2100 1324 2159 In
1378 2100 1462 2159 eis
1514 2100 1729 2175 quippe
1781 2103 2045 2168 Christus

329 2187 638 2259 esuriebat,
688 2188 751 2246 in
789 2188 871 2247 eis
909 2188 1189 2264 supplicia
1219 2190 1556 2264 perferebat,
1588 2206 1721 2251 cum
1760 2194 1843 2253 eis
1881 2196 2043 2256 clau-

329 2280 575 2340 debatur
602 2281 666 2339 in
697 2297 943 2349 carcere,
973 2298 1106 2341 cum
1135 2281 1218 2341 eis
1249 2282 1311 2341 in
1343 2282 1611 2353 vinculis,
1651 2300 1785 2344 cum
1812 2287 1896 2346 eis
1922 2296 2044 2349 erat

329 2383 522 2427 comes
551 2369 892 2428 individuus
920 2370 982 2428 in
1017 2371 1336 2430 tormentis.
1379 2371 1452 2429 Et
1484 2373 1590 2447 qui
1627 2372 1852 2433 dudum
1891 2376 2044 2437 inter

328 2456 769 2516 deambulantes
806 2458 867 2516 in
907 2458 1138 2517 camino
1179 2457 1482 2518 Chaldaico
1522 2475 1732 2534 pueros
1770 2463 1930 2523 visus
1959 2472 2043 2525 est

328 2552 599 2619 quartus,
633 2545 757 2619 ipse
786 2546 982 2619 procul
1008 2546 1185 2606 dubio
1204 2563 1338 2606 cum
1366 2548 1492 2606 istis
1522 2549 1695 2607 etiam
1724 2550 2041 2612 invictissi-

331 2631 443 2690 mis
468 2631 844 2692 bellatoribus
870 2636 992 2694 suis
1025 2635 1208 2694 factus
1233 2643 1315 2694 est
1346 2637 1567 2695 tertius.
1597 2659 1625 2690 ‹‹
1655 2637 1818 2713 Ecce,
1844 2642 2043 2717 inquit

324 2736 454 2792 rex,
509 2721 677 2781 video
719 2723 874 2782 viros
920 2730 1174 2797 quatuor
1231 2725 1449 2783 solutos
1496 2725 1935 2790 deambulantes
1973 2733 2038 2792 in

325 2809 520 2869 medio
547 2811 723 2884 ignis,
753 2819 809 2870 et
840 2812 987 2870 nihil
1013 2815 1398 2888 corruptionis
1419 2821 1503 2874 est
1526 2816 1587 2873 in
1616 2818 1717 2888 eis,
1744 2825 1798 2878 et
1820 2823 2036 2896 species

321 2899 519 2974 quarti
546 2900 756 2959 similis
784 2909 869 2959 est
896 2901 1043 2960 Filio
1070 2901 1172 2961 Dei
1198 2905 1356 2975 (Dan.
1389 2905 1491 2977 ιιι).
1522 2926 1550 2957 ››
1586 2905 1739 2966 Hinc
1768 2917 1852 2968 est
1879 2912 2036 2985 quod

321 2995 379 3047 et
432 2992 762 3061 persecutor
805 2989 905 3047 ille
949 2989 1272 3061 Tiburtius,
1331 2992 1675 3052 insanientis
1715 2994 2034 3057 iracundia

320 3078 460 3137 felle
481 3086 797 3152 permotus,
829 3088 1168 3155 vaporantes
1196 3081 1266 3139 de
1296 3082 1524 3140 fornace
1554 3083 1759 3142 furiosi
1790 3088 2033 3159 pectoris

318 3166 586 3225 ﬂammas
612 3168 895 3239 evomuit,
927 3176 981 3227 et
1010 3168 1206 3227 beatos
1252 3178 1530 3243 martyres
1567 3187 1740 3245 super
1768 3173 2032 3234 ardentes

317 3271 539 3330 prunas
568 3255 742 3314 nudis
769 3257 1014 3331 pedibus
1048 3264 1232 3315 astare
1261 3259 1548 3332 praeepit.
1582 3261 1659 3318 At
1689 3262 1952 3335 protinus
1977 3271 2032 3322 et

315 3346 598 3406 carbones
636 3348 930 3419 exstincti,
973 3354 1032 3406 et
1069 3347 1301 3421 gloriosi
1344 3355 1665 3423 martyrum
1704 3349 1873 3422 pedes
1913 3357 2031 3410 tan-

315 3451 497 3510 quam
525 3452 697 3511 super
720 3428 1024 3495 candentia
1064 3436 1209 3506 lilia,
1246 3436 1337 3495 vel
1367 3453 1593 3496 croceos
1632 3454 1890 3498 rosarum
1922 3441 2028 3500 ﬂo-

316 3540 410 3583 res
460 3524 623 3583 molli
669 3532 808 3582 sunt
850 3524 1092 3598 vestigio
1127 3524 1408 3582 delectati.
1450 3525 1568 3583 Nec
1604 3532 1785 3585 cessat
1837 3528 2028 3588 adhuc

315 3612 481 3672 ferox
528 3613 802 3688 nequitia
839 3612 1096 3687 spiritus.
1141 3612 1298 3670 Nihil
1339 3613 1690 3671 intentatum
1724 3615 2023 3691 relinquit,

312 3701 413 3758 sed
455 3701 655 3760 omnia
685 3709 938 3759 versuta
970 3700 1210 3772 fraudis,
1244 3700 1438 3758 omnia
1468 3700 1649 3759 rabidi
1691 3703 1901 3761 furoris
1930 3720 2026 3762 ar-

309 3798 589 3864 gumenta
617 3789 924 3865 percurrit.
968 3786 1079 3848 Sed
1120 3804 1236 3865 quo
1270 3788 1535 3862 pluribus
1559 3790 1774 3865 jaculis
1800 3792 2026 3867 impetit

310 3881 527 3941 Christi
559 3882 791 3953 milites,
816 3896 883 3940 eo
911 3880 1097 3939 reddit
1122 3895 1270 3938 caca
1297 3879 1606 3938 crudelitas
1632 3881 1921 3942 clariores.
1953 3883 2025 3941 Et

307 3978 529 4044 quanto
598 3971 933 4030 frementior
997 3970 1081 4027 eis
1156 3969 1379 4043 ingruit
1424 3968 1758 4029 immanitas
1808 3972 2020 4046 pralii,

309 4068 468 4120 tanto
510 4061 797 4134 prabetur
827 4061 1061 4121 uberior
1097 4060 1316 4117 occasio
1356 4059 1775 4133 triumphandi.
1818 4062 2021 4138 Itaque

304 4150 581 4210 statuitur
626 4151 872 4223 idolum,
922 4159 976 4209 et
1025 4149 1229 4208 insana
1278 4148 1492 4223 judicis
1541 4148 1729 4208 rabies
1779 4151 2023 4227 imperat

305 4242 692 4301 adorandum.
726 4245 803 4301 At
828 4242 971 4302 dum
999 4259 1117 4301 non
1149 4242 1391 4313 idolum,
1432 4239 1530 4300 sed
1560 4241 1714 4302 Deus
1752 4246 2019 4320 omnipo-

309 4337 437 4390 tens
498 4330 640 4387 115
694 4334 985 4405 adoratur,
1048 4334 1230 4406 figura
1304 4332 1536 4393 larvalis
1597 4334 1661 4390 in
1718 4334 2018 4408 pulverem

311 4418 536 4478 redacta
586 4420 911 4480 collabitur.
977 4421 1268 4480 Postremo
1337 4421 1437 4497 qui
1513 4418 1807 4496 dedignati
1882 4429 2020 4483 sunt

309 4525 444 4568 suas
492 4509 662 4568 idolis
699 4510 981 4569 inclinare
1021 4511 1291 4582 cervices,
1330 4511 1594 4570 alacriter
1625 4512 1818 4586 gladio
1853 4513 2018 4573 beata

306 4597 455 4656 colla
508 4597 845 4672 subjiciunt,
905 4604 958 4656 et
1017 4600 1100 4658 sic
1150 4600 1399 4673 glorioso
1457 4600 1742 4673 sanguine
1793 4618 2016 4676 purpu-

306 4684 415 4743 rati
464 4686 537 4744 ad
592 4686 1001 4760 Imperatorem
1050 4704 1224 4747 suum
1272 4694 1497 4763 peracta
1542 4688 1780 4747 victoria
1829 4706 2017 4749 rever-

304 4781 526 4835 tuntur.

371 4863 418 4924 Ο
444 4864 607 4923 beata
629 4868 999 4941 germanitas,
1031 4885 1162 4943 qua
1193 4884 1296 4927 nec
1321 4868 1382 4926 in
1405 4867 1779 4942 conceptione
1804 4868 2008 4943 dividi,

299 4967 407 5011 nec
444 4954 504 5012 in
552 4954 849 5014 nativitate
895 4957 1167 5029 discerni,
1216 4973 1323 5015 nec
1369 4956 1430 5014 in
1491 4957 1756 5030 pretiosa
1811 4959 2011 5018 mortis

294 5044 482 5116 potuit
514 5061 726 5119 genere
765 5046 1037 5119 separari,
1070 5062 1234 5120 pares
1268 5045 1325 5104 in
1357 5061 1547 5119 pana,
1593 5047 1912 5122 coaquales
1947 5048 2006 5107 in

290 5132 516 5205 gloria!
557 5133 748 5192 Simul
787 5150 861 5192 ex
899 5134 1175 5193 maternis
1205 5133 1526 5193 visceribus
1572 5135 1900 5195 funduntur
1944 5136 2007 5195 in

293 5220 538 5290 mundo,
605 5221 781 5281 simul
842 5240 917 5282 ex
972 5239 1155 5296 agone
1229 5224 1615 5282 consummati
1671 5226 2003 5286 certaminis

289 5306 563 5367 oriuntur
607 5310 666 5368 in
709 5311 871 5370 calo.
918 5312 1352 5383 Quodammodo
1401 5313 1622 5373 felicior
1669 5314 1772 5373 iste
1824 5332 2003 5389 quam

288 5395 568 5458 Rebecca
600 5401 880 5460 dicendus
914 5408 998 5459 est
1030 5408 1248 5475 partus.
1289 5400 1456 5472 Nam,
1505 5401 1801 5476 Scriptura
1841 5412 1998 5480 teste,

284 5485 349 5544 in
385 5494 551 5545 utero
577 5485 736 5547 illius
755 5487 1176 5549 collidebantur
1197 5491 1446 5563 parvuli,
1475 5491 1612 5563 quia
1642 5492 1750 5551 sub
1774 5493 2002 5555 diversa

282 5590 523 5637 morum
567 5582 742 5651 atque
788 5594 1166 5641 successuum
1220 5585 1383 5639 erant
1432 5579 1707 5655 qualitate
1764 5582 1996 5646 victuri.

2132 1918 2209 1976 tia
2229 1918 2455 1989 ;.simul
2479 1917 2805 1992 gradientes
2834 1919 3179 1993 perveniunt
3213 1919 3284 1976 ad
3316 1933 3608 1977 coronam.
3638 1918 3835 1995 Quane

2128 2023 2303 2082 quam
2332 2015 2387 2066 et
2416 2008 2477 2067 in
2504 2008 2648 2079 istis,
2690 2010 2843 2068 sicut
2869 2025 3073 2068 eorum
3105 2013 3342 2068 testatur
3372 2009 3630 2081 historia,
3669 2025 3834 2084 qua-

2129 2095 2263 2154 dam
2328 2096 2646 2170 reperiatur
2712 2112 2835 2155 esse
2894 2096 3236 2156 differentia.
3311 2096 3458 2156 Nam
3531 2098 3667 2157 dum
3740 2114 3838 2158 eos

2128 2185 2406 2245 violentia
2442 2187 2794 2259 pertraheret
2820 2185 2891 2244 ad
2921 2194 3256 2264 tyrannum,
3298 2187 3682 2261 Pergentinus
3712 2190 3833 2248 fra-

2128 2275 2220 2346 tri,
2264 2273 2541 2349 quoniam
2588 2275 3043 2349 eloquentiorem
3078 2273 3397 2348 judicabat,
3441 2277 3829 2351 respondendi

2124 2361 2412 2435 delegavit
2447 2361 2727 2434 ofﬁcium,
2756 2368 2820 2422 ut
2856 2363 2955 2420 ille
2985 2363 3145 2423 velut
3172 2365 3363 2423 Aaron
3406 2364 3736 2438 loqueretur
3759 2368 3830 2427 ad

2126 2453 2505 2523 Pharaonem,
2566 2453 2709 2512 dum
2763 2448 3094 2512 assisterent
3141 2460 3276 2513 ante
3329 2455 3657 2537 prasidem.
3711 2457 3833 2516 Hoc

2124 2542 2303 2615 igitur
2336 2542 2489 2602 inter
2516 2543 2694 2617 hujus
2724 2542 2907 2601 beata
2934 2544 3329 2617 germanitatis
3369 2545 3631 2617 geminos
3661 2546 3833 2606 distat

2123 2632 2277 2707 quod
2310 2632 2461 2690 inter
2493 2631 2730 2707 Moysen
2759 2637 2813 2690 et
2840 2633 3033 2691 Aaron
3075 2633 3306 2692 differre
3339 2633 3635 2708 Scriptura
3672 2651 3831 2694 com-

2122 2728 2422 2780 memorat.
2456 2721 2719 2792 Quorum
2759 2737 2919 2782 unus
2952 2722 3024 2781 de
3070 2739 3130 2781 se
3168 2724 3562 2798 conqueritur,
3593 2723 3827 2784 dicens:

2125 2810 2448 2882 «Obsecro,
2492 2810 2757 2882 Domine,
2802 2826 2919 2869 non
2970 2827 3100 2869 sum
3146 2811 3428 2886 eloquens
3475 2815 3547 2872 ab
3596 2815 3723 2873 heri
3775 2822 3831 2873 et

2119 2898 2337 2958 nudius
2364 2899 2583 2970 tertius,
2617 2905 2672 2957 et
2700 2915 2774 2957 ex
2803 2914 2921 2973 quo
2944 2898 3171 2958 locutus
3190 2915 3250 2958 es
3268 2901 3340 2958 ad
3367 2918 3601 2961 servum
3630 2907 3828 2976 tuum,

2117 2984 2499 3059 impeditioris
2529 2992 2585 3045 et
2613 2987 2874 3045 tardioris
2906 2987 3127 3062 lingua
3163 3004 3295 3046 sum
3327 2990 3521 3061 (Exod.
3554 2989 3652 3061 Iv).
3692 3012 3712 3041 ι
3749 2989 3829 3048 De

2117 3071 2296 3131 altero
2325 3088 2462 3131 vero
2480 3074 2691 3133 dicitur
2717 3093 2729 3132 :
2758 3094 2786 3129 ‹‹
2825 3075 3017 3133 Aaron
3048 3076 3220 3133 frater
3258 3081 3394 3134 tuus
3425 3076 3675 3148 Levites,
3707 3077 3825 3136 scio

2118 3162 2271 3236 quod
2308 3162 2582 3237 eloquens
2611 3164 2719 3235 sit;
2766 3164 2889 3239 ipse
2915 3164 3183 3239 loquetur
3209 3180 3311 3239 pro
3338 3171 3392 3224 te
3421 3167 3493 3226 ad
3524 3166 3823 3241 populum,

2118 3257 2173 3311 et
2199 3252 2309 3312 erit
2336 3269 2399 3312 os
2434 3261 2603 3313 tuum
2629 3256 2842 3327 (Ibid.).
2893 3280 2919 3303 ››
2971 3255 3114 3314 Ecce
3143 3254 3337 3329 itaque
3366 3256 3517 3315 beati
3546 3262 3827 3332 martyres

2117 3344 2179 3402 in
2233 3360 2300 3402 ea
2349 3360 2427 3414 re,
2477 3360 2596 3419 qua
2654 3344 3023 3419 reperiuntur
3071 3347 3302 3405 sibimet
3344 3348 3597 3408 invicem
3643 3349 3826 3408 fuisse

2113 3433 2447 3505 dissimiles,
2492 3432 2920 3507 quodammodo
2966 3435 3149 3511 Moysi
3200 3443 3255 3493 et
3294 3436 3489 3496 Aaron
3532 3440 3824 3497 exstitisse

2113 3522 2385 3581 videntur
2419 3523 2691 3596 aquales.
2736 3523 2805 3580 Et
2839 3537 2957 3580 non
2988 3523 3247 3583 fortassis
3279 3523 3616 3597 incongrue.
3660 3525 3823 3585 Sicut

2112 3611 2269 3669 enim
2303 3626 2404 3685 per
2448 3610 2578 3670 illos
2607 3612 2704 3669 lex
2733 3611 2871 3669 olim
2900 3612 3032 3670 data
3062 3617 3146 3671 est
3174 3612 3507 3673 Israelitica
3534 3612 3711 3688 plebi,
3743 3614 3823 3671 ita

2110 3716 2212 3774 per
2262 3701 2401 3759 istos
2455 3699 2782 3758 Christiana
2836 3701 2979 3760 ﬁdes
3036 3708 3093 3760 et
3143 3701 3529 3776 Evangelium
3588 3702 3820 3762 civibus

2110 3790 2310 3849 illuxit
2341 3789 2541 3848 Aretii.
2576 3789 2719 3847 Nam
2751 3806 2884 3848 cum
2907 3790 3215 3865 gentilitati
3245 3790 3437 3850 adhuc
3464 3791 3610 3850 ritus
3640 3792 3817 3866 pesti-

2110 3877 2292 3937 lenter
2319 3878 2740 3937 inhorresl-eret
2767 3879 2907 3936 etin
2937 3878 3332 3938 Christianum
3370 3895 3581 3939 nomen
3633 3897 3821 3956 perse-

2107 3967 2354 4027 cutionis
2432 3969 2595 4027 furor
2657 3968 2993 4027 immaniter
3054 3967 3341 4040 ebulliret,
3400 3978 3540 4030 tunc
3600 3971 3817 4032 scilicet

2106 4057 2340 4133 quando
2368 4058 2432 4116 B.
2466 4058 2722 4117 Donatus
2750 4059 2997 4132 pretioso
3028 4059 3314 4133 sanguine
3341 4060 3641 4118 Aretinam
3672 4078 3813 4136 pur-

2105 4149 2338 4223 puravit
2382 4149 2717 4223 Ecclesiam,
2770 4150 3089 4223 vigesimus
3135 4157 3325 4209 tamen
3372 4150 3683 4225 imperator
3733 4160 3819 4211 est

2103 4237 2398 4310 Julianus,
2449 4239 2558 4299 sub
2593 4256 2707 4314 quo
2736 4239 2800 4297 Β.
2835 4239 3088 4300 Donatus
3135 4240 3383 4313 insignis
3425 4248 3644 4316 martyr
3684 4244 3812 4301 eni-

2108 4329 2237 4395 tuit,
2268 4344 2301 4386 a
2329 4329 2499 4388 Decio
2528 4330 2803 4403 principe,
2826 4331 2995 4404 cujus
3018 4329 3336 4405 persecutio
3364 4329 3503 4388 istos
3533 4330 3844 4404 gloriosos-

2105 4427 2388 4494 martyres
2430 4421 2744 4479 coronavit.
2789 4420 2951 4490 Quod
2984 4422 3032 4479 si
3069 4421 3390 4496 catalogum
3425 4437 3660 4495 quoque
3691 4421 3809 4481 Ro-

2038 4484 2411 4568 I)manorum
2456 4510 2794 4582 pontificum
2840 4510 3091 4568 studiose
3120 4526 3441 4584 percurras,
3484 4511 3750 4570 invenies
3778 4531 3810 4571 a

2102 4598 2167 4656 B.
2203 4597 2387 4669 Sixto,
2429 4595 2569 4652 116
2604 4600 2702 4657 cui
2745 4600 3031 4659 Decianus
3070 4601 3252 4671 furor,
3295 4601 3438 4659 dum
3482 4601 3805 4673 desaviret,

2101 4687 2319 4745 servire
2364 4694 2595 4744 coactus
2630 4695 2733 4751 est,
2777 4703 2961 4762 usque
3003 4687 3076 4746 ad
3112 4688 3411 4747 Liberium
3441 4704 3671 4763 papam,
3700 4690 3806 4764 qui

2097 4776 2317 4835 Juliani
2376 4781 2627 4850 tempore
2682 4779 2913 4851 prafuit
2959 4778 3262 4839 duodecim
3306 4779 3632 4853 apostolica
3681 4780 3803 4838 sedi

2097 4866 2437 4943 pracedisse
2466 4869 2786 4942 pontifices.

2167 4956 2312 5017 Cum
2368 4957 2547 5031 igitur
2590 4958 2824 5034 gloriosi
2874 4965 3152 5035 martyres
3197 4960 3294 5020 isti
3342 4966 3499 5021 tanto
3547 4967 3800 5036 tempore

2094 5045 2158 5106 Β.
2210 5046 2499 5107 Donatum
2548 5049 2908 5122 pracessisse
2949 5056 3278 5119 noscantur,
3336 5064 3453 5109 non
3510 5050 3802 5109 immerito

2092 5136 2370 5197 dicuntur
2396 5137 2457 5196 in
2487 5139 2579 5197 his
2604 5138 2940 5212 regionibus
2966 5139 3031 5197 in
3070 5138 3288 5213 quibus
3311 5139 3462 5213 passi
3488 5145 3644 5212 sunt,
3673 5157 3797 5199 cre-

2091 5228 2356 5289 dentium
2399 5229 2593 5299 duces,
2634 5229 2895 5289 fidelium
2938 5229 3253 5303 principes,
3296 5228 3363 5289 ac
3397 5231 3594 5302 totius,
3626 5236 3691 5290 ut
3718 5231 3797 5290 ita

2090 5316 2313 5392 loquar,
2363 5317 2618 5376 Aretina
2674 5318 2946 5377 Ecclesia
3002 5317 3354 5378 fundatores.
3413 5317 3491 5377 Hi
3550 5320 3800 5393 profecto

2088 5422 2245 5466 nunc
2274 5407 2549 5466 micantes
2589 5422 2835 5480 gemma
2864 5415 2919 5466 et
2950 5407 3252 5468 rutilantes
3278 5413 3416 5468 sunt
3443 5409 3789 5483 margarita,

2087 5512 2220 5572 qua
2249 5495 2511 5556 videlicet
2537 5496 2599 5555 in
2630 5497 2993 5569 imperatoris
3020 5497 3223 5557 aterni
3248 5497 3569 5558 diademate
3598 5498 3792 5572 pollu-

2083 5586 2331 5646 cibiliter
2354 5585 2599 5659 radiant,
2633 5592 2688 5645 et
2717 5585 2866 5646 inter
2893 5586 3105 5660 ignitos
3133 5603 3402 5662 superna
3426 5588 3789 5649 Hierusalem
