4070 6198
224 286 335 357 ϐἳῚ
847 295 910 358 S.
948 295 1173 357 PETRI
1209 293 1535 356 DAMIANI
1571 293 1729 354 OPP.
1772 290 1969 365 PARS
2008 290 2151 354 SEU
2189 292 2441 355 TOMUS
2478 294 2554 354 II.
2596 327 2663 339 --
2702 291 3119 355 SEBMONES.
3619 296 3724 358 628

226 419 444 497 lapides
469 416 945 495 inexstinguibili
973 420 1272 495 splendore
1297 414 1619 478 coruscant.
1651 417 1826 478 Porro
1852 419 1934 477 si-
1958 419 2326 492 Asanguinis
2351 418 2679 492 aspersione
2706 417 3038 491 prasignat.
3068 414 3341 476 Consistit
3368 428 3563 478 coram
3594 437 3724 480 arca

225 515 326 569 cut
352 511 654 582 geminum
688 510 988 570 oculorum
1016 508 1212 567 lumen
1246 510 1306 566 in
1339 509 1521 581 capite
1554 508 1933 566 constitutum
2023 505 2254 565 faderis
2295 513 2349 563 et
2388 513 2519 564 ante
2569 504 2894 563 testamenti
2938 503 3181 571 tabulas,
3234 520 3445 564 urnam
3488 522 3722 566 auream

227 596 483 671 subjecta
518 599 772 672 corporis
806 596 1063 655 membra
1088 591 1447 667 condecorat,
1478 596 1554 655 ita
1586 596 1650 655 B.
1680 596 1936 654 Donatus
2023 595 2332 653 habentem
2362 610 2595 663 manna,
2628 592 2852 664 virgam
2894 592 3107 661 Aaron,
3143 592 3460 652 Cherubim
3506 604 3562 654 et
3592 612 3728 670 pro-

222 701 357 746 cum
403 684 630 745 duobus
665 685 755 744 his
788 684 917 744 coeli
954 684 1262 753 sideribus,
1293 685 1459 760 quasi
1486 684 1802 742 sanctitatis
1841 699 1936 741 ca-
2022 684 2402 758 pitiatorium,
2431 682 2765 741 solemniter
2794 679 3099 751 infulatus,
3134 680 3326 740 vultui
3369 682 3495 751 Dei,
3528 682 3728 757 gloria

227 781 334 851 put
361 775 611 847 ﬁdeique
642 773 993 848 principium
1024 773 1339 849 adiacentia
1369 789 1620 847 quaque
1651 771 1773 831 loca
1797 788 1941 846 pra-
2024 773 2356 849 majestatis,
2387 786 2579 831 rerum
2610 768 2877 829 omnium
2904 767 3151 827 Domino
3184 774 3317 827 vota
3350 772 3727 842 percelebrat.

228 862 402 934 cellit,
446 870 521 933 ct,
552 870 615 921 ut
642 861 721 920 ita
756 861 953 931 fatear,
990 868 1173 920 totum
1223 860 1450 920 Tuscia
1479 877 1687 935 corpus
1729 861 1935 920 eximii
2023 860 2157 920 Dies
2202 863 2379 919 instat
2418 859 2715 930 solemnis,
2756 864 2811 916 et
2854 857 3077 915 cateris
3117 856 3321 916 diebus
3367 859 3732 922 multitudini

231 949 555 1025 splendoris
584 949 769 1009 nitore
799 950 1114 1024 perfundit.
1159 948 1342 1008 Tanto
1370 950 1585 1024 quippe
1616 966 1775 1009 nunc
1803 957 1938 1009 sunt
2022 949 2359 1008 Judaorum
2378 949 2675 1020 celebrior,
2702 946 2935 1006 Domini
2963 946 3352 1021 pracipientis
3373 952 3734 1010 attestatione

230 1034 632 1099 eminentioris
676 1038 878 1112 gloria
915 1037 1172 1097 claritate
1212 1038 1530 1111 conspicui,
1562 1045 1780 1114 quanto
1806 1055 1936 1112 gra-
2023 1040 2311 1110 sublimis,
2345 1039 2513 1114 plane
2547 1036 2876 1111 spectabilis
2901 1042 2956 1094 et
2985 1036 3208 1107 festiva,
3241 1036 3304 1094 in
3331 1050 3449 1111 qua
3472 1037 3592 1096 sola
3619 1039 3730 1097 soli

232 1126 379 1187 viori
410 1128 637 1187 fuerant
658 1127 843 1186 rabidi
872 1128 1251 1200 persecutoris
1270 1127 1630 1187 immanitate
1661 1128 1934 1202 depressi.
2023 1129 2283 1205 pontiﬁci
2340 1128 2547 1187 licebat
2593 1127 2833 1185 introire
2883 1126 2946 1183 in
3008 1125 3216 1185 Sancta
3271 1133 3626 1201 sanctorum,
3676 1134 3734 1187 et

229 1215 416 1291 Igitur
448 1214 519 1274 de
564 1215 752 1291 panis
790 1214 862 1273 ad
906 1215 1169 1289 gloriam,
1202 1214 1274 1274 de
1313 1216 1626 1275 certamine
1673 1217 1935 1275 translati
2023 1218 2326 1292 aspergine
2354 1215 2697 1276 multiformi
2732 1229 2977 1274 summa
3004 1213 3327 1273 divinitatis
3366 1216 3515 1275 iram
3559 1218 3736 1277 refri-

230 1311 369 1367 sunt
395 1306 466 1366 ad
512 1321 803 1366 coronam.
838 1305 967 1381 Ipse
994 1306 1279 1366 nimirum
1308 1306 1390 1366 eis
1429 1308 1614 1365 factus
1655 1312 1741 1365 est
1785 1321 1937 1380 pra-
2021 1322 2240 1382 gerare.
2276 1305 2637 1365 Convenitur
2664 1303 2923 1379 undique
2958 1303 3021 1362 in
3050 1310 3305 1362 sanctam
3334 1304 3645 1379 civitatem,
3676 1314 3737 1367 et

229 1394 417 1455 mium
448 1411 581 1455 cum
630 1397 859 1471 recepit,
893 1398 996 1472 qui
1041 1413 1103 1456 se
1130 1412 1232 1471 pro
1259 1397 1343 1455 eis
1372 1396 1656 1455 obtulerat
1685 1396 1935 1471 pretium
2027 1395 2372 1469 populorum
2404 1394 2568 1454 turba
2599 1393 2954 1469 frequentior
2976 1392 3235 1452 cumulat
3261 1394 3560 1453 materiam
3584 1411 3735 1468 gau-

227 1498 363 1545 cum
413 1485 673 1558 redemit,
720 1480 887 1546 Jesns
933 1487 1194 1547 Christus
1242 1486 1525 1545 Dominus
1578 1492 1788 1551 noster,
1836 1485 1939 1560 qui
2023 1485 2274 1543 diorum.
2323 1484 2483 1543 Inter
2532 1485 2657 1543 hac
2710 1499 2870 1543 sacra
2925 1484 3248 1543 consistens
3299 1484 3735 1559 archangelus:

230 1592 366 1636 cum
395 1578 561 1637 Patre
585 1584 641 1636 et
671 1576 893 1651 Spiritu
921 1584 1116 1637 sancto
1144 1578 1291 1637 vivit
1317 1584 1374 1637 et
1400 1584 1601 1652 regnat
1630 1577 1691 1635 in
1719 1576 1939 1636 sacula
2028 1597 2054 1625 α
2084 1574 2170 1633 Ne
2198 1575 2421 1646 timeas,
2454 1574 2664 1648 inquit,
2692 1572 2966 1631 Zacharia
2992 1574 3198 1646 (Ibid),
3234 1596 3260 1625 ιο
3290 1573 3430 1647 quia
3464 1580 3741 1634 nascetur

232 1665 601 1727 saculorum.
624 1666 834 1726 Amen.
2024 1663 2129 1721 tibi
2158 1663 2317 1722 filius
2340 1668 2645 1738 parentum
2668 1662 2970 1736 gaudium,
3000 1661 3273 1721 nobilitas
3293 1665 3541 1737 generis,
3573 1663 3740 1723 orbis

805 1760 826 1781 '
864 1756 1111 1818 SEBMO
1143 1756 1356 1817 XXIII.
1962 1754 2380 1845 Bexemﬁplum,
2414 1754 2549 1813 ﬁnis
2578 1755 2740 1828 legis,
2776 1754 3079 1845 Evangelii
3124 1755 3497 1845 principium,
3531 1758 3741 1816 mortis

232 1852 272 1901 Ι.
317 1852 381 1901 IN
425 1854 783 1904 NATIVITATE
824 1857 873 1905 s.
921 1858 1163 1906 JOANNIS
1199 1858 1513 1907 BAPTISTE.
1562 1850 1738 1917 (XXIV
1778 1851 1938 1919 JUN.)
1964 1842 1999 1845 ⁷
2024 1843 2316 1918 expulsio,
2357 1845 2538 1918 janua
2570 1844 2727 1915 vita,
2779 1844 2954 1903 decus
2982 1842 3315 1917 hominum,
3347 1848 3744 1906 conversatio-

304 1932 511 2005 Hodie,
551 1933 929 2010 dilectissimi,
958 1937 1080 1996 dies
1107 1937 1309 1998 illuxit
1338 1938 1608 2012 insignis,
1640 1945 1798 1998 tanto
1826 1955 1939 1999 cm-
2026 1932 2121 1991 nis
2146 1932 2436 2006 splendor,
2465 1932 2656 1991 omnis
2670 1932 2913 2007 justitia
2939 1932 3314 2006 principatus.
3348 1934 3418 1991 Et
3450 1949 3525 1991 ne
3551 1934 3742 1995 ditiu-

238 2023 375 2083 teris
426 2024 632 2085 diebus
677 2027 947 2100 sanctior,
995 2035 1211 2103 quanto
1252 2032 1594 2090 sanctiorem
1641 2031 1936 2089 hominem
2027 2020 2179 2079 SiOI‘e
2237 2027 2475 2080 tractatu
2532 2037 2727 2079 rerum
2798 2021 3204 2080 excellentiam
3282 2022 3739 2095 Confundemus.

237 2116 404 2175 terris
432 2116 653 2176 eﬂudit.
688 2116 753 2175 In
786 2119 896 2177 hac
931 2116 1221 2194 siquidem
1247 2120 1342 2179 die
1372 2128 1546 2181 natus
1568 2128 1652 2181 est
1680 2120 1779 2179 ille
1809 2137 1940 2179 san—
2029 2113 2319 2170 nascentis
2346 2117 2403 2171 et
2437 2111 2832 2170 eonversentie
2863 2111 3166 2185 integritas
3198 2109 3260 2169 in
3289 2110 3456 2170 libris
3483 2127 3743 2185 evange-

234 2208 457 2265 ctorum
490 2202 779 2278 splendor,
799 2196 1087 2281 justorum
1120 2207 1324 2282 gloria,
1351 2209 1553 2269 latitia
1578 2207 1939 2283 angelorum,
2028 2200 2157 2258 litis
2192 2200 2423 2274 plenius
2451 2200 2798 2273 eSSignemP-

237 2290 987 2366 excellentissimus'homo,
1029 2298 1500 2372 consanguineus
1527 2298 1764 2371 Clu-isti,
1793 2300 1943 2358 ami-
2100 2289 2409 2349 Considera
2437 2290 2761 2349 nuntiantis
2786 2289 3223 2361 sublimitatem,
3242 2290 3581 2365 dignitatem
3602 2291 3746 2368 loci,

236 2395 341 2441 cus
372 2379 600 2456 Sponsi,
635 2380 874 2456 Sponsa
919 2394 1288 2461 prasparaior,
1331 2387 1500 2447 Unus
1530 2394 1615 2446 est
1643 2396 1697 2446 ei
1733 2404 1944 2447 secum-
2030 2378 2145 2436 diei
2196 2378 2596 2448 reverentiam,
2654 2384 2710 2435 et
2756 2385 2891 2437 tunc
2929 2378 3251 2453 intelligere
3301 2380 3508 2453 poteris
3561 2396 3746 2455 quam

237 2467 379 2526 dum
430 2482 546 2528 non
589 2469 779 2537 habet,
829 2472 932 2546 qui
995 2473 1186 2532 choris
1231 2474 1581 2535 intertextus
1642 2476 1940 2551 angelicis,
2032 2466 2513 2540 euPePeXeellenli
2588 2466 2771 2539 gloria
2839 2467 3081 2526 Joannis
3144 2466 3413 2542 Baptista?
3472 2470 3748 2543 genitura

242 2555 604 2615 sublimioris
674 2574 905 2618 corona
975 2561 1160 2621 titulis
1211 2562 1610 2622 universitatis
1668 2565 1944 2623 humana
2032 2554 2385 2631 praedicitur.
2466 2553 2639 2614 Salva
2691 2554 2870 2629 igitur
2941 2558 3261 2615 reverentia
3316 2557 3746 2633 Redemptoris,

241 2647 594 2708 transcendit
622 2664 947 2710 ascensum.
976 2650 1241 2727 Denique
1286 2677 1312 2704 «ι
1361 2655 1511 2713 inter
1540 2662 1703 2713 natos
1733 2655 1947 2714 mulie-
2034 2645 2170 2720 (lilia
2197 2659 2315 2703 Ποῦ
2344 2643 2688 2719 derogamus
2717 2644 2879 2719 Regi,
2918 2646 2967 2703 Si
3004 2646 3176 2719 Regis
3217 2645 3459 2705 militem
3490 2649 3749 2707 honora-

244 2748 373 2794 rum
429 2750 547 2794 non
599 2739 853 2795 surrexit
912 2738 1095 2812 major
1140 2739 1362 2800 Joanne
1413 2741 1664 2816 Baptista
1724 2746 1944 2813 (Matth.
2035 2749 2187 2804 mlle.
2228 2750 2362 2793 Cum
2414 2732 2516 2791 ille
2556 2732 2861 2801 DemimlS.
2915 2734 3012 2792 hic
3059 2749 3292 2807 servus;
3340 2735 3443 2794 ille
3488 2735 3747 2809 Creatori

241 2823 345 2895 x1).
373 2846 395 2875 ι
425 2822 589 2882 Felix
620 2825 814 2897 homo,
842 2828 943 2902 qui
971 2827 1216 2887 feliciter
1241 2830 1520 2889 calorum
1541 2832 1950 2905 perambulans
2035 2829 2296 2881 creatura
2348 2821 2491 2892 iste;
2563 2820 2823 2895 digDiOPe
2891 2823 3427 2896 priemenstralione
3489 2823 3750 2883 Joannes

243 2908 504 2970 oﬁcinas
549 2926 724 2973 cursu
765 2913 1129 2975 velocissimo
1174 2920 1437 2992 sequitur
1484 2918 1948 2995 Redemptorem,
2037 2912 2341 2971 nuntiatur
2385 2927 2564 2988 quam
2606 2912 2887 2972 Christus.
2934 2911 3196 2972 Christus
3229 2914 3479 2973 fortassis
3508 2914 3570 2973 in
3614 2915 3751 2973 tha-

247 3016 355 3060 nec
401 3000 649 3078 alicujus
686 3002 1097 3067 intercluditur
1142 3006 1364 3082 fastigio
1408 3008 1723 3084 dignitatis,
1772 3026 1953 3084 quem
2037 3003 2211 3073 181110.
2247 3001 2499 3061 Joannes
2528 3003 2587 3059 in
2623 3001 2873 3074 temple;
2923 3007 2979 3060 et
3014 3018 3128 3061 n0"
3178 3002 3369 3061 8011101
3408 3003 3466 3061 in
3509 3004 3749 3076 temple.

249 3104 499 3149 summa
524 3091 814 3154 felicitatis
852 3096 1213 3156 immensitas
1242 3098 1458 3172 largius
1490 3100 1786 3159 irroravit!
1822 3101 2013 3190 μεθ-α
2041 3091 2140 3149 sed
2185 3090 2358 3149 etiam
2396 3096 2529 3148 ante
2575 3089 2782 3149 Sancta
2827 3096 3155 3150 sanctorum
3187 3093 3251 3151 in
3287 3092 3505 3168 insigni
3531 3093 3627 3151 die
3652 3108 3755 3152 so-

248 3181 445 3237 lantur
474 3181 687 3254 angeli,
721 3189 776 3241 et
816 3185 1123 3263 utriusque
1161 3194 1384 3247 natura;
1424 3192 1811 3249 numerositas
1852 3179 2013 3249 ad-“
2038 3180 2355 3240 lemnitatis
2390 3194 2614 3238 eorum.
2653 3179 2905 3240 Joannes
2942 3181 3015 3239 ab
3043 3182 3240 3240 eodem
3270 3182 3632 3255 archangelo,
3684 3182 3753 3241 in

249 3267 497 3329 miratur
520 3270 819 3333 hominem
861 3275 944 3335 sic
971 3276 1298 3351 ingressum
1329 3279 1604 3353 abyssum
1634 3280 1878 3340 luminis
1904 3287 1961 3340 et
2037 3273 2160 3331 loco
2190 3271 2473 3345 digniore,
2503 3278 2756 3344 tempore
2794 3268 3117 3341 Sacratiore,
3153 3274 3437 3346 apertiore
3465 3272 3755 3331 miraculo

252 3357 315 3416 in
358 3366 594 3420 EBteI‘mB
633 3362 955 3424 divinitatis
988 3366 1224 3442 pelagus
1269 3369 1626 3444 absorptum,
1668 3377 1733 3429 ut
1770 3370 1957 3445 ipsam
2040 3361 2403 3437 pradicatur.
2436 3358 2646 3417 Recole
2669 3358 2829 3418 Isaac
2863 3357 2937 3416 ab
2972 3359 3194 3434 angelis
3226 3360 3559 3419 nuntiatum
3587 3361 3752 3430 (Gen.

252 3446 579 3506 reverberet
631 3452 909 3524 angelica
954 3455 1221 3528 puritatis
1272 3456 1579 3530 originem.
1644 3458 1961 3517 Eleventur
2040 3457 2238 3524 XVIII),
2294 3451 2633 3511 Samsonem
2689 3464 2789 3522 per
2830 3449 3104 3523 angelum
3162 3450 3535 3524 pradicatum
3596 3451 3757 3520 (Iud.

253 3550 476 3607 omnes,
505 3543 562 3594 et
589 3540 926 3600 meritorum
954 3544 1350 3617 prarogativis
1392 3551 1525 3602 ante
1551 3547 1961 3604 consistorium
2041 3547 2192 3614 XIII),
2224 3547 2279 3600 et
2303 3541 2637 3599 universam
2672 3538 3076 3602 Nazarmorum
3109 3546 3319 3596 sectam
3347 3540 3755 3614 circumspiCe,

253 3624 568 3700 majestatis
608 3629 944 3703 exsultent;
994 3646 1112 3690 non
1151 3633 1263 3691 erit
1311 3640 1497 3692 tamen
1532 3635 1633 3707 qui
1659 3634 1731 3692 ad
1760 3633 1964 3710 Bapti-
2045 3636 2351 3708 solumque
2382 3632 2697 3706 Baptistam
2730 3638 2841 3689 tam
2875 3631 2936 3690 in
2967 3633 3075 3692 hoc
3105 3648 3279 3706 quam
3311 3634 3373 3691 iu
3413 3632 3546 3692 aliis
3581 3634 3757 3692 inve-

252 3720 357 3774 sta
402 3714 645 3776 Joannis
697 3718 1069 3793 privilegium
1106 3721 1311 3781 audeat
1347 3723 1621 3796 aspirare.
1653 3725 1796 3798 Age,
1841 3726 1963 3801 jam
2047 3729 2174 3787 nies
2208 3724 2550 3799 digniorem.

253 3806 661 3881 aggrediamur
695 3809 979 3870 virtutum
1010 3812 1284 3887 insignia,
1313 3829 1444 3887 qua
1469 3813 1623 3873 Deus
1652 3816 1967 3889 majestatis
2117 3815 2419 3877 Secundus
2472 3814 2659 3871 honor
2713 3817 2798 3870 est
2852 3812 3224 3872 sanctiﬁcatio
3270 3814 3329 3872 in
3383 3820 3582 3873 ventre
3632 3830 3764 3873 ma-

257 3898 321 3956 in
346 3897 533 3957 amico
555 3913 663 3958 suo
688 3898 936 3973 gloriosa
959 3903 1354 3961 cumulatione
1383 3903 1658 3977 signavit;
1697 3904 1780 3962 sic
1806 3906 1966 3962 enim
2046 3908 2170 3967 tris.
2229 3905 2571 3979 Quicunque
2617 3903 2687 3962 de
2732 3919 2921 3963 massa
2962 3905 3415 3977 pravaricatrice
3466 3906 3763 3965 mundum

256 3984 331 4044 ab
356 3992 484 4044 ortu
514 3985 652 4046 vita
684 4002 869 4062 usque
897 3989 968 4046 ad
997 4005 1267 4049 occasum
1301 4006 1433 4049 cum
1464 3993 1803 4051 hominibus
1828 4008 1967 4051 con-
2048 3996 2432 4072 ingredimur,
2478 3995 2709 4070 longam
2746 4001 2952 4054 restem
2986 3995 3287 4068 originalis
3325 3998 3538 4070 peccati
3578 3998 3766 4055 trahi-

258 4083 521 4136 VeI‘SalUS
567 4086 670 4148 εει,
715 4086 780 4135 ut
829 4078 1013 4138 forma
1042 4080 1178 4138 vita
1224 4096 1455 4140 morum
1495 4082 1827 4141 informatio
1862 4084 1969 4141 ba-
2054 4105 2181 4148 mus
2236 4088 2560 4147 nobiscum.
2618 4086 2787 4146 Solus
2836 4086 2936 4144 ille
2973 4087 3073 4160 qui
3122 4093 3419 4160 peccatum
3465 4103 3583 4146 non
3632 4087 3769 4145 fecit

261 4166 485 4224 beatur.
534 4164 607 4223 Et
657 4166 791 4225 licet
843 4168 938 4226 hic
1005 4171 1288 4230 sermonis
1354 4174 1517 4230 aurei
1589 4189 1704 4232 non
1774 4174 1974 4233 rutilct
2051 4183 2103 4249 (Ι
2148 4182 2294 4235 Petr.
2348 4182 2412 4248 II)
2470 4176 2780 4249 excipitur,
2842 4190 3016 4248 quem
3086 4175 3400 4248 Virginalis
3476 4176 3771 4235 thalamus

258 4253 1032 4346 pulchritudo,tentabimus
1063 4265 1250 4317 tamen
1284 4276 1474 4319 rerum
1501 4263 1799 4323 veritatem
1827 4280 1972 4337 qua-
2052 4272 2355 4346 ignorante
2392 4266 2519 4326 viro
2561 4267 2725 4326 terris
2755 4265 2998 4338 effudit;
3051 4266 3222 4339 longe
3250 4268 3464 4341 quippe
3500 4267 3670 4325 aliter
3711 4272 3773 4323 et

263 4345 541 4418 licuuque
570 4345 718 4420 stylo
749 4347 1150 4423 perstringere,
1182 4348 1327 4407 illud
1368 4349 1656 4424 Sapientis
1682 4354 1977 4412 attenden-
2054 4358 2327 4419 dissimili
2385 4355 2553 4415 modo
2604 4362 2912 4430 conceptus
2968 4362 3071 4428 est,
3130 4355 3349 4429 Spiritu
3409 4363 3602 4414 sancto
3654 4363 3769 4413 tota

264 4440 395 4538 tes”:
442 4433 831 4538 Diudeutihus
880 4437 1022 4497 viris
1069 4452 1187 4498 non
1233 4441 1456 4514 placere
1502 4443 1817 4517 phalerata,
1875 4445 1972 4503 sed
2002 4454 2357 4538 Dmajestate
2391 4446 2685 4521 Virginem
2726 4446 3256 4538 inundante_atque
3295 4446 3633 4538 mundante,
3666 4460 3770 4538 su-

260 4525 430 4623 fei‘lie
443 4527 649 4623 LEfeii-
674 4532 785 4596 ΙΧ)·
2003 4525 2265 4623 ”ρρι’ὲιῐιε
2288 4554 2462 4598 usum
2493 4535 2704 4605 carnis,
2729 4541 2951 4593 natura
2975 4534 3260 4614 ordinem,
3280 4534 3392 4593 viri
3419 4533 3772 4623 commistiof

347 4613 487 4672 117
518 4615 749 4677 Primus
791 4618 917 4693 ejus
964 4619 1150 4680 honor
1198 4627 1283 4680 est
1325 4623 1505 4697 gloria
1547 4624 1608 4683 in
1651 4627 1969 4685 annuntia-

266 4706 442 4765 tione.
497 4706 622 4765 Non
671 4713 758 4767 est
804 4708 1201 4769 dissimulanti
1256 4710 1487 4771 silentio
1542 4717 1967 4776 transeundum

263 4810 440 4871 quam
488 4796 734 4855 solemni
786 4792 1203 4869 glorificatlone
1250 4801 1412 4873 pueri
1464 4801 1640 4877 hujus
1690 4804 1747 4861 in
1812 4806 1971 4865 hunc

266 4885 554 4944 mundum
579 4888 883 4946 nuntiatus
904 4887 1221 4961 ingressus.
1251 4891 1427 4949 Adest
1446 4894 1688 4967 angelus
1714 4893 1968 4967 Gabriel,

264 4981 318 5032 et
372 4992 406 5033 a
462 4976 745 5049 superiori
804 4975 1082 5036 calorum
1140 4980 1372 5037 cardine
1429 4984 1649 5039 Domini
1699 4988 1969 5053 fortitudo

267 5063 639 5137 descendens,
671 5072 778 5125 stat
809 5082 843 5125 a
865 5066 1085 5127 dextris
1108 5068 1303 5127 altaris
1332 5068 1555 5130 incensi
1578 5076 1734 5145 (Luc.
1768 5081 1830 5145 ι),
1866 5091 1973 5135 nec

266 5156 519 5230 quilibet
533 5158 797 5233 angelus,
829 5159 929 5217 sed
953 5159 1054 5217 ille
1071 5158 1396 5234 sublimior,
1419 5163 1521 5236 qui
1542 5163 1722 5223 beata
1742 5164 1970 5239 Virgini

266 5247 539 5307 nuntium
568 5251 767 5308 attulit
795 5249 1112 5323 singulare,
1148 5258 1204 5310 et
1234 5251 1450 5312 electus
1475 5260 1557 5312 est
1588 5260 1653 5312 ut
1676 5256 1972 5314 nuntiaret

271 5339 514 5398 militem
544 5342 643 5414 qui
677 5358 869 5417 regem
900 5345 1172 5403 nuntiare
1200 5343 1439 5404 debebat
1460 5347 1671 5421 (Ibid.).
1696 5349 1858 5405 Astat
1887 5364 1973 5406 sa-

266 5426 466 5487 cerdos
494 5428 941 5489 sacerdotalibus
970 5430 1213 5490 indutus
1237 5437 1291 5490 et
1323 5433 1632 5507 multiplici
1664 5434 1974 5492 vestimen-

268 5526 461 5577 torum
492 5519 785 5587 varietate,
817 5518 1137 5578 calestium
1166 5529 1658 5581 sacramentorum
1691 5523 1970 5598 praeﬁgu-

265 5622 402 5668 rans
450 5605 786 5679 imaginem,
860 5608 1261 5681 purgationem
1319 5618 1680 5683 peccatorum
1739 5611 1968 5687 mystici

2056 4622 2211 4695 nem.
2254 4631 2352 4691 Sic
2381 4628 2595 4705 quippe
2638 4624 2891 4693 decebat,
2940 4630 3005 4682 ut
3044 4630 3339 4697 peccatum
3378 4623 3623 4681 nesciret
3662 4622 3767 4696 qui

2055 4730 2281 4801 peccata
2312 4717 2561 4787 tollebat,
2590 4720 2654 4773 ut
2677 4713 3116 4772 similitudinem
3144 4713 3336 4771 carnis
3358 4712 3569 4801 peccati
3589 4710 3769 4801 susci-

2056 4798 2231 4890 peret,
2281 4826 2396 4868 non
2436 4812 2632 4864 autem
2669 4818 2901 4861 carnem
2936 4803 3166 4890 peccati.
3208 4803 3356 4860 Cum
3406 4798 3547 4856 118
3589 4799 3770 4870 igitur

2055 4889 2258 4961 Omnes
2282 4899 2343 4955 in
2372 4891 2779 4969 iniquitatibus
2816 4891 3072 4964 concepti
3104 4889 3215 4947 sint
3258 4891 3430 4958 (Psal.
3463 4894 3541 4960 L),
3574 4890 3770 4945 nemi—

2055 5006 2191 5049 nem
2220 4997 2480 5059 unquam
2507 4981 2836 5040 mortalium
2859 4981 3010 5038 intra
3037 4985 3295 5037 materna
3316 4980 3535 5037 viscera
3558 4976 3772 5035 sancti-

2055 5080 2294 5138 ﬁcatum
2337 5073 2603 5148 legimus,
2644 5077 2855 5145 prater
2890 5070 3201 5128 Jeremiam
3241 5073 3294 5126 et
3329 5068 3612 5126 Joannem
3652 5065 3770 5123 Ba—

2055 5169 2322 5244 ptistam;
2366 5176 2700 5239 quanquam
2729 5165 2783 5218 et
2808 5159 2878 5217 de
2906 5157 3190 5231 singulari
3220 5156 3460 5232 Virgine
3488 5155 3651 5244 nulla
3692 5155 3771 5244 sit

2055 5242 2424 5330 ambiguitas,
2456 5253 2603 5327 quin
2639 5250 2759 5324 ipsa
2796 5247 3070 5306 maternis
3105 5246 3487 5317 circumsepta
3524 5242 3766 5301 visceri-

2054 5346 2186 5413 bus,
2233 5341 2571 5402 sublimiore
2606 5336 3072 5396 sanctilicationis
3104 5350 3314 5408 genere
3353 5330 3629 5390 mundata
3668 5331 3763 5401 sit,

2055 5438 2248 5508 utpote
2277 5429 2591 5489 Sacrarium
2627 5425 2794 5494 illud,
2830 5425 2890 5483 in
2919 5440 3035 5499 quo
3061 5424 3235 5493 Deus,
3272 5421 3372 5480 Dei
3401 5419 3608 5491 Filius,
3638 5435 3766 5508 car-

2055 5506 2186 5580 nem
2240 5523 2421 5579 fuerat
2467 5522 2853 5589 suscepturus.
2904 5513 3016 5572 Sed
3053 5513 3219 5586 longe
3258 5510 3450 5569 minor
3497 5506 3766 5567 Ieremia

2054 5610 2447 5679 sanctiﬁcatio,
2489 5622 2664 5682 quam
2718 5603 2978 5665 Joannis.
3025 5601 3131 5661 Ille
3175 5601 3413 5678 quidem
3452 5598 3515 5657 in
3564 5595 3766 5657 matris
