4070 6198
312 289 422 350 629

1816 295 2065 358 SERMO
2102 294 2316 355 XXIII.

3717 289 3824 350 630

309 424 475 479 utero
505 417 914 487 sanctificatus,
947 418 1042 476 hic
1083 418 1301 492 Spiritu
1330 427 1526 481 sancto
1556 422 1807 496 repletus
1838 422 2382 487 fuisseAcoalorum
2411 419 2750 493 imperatrix
2788 416 3126 492 alloquitur.
3163 415 3272 476 Sed
3302 433 3444 490 puer
3472 415 3656 475 multo
3687 416 3820 476 feli-

309 505 694 578 cognoscitur.
741 503 925 563 Multo
973 505 1188 579 quippe
1231 508 1608 568 excellentius
1662 519 1746 569 est
1800 512 2021 586 Spiritu

309 597 507 652 sancto
534 592 743 666 repleri
789 606 965 666 quam
1005 593 1388 664 sanctificari;
1425 595 1504 654 ibi
1564 597 1722 656 enim
1762 600 2020 657 sanctifi-

308 683 463 740 catio
507 680 1005 747 emundationem,
1045 680 1139 738 hic
1179 683 1415 756 repletio
1457 686 1896 746 inundationem
1941 689 2020 747 si-

306 772 562 844 gniﬁcat.
595 772 857 845 Denique
900 778 955 828 et
1004 773 1265 845 apostoli,
1296 775 1398 848 qui
1439 776 1708 836 manibus
1745 779 1868 837 suis
1907 786 2020 838 tra-

307 869 612 922 ctaverunt
651 863 722 920 de
768 861 954 920 Verbo
982 863 1119 921 vitae
1161 866 1207 936 (Ι
1246 869 1402 921 Joan.
1439 868 1497 936 ι),
1553 883 1684 926 cum
1740 870 2019 944 Spiritum

308 962 579 1013 sanctum
643 954 714 1011 de
775 953 1086 1012 Salvatoris
1157 957 1507 1028 accepissent
1577 959 1772 1017 atl‘latu
1843 963 2016 1030 (Joan.

310 1044 446 1113 xx).
475 1041 576 1100 vix
603 1042 1090 1115 quinquagesimo
1117 1058 1149 1100 a
1177 1045 1613 1104 resurrectionis
1636 1048 1729 1106 die
1753 1049 1824 1107 ad
1852 1050 2021 1108 illum

304 1131 554 1204 gradum
592 1131 894 1204 pervenire
935 1139 1246 1204 potuerunt
1307 1139 1370 1191 ut
1423 1135 1710 1194 diceretur
1761 1137 1832 1195 de
1890 1139 2016 1197 eis:

311 1247 341 1271 κ
365 1220 588 1294 Repleti
629 1229 767 1280 sunt
807 1236 1010 1280 omnes
1062 1220 1280 1294 Spiritu
1329 1229 1524 1282 sancto
1578 1227 1725 1293 (Act.
1771 1231 1855 1297 ιι).
1892 1249 1918 1281 ››
1955 1229 2024 1286 Et

305 1309 442 1367 licet
479 1307 733 1380 Spiritus
774 1315 1004 1367 sanctus
1044 1309 1289 1382 largiore
1321 1317 1456 1370 tunc
1507 1328 1751 1371 munere
1779 1315 2018 1374 creden-

307 1397 458 1456 tium
505 1398 678 1456 corda
717 1398 1039 1472 repleverit,
1076 1400 1182 1458 hoc
1214 1407 1402 1459 tamen
1449 1403 1703 1463 Joannes
1748 1405 1809 1463 in
1858 1415 2022 1466 utero

309 1486 524 1559 legitur
553 1491 868 1556 assecutus,
911 1487 1064 1562 quod
1105 1489 1413 1561 apostolica
1457 1493 1738 1551 celsitudo
1791 1496 2019 1554 tandem

309 1577 561 1651 largiore
591 1579 974 1652 promissione
1005 1580 1218 1638 meruit
1245 1581 1523 1640 obtinere.

382 1669 649 1741 Attende,
685 1668 938 1738 obsecro,
973 1669 1295 1742 diligenter,
1329 1687 1503 1744 quam
1534 1673 1796 1731 ordinata
1826 1674 2022 1748 dispo-

2105 514 2241 582 cior,
2264 511 2363 584 qui
2384 508 2686 568 salutantis
2713 508 3068 580 majestatem
3092 522 3431 579 agnoscens,
3461 505 3612 563 intra
3639 507 3816 564 visce-

2106 616 2239 660 rum
2265 599 2561 658 tenebrosa
2590 597 2886 656 volumina
2912 596 3123 670 gaudio
3144 596 3371 668 gaudet,
3395 596 3533 670 quia
3555 596 3676 654 vim
3699 601 3814 653 tam

2106 696 2287 753 beata
2336 690 2697 748 salutationis
2740 690 2997 748 attendit.
3046 709 3075 742 ι(
3105 687 3176 745 Et
3205 689 3420 746 factum
3460 695 3565 756 est,
3602 687 3813 761 inquit,

2107 791 2172 843 ut
2215 782 2440 840 audivit
2472 781 2877 838 salutationem
2924 778 3123 837 Marias
3156 778 3470 850 Elisabeth,
3503 778 3821 837 exsultavit

2106 872 2164 928 in
2213 869 2424 943 gaudio
2477 869 2672 926 infans
2721 869 2783 925 in
2830 873 2990 925 utero
3038 866 3164 937 ejus
3197 869 3342 938 (Luc.
3386 870 3442 939 ι).
3481 889 3500 917 ιι
3542 865 3817 924 Ascendit

2106 963 2284 1035 Virgo
2323 977 2456 1019 cum
2494 959 2856 1017 festinatione
2890 959 2952 1016 in
2996 958 3235 1015 domum
3281 957 3571 1015 Zacharize
3613 956 3684 1013 ad
3722 971 3814 1013 sa-

2107 1051 2404 1109 lutandam
2459 1048 2776 1116 Elisaheth,
2832 1053 3064 1120 portans
3105 1047 3166 1104 in
3216 1052 3379 1103 utero
3423 1045 3636 1103 Filium
3689 1043 3816 1114 Dei,

2105 1143 2320 1214 Regem
2349 1141 2570 1213 glorias,
2601 1139 2915 1197 Dominum
2959 1135 3292 1210 majestatis.
3328 1133 3585 1194 Occurrit
3631 1132 3817 1190 Elisa-

2105 1233 2262 1297 beth,
2298 1237 2353 1289 et
2393 1231 2649 1304 antiquae
2699 1227 3014 1287 sterilitatis
3057 1241 3258 1284 carens
3293 1225 3636 1299 opprobriis,
3667 1223 3817 1280 ami-

2106 1338 2242 1381 cum
2311 1320 2539 1393 Sponsi,
2597 1334 2918 1392 praeconem
2979 1315 3152 1374 Verbi
3228 1314 3561 1373 felicissimo
3612 1318 3818 1371 ventre

2105 1413 2380 1484 deportat.
2412 1410 2444 1468 J
2451 1416 2753 1481 unguntur
2774 1407 3102 1478 amplexus,
3132 1405 3365 1462 venitur
3389 1403 3459 1459 ad
3488 1401 3707 1472 oscula,
3729 1417 3819 1460 co-

2106 1500 2383 1576 pulantur
2412 1497 2607 1556 felices
2630 1497 2799 1563 uteri,
2833 1496 3166 1568 Regemque
3208 1501 3262 1550 et
3300 1493 3549 1551 militem
3579 1492 3815 1550 nonnisi

2108 1591 2223 1649 duo
2283 1587 2579 1646 tenerrimi
2630 1587 2872 1658 parietes
2919 1585 3266 1657 abjungunt.
3299 1582 3454 1652 Quid
3508 1583 3743 1652 mirum,
3771 1583 3820 1640 si

2108 1681 2356 1738 miratur
2401 1683 2456 1736 et
2496 1676 2752 1736 exsultat
2799 1690 2943 1748 puer
2981 1674 3051 1731 ad
3099 1680 3310 1732 tactum
3371 1679 3485 1730 tam
3535 1673 3820 1746 proximas

309 1757 519 1852 sitione
546 1759 818 1852 Spiritus
853 1759 950 1816 ille
986 1760 1293 1852 multiplex
1332 1761 1644 1852 eremiam
1679 1765 2019 1838 sanctificat,
2036 1793 2083 1852 Β
2107 1770 2429 1829 divinitatis
2447 1767 2673 1826 aﬂlatus
2692 1765 2718 1823 ?
2739 1765 3039 1823 Poteratne
3062 1779 3264 1822 vacare
3289 1780 3322 1821 a
3344 1777 3697 1837 quocunque
3716 1762 3821 1819 mi-

308 1846 512 1922 implet
537 1849 841 1920 Joannem,
888 1850 1222 1923 supervenit
1249 1851 1310 1908 in
1345 1851 1602 1910 Mariam.
1642 1854 1707 1911 Et
1755 1856 2025 1916 Jeremiaa

307 1937 549 2011 quidem
577 1939 915 1998 admiranda
945 1927 1336 2010 sanctificatio,
1368 1943 1503 2015 quia
1542 1945 1646 2001 etsi
1694 1945 1757 2003 in
1800 1955 2023 2019 peccato

307 2037 619 2103 conceptus
671 2036 776 2099 est,
825 2029 1080 2087 nascitur
1126 2036 1314 2087 tamen
1372 2031 1497 2088 sine
1545 2040 1790 2105 peccato.
1841 2039 2024 2096 Ante-

307 2137 487 2196 quam
531 2122 688 2179 enim
746 2121 932 2178 exiret
974 2120 1046 2178 de
1093 2129 1292 2178 ventre
1335 2122 1721 2183 sanctificatus
1767 2133 1870 2199 est,
1921 2145 2025 2187 nec

308 2218 528 2284 poterat
560 2210 718 2269 nasci
751 2226 867 2268 non
917 2216 1169 2281 sanctus,
1211 2212 1314 2286 qui
1364 2212 1423 2270 in
1476 2215 1674 2272 matris
1703 2221 1866 2274 utero
1903 2225 2024 2278 erat

308 2301 718 2360 sanctiﬁcatus.
753 2300 898 2358 Mira
946 2317 1056 2373 res,
1088 2308 1143 2358 et
1193 2318 1225 2359 a
1273 2307 1422 2360 retro
1464 2306 1762 2363 transactis
1794 2310 2024 2368 saeculis

308 2389 592 2460 inaudita,
624 2391 921 2449 hominem
949 2397 1287 2463 conceptum
1315 2391 1375 2448 in
1416 2394 1677 2466 peccatis,
1711 2397 1866 2455 nasci
1898 2399 2024 2457 sine

309 2486 556 2552 peccato.
583 2479 867 2538 Joannem
902 2495 1032 2537 vero
1061 2480 1231 2553 longe
1257 2480 1560 2554 gloriosior
1596 2483 1783 2543 virtus
1813 2486 2021 2559 imple-

313 2568 416 2636 vit,
468 2568 568 2641 qui
610 2576 665 2626 et
713 2569 1099 2628 sanctiﬁcatus
1137 2577 1222 2629 est
1257 2587 1290 2628 a
1337 2577 1581 2645 peccato,
1635 2573 1713 2631 ita
1755 2581 1808 2634 et
1843 2577 2025 2635 domi-

310 2661 486 2713 nante
514 2655 733 2728 Spiritu
763 2659 1125 2729 superfusus,
1159 2665 1224 2716 ut
1254 2665 1307 2716 et
1331 2667 1608 2732 purgatus
1653 2671 1822 2722 exeat
1850 2671 1904 2722 et
1932 2681 2024 2723 re-

311 2742 523 2817 pletus.
556 2745 703 2803 Vere
756 2762 997 2818 magnus
1025 2762 1216 2806 coram
1259 2748 1527 2820 Domino,
1560 2767 1734 2825 quem
1781 2755 2023 2825 angelus

311 2832 562 2903 nuntiat,
624 2835 934 2892 sanctiﬁcat
986 2835 1162 2907 Deus,
1219 2844 1450 2895 sanctus
1515 2837 1694 2911 replet
1747 2840 2021 2916 Spiritus,

309 2922 433 2979 vita
474 2923 855 2982 commendat.
884 2923 1273 2984 Inelfabiliore
1318 2931 1512 2984 autem
1545 2927 1712 2985 modo
1749 2945 2024 3003 superve-

311 3009 400 3067 nit
433 3009 492 3066 in
523 3009 844 3082 Virginem,
874 3027 1049 3086 quam
1082 3017 1193 3069 tota
1221 3012 1545 3072 divinitatis
1574 3013 1876 3087 plenitudo
1899 3019 2026 3077 sine

309 3114 611 3158 mensurae
647 3099 989 3157 discretione
1033 3100 1298 3172 perfudit,
1333 3107 1396 3160 ut
1427 3108 1600 3160 totam
1647 3113 1890 3179 caperet,
1921 3109 2022 3182 qui

314 3191 446 3250 fecit
474 3197 657 3251 totum
685 3210 699 3261 ;
735 3199 799 3249 ut
841 3207 960 3250 non
996 3191 1185 3249 solum
1214 3207 1245 3248 a
1273 3195 1515 3264 peccatis
1558 3194 1778 3267 abluta,
1808 3199 2023 3270 repleta

312 3279 556 3354 Spiritu,
589 3281 688 3338 sed
711 3285 768 3338 et
794 3279 864 3336 de
911 3279 1129 3352 Spiritu
1157 3287 1352 3338 sancto
1375 3281 1703 3353 concepisse
1736 3285 2022 3357 credatur,

309 3368 448 3440 quia
483 3391 502 3418 ι
540 3369 692 3442 quod
726 3368 788 3426 in
826 3383 892 3426 ea
931 3373 1136 3426 natum
1163 3377 1268 3439 est,
1311 3369 1381 3427 de
1432 3370 1649 3443 Spiritu
1697 3379 1893 3431 sancto
1942 3380 2028 3433 est

311 3461 532 3528 (Matth.
593 3461 650 3526 Il.
701 3478 729 3510 »
787 3455 928 3514 Inde
978 3462 1062 3514 est
1113 3459 1268 3530 quod
1317 3458 1599 3532 singulari
1645 3463 2025 3536 praerogativa

312 3548 455 3606 ﬁdes
499 3547 779 3605 catholica
822 3547 1039 3605 Filium
1083 3547 1186 3606 Dei
1233 3555 1432 3606 natum
1476 3549 1547 3606 de
1599 3549 1854 3624 Virgine,
1885 3567 2022 3610 con-

308 3645 543 3709 ceptum
573 3635 643 3693 de
673 3633 891 3708 Spiritu
919 3636 1262 3707 confitetur;
1297 3643 1360 3695 ut
1398 3637 1627 3696 deitatis
1664 3647 1719 3696 et
1749 3641 2024 3698 humani-

315 3725 445 3782 tatis
466 3722 842 3782 indivisibilis
875 3724 1130 3782 adunata
1157 3727 1466 3798 connexio,
1489 3727 1905 3786 vocabulorum
1928 3729 2024 3786 in-

305 3812 634 3871 diﬂ‘erentia
682 3812 1038 3886 designetur.
1093 3812 1268 3871 Vides
1313 3830 1447 3888 ergo
1490 3831 1666 3888 quam
1720 3817 2023 3874 remotiore

306 3903 614 3976 privilegio
665 3924 692 3957 «
743 3903 1034 3977 speciosus
1086 3904 1273 3962 forma
1342 3921 1462 3979 prae
1518 3906 1654 3964 filiis
1718 3907 2022 3965 hominum

307 3996 480 4063 (Psat.
517 3996 706 4064 XLIV),
744 4014 766 4043 ι
804 4009 836 4050 a
875 3993 1016 4052 filiis
1053 3994 1358 4052 hominum
1406 3994 1465 4051 in
1510 3996 1884 4070 concipiendo
1912 3995 2023 4054 dis-

304 4089 502 4140 cretus
527 4081 599 4138 sit
630 4080 658 4140 ?
693 4080 784 4139 Illi
814 4082 1029 4140 etenim
1066 4083 1138 4141 de
1165 4083 1408 4156 peccatis
1433 4090 1482 4142 et
1521 4083 1581 4141 in
1610 4084 1852 4156 peccatis
1883 4099 2021 4143 con-

304 4170 454 4241 cepti
504 4176 674 4242 sunt;
708 4169 802 4228 hic
832 4171 890 4228 in
925 4169 1163 4243 Spiritu,
1203 4179 1258 4228 et
1293 4172 1364 4228 de
1403 4171 1621 4245 Spiritu
1654 4177 1848 4231 sancto
1883 4189 2020 4231 con-

301 4257 538 4331 cipitur.
571 4260 710 4317 Haec
736 4275 874 4318 sane
901 4260 1052 4319 dicta
1081 4268 1218 4319 sunt
1249 4262 1320 4319 de
1351 4261 1725 4335 conceptione
1753 4263 2018 4335 Joannis,

305 4347 460 4406 nihil
500 4349 941 4422 prtejudicantia
984 4351 1186 4408 sanius
1224 4351 1488 4423 sapienti.
1527 4350 1638 4409 Sed
1667 4353 1772 4410 etsi
1803 4353 1865 4408 in
1909 4353 2017 4410 ali-

2107 1858 2305 1916 raculo
2342 1857 2436 1915 cui
2483 1870 2737 1928 praesens
2770 1853 2962 1911 aderat
2994 1852 3167 1926 Regis
3212 1851 3539 1924 praesentia,
3573 1866 3819 1923 regnan-

2107 1950 2180 2007 tis
2205 1949 2401 2018 Mater,
2451 1946 2659 2005 mundi
2689 1943 3033 2017 Redemptor
3062 1943 3088 2000 '?
3123 1943 3274 2012 Quid
3305 1941 3459 2016 quod
3493 1957 3610 1999 non
3642 1941 3819 1998 semel

2107 2043 2222 2096 tam
2243 2042 2570 2095 sanctorum
2595 2035 2976 2106 amplexuum
2999 2031 3111 2090 fuit
3135 2031 3416 2090 celebrata
3440 2029 3820 2104 conjunctio?

2114 2151 2135 2180 α
2167 2129 2377 2186 Mansit
2403 2131 2597 2185 autem
2644 2123 2822 2182 Maria
2853 2139 2990 2181 cum
3021 2123 3120 2180 illa
3156 2123 3320 2196 quasi
3351 2123 3652 2180 mensibus
3712 2122 3815 2179 tri-

2107 2217 2239 2287 bus,
2269 2238 2297 2270 »
2328 2216 2408 2273 ait
2451 2214 2802 2286 evangelista
2849 2214 3048 2283 (IbidJ.
3099 2211 3282 2269 Tanto
3330 2218 3582 2283 tempore
3628 2216 3823 2268 manet

2107 2323 2240 2365 cum
2277 2304 2567 2362 Elisabeth
2610 2301 2910 2376 virginalis
2941 2300 3261 2373 integritas,
3295 2307 3350 2358 et
3378 2315 3536 2358 nunc
3565 2299 3821 2358 dulciore

2107 2391 2411 2464 colloquio,
2441 2405 2598 2449 nunc
2631 2389 2909 2461 amplexu
2956 2388 3213 2445 feliciora
3243 2387 3528 2445 Joannem
3569 2401 3818 2458 puerum

2109 2484 2399 2539 consecrat
2429 2485 2484 2536 et
2513 2478 2775 2550 insignit.
2810 2477 2880 2534 Et
2919 2477 3174 2534 fortassis
3209 2490 3396 2546 usque
3434 2475 3498 2532 in
3527 2474 3681 2532 diem
3714 2491 3817 2533 na-

2109 2569 2346 2628 tivitatis
2376 2569 2500 2639 ejus
2541 2567 2790 2639 gloriosa
2827 2566 3005 2638 Virgo
3035 2580 3170 2624 cum
3201 2570 3442 2637 cognata
3468 2579 3572 2622 sua
3602 2569 3819 2622 morata

2111 2661 2214 2728 est,
2242 2658 2425 2714 donec
2456 2670 2704 2730 puerum
2749 2661 2951 2712 natum
2992 2655 3129 2712 sinu
3167 2653 3499 2711 beatissimo
3545 2654 3818 2711 confove-

2111 2754 2214 2816 ret,
2247 2753 2302 2804 et
2346 2761 2466 2804 uno
2507 2745 2721 2818 pariete
2764 2749 3001 2813 remoto,
3038 2743 3510 2817 propinquiorem
3561 2742 3820 2802 redderet

2110 2833 2434 2908 praasentite
2466 2831 2768 2891 Creatoris.
2803 2833 2996 2890 Facile
3034 2837 3228 2888 autem
3254 2831 3362 2888 hoc
3391 2846 3464 2888 ex
3507 2829 3820 2905 Evangelio

2109 2924 2431 2995 conjectare
2459 2922 2659 2994 liquet,
2689 2921 2826 2995 quia
2847 2921 2969 2994 jam
2996 2936 3100 2977 sex
3128 2935 3358 2977 menses
3386 2935 3420 2976 a
3445 2919 3816 2993 conceptione

2109 3009 2352 3069 Joannis
2391 3009 2778 3078 deﬂuxerunt,
2818 3023 2953 3066 cum
2996 3008 3067 3064 ad
3097 3006 3398 3079 Virginem
3433 3006 3815 3080 archangelus

2111 3101 2326 3160 missus
2354 3105 2458 3171 est,
2487 3099 2590 3172 qui
2612 3098 3048 3157 renovationem
3074 3097 3282 3155 mundi
3314 3097 3520 3170 pudori
3548 3096 3813 3170 virgineo

2110 3209 2259 3252 nova
2284 3193 2630 3251 salutatione
2657 3191 2922 3265 portavit.
2954 3190 3042 3248 Ex
3086 3189 3224 3248 hinc
3261 3187 3438 3261 Virgo
3479 3187 3710 3247 festinat
3745 3189 3817 3247 ad

2107 3283 2421 3350 Elisabeth,
2464 3289 2519 3340 et
2548 3283 2733 3340 tribus
2759 3280 3058 3339 mensibus
3090 3280 3394 3352 prtesentia
3426 3294 3530 3337 sua
3557 3285 3816 3353 cognatm

2106 3374 2380 3447 dignatur
2426 3371 2765 3445 hospitium,
2813 3371 2993 3428 donec
3048 3370 3189 3427 noni
3237 3370 3456 3428 mensis
3509 3371 3626 3428 fine
3675 3387 3814 3429 con-

2105 3464 2287 3534 cluso,
2317 3463 2586 3520 nativitas
2616 3461 2882 3519 imminet
2904 3459 3266 3534 patriarchae.
3293 3457 3434 3529 Alii,
3465 3459 3567 3532 qui
3595 3459 3811 3518 librum

2099 3555 2391 3628 justorum
2437 3551 2902 3624 diligentioribus
2950 3549 3133 3609 oculis
3173 3551 3577 3624 inspexerunt,
3619 3549 3701 3608 ibi
3753 3567 3815 3609 se

2105 3643 2320 3702 vidisse
2369 3649 2664 3711 testantur,
2721 3641 2874 3714 quod
2925 3640 3207 3713 ipsa,Dei
3268 3640 3524 3714 genitrix
3586 3639 3812 3698 felicem

2104 3747 2350 3806 puerum
2383 3731 2639 3805 primum
2667 3730 2738 3788 de
2771 3736 2918 3787 terra
2951 3729 3172 3801 levarit,
3206 3736 3261 3786 et
3297 3736 3553 3803 cognatas
3582 3734 3811 3801 partum

2103 3821 2267 3882 omni
2292 3829 2588 3896 prosecuta
2612 3822 2682 3879 sit
2708 3819 3004 3878 servitute.
3035 3819 3393 3894 Quocumque
3419 3825 3614 3877 autem
3643 3819 3813 3877 modo

2104 3913 2188 3971 rei
2239 3914 2417 3987 hujus
2465 3913 2675 3971 veritas
2729 3912 3090 3983 decernatur,
3141 3911 3290 3970 illud
3347 3926 3450 3984 pro
3501 3917 3654 3968 certo
3699 3925 3816 3968 cer-

2107 4010 2230 4062 tum
2276 4011 2378 4073 est,
2422 4003 2562 4077 quia
2605 4018 2715 4060 non
2749 4017 2955 4075 parum
3003 4001 3252 4060 contulit
3293 4015 3471 4073 puero
3520 3999 3812 4058 nascituro

2104 4103 2220 4154 tam
2276 4096 2420 4155 felix
2472 4104 2526 4154 et
2580 4111 2874 4154 morosum
2930 4094 3290 4152 intemeratae
3366 4092 3662 4166 genitricis
3717 4091 3815 4149 ho-

2105 4185 2364 4260 spitium.

2175 4274 2422 4343 Quartus
2475 4289 2611 4332 vero
2664 4275 2947 4349 gaudium
3000 4272 3063 4330 in
3121 4271 3440 4329 nativitate.
3502 4270 3811 4342 Erubesce,

2105 4365 2358 4435 Lucifer,
2385 4365 2485 4438 qui
2529 4379 2699 4422 mane
2737 4363 3014 4423 oriebaris
3047 4365 3198 4434 (Isai.
3240 4365 3388 4432 XIV),
3419 4369 3474 4418 et
3498 4365 3810 4421 conatuum

301 4450 422 4508 quo
445 4446 772 4498 sanctorum
801 4439 1238 4498 auctoritatibus
1270 4441 1539 4498 videntur
1568 4440 1822 4508 obviare,
1859 4442 2022 4501 volu-

2175 4472 2338 4515 orum
2387 4455 2579 4513 fractis
2624 4453 2972 4528 impulsibus
3021 4453 3255 4510 tandem
3284 4452 3546 4524 intellige
3575 4451 3712 4526 quia
3749 4450 3811 4507 in

303 4541 441 4585 mus
468 4535 533 4586 ut
557 4529 681 4588 sine
710 4531 871 4590 omni
900 4531 1340 4590 excusationum
1363 4530 1455 4589 vel
1482 4531 1892 4590 defensionum
1916 4549 2018 4607 pa-

2175 4545 2425 4605 »vissimo
2469 4544 2695 4602 dierum
2741 4550 3018 4617 tanquam
3059 4543 3268 4616 perdix
3312 4541 3687 4600 stultissimus
3722 4555 3815 4597 re-

301 4620 551 4679 trocinio
572 4621 949 4681 subruantur.

378 4707 610 4767 Tertius
648 4717 731 4768 est
771 4711 1110 4769 excellentia
1167 4713 1228 4770 in
1273 4712 1678 4771 exsultatione.
1713 4715 1763 4772 A
1808 4714 2022 4775 saeculo

304 4813 425 4856 non
457 4805 541 4858 est
567 4803 831 4862 auditum
859 4805 1011 4879 quod
1041 4804 1423 4863 exsultaverit
1449 4807 1584 4880 quis
1612 4807 1672 4864 in
1701 4813 1865 4866 utero
1899 4823 2021 4867 ma-

301 4889 432 4959 tris,
473 4906 607 4949 cum
649 4893 743 4950 hic
790 4891 853 4949 in
903 4893 1114 4965 gaudio
1145 4895 1469 4952 exsultasse
1506 4895 1745 4968 legatur.
1781 4896 2022 4958 Prorsus

298 4973 663 5049 obstupenda
689 4979 966 5053 dignatio,
1000 4998 1246 5055 puerum
1293 4984 1392 5041 vix
1437 4991 1775 5059 conceptum
1807 4987 1868 5045 in
1897 4987 2021 5046 mo-

302 5071 431 5124 tum
482 5069 892 5129 exsultationis
947 5089 1271 5146 erumpere,
1308 5071 1448 5128 119
1507 5075 1677 5148 eique
1729 5082 2022 5150 gratanter

299 5179 603 5221 occurrere
633 5164 868 5223 servitio
897 5166 1152 5224 dulciore
1180 5182 1354 5240 quem
1382 5167 1652 5241 virginali
1683 5169 2020 5228 substantia:

303 5257 606 5330 przesensit
636 5258 918 5316 infusum.
953 5257 1122 5315 Beata
1165 5259 1380 5329 anima,
1423 5276 1557 5332 qua:
1594 5261 1654 5317 in
1697 5261 1791 5318 via
1831 5277 2022 5334 pecca-

303 5351 494 5404 torum
543 5361 657 5403 non
707 5347 881 5416 stetit,
912 5349 1011 5404 sed
1061 5349 1363 5407 secretiore
1417 5352 1621 5408 semita
1666 5351 1735 5408 de
1786 5349 2022 5408 caelesti-

233 5449 240 5458 '
301 5435 411 5498 bus
466 5435 717 5494 olﬁcinis
773 5436 1090 5510 egrediens,
1151 5437 1427 5496 inaudita:
1481 5437 1888 5511 gratulationis
1936 5447 2021 5496 est

299 5525 502 5584 sortita
528 5525 920 5586 dulcedinem.
954 5527 1121 5584 Felix
1153 5527 1466 5598 Elisabeth,
1495 5528 1564 5585 ad
1611 5544 1787 5603 quam
1840 5535 2022 5587 mater

299 5622 570 5692 properat
620 5617 1041 5692 Redemptoris,
1096 5633 1270 5694 quam
1331 5617 1680 5678 salutatoriis
1725 5617 2020 5692 obsequiis

2106 4635 2384 4694 manebis.
2413 4631 2937 4714 Machinationibus
2967 4631 3082 4690 tuis
3111 4631 3326 4688 factum
3355 4634 3439 4687 est
3467 4633 3534 4686 ut
3568 4627 3814 4687 humani

2103 4723 2333 4797 generis
2374 4723 2723 4782 universitas
2760 4722 2818 4778 in
2868 4719 3112 4794 peccatis
3158 4717 3575 4792 conciperetur,
3624 4731 3816 4774 nasce-

2107 4817 2263 4868 retur
2318 4811 2380 4868 in
2426 4811 2656 4870 tristitia
2696 4813 2852 4880 (Gen.
2897 4811 3012 4879 ιιι).
3059 4807 3171 4867 Sed
3216 4822 3344 4866 ecce
3385 4807 3493 4866 iste
3541 4806 3602 4864 in
3650 4812 3816 4864 utero

2105 4899 2511 4971 sanctiﬁcatur,
2556 4900 2739 4957 oritur
2782 4899 2839 4956 in
2886 4897 3121 4972 gaudio,
3172 4896 3551 4970 laetitiamque
3591 4893 3810 4953 mundo

2105 5005 2212 5048 sua
2253 4988 2550 5047 nativitate
2595 4987 2871 5047 refundit.
2907 4987 3048 5045 Ecce
3089 5002 3272 5059 genus
3318 4990 3627 5043 armatura;
3656 4983 3813 5058 quod

2107 5077 2210 5136 tibi
2266 5078 2644 5136 constitueras
2694 5076 2766 5135 ad
2814 5075 3135 5148 victoriam,
3191 5074 3400 5133 Joanni
3448 5073 3705 5132 nascitur
3744 5073 3812 5130 ad

2105 5182 2397 5226 coronam.
2445 5165 2828 5239 Apprehende
2856 5179 3016 5221 arma
3055 5171 3110 5221 et
3153 5169 3404 5234 scutum,
3430 5169 3487 5220 et
3531 5169 3646 5220 toto
3689 5177 3814 5219 ma-

2105 5256 2383 5330 lignitatis
2434 5262 2546 5314 tuae
2582 5255 2788 5327 spiritu
2835 5253 3207 5325 debacchare,
3260 5269 3378 5312 non
3423 5260 3616 5312 tamen
3673 5249 3813 5307 120

2105 5347 2316 5418 poteris
2349 5345 2670 5416 irrumpere
2694 5342 2934 5401 Joannis
2958 5341 3351 5416 privilegium,
3383 5344 3537 5417 quod
3565 5341 3818 5417 benigna

2104 5436 2406 5511 scribentis
2470 5449 2676 5493 manus
2736 5433 2965 5507 proprio
3042 5434 3366 5492 charactere
3429 5433 3810 5506 consignavit.

2105 5527 2354 5586 Multum
2401 5527 2686 5601 deceptus,
2735 5524 2990 5584 multum
3040 5525 3279 5583 delusus
3322 5540 3402 5583 es.
3449 5526 3540 5584 An
3584 5525 3815 5598 ignoras

2103 5617 2242 5692 quia
2269 5617 2372 5676 tibi
2405 5617 2490 5676 vir
2515 5615 2758 5675 bellator
2782 5615 2855 5674 ab
2873 5614 3257 5675 adolescentia
3282 5621 3338 5674 et
3358 5615 3532 5675 etiam
3557 5629 3591 5672 a
3618 5613 3817 5671 matris
