4070 6198
243 256 345 319 631

861 254 919 316 S.
964 255 1185 316 PETRI
1228 255 1544 316 DAMIANI
1582 255 1740 317 OPP.
1785 257 1976 318 PARS
2017 253 2158 317 SEU
2198 247 2449 311 TOMUS
2487 246 2564 307 II.
2606 277 2676 289 —
2715 237 3132 302 SERMONES.

3635 233 3746 293 632

246 393 412 446 utero
439 382 777 458 consurgit?
797 383 992 442 Nescis
1015 385 1153 458 quia
1177 401 1210 443 a
1234 386 1441 445 diebus
1463 387 1630 447 istius
1654 411 1675 440 α
1703 404 1945 462 regnum
1968 387 2019 447 A
2046 385 2226 442 sione.
2297 379 2470 438 Porro
2526 379 2742 451 quanta
2795 368 3118 429 sublimitas
3171 366 3233 424 in
3306 364 3751 425 conversatione

249 474 528 533 ccelorum
580 474 700 531 vim
779 473 1012 546 patitur,
1070 479 1124 529 et
1185 473 1422 532 violenti
1474 475 1709 547 rapiunt
1758 475 1952 535 illud?

253 565 471 635 (Matth.
520 569 600 633 XI)
637 587 662 610 »
709 561 799 619 An
853 560 1067 618 oblitus
1109 577 1169 618 es
1215 562 1354 635 quia
1407 563 1512 620 iste
1561 563 1811 621 mittitur
1858 579 1950 638 pa-

255 668 382 711 rare
409 650 655 710 Domino
684 649 908 723 plebem
939 649 1293 723 perfectam?
1322 655 1470 721 (Luc.
1507 657 1566 722 1).
1593 652 1825 711 Intuere
1860 669 1954 711 or-

254 741 451 799 dinem
483 755 698 810 rerum,
732 740 884 796 etab
913 740 1054 813 ipsis
1079 756 1202 799 sua:
1242 741 1626 814 conceptionis
1653 742 1837 801 initiis
1861 744 1955 801 in-

255 831 454 888 venies
504 830 658 887 hunc
694 829 969 887 validiore
1009 830 1314 888 conamine
1358 839 1513 888 tuam
1560 833 1959 892 fortitudinem

257 917 549 989 irrupisse.
599 917 688 975 Tu
729 917 912 976 fecisti
953 924 1016 976 ut
1063 919 1353 976 fratricida
1405 919 1568 990 Cain,
1643 922 1742 994 qui
1797 923 1960 995 prius

260 1014 430 1064 natus
473 1012 558 1064 est
592 1008 743 1076 (Gen.
797 1011 897 1076 Iv),
927 1006 1184 1079 pollutus
1219 1013 1273 1064 et
1316 1007 1624 1066 obvolutus
1673 1009 1876 1081 exiret,
1905 1022 1961 1069 et

257 1094 555 1169 originalis
598 1096 807 1169 peccati
838 1103 1261 1168 respergeretur
1288 1096 1548 1155 infamia.
1578 1098 1749 1156 Hunc
1790 1115 1963 1158 exce-

257 1184 341 1259 pit
397 1184 553 1242 orbis
607 1185 935 1255 exterritus,
989 1191 1045 1243 et
1092 1185 1333 1244 humani
1384 1186 1612 1259 generis
1662 1189 1965 1248 subsecuta

262 1275 535 1334 nativitas
558 1276 626 1332 ad
647 1276 896 1332 infinitae
920 1274 1165 1332 tristitite
1185 1275 1492 1334 cumulum
1511 1279 1962 1351 transmigravit.

261 1365 541 1424 Nativitas
584 1372 776 1423 autem
823 1365 1078 1423 hominis
1122 1366 1290 1423 istius
1337 1366 1399 1422 in
1440 1368 1650 1437 gaudio
1697 1376 1782 1427 est
1813 1377 1868 1428 et
1902 1370 1963 1428 in

261 1455 682 1513 solemnitatem
722 1455 1077 1528 praeclaram.
1127 1454 1382 1512 Laetatur
1424 1455 1596 1523 orbis,
1632 1463 1687 1514 et
1722 1466 1968 1531 quatuor

263 1544 473 1603 mundi
507 1543 738 1601 climata
773 1543 1199 1600 circumsonant
1226 1542 1490 1617 gloriosa
1518 1545 1845 1606 festivitatis
1872 1549 1968 1606 in-

265 1633 492 1703 stantia,
540 1631 682 1705 ipsis
720 1632 892 1690 etiam
934 1632 1093 1690 etelis
1125 1632 1368 1691 celebris
1397 1640 1452 1691 et
1498 1636 1732 1694 famosa.
1770 1658 1790 1688 α
1827 1636 1970 1706 Quis

263 1727 434 1797 putas
486 1737 629 1796 puer
672 1721 779 1779 iste
831 1719 988 1778 erit?
1032 1743 1058 1774 »
1113 1723 1352 1781 Amicus
1405 1722 1634 1798 Sponsi,
1691 1725 2028 1814 inimicusB

266 1814 390 1884 tibi,
445 1819 543 1871 tua
610 1817 880 1886 potestate
960 1812 1262 1884 potentior.
1328 1814 1825 1874 Considerandum
1884 1825 1969 1875 est

265 1910 480 1980 quanta
524 1903 802 1976 dignitate
849 1903 1175 1976 prmpolleat
1231 1905 1549 1964 nativitatis
1593 1907 1770 1980 hujus
1819 1908 1968 1966 cele-

263 1992 485 2050 branda
553 1990 799 2061 devotio,
874 1998 1264 2065 quantamque
1340 1994 1585 2065 gratiam
1660 1995 1722 2052 in
1790 1996 1973 2054 oculis

267 2081 538 2140 Ecclesiae
581 2081 826 2154 potuerit
857 2079 1141 2139 invenire.
1191 2081 1424 2141 Nullius
1467 2083 1720 2142 hominis
1768 2085 1978 2143 nativi-

265 2177 460 2241 tatem,
494 2177 700 2242 prteter
735 2168 914 2227 solius
953 2168 1054 2226 Dei
1093 2168 1333 2243 ejusque
1363 2172 1582 2244 matris,
1617 2172 1678 2230 in
1723 2173 1974 2232 auctori-

269 2258 399 2318 tatis
431 2273 621 2316 arcem
660 2259 872 2331 recepit
903 2257 1172 2330 Ecclesia,
1213 2260 1392 2333 hujus
1433 2261 1603 2318 istius
1639 2262 1976 2335 exceptione

270 2356 511 2410 servata.
545 2350 717 2408 Novit
747 2351 913 2408 enim
955 2350 1092 2426 quia
1130 2351 1334 2409 melior
1371 2357 1455 2409 est
1481 2352 1603 2410 dies
1647 2353 1845 2411 mortis
1883 2353 1976 2411 die

268 2440 585 2499 nativitatis
613 2443 808 2508 (Eccle.
847 2447 971 2510 VII),
1003 2447 1057 2498 et
1086 2441 1237 2512 quod
1270 2448 1430 2498 ortus
1459 2442 1758 2500 hominum
1797 2443 1974 2500 tristi-

269 2531 350 2588 tia
381 2530 707 2588 comitetur.
747 2529 886 2586 Inde
916 2537 998 2586 est
1035 2529 1190 2603 quod
1235 2537 1552 2604 martyrum
1593 2537 1825 2602 mortes,
1861 2547 1976 2588 non

275 2618 601 2677 nativitates
638 2617 972 2675 solemnizat
1021 2617 1300 2688 Ecclesia;
1344 2625 1586 2676 mortem
1624 2635 1823 2678 eorum
1865 2620 1979 2676 Na-

275 2707 588 2766 talitiorum
629 2706 863 2764 nomine
908 2705 1238 2776 nominans,
1287 2706 1500 2779 quibus
1545 2708 1728 2765 factus
1781 2715 1864 2765 est
1911 2707 1982 2764 de

276 2805 459 2856 morte
507 2796 729 2854 natalis.
771 2796 936 2854 Tunc
975 2795 1134 2852 enim
1179 2797 1540 2868 inceperunt
1581 2797 1736 2854 nasci
1779 2797 1850 2854 ad
1889 2797 1978 2855 vi-

275 2892 412 2957 tam,
449 2901 581 2945 cum
621 2885 798 2944 vitam
838 2883 1232 2956 deposuerunt
1277 2899 1381 2956 pro
1430 2886 1568 2941 vita.
1623 2885 1812 2958 Hujus
1847 2901 1983 2944 vero

277 2976 637 3035 nativitatem
689 2989 898 3048 sponsa
950 2973 1160 3031 Christi
1221 2979 1372 3031 tanto
1428 2973 1688 3032 securius
1736 2976 1984 3032 benevo-

278 3065 599 3164 lentissima
657 3063 989 3138 dignatione
1044 3064 1312 3137 suscepit,
1367 3069 1584 3136 quanto
1631 3063 2053 3164 singulariusG

2043 470 2239 541 fuerit,
2280 483 2393 526 non
2424 472 2508 523 est
2536 461 2822 522 currentis
2859 459 3079 532 linguae
3127 454 3520 528 voluptatibus
3563 453 3752 510 disse-

2043 560 2308 626 rendum,
2363 555 2460 614 sed
2511 549 2858 623 evangelicae
2909 545 3206 621 dignitatis
3254 542 3754 616 comprobandum

2042 651 2293 724 eloquio.
2329 671 2353 696 α
2384 646 2653 713 Joannes,
2694 640 2903 713 inquit,
2946 635 3188 694 habebat
3227 633 3634 690 vestimentum
3679 629 3757 688 de

2045 719 2178 814 pilis
2222 736 2594 804 camelorum,
2640 736 2694 788 et
2733 743 2935 787 zonam
2984 725 3283 799 pelliceam
3323 722 3470 781 circa
3519 719 3760 778 lumbos

2046 810 2206 903 ejus;
2237 842 2365 884 esca
2405 831 2599 882 autem
2636 823 2764 896 ejus
2808 824 2929 875 erat
2978 816 3210 874 locustae
3243 819 3297 870 et
3335 811 3446 870 mel
3490 810 3760 869 silvestre

2048 898 2262 992 (Matth.
2293 915 2395 985 III).
2434 912 2572 969 Ecce
2600 908 2701 982 qui
2735 906 3008 965 mollibus
3032 902 3360 992 vestiuntur
3387 900 3445 957 in
3483 898 3761 957 domibus

2049 985 2251 1079 regum
2301 1008 2433 1061 sunt
2462 1001 2681 1066 (Matth.
2726 1003 2834 1062 XI).
2875 1017 2898 1040 ιι
2932 991 3137 1064 Rigida
3185 989 3378 1058 vestis,
3423 995 3478 1046 et
3509 985 3762 1046 durissi-

2047 1077 2161 1154 mis
2209 1088 2638 1166 hispiditatibus
2687 1085 3091 1150 circumtexta,
3150 1078 3338 1151 rigore
3378 1077 3763 1151 squalorifero

2049 1198 2257 1256 corpus
2312 1179 2488 1238 afficit
2553 1173 2912 1249 patriarcha,
2967 1183 3314 1241 carnemque
3386 1167 3766 1224 tenerrimam

2052 1274 2361 1330 immatura
2399 1263 2721 1337 disciplinm
2753 1261 2974 1319 feritate
3014 1264 3276 1328 coarctat,
3312 1262 3537 1315 teneros
3572 1259 3762 1322 art-us,

2052 1369 2107 1421 et
2158 1357 2461 1418 sacratiore
2517 1353 2723 1426 spiritu
2797 1348 3132 1422 superfusos
3175 1343 3462 1404 continui
3527 1345 3769 1416 quassat

2053 1447 2349 1521 longitudo
2371 1441 2651 1516 martyrii.
2680 1438 2858 1496 Cibus
2876 1442 3067 1494 autem
3091 1434 3219 1507 ejus
3243 1431 3432 1508 qualis
3453 1429 3610 1521 erat?
3629 1429 3766 1488 Non

2053 1517 2400 1614 quaeruntur
2439 1528 2708 1605 phasides
2745 1540 2898 1595 aves,
2942 1539 3046 1581 nec
3082 1539 3182 1597 per
3215 1528 3387 1580 totam
3419 1517 3768 1579 discurritur

2054 1602 2370 1699 regionem,
2401 1602 2466 1679 ut
2497 1613 2893 1694 patriarchalis
2923 1612 3252 1670 stomachus
3279 1608 3610 1682 impleatur.
3647 1602 3768 1664 Sed

2061 1738 2087 1770 ‹‹
2115 1697 2254 1784 erat,
2287 1712 2497 1784 inquit,
2538 1724 2664 1767 esca
2702 1706 2827 1780 ejus
2867 1703 3125 1771 locustae,
3167 1707 3223 1757 et
3259 1699 3372 1756 mel
3411 1697 3689 1756 silvestre.
3731 1715 3764 1747 ››

2055 1805 2194 1864 Coeli
2263 1817 2389 1860 rore
2441 1798 2693 1874 pascitur
2745 1802 2800 1853 et
2845 1792 3115 1851 animalis
3191 1789 3465 1848 vilissimi
3521 1787 3770 1845 satiatur

2057 1893 2270 1961 edulio,
2341 1888 2605 1961 nihilque
2659 1889 2882 1942 coctum
2944 1879 3149 1952 accipit
3201 1875 3521 1952 jejunantis
3565 1881 3772 1933 auste-

2058 1984 2214 2041 ritas.
2251 1978 2532 2050 Castigato
2586 1973 2800 2049 quippe
2844 1970 3052 2040 ventri,
3092 1974 3145 2025 et
3184 1966 3460 2024 diuturna
3509 1979 3772 2022 macera-

2061 2072 2217 2130 tione
2255 2069 2523 2136 distento,
2565 2064 2760 2137 ignota
2805 2059 2915 2118 fuit
2955 2057 3199 2115 varietas
3245 2053 3613 2120 ferculorum,
3659 2067 3773 2111 nec

2060 2157 2324 2219 introivit
2360 2157 2421 2214 in
2461 2169 2525 2212 os
2563 2152 2688 2226 ejus
2725 2149 2882 2224 quod
2929 2147 3125 2220 gulam
3159 2144 3434 2214 alliceret,
3479 2142 3775 2202 sufﬁceret

2062 2248 2269 2317 ventri,
2319 2243 2610 2305 stomacho
2650 2239 3026 2299 blandiretur.
3075 2235 3230 2294 Elias
3277 2235 3524 2293 comedit
3565 2249 3774 2292 carnes

2064 2343 2164 2414 (III
2203 2344 2332 2409 Reg.
2387 2337 2575 2406 XVIII),
2625 2340 2681 2392 et
2732 2333 2781 2390 si
2844 2330 2984 2406 quid
3041 2328 3202 2387 aliud
3245 2327 3574 2401 apponitur,
3630 2340 3776 2384 cum

2063 2431 2378 2506 gratiarum
2399 2423 2650 2501 percepit
2678 2423 2922 2491 actione,
2964 2434 3070 2477 nec
3113 2417 3389 2490 aliquem,
3436 2416 3547 2474 nisi
3581 2415 3774 2485 fallor,

2067 2521 2312 2594 legimus
2366 2519 2428 2576 in
2467 2517 2646 2574 veteri
2685 2513 2912 2573 officina
2959 2512 3029 2569 ad
3074 2510 3216 2582 legis
3263 2509 3437 2583 hujus
3490 2508 3782 2580 aspirasse

2066 2610 2385 2684 fastigium.
2423 2606 2612 2664 Vestis
2639 2619 2858 2677 aspera,
2891 2601 3055 2658 cibus
3096 2599 3310 2669 tenuis,
3345 2611 3508 2654 mens
3544 2596 3778 2665 devota,

2067 2701 2384 2776 perfectum
2411 2699 2744 2754 consecrant
2773 2689 3179 2765 patriarcham.

2143 2790 2355 2850 Sextus
2415 2792 2500 2844 est
2557 2785 2781 2842 novitas
2845 2781 2902 2837 in
2974 2776 3399 2852 przedicatione.
3475 2775 3583 2833 Hic
3644 2773 3784 2832 volo

2071 2877 2346 2937 attentius
2383 2874 2634 2932 attendat
2671 2869 2914 2928 intentio
2951 2871 3159 2936 vestra,
3188 2866 3328 2939 quia
3371 2864 3542 2939 paulo
3587 2859 3785 2920 subti-

2070 2967 2188 3026 lius
2225 2964 2568 3024 ordiendum
2616 2958 2871 3017 materiae
2919 2954 3177 3029 praecipit
3231 2951 3585 3025 magnitudo.
3649 2949 3788 3007 Post

2068 3061 2370 3132 peccatum
2429 3052 2573 3110 Adze
2626 3055 2680 3107 et
2733 3047 2890 3105 illius
2961 3044 3170 3104 diluvii
3242 3043 3617 3101 vastationem
3683 3053 3784 3096 so-

283 3173 412 3216 eam
454 3155 710 3214 veritatis
769 3154 1120 3228 evangelicze
1170 3131 1580 3226 irrefragabilis
1627 3131 2053 3214 commendatu
2080 3131 2357 3218 lemnem,
2389 3143 2567 3202 electa
2610 3147 2694 3199 est
2721 3139 3010 3212 justorum
3038 3133 3267 3192 infinita
3297 3131 3616 3206 pluralitas,
3646 3141 3790 3185 cum

283 3247 612 3308 auctoritas.

357 3338 605 3410 Quintus
632 3340 715 3394 est
761 3333 1131 3406 singularitas
1162 3333 1223 3391 in
1255 3332 1632 3391 conversione
1663 3339 1714 3390 et
1755 3347 1998 3390 conver-

287 3431 505 3491 satione
531 3429 681 3486 intra
707 3425 1152 3485 teneritudinem
1178 3441 1486 3484 annorum.
1519 3425 1724 3484 Beatus
1749 3441 2000 3500 namque

291 3521 426 3579 ister
453 3532 594 3591 puer
620 3515 687 3573 ad
718 3529 1004 3585 eremum,
1041 3513 1244 3588 spiritu
1286 3513 1550 3581 ducente,
1578 3514 1858 3572 deductus
1883 3521 1967 3571 est
1984 3533 1999 3585 ;

2079 3238 2292 3313 quibus
2321 3235 2472 3294 Deus
2498 3233 2640 3291 facie
2681 3231 2750 3288 ad
2791 3230 2993 3288 faciem
3022 3228 3248 3286 locutus
3279 3226 3453 3283 fuisse
3490 3220 3793 3295 dignosci-

2083 3310 2192 3385 tur.
2228 3324 2598 3384 Transfertur
2635 3319 2875 3377 Henoch
2907 3319 3056 3389 (Gen.
3095 3317 3171 3385 v),
3211 3313 3446 3386 eligitur
3481 3311 3598 3369 Noe
3629 3310 3788 3379 (Gen.

2083 3420 2182 3488 VI),
2242 3417 2476 3471 vocatur
2551 3408 2844 3467 Abraham
2900 3407 3048 3477 (Gen.
3109 3407 3235 3473 XII),
3290 3402 3447 3460 Isaac
3521 3399 3794 3488 diligitur

2086 3485 2237 3577 (Gen.
2285 3505 2453 3567 XVII),
2485 3497 2658 3557 Jacob
2689 3497 2875 3555 Deum
2916 3494 3059 3551 facie
3096 3493 3168 3550 ad
3198 3491 3399 3549 faciem
3431 3485 3791 3577 contempla-

427 3576 1212 3673 obstitittetatisinﬁrmitas,
1253 3618 1427 3675 quam
1467 3576 1733 3676 majestas
1772 3576 2002 3660 Domini
2089 3576 2180 3653 tur
2235 3595 2385 3666 (Gen.
2440 3590 2676 3659 XXXIII),
2723 3585 2932 3659 Joseph
2986 3591 3222 3642 vocatur
3270 3579 3470 3639 mundi
3529 3576 3796 3636 Salvator

296 3663 656 3759 fecundabat.
699 3695 948 3769 Spiritus
987 3697 1146 3754 enim
1178 3663 1410 3753 sanctus
1456 3663 1578 3751 non
1609 3693 1848 3754 attendit
1890 3691 2005 3749 dif-
2090 3663 2249 3758 (Gen.
2275 3683 2421 3753 XLI);
2476 3695 2583 3769 nec
2627 3685 2816 3734 tamen
2857 3672 3064 3769 Dei_ad
3110 3673 3263 3739 illos,
3311 3668 3402 3769 vel
3443 3665 3676 3767 illorum
3720 3663 3798 3720 ad

298 3789 598 3850 ferentiam
628 3757 903 3857 sexuum,
938 3786 1296 3861 fragilitatem
1325 3800 1648 3860 corporum,
1680 3791 2007 3856 temporum
2089 3775 2354 3833 homines
2383 3771 2448 3828 fit
2475 3768 2672 3843 aliqua
2707 3764 2922 3824 mentio
2949 3762 3020 3819 de
3049 3761 3213 3834 regni
3246 3757 3494 3818 ctelestis
3521 3759 3798 3861 perpetua

299 3879 700 3949 annositatem,
775 3877 872 3936 sed
925 3841 1332 3949 qugmirunque
1376 3841 1451 3933 et;
1507 3841 1818 3947 quomodo.
1888 3875 2010 3932 vult
2094 3862 2413 3921 mansione.
2437 3841 2662 3930 Moyses
2685 3852 2999 3912 assumitur
3025 3851 3085 3908 in
3113 3850 3318 3908 ducem
3343 3844 3539 3920 populi
3561 3841 3802 3901 Judzeo-

300 3931 746 4043 dignantissima
787 3931 965 4038 replet
1005 3931 2011 4037 benignitate.—vRelinquitﬁioannes
2095 3969 2223 4012 rum
2284 3950 2483 4018 (Exod.
2541 3951 2648 4015 III),
2705 3942 2989 4002 Pharaoni
3044 3940 3104 3997 in
3163 3939 3345 3996 Deum
3412 3931 3801 4031 constituitur.

307 4060 618 4127 mundum,
669 4057 934 4114 homines
980 4055 1147 4127 fugit,
1201 4053 1378 4112 nescit
1431 4054 1694 4127 patriam,
1751 4059 2013 4126 parentes

305 4153 665 4222 aspernatur,
717 4151 772 4202 et
819 4146 878 4202 in
933 4142 1114 4200 solius
1171 4141 1492 4199 divinitatis
1554 4141 1774 4214 apicem
1833 4140 2013 4197 heatte

309 4217 812 4309 contemplationis
850 4233 972 4303 ﬁgit
999 4231 1252 4290 obtutus.
1284 4230 1427 4288 Mira
1467 4246 1660 4288 rerum
1692 4217 2028 4301 conversio,

2098 4044 2254 4102 Facit
2308 4043 2462 4100 Deus
2513 4039 2572 4095 in
2615 4035 2860 4110 IEgypto
2916 4029 3221 4106 magnalia,
3274 4033 3330 4085 et
3399 4021 3690 4082 mirabilia
3739 4020 3804 4076 in

2100 4141 2248 4192 terra
2287 4129 2486 4199 Cham,
2549 4123 2827 4183 terribilia
2875 4122 2935 4179 in
2985 4120 3127 4178 mari
3182 4115 3378 4175 Rubro
3435 4113 3631 4185 (Exod.
3697 4120 3804 4176 VII,

2100 4235 2204 4291 VII,
2237 4223 2391 4291 etc.).
2425 4215 2696 4275 Ascendit
2723 4212 2949 4284 Moyses
2973 4209 3042 4267 ad
3071 4206 3398 4278 caliginem,
3431 4202 3489 4259 in
3523 4215 3639 4273 qua
3685 4204 3808 4255 erat

312 4327 607 4392 hominem
671 4324 775 4382 vix
834 4323 1126 4381 mundum
1175 4322 1497 4394 ingressum
1556 4321 1760 4378 mundi
1819 4296 2015 4391 fugere
2102 4316 2274 4373 Deus.
2311 4312 2490 4369 Datur
2513 4308 2574 4365 in
2607 4311 2799 4364 monte
2827 4300 3131 4374 multiplex
3161 4303 3580 4372 praeceptorum
3605 4296 3808 4348 aucto-

313 4418 583 4495 gloriam,
628 4421 682 4473 et
729 4410 928 4472 saeculi
971 4379 1311 4484 cupiditates
1347 4425 1462 4468 non
1508 4411 1697 4469 solum
1732 4379 2080 4495 oblivisci,h
2106 4403 2260 4460 ritas.
2295 4397 2571 4471 Loquitur
2597 4394 2697 4451 ille
2724 4407 2858 4450 cum
2896 4390 3028 4460 Deo,
3059 4387 3224 4460 quasi
3256 4387 3427 4442 homo
3449 4379 3806 4495 adnvicinp‘m

2341 4488 2386 4495 --
2573 4492 2580 4495 .
2773 4482 2805 4495 ι.
2855 4484 2864 4495 .
3094 4476 3282 4495 ιι-----
3332 4488 3436 4495 η---
3545 4469 3654 4495 ..Λει
3753 4478 3806 4495 n-

313 4465 412 4570 sed
453 4513 507 4565 et
539 4465 778 4574 nescire,
822 4465 1461 4577 perpeturumquevcumﬁ
1830 4465 2080 4556 stabi:D
2106 4506 2302 4552 suum.
2341 4465 2465 4545 Non
2505 4492 2590 4543 est
2624 4482 2972 4541 occultatum
3010 4495 3039 4534 a
3094 4476 3288 4548 Moyse
3326 4471 3480 4577 quod
3519 4469 3656 4568 facit
3703 4465 3812 4577 De;

315 4553 412 4570 νυ..
455 4553 507 4565 ν.
541 4553 778 4574 ..νυν-η,
823 4553 1275 4577 τνρη----ην
1329 4553 1456 4558 -___-

315 4599 422 4657 lire
481 4595 851 4655 consortium.
909 4591 1188 4650 Recessus
1237 4589 1544 4658 montium,
1588 4590 1864 4647 silvarum
1914 4604 2019 4646 an-
2107 4584 2304 4642 minus
2330 4581 2392 4637 in
2422 4577 2662 4646 occulto,
2694 4580 2750 4631 et
2774 4569 3090 4645 gloriosum
3143 4580 3349 4623 nomen
3381 4560 3626 4628 Adonai,
3655 4553 3813 4630 quod

319 4687 533 4745 fractus
579 4690 634 4742 et
683 4647 1371 4752 valliumnsuhterjacens
1415 4647 1648 4736 vastitas
1694 4694 1871 4752 puero
1923 4693 2021 4751 pa-
2107 4671 2380 4731 omnibus
2443 4663 2774 4723 obvelatum
2851 4659 3056 4752 fuerat,
3114 4653 3403 4752 reveletur
3463 4647 3666 4716 (Exod.
3728 4654 3814 4738 Iv,

322 4773 590 4834 triarchte
621 4769 912 4829 domicilia
938 4730 1333 4842 praebuerunt.
1364 4766 1487 4825 Non
1528 4730 1849 4841 opponratur
1877 4730 2024 4822 mrihi
2111 4761 2265 4825 etc.).
2303 4755 2413 4814 Sed
2466 4753 2520 4810 in
2566 4752 2658 4808 his
2704 4746 2978 4805 omnibus
3017 4741 3177 4815 regni
3215 4739 3495 4798 etelorum
3537 4730 3818 4791 memoria

310 4864 622 4932 ,Jeremias,
684 4876 790 4918 nec
845 4857 1209 4933 praedicantis
1263 4857 1522 4929 pueritiae
1564 4830 1762 4913 virtus
1821 4855 2029 4912 audeat
2117 4863 2220 4906 nec
2268 4841 2772 4909 nominatur,’nec
2822 4834 3076 4892 auditur.
3120 4831 3280 4888 Astat
3319 4830 3506 4885 Aaron
3552 4832 3821 4933 sumjm‘us

322 4909 622 4932 ..νηημυη
687 4909 789 4918 ..η
847 4909 1208 4933 την-ηψπ.-
1264 4909 1518 4929 ,_--_---
1826 4909 2001 4912 "--

320 4953 577 5023 ohviare,
609 4950 750 5024 quia
771 4952 816 5007 si
842 4948 939 5007 ille
964 4947 1414 5006 consecraturin
1444 4945 1777 5018 prophetam
1805 4948 1935 5011 (Jer.
1964 4945 2027 5011 I),
2114 4934 2394 5003 sacerdos,
2445 4929 2692 5002 potentis
2741 4927 2924 4999 virgae
2975 4921 3277 4996 gestarius,
3326 4924 3535 5014 unctus
3578 4918 3646 5024 ei
3669 4909 3820 4968 deli-

324 5043 419 5100 hic
447 5042 506 5100 in
541 4999 850 5114 plusquam
893 5037 1227 5112 prophetam
1265 4999 1903 5106 (Matth.iit'l);etﬁlicet
1931 4999 2031 5087 ille
2117 5025 2292 5082 butus
2338 4999 2653 5077 ctelestium
2717 5018 3204 5112 sacramentorum
3258 5004 3550 5114 unctione.
3613 4999 3826 5058 Succe-

326 5092 417 5100 ηη
543 5092 850 5114 ,ης---ι---η
893 5092 946 5112 τ-
1269 5092 1311 5106 ,ν
1590 5092 1597 5100 .
1638 5092 1644 5103 ,

326 5131 539 5207 populo
556 5133 747 5189 futura
767 5128 1057 5203 praedicat,
1087 5141 1203 5184 non
1227 5131 1414 5184 tamen
1442 5120 1896 5181 conversationis
1921 5119 2028 5176 hu-
2118 5115 2201 5172 dit
2235 5115 2429 5180 Josue,
2477 5116 2534 5167 et
2575 5105 2765 5166 omnis
2792 5103 2891 5161 illa
2916 5100 3178 5173 judicum
3224 5092 3552 5207 multitudo.
3587 5105 3692 5207 nec
3725 5095 3828 5207 Iest

2199 5206 2206 5207 ,
2299 5203 2330 5207 __
2563 5198 2573 5207 .
2805 5193 2839 5207 ,ο
2935 5191 2974 5207 n
2999 5206 3006 5207 ,
3031 5188 3114 5207 ηιξ
3174 5201 3249 5207 --
3285 5184 3414 5207 --s:..
3465 5184 3575 5207 IT..-
3696 5179 3710 5207 ἐ
3785 5182 3803 5207 \

337 5178 747 5206 νειμ-υη--υ-ι.
809 5178 1057 5195 Mum,
1091 5178 1203 5184 η---
1232 5178 1414 5184 --ππ
1605 5178 1614 5179 κ
1671 5178 1703 5180 η
2415 5178 2423 5180 ,

337 5237 524 5280 manas
562 5178 812 5280 declinat
855 5223 1137 5292 aspectus.
1182 5217 1295 5288 Sic,
1327 5221 1574 5274 Joannes
1611 5211 1795 5269 aetatis
1836 5223 2032 5280 super-
2125 5206 2210 5262 vel
2253 5203 2368 5260 ulla
2419 5198 2610 5257 tenuis
2667 5193 2880 5252 mentio
2935 5188 3119 5262 Regni
3168 5184 3416 5292 caelestis
3463 5184 3618 5250 (103..
3673 5178 3827 5248 lib.).

333 5323 562 5381 gressus
590 5272 1001 5374 infantiamfet
1031 5272 1333 5363 nobilioris
1350 5300 1576 5375 generis
1600 5297 2033 5372 generositatem
2122 5291 2356 5352 Invenit
2396 5287 2675 5346 Dominus
2706 5281 2884 5340 David
2920 5279 3117 5336 virum
3157 5272 3475 5332 secundum
3517 5283 3615 5326 cor
3653 5280 3833 5324 suum

2627 5378 2633 5381 .
2717 5371 2748 5381 η
2795 5371 2805 5381 .
3133 5363 3227 5381 ιιι-κ
3265 5378 3309 5381 μμ
3372 5361 3490 5381 -:---
3548 5354 3827 5381 ---:-..t:n

338 5354 562 5381 5.-..-."
592 5354 916 5374 .........-.....,
950 5354 1001 5363 ν-
1035 5354 1568 5375 ..ν,,-.-,.--η,--,-η
1601 5354 1797 5372 ,

338 5395 570 5464 oblitus,
591 5396 696 5455 soli
720 5402 882 5453 vacat
905 5393 1424 5463 divinitati,forma
1449 5385 2038 5457 vita3,monachorum
2125 5384 2291 5452 (Psal.
2344 5378 2668 5442 LXXXVIII),
2716 5371 3084 5440 Salomonem
3129 5363 3316 5421 filium
3367 5361 3492 5434 ejus
3546 5354 3833 5464 sapientia

339 5442 696 5464 cu......,,.....
734 5442 1191 5453 ...μη
1243 5442 1424 5450 ---____
1885 5442 1892 5443 ,
2131 5442 2142 5452 ,

339 5485 712 5560 propositum,
755 5442 1228 5541 anachoretarum
1275 5476 1644 5551 principium,
1689 5474 1864 5532 totius
1916 5471 2043 5529 reli-
2124 5469 2382 5528 cumulat
2436 5460 2719 5534 singulari
2767 5461 2866 5528 (Ill
2921 5461 3050 5524 Reg.
3111 5457 3214 5520 III),
3268 5455 3322 5507 et
3369 5461 3602 5506 omnem
3658 5442 3834 5500 illum

2270 5559 2277 5560 κ
2400 5556 2413 5560 -
2598 5552 2609 5560 .
2863 5546 2895 5560 ρ.
2947 5546 2957 5557 .
3001 5546 3032 5560 .,
3476 5536 3694 5560 “MM,
3776 5539 3834 5560 Δ,

332 5536 524 5650 gionis
572 5536 712 5629 121’
1360 5536 1594 5641 quidem
1634 5536 1756 5640 [pro
1799 5577 2039 5622 conver-
2125 5556 2513 5634 prephetalem
2564 5552 2808 5610 chorum
2863 5546 3114 5620 Spiritus
3172 5548 3403 5600 sanctus
3472 5536 3703 5596 ordinat
3774 5539 3839 5591 et
