4070 6198
221 254 338 316 633

1739 261 1986 324 SERMO
2023 261 2235 324 XXIII.

3630 270 3738 332 634

221 376 508 468 infundit,
542 377 812 468 nihilque
844 379 914 437 de
945 379 1193 440 calestis
1222 382 1382 455 regni
1423 384 1605 458 gloria
1636 385 2162 460 propheta-Ame?
2203 388 2418 453 (Matth.
2458 389 2560 458 III.)
2594 410 2619 436 ››
2656 386 2803 445 Dicit
2840 387 2892 445 ei
2931 386 3232 448 Salvator:
3283 415 3304 443 α
3345 389 3482 451 Sine
3522 394 3728 468 modo;

223 475 348 527 tur.
379 467 603 527 Claudit
652 467 805 526 Elias
853 470 1066 527 calum
1107 470 1278 528 annis
1323 472 1506 532 tribus
1549 480 1600 531 et
1647 477 1944 534 mensibus

221 573 334 615 sex
369 561 474 626 (HI
518 561 642 627 Reg.
679 562 866 629 XVII);
900 559 1124 617 Eliseus
1165 567 1428 620 mortuus
1471 569 1762 622 mortuum
1808 566 1943 622 vita

221 647 476 704 restituit
505 649 608 712 (IV
633 650 763 715 Reg.
797 649 917 717 IV);
955 657 1008 705 et
1043 649 1116 706 ab
1158 649 1246 706 his
1293 665 1397 708 nec
1443 651 1532 708 vel
1573 653 1692 711 ulla
1721 654 1944 713 scintil-

220 731 346 792 lula
377 732 558 790 beata
595 733 910 791 mansionis
955 735 1161 794 elucet.
1197 737 1345 806 Quid
1381 737 1597 811 plura?
1627 743 1675 798 A
1724 741 1942 814 princi-

220 822 326 895 pio
351 821 558 880 mundi
595 837 778 896 usque
809 823 878 879 ad
910 823 1190 882 Joannem
1225 827 1619 887 universitatis
1659 828 1800 885 122
1830 832 1942 890 hu-

222 925 418 968 mana
483 906 834 968 electionem'
893 913 1178 987 recollige,
1236 933 1341 976 nec
1395 918 1456 976 in
1529 936 1794 978 sermone
1849 921 1942 979 vel

218 1015 397 1073 opere
443 998 603 1056 illius
644 1001 958 1058 sanctuarii
997 1004 1207 1076 poteris
1256 1008 1506 1079 reperire
1551 1008 1939 1069 dulcedinem.

224 1087 375 1146 Veni
411 1104 545 1162 ergo
569 1088 641 1146 ad
669 1089 972 1160 Joannem,
1004 1099 1059 1150 et
1089 1093 1226 1151 audi
1269 1111 1466 1154 vocem
1517 1097 1939 1169 exsultationis,

220 1191 425 1234 vocem
479 1176 773 1248 novitatis,
822 1195 1020 1238 vocem
1056 1181 1295 1253 latitia,
1344 1185 1757 1245 misericordia
1808 1202 1942 1244 ver—

218 1264 366 1323 bum
395 1310 410 1333 ,
463 1279 789 1323 sermonem
840 1268 1059 1339 gloria,
1112 1271 1315 1342 gratia
1366 1272 1723 1347 largitatem;
1786 1276 1941 1350 quod

217 1350 510 1411 celaverat
559 1353 732 1424 Deus,
793 1360 1042 1415 tacuerat
1093 1361 1353 1433 angelus,
1404 1361 1643 1423 latuerat
1700 1365 1940 1442 patriar-

219 1443 384 1515 chas,
429 1445 724 1518 propheta
768 1447 1136 1508 nescierant:
1194 1476 1213 1500 ι
1255 1452 1677 1528 Panitentiam,
1728 1457 1940 1530 inquit,

219 1534 412 1606 agite;
442 1533 924 1608 appropinquabit
947 1537 1104 1596 enim
1139 1555 1382 1610 regnum
1409 1543 1685 1602 calorum
1722 1548 1936 1617 (Matth.

222 1630 328 1692 III).
362 1644 388 1673 ι)
425 1621 675 1682 Verbum
714 1625 1074 1697 pauitantia
1121 1627 1307 1699 dulce,
1357 1637 1412 1688 et
1449 1632 1766 1705 gloriosum
1812 1651 1940 1692 ver-

2024 471 2106 528 sic
2135 474 2291 530 enim
2321 473 2479 532 decet
2503 490 2608 532 nos
2631 475 2872 548 implere
2898 491 3127 534 omnem
3153 478 3437 551 justitiam
3469 482 3671 556 (Ibid).
3706 508 3734 537 ν

2025 561 2423 635 Acquiescitur
2469 563 2742 637 utrinque
2780 564 3130 622 salutaribus
3171 567 3421 640 monitis,
3461 577 3514 627 et
3549 573 3735 630 accin-

2023 651 2106 723 git
2142 666 2202 708 se
2234 651 2482 709 Joannes
2527 652 2592 708 ad
2643 652 3045 726 baptizandum
3096 661 3151 711 et
3184 656 3255 712 ad
3295 658 3730 731 suspiciendum

2025 739 2335 798 Dominum
2376 740 2737 814 angelorum.
2779 742 3030 801 Exuitur
3058 745 3416 804 vestimentis
3455 748 3576 807 suis
3610 750 3735 810 Rex

2023 831 2239 902 gloria,
2281 833 2550 906 splendor
2587 832 2851 902 luminis,
2886 841 2940 891 et
2986 834 3172 906 ﬁgura
3228 838 3568 897 substantia
3607 840 3735 914 Dei,

2023 919 2265 978 Joannis
2317 922 2588 980 manibus
2633 928 2981 982 attrectatur.
3035 925 3177 983 Caro
3234 927 3334 984 illa
3384 934 3612 1002 sumpta
3665 931 3736 988 de

2023 1009 2283 1082 Virgine,
2316 1009 2761 1082 candidiorcque
2801 1009 3054 1068 derivata
3093 1014 3348 1081 materia,
3389 1017 3642 1075 nudatur
3669 1019 3733 1076 in

2022 1100 2288 1171 ﬂumine,
2320 1100 2585 1158 felicibus
2609 1099 2880 1174 Baptista
2906 1102 3174 1161 manibus
3204 1105 3585 1165 infundenda.
3622 1108 3733 1166 De-

2023 1189 2308 1247 scendunt
2341 1189 2568 1263 angeli:
2605 1195 2661 1247 et
2689 1191 2968 1249 calorum
3002 1193 3234 1264 agmina
3271 1201 3384 1252 tota
3414 1196 3736 1254 reverentia

2023 1285 2270 1336 currunt
2330 1277 2400 1334 ad
2449 1279 2791 1348 Creatorem,
2838 1280 3332 1356 baptizantemque
3387 1289 3441 1341 et
3481 1283 3733 1358 baptiza-

2024 1374 2148 1426 tum
2203 1365 2561 1425 dominantia
2618 1367 2861 1426 numina
2923 1369 3411 1445 circumcingunt.
3469 1372 3737 1431 Infuudit

2021 1474 2228 1533 aquam
2287 1457 2454 1531 capiti
2513 1453 2652 1509 123
2704 1456 2986 1516 Creatoris
3037 1465 3298 1518 creatura
3352 1461 3620 1533 nobilior,
3680 1466 3738 1521 et

2021 1547 2124 1606 Dei
2157 1547 2427 1606 verticem
2477 1546 2736 1604 mortalis
2773 1547 3009 1606 dextera
3056 1556 3364 1608 contrectat
3411 1557 3466 1610 et
3503 1552 3735 1610 contin-

2021 1637 2121 1709 git.
2168 1637 2340 1694 Pavet
2385 1634 2642 1704 calum,
2699 1641 2888 1709 stupet
2947 1643 3114 1707 terra,
3167 1638 3437 1696 Jordanis
3495 1639 3736 1712 arridet,

222 1710 368 1808 bum
404 1711 562 1810 regni
611 1711 890 1810 calorum
939 1713 1140 1810 latum
1178 1725 1240 1810 et
1280 1720 1660 1810 adorandum,
1695 1724 1781 1782 illi
1832 1726 2310 1810 soliBmirantur
2337 1725 2666 1798 archangeli
2707 1725 3018 1784 Dominum
3060 1725 3309 1786 Sabaoth
3348 1729 3497 1787 inter
3528 1710 3738 1788 manus

221 1805 504 1872 primario
544 1805 900 1862 conveniens
945 1805 1042 1878 qui
1102 1807 1326 1880 primus
1384 1809 1527 1868 Novi
1586 1811 1934 1873 Testamenti
1961 1805 2002 1810 ’
2029 1815 2366 1890 baptizantis
2399 1813 2644 1872 includi.
2687 1813 2835 1884 Quid
2873 1821 2976 1885 est,
3017 1815 3314 1874 Joannes?
3339 1817 3653 1877 Cherubim
3685 1823 3745 1876 et

219 1891 420 1964 posuit
460 1893 856 1952 fundamenta.
891 1894 1031 1953 Hac
1059 1903 1138 1954 est
1173 1897 1271 1954 illa
1315 1915 1450 1970 vox,
1480 1901 1550 1958 de
1597 1918 1712 1976 qua
1758 1907 1941 1964 maxi-

227 1996 365 2039 mus
415 1981 511 2040 ille
556 1985 971 2058 contemplator
1011 1987 1334 2048 caelestium
1382 1991 1675 2052 visionum
1718 1995 1775 2052 in
1815 1997 1940 2056 hac

231 2070 411 2128 verba
448 2073 814 2146 prosequitur
859 2098 870 2130 :
928 2097 948 2126 ι
985 2075 1053 2134 Et
1103 2093 1217 2136 vox
1265 2079 1450 2152 prima
1496 2098 1671 2155 quam
1715 2083 1936 2157 audivi,

228 2163 510 2232 tanquam
561 2161 1010 2221 citharoedorum
1066 2165 1530 2228 citharizantium
1583 2171 1640 2228 in
1706 2173 1941 2231 citharis

230 2247 359 2306 suis
397 2250 586 2321 (Apoc.
617 2251 758 2322 XIV).
792 2275 818 2298 »ι
848 2252 897 2308 Α
926 2251 1130 2311 diebus
1157 2255 1300 2314 Ada
1329 2272 1513 2330 usque
1549 2259 1616 2316 ad
1657 2260 1939 2318 Joannem

229 2353 515 2411 organum
566 2344 828 2397 nostrum
877 2355 1109 2398 versum
1163 2349 1248 2400 est
1295 2345 1354 2401 in
1406 2361 1604 2404 vocem
1651 2349 1939 2422 ﬂentium,

221 2427 365 2499 quia
424 2427 505 2484 ibi
565 2434 922 2501 peccatorum
991 2430 1356 2505 frequentia,
1420 2450 1526 2492 nec
1586 2437 1942 2510 poenitentia

219 2514 407 2586 locus,
448 2517 664 2590 duplex
707 2525 828 2576 erat
866 2519 1201 2593 deplorandi
1247 2526 1504 2584 materia.
1553 2525 1816 2586 Occidis?
1856 2545 1943 2587 oc-

220 2604 342 2662 cidi
374 2604 617 2676 juberis.
655 2605 900 2666 Sabbato
941 2609 1094 2680 ligna
1133 2610 1406 2685 colligis?
1445 2612 1685 2687 lapidari
1719 2617 1944 2690 juberis

223 2693 409 2762 (Num.
445 2695 569 2763 XV),
609 2699 663 2750 et
700 2694 820 2765 ille,
860 2695 954 2753 cui
997 2698 1293 2771 proprium
1341 2706 1425 2758 est
1473 2703 1731 2760 misereri
1786 2721 1942 2762 sem-

223 2788 418 2851 peret
444 2797 694 2854 parcere,
731 2783 842 2841 nisi
882 2786 1052 2843 ferire
1091 2803 1202 2846 non
1246 2790 1427 2849 novit.
1461 2790 1701 2849 Dederat
1730 2795 1943 2868 quippe

219 2869 310 2926 eis
336 2879 619 2944 pracepta
650 2887 766 2930 non
797 2872 945 2931 bona
973 2875 1212 2936 traditor
1235 2885 1676 2951 praceptorum,
1707 2888 1761 2938 et
1779 2882 1946 2954 justi-

222 2958 520 3018 ﬁcationes
579 2961 637 3018 in
706 2963 920 3036 quibus
982 2965 1180 3025 vivere
1247 2984 1361 3026 non
1431 2978 1657 3043 possent
1725 2974 1938 3040 (Ezech.

223 3049 358 3117 XX).
413 3047 534 3107 Hoc
589 3055 674 3107 est
725 3052 874 3125 quod
920 3053 1114 3125 justus
1167 3055 1412 3114 miratur
1468 3057 1708 3117 dicens:
1770 3060 1940 3118 «Ubi

222 3138 640 3198 misericordia
657 3147 772 3200 tua
791 3143 1066 3217 antiqua,
1085 3144 1363 3204 Domine?
1383 3171 1408 3196 ι»
1430 3151 1599 3216 (Psal.
1622 3154 1942 3222 LXXXVIII.)

221 3227 478 3287 Joannes
509 3237 680 3288 natus
715 3233 964 3291 ostendit
999 3235 1490 3295 medicamentum
1527 3239 1778 3308 vulneri,
1811 3256 1945 3313 pec-

222 3325 352 3377 cato
382 3321 799 3393 panitenliam,
833 3325 1060 3383 veniam
1115 3326 1426 3400 iniquitati.
1456 3327 1597 3387 Hac
1635 3336 1719 3387 est
1758 3331 1946 3402 prima

225 3425 343 3467 vox
372 3425 547 3484 quam
581 3428 695 3471 vox
733 3415 1037 3475 clamantis
1076 3417 1136 3475 in
1174 3419 1397 3477 deserto
1429 3423 1650 3486 (Matth.
1694 3426 1778 3489 III)
1807 3435 1942 3494 pro-

222 3499 420 3572 posuit
451 3523 463 3558 :
504 3523 524 3550 ε
576 3502 646 3559 Et
684 3518 797 3561 vox
830 3505 1074 3563 turturis
1114 3507 1312 3566 audita
1353 3515 1438 3566 est
1475 3509 1536 3567 in
1569 3517 1718 3568 terra
1753 3517 1945 3568 nostra

222 3592 402 3662 (Cant.
437 3596 576 3658 11).»
622 3593 709 3651 Ex
758 3599 892 3652 tunc
942 3595 1100 3654 misit
1147 3597 1208 3654 in
1253 3613 1317 3656 os
1354 3605 1616 3657 nostrum
1656 3599 1943 3656 canticum

223 3698 472 3755 novum,
507 3701 736 3744 carmen
769 3687 884 3744 Deo
920 3694 1112 3746 nostro
1143 3692 1314 3757 (Psal.
1345 3694 1590 3760 XXXIX),
1627 3696 1681 3748 et
1721 3696 1948 3748 resonat

221 3775 288 3833 in
324 3791 422 3834 ore
464 3785 656 3836 nostro
685 3778 1004 3852 gratiarum
1044 3780 1212 3852 actio,
1243 3787 1298 3839 et
1328 3797 1440 3840 vox
1475 3782 1701 3851 laudis;
1744 3798 1944 3854 super-

222 3865 518 3924 exaltatur
570 3867 962 3926 misericordia
1015 3869 1268 3941 judicio,
1322 3871 1714 3944 peccatoribus
1756 3871 1945 3945 parci-

225 3963 346 4024 tur,
411 3962 608 4028 regnat
664 3956 863 4028 pietas,
915 3958 1138 4030 justitia
1185 3958 1608 4028 dissimulatur,
1669 3967 1724 4018 et
1773 3960 1944 4016 mise-

225 4044 418 4114 rendi,
459 4061 573 4102 non
629 4045 895 4116 feriendi,
949 4047 1165 4122 quarit
1203 4049 1562 4107 occasionem
1618 4048 1947 4106 misericors

225 4141 285 4190 et
331 4135 632 4192 miserator
668 4135 972 4194 Dominus.
1019 4136 1369 4194 Citharizant
1417 4152 1552 4210 ergo
1601 4137 1662 4194 in
1709 4135 1946 4193 citharis

224 4220 386 4293 suis,
425 4223 526 4297 qui
569 4223 927 4297 voluptatum
965 4223 1306 4283 eﬁ‘usionem
1353 4225 1710 4299 panitentia
1749 4223 1945 4281 distri-

225 4310 422 4369 ctione
467 4312 836 4370 reverberant
869 4331 881 4368 :
911 4319 963 4370 et
998 4312 1067 4370 de
1117 4315 1399 4387 profunda
1447 4320 1805 4388 peccatorum
1841 4328 1945 4371 vo-

226 4400 433 4472 ragine
476 4401 838 4474 respirantes,
892 4401 1188 4460 Pharaone
1237 4402 1558 4472 submerso,
1607 4408 1835 4460 cantant
1882 4403 1942 4459 in

226 4489 347 4547 viis
391 4489 641 4560 Domini,
693 4515 714 4539 -
755 4492 1032 4564 quoniam
1091 4506 1296 4564 magna
1349 4498 1433 4548 t-st
1483 4491 1664 4564 gloria
1715 4490 1943 4548 Domini

227 4579 409 4643 (Psal.
439 4583 742 4644 CXXXVII).
773 4602 799 4627 ι»
897 4634 900 4636 ν

309 4665 598 4737 Septimus
647 4673 733 4724 est
782 4667 1034 4738 dignitas
1092 4667 1150 4724 in
1213 4667 1568 4740 baptismate.
1625 4666 1947 4738 Singularis

226 4766 469 4826 prorsus
502 4753 818 4822 humilitas,
858 4753 1112 4811 Verbum
1161 4768 1291 4812 caro
1331 4754 1565 4826 factum,
1603 4765 1657 4813 et
1702 4757 1758 4812 in
1817 4772 1946 4829 per-

222 4841 447 4898 fectum
484 4841 781 4912 egrediens
815 4841 1043 4910 virum,
1081 4842 1274 4899 relicta
1313 4843 1618 4901 hominum
1660 4843 1947 4901 universi-

225 4933 368 4996 tate,
400 4927 682 4987 Joannem
725 4930 957 5003 quarit,
1001 4930 1284 4988 Joannem
1323 4930 1626 5002 desiderat,
1660 4932 1730 4989 ad
1770 4931 1946 4989 Joan-

227 5031 369 5074 nem
415 5015 591 5074 vadit.
638 5017 940 5076 Terribilis
975 5019 1037 5075 in
1083 5019 1342 5078 consiliis
1382 5020 1532 5079 Deus
1583 5038 1757 5094 super
1797 5020 1946 5079 tilios

225 5107 544 5166 hominum
581 5110 746 5178 (Psal.
788 5112 948 5182 LXV),
983 5115 1330 5183 portansque
1373 5112 1568 5169 omnia
1619 5113 1792 5170 verbo
1835 5113 1948 5170 vir-

226 5198 372 5256 tutis
404 5213 550 5268 sua,
584 5200 984 5272 purgationem
1022 5207 1384 5271 peccatorum
1425 5202 1639 5260 faciens
1667 5206 1845 5270 (Hebr.
1884 5206 1945 5272 1),

227 5290 394 5344 venit
426 5304 460 5345 a
491 5288 732 5346 Galilaa
763 5291 825 5346 in
863 5290 1173 5348 Jordanem
1217 5289 1285 5346 ad
1326 5290 1631 5361 Joannem,
1664 5300 1728 5350 ut
1760 5293 1947 5365 bapti-

223 5382 460 5435 zaretur
493 5377 567 5434 ab
605 5393 690 5436 eo.
738 5376 939 5450 Stupet
985 5379 1238 5437 Joannes
1273 5384 1328 5434 et
1363 5379 1564 5436 timore
1599 5380 1943 5448 concutitur,

225 5469 539 5538 totumque
601 5465 985 5538 patriarcham
1059 5465 1325 5523 inﬁnitus
1411 5467 1614 5524 horror
1682 5467 1945 5525 insumit.

228 5577 258 5604 α
300 5553 443 5627 Ego,
481 5554 695 5629 inquit,
737 5571 772 5614 a
817 5562 869 5613 te
916 5555 1094 5614 debeo
1136 5555 1432 5629 baptizari,
1478 5564 1533 5613 et
1588 5563 1645 5616 tu
1688 5556 1843 5614 venis
1873 5557 1943 5617 ad

2031 1904 2329 1978 Seraphim
2376 1904 2475 1960 vix
2512 1903 2728 1961 audent
2763 1902 3063 1976 respicere,
3092 1910 3146 1962 et
3181 1911 3243 1961 tu
3283 1906 3510 1965 nudum
3545 1913 3739 1964 tenere

2026 1994 2370 2070 prasumis!
2405 1993 2513 2051 Hic
2550 2001 2652 2063 est,
2683 1993 2743 2050 in
2784 2007 2959 2066 quem
3002 1993 3329 2053 desiderant
3370 1997 3563 2071 angeli
3602 2011 3734 2070 pro-

2028 2085 2244 2159 spicere
2295 2088 2343 2151 (Ι
2367 2086 2512 2139 Petr.
2547 2093 2624 2152 1);
2667 2081 2796 2151 cui,
2849 2081 3113 2154 Sanctus,
3175 2091 3426 2155 sanctus,
3477 2091 3734 2156 sanctus,

2028 2173 2265 2234 sublimi
2317 2171 2695 2229 melodiarum
2741 2186 2956 2242 organo
2995 2171 3174 2230 beata
3211 2173 3458 2230 civitatis
3487 2189 3738 2232 conven-

2029 2273 2123 2324 tus
2153 2262 2469 2335 ingeminat
2501 2262 2652 2328 (Isai.
2694 2271 2754 2316 Vl
2778 2277 2792 2330 ;
2821 2262 2992 2330 Apoc.
3025 2262 3136 2332 IV);
3177 2261 3281 2334 qui
3312 2261 3471 2320 solus
3519 2261 3737 2320 habitat

2028 2354 2216 2413 lucem
2272 2350 2726 2409 iuaccessibilem
2775 2354 2812 2418 (1
2871 2354 3008 2406 Tim.
3059 2355 3158 2421 VI),
3219 2351 3500 2410 Dominus
3549 2353 3737 2410 virtu-

2029 2450 2177 2514 tum,
2228 2441 2380 2499 Deus
2437 2440 2828 2510 scientiarum,
2888 2439 3408 2499 misericordiarum
3465 2445 3642 2515 pater,
3681 2447 3738 2499 et

2031 2540 2088 2592 tu
2137 2548 2250 2590 non
2292 2530 2536 2590 metuis!
2575 2529 2706 2587 Tibi
2745 2530 2941 2588 datum
2982 2537 3086 2601 est,
3131 2531 3286 2604 quod
3326 2531 3599 2590 omnibus
3652 2536 3739 2589 est

2030 2630 2324 2697 negatum,
2386 2621 2668 2694 baptizare
2723 2637 2855 2680 eum
2915 2623 3020 2697 qui
3092 2622 3335 2695 baptizat
3396 2624 3455 2680 in
3516 2622 3738 2697 Spiritu

2029 2720 2222 2769 sancto
2271 2719 2324 2768 et
2361 2711 2514 2783 igne,
2561 2709 2962 2784 virginemque
3014 2709 3268 2782 Virginis
3312 2711 3529 2768 Filium
3568 2711 3744 2783 virgi-

2031 2801 2156 2859 neis
2187 2799 2457 2858 manibus
2487 2799 2752 2856 irrorare.
2804 2800 2983 2857 Totus
3006 2805 3244 2874 astupeo
3274 2799 3607 2873 baptizanti,
3644 2800 3742 2858 ho-

2032 2885 2366 2961 minemque
2407 2885 2506 2942 Dei
2549 2885 2891 2957 magistrum
2933 2902 3217 2958 revereor,
3259 2886 3597 2959 dignantem
3639 2887 3738 2943 ad-

2030 2975 2227 3044 miror,
2283 2990 2527 3032 veneror
2594 2974 3010 3046 dignationem,
3079 2985 3134 3033 et
3197 2976 3494 3033 hominem
3568 2974 3737 3034 video

2030 3061 2366 3121 violentiam
2401 3061 2539 3135 ipsis
2575 3063 2736 3120 catis
2778 3063 3013 3120 inferre.
3056 3062 3229 3120 Porro
3268 3063 3415 3122 illud
3454 3062 3626 3137 quale
3655 3069 3739 3121 est

2029 3167 2144 3226 quo
2175 3151 2235 3209 in
2277 3152 2386 3209 isto
2419 3151 2757 3225 baptismate
2802 3152 3143 3210 terminatur
3180 3152 3297 3222 lex,
3331 3151 3509 3209 ﬁnem
3535 3151 3738 3224 accipit

2026 3239 2321 3312 prophetia
2350 3245 2404 3296 et
2427 3239 2618 3296 omnis
2661 3237 2761 3296 illa
2801 3239 3220 3298 sacriﬁciorum
3261 3239 3571 3298 multitudo
3608 3255 3738 3313 pro‘

2026 3329 2290 3402 pulsatur
2337 3336 2390 3385 et
2440 3327 2724 3402 pellitur?
2757 3328 2863 3386 Hic
2902 3329 3104 3400 incipit
3149 3335 3206 3386 et
3241 3329 3532 3387 stabilitur
3573 3344 3741 3387 nova

2029 3416 2478 3490 regenerationis
2521 3417 2883 3490 perduranda
2914 3418 3202 3490 purgatio,
3241 3424 3294 3476 et
3333 3417 3394 3475 in
3425 3433 3603 3476 unam
3639 3418 3742 3474 ba-

2028 3505 2312 3586 ptismatis
2341 3506 2585 3562 formam
2617 3504 2890 3576 legalium
2933 3512 3231 3564 transeunt
3257 3505 3557 3579 dispendia
3587 3506 3739 3579 ﬁgu-

2028 3613 2246 3655 rarum.
2292 3595 2380 3653 Ad
2419 3594 2774 3652 ablutionem
2807 3594 2962 3651 enim
3003 3609 3172 3668 aqua
3210 3601 3264 3652 et
3315 3594 3738 3654 invocationem

2028 3691 2204 3746 sancti
2243 3686 2508 3762 Spiritus,
2547 3686 2820 3760 sepelitur
2851 3687 3140 3744 hircorum
3171 3692 3226 3744 et
3258 3685 3572 3745 vitulorum
3604 3702 3740 3744 san-

2027 3776 2365 3850 guinolenta
2408 3775 2702 3848 congeries
2733 3818 2747 3846 ,
2799 3781 2853 3831 et
2908 3789 3111 3848 pecora
3165 3775 3468 3848 pecoribus
3520 3774 3743 3832 Judais

2030 3865 2441 3937 relinquimus,
2473 3863 2620 3922 illud
2670 3864 3009 3922 Davidicum
3059 3864 3457 3921 attendentes:
3495 3886 3520 3912 ‹‹
3559 3862 3744 3922 Holo-

2028 3962 2290 4013 caustum
2322 3961 2377 4012 et
2406 3970 2508 4028 pro
2532 3959 2761 4028 peccato
2791 3970 2906 4012 non
2937 3955 3242 4028 postulasti
3268 3958 3438 4024 (Psal.
3474 3959 3676 4023 XXIX).
3717 3977 3738 4005 ι

2101 4043 2346 4101 Octavus
2373 4051 2456 4100 est
2493 4044 2679 4116 prima
2717 4041 2992 4101 revelatio
3033 4043 3103 4100 de
3151 4043 3449 4102 Trinitate.
3491 4045 3543 4101 A
3581 4058 3741 4101 crea-

2031 4132 2185 4189 tione
2217 4129 2345 4187 cali
2388 4137 2442 4187 et
2481 4137 2646 4188 terra
2685 4146 2869 4203 usque
2906 4130 2977 4188 ad
3008 4132 3167 4188 hunc
3206 4131 3397 4189 locum
3437 4145 3741 4205 nunquam

2030 4221 2282 4278 Trinitas
2329 4219 2664 4279 hominibus
2714 4219 3016 4278 manifeste
3060 4220 3326 4293 apparuit
3355 4219 3493 4290 ,sed
3544 4235 3738 4279 rerum

2029 4317 2083 4367 et
2117 4327 2248 4367 Vtri.
2314 4325 2427 4367 'um
2458 4309 2777 4368 involucris
2811 4309 3074 4368 involuta
3112 4311 3222 4368 fuit
3258 4316 3432 4369 tanta
3468 4309 3743 4368 claritatis

2031 4400 2342 4455 ateruitas.
2429 4398 2691 4471 Denique
2765 4399 3114 4456 creationem
3188 4400 3441 4457 hominis
3510 4399 3742 4457 Creator

1969 4461 2226 4546 Drerum
2273 4503 2500 4546 summa
2537 4487 2816 4559 dignitate
2853 4487 3265 4545 commendans
3299 4507 3310 4545 :
3351 4510 3370 4538 ι
3416 4487 3738 4557 Faciamus,

2031 4576 2241 4649 inquit,
2278 4576 2570 4634 hominem
2612 4575 2682 4632 ad
2722 4576 3035 4648 imaginem
3075 4584 3129 4633 et
3159 4575 3603 4634 similitudinem
3634 4592 3740 4632 no-

2031 4671 2205 4722 stram
2251 4666 2402 4734 (Gen.
2457 4672 2520 4731 1).
2563 4688 2588 4714 π
2641 4665 3050 4724 Reverendum
3098 4680 3296 4722 revera
3343 4663 3737 4737 privilegium,

2030 4768 2135 4810 nec
2185 4751 2289 4810 ulli
2338 4753 2612 4810 traditum
2655 4759 2951 4810 creatura.
2994 4753 3231 4810 Creatur
3279 4751 3378 4809 illa
3433 4750 3741 4809 sublimior

2031 4841 2412 4900 numerositas
2465 4842 2824 4914 angelorum,
2877 4849 2934 4901 et
2997 4843 3416 4902 elementorum
3470 4841 3737 4900 omnium

2028 4929 2331 4987 ordinatur
2371 4932 2586 4988 variata
2632 4933 2938 5003 connexio,
2990 4931 3092 4990 sed
3136 4930 3546 5006 omnipotentis
3587 4946 3738 5004 pra«

2031 5020 2211 5075 sentia
2255 5026 2475 5078 tantum
2523 5037 2668 5093 opus
2711 5021 2824 5078 alta
2865 5022 3249 5079 taciturnitate
3287 5025 3620 5094 prospectat.
3666 5019 3740 5077 Ut

2031 5123 2168 5165 vero
2209 5108 2444 5167 venitur
2472 5109 2544 5166 ad
2585 5109 2880 5168 hominem
2931 5117 2985 5168 et
3031 5110 3244 5168 nobilis
3275 5117 3532 5168 creatura
3557 5109 3739 5168 creari

2029 5197 2393 5271 disponitur,
2455 5198 2699 5269 accingit
2749 5214 2809 5256 se
2859 5199 3111 5256 Trinitas
3163 5199 3232 5255 ad
3289 5199 3624 5269 creandum,
3685 5207 3738 5255 et

2028 5287 2335 5345 consilium
2408 5287 2610 5359 accipit
2669 5286 2980 5360 Sapientia,
3038 5295 3100 5344 ut
3156 5293 3431 5346 creatura
3487 5287 3739 5361 dignitas

2029 5378 2308 5436 Creatoris
2348 5377 2648 5451 privilegio
2698 5377 2848 5434 clara
2896 5391 3020 5434 esse
3067 5383 3437 5436 monstretur.
3490 5377 3605 5436 Nec
3656 5379 3738 5437 ibi

2031 5476 2218 5527 tamen
2260 5469 2398 5526 satis
2435 5474 2626 5541 aperte
2664 5467 2880 5524 divina
2919 5466 3228 5540 majestatis
3281 5468 3520 5526 eluxere
3569 5483 3738 5528 voca-

2028 5557 2180 5627 bula,
2213 5573 2346 5616 cum
2392 5557 2464 5617 ad
2495 5557 2729 5628 angelos
2775 5556 3156 5630 obsequentes
3193 5555 3432 5630 quidam
3488 5558 3738 5620 referant
