  <div class='ocr_page' id='page_1' title='image "/cluster/home/n/w/nwhite01/storage/ocr_20150623/144/hvd.32044054760046/323.png"; bbox 0 0 4070 6198; ppageno 0'>
   <div class='ocr_carea' id='block_1_1' title="bbox 332 223 440 286">
    <p class='ocr_par' dir='ltr' id='par_1_1' title="bbox 332 223 440 286">
     <span class='ocr_line' id='line_1_1' title="bbox 332 223 440 286; baseline 0.009 -1"><span class='ocrx_word' id='word_1_1' title='bbox 332 223 440 286; x_wconf 86' lang='lat'>635</span> 
     </span>
    </p>
   </div>
   <div class='ocr_carea' id='block_1_2' title="bbox 943 216 3228 294">
    <p class='ocr_par' dir='ltr' id='par_1_2' title="bbox 943 216 3228 294">
     <span class='ocr_line' id='line_1_2' title="bbox 943 216 3228 294; baseline 0.003 -7"><span class='ocrx_word' id='word_1_2' title='bbox 943 224 1002 287; x_wconf 93' lang='lat' dir='ltr'>S.</span> <span class='ocrx_word' id='word_1_3' title='bbox 1045 228 1269 290; x_wconf 80' lang='lat' dir='ltr'><strong>PETRI</strong></span> <span class='ocrx_word' id='word_1_4' title='bbox 1304 228 1630 290; x_wconf 86' lang='lat' dir='ltr'>DAMIANI</span> <span class='ocrx_word' id='word_1_5' title='bbox 1668 230 1824 292; x_wconf 89' lang='lat' dir='ltr'>OPP.</span> <span class='ocrx_word' id='word_1_6' title='bbox 1871 232 2067 294; x_wconf 78' lang='lat' dir='ltr'>PARS</span> <span class='ocrx_word' id='word_1_7' title='bbox 2108 230 2252 293; x_wconf 87' lang='lat' dir='ltr'>SEU</span> <span class='ocrx_word' id='word_1_8' title='bbox 2289 229 2542 292; x_wconf 88' lang='lat' dir='ltr'>TOMUS</span> <span class='ocrx_word' id='word_1_9' title='bbox 2582 229 2660 290; x_wconf 93' lang='lat' dir='ltr'>II.</span> <span class='ocrx_word' id='word_1_10' title='bbox 2699 263 2769 276; x_wconf 97' lang='lat'>—</span> <span class='ocrx_word' id='word_1_11' title='bbox 2809 216 3228 294; x_wconf 81' lang='lat' dir='ltr'>SERMONES.</span> 
     </span>
    </p>
   </div>
   <div class='ocr_carea' id='block_1_3' title="bbox 3735 232 3847 293">
    <p class='ocr_par' dir='ltr' id='par_1_3' title="bbox 3735 232 3847 293">
     <span class='ocr_line' id='line_1_3' title="bbox 3735 232 3847 293; baseline 0 -1"><span class='ocrx_word' id='word_1_12' title='bbox 3735 232 3847 293; x_wconf 83' lang='lat'>636</span> 
     </span>
    </p>
   </div>
   <div class='ocr_carea' id='block_1_4' title="bbox 326 353 3848 440">
    <p class='ocr_par' dir='ltr' id='par_1_4' title="bbox 326 353 3848 440">
     <span class='ocr_line' id='line_1_4' title="bbox 326 353 3848 440; baseline 0.003 -28"><span class='ocrx_word' id='word_1_13' title='bbox 326 353 515 415; x_wconf 83' lang='lat' dir='ltr'>divini</span> <span class='ocrx_word' id='word_1_14' title='bbox 539 353 824 414; x_wconf 82' lang='lat' dir='ltr'>sermonis</span> <span class='ocrx_word' id='word_1_15' title='bbox 849 355 1174 428; x_wconf 84' lang='lat' dir='ltr'>oraculum,</span> <span class='ocrx_word' id='word_1_16' title='bbox 1203 356 1314 429; x_wconf 87' lang='lat' dir='ltr'>vel,</span> <span class='ocrx_word' id='word_1_17' title='bbox 1351 359 1399 416; x_wconf 88' lang='lat' dir='ltr'>si</span> <span class='ocrx_word' id='word_1_18' title='bbox 1430 361 1630 421; x_wconf 88' lang='lat' dir='ltr'>minus</span> <span class='ocrx_word' id='word_1_19' title='bbox 1665 362 1775 421; x_wconf 86' lang='lat' dir='ltr'>hoc</span> <span class='ocrx_word' id='word_1_20' title='bbox 1801 368 2039 424; x_wconf 89' lang='lat' dir='ltr'>cautum</span> <span class='ocrx_word' id='word_1_21' title='bbox 2059 364 2298 431; x_wconf 77' lang='lat' dir='ltr'>Aetolos</span> <span class='ocrx_word' id='word_1_22' title='bbox 2349 363 2531 436; x_wconf 89' lang='lat' dir='ltr'>magis</span> <span class='ocrx_word' id='word_1_23' title='bbox 2577 362 2895 434; x_wconf 85' lang='lat' dir='ltr'>dilectum;</span> <span class='ocrx_word' id='word_1_24' title='bbox 2935 379 3051 424; x_wconf 91' lang='lat' dir='ltr'>non</span> <span class='ocrx_word' id='word_1_25' title='bbox 3087 364 3475 438; x_wconf 83' lang='lat' dir='ltr'>apostolorum</span> <span class='ocrx_word' id='word_1_26' title='bbox 3522 367 3848 440; x_wconf 85' lang='lat' dir='ltr'>principem</span> 
     </span>
    </p>
   </div>
   <div class='ocr_carea' id='block_1_5' title="bbox 330 445 2046 521">
    <p class='ocr_par' dir='ltr' id='par_1_5' title="bbox 330 445 2046 521">
     <span class='ocr_line' id='line_1_5' title="bbox 330 445 2046 521; baseline 0.005 -17"><span class='ocrx_word' id='word_1_27' title='bbox 330 452 436 517; x_wconf 91' lang='lat' dir='ltr'>est,</span> <span class='ocrx_word' id='word_1_28' title='bbox 483 445 709 520; x_wconf 83' lang='lat' dir='ltr'>signata</span> <span class='ocrx_word' id='word_1_29' title='bbox 755 445 1060 519; x_wconf 89' lang='lat' dir='ltr'>pluralitas</span> <span class='ocrx_word' id='word_1_30' title='bbox 1105 446 1322 521; x_wconf 86' lang='lat' dir='ltr'>absque</span> <span class='ocrx_word' id='word_1_31' title='bbox 1365 450 1672 510; x_wconf 86' lang='lat' dir='ltr'>nominum</span> <span class='ocrx_word' id='word_1_32' title='bbox 1723 452 2046 514; x_wconf 84' lang='lat' dir='ltr'>differentia</span> 
     </span>
    </p>
   </div>
   <div class='ocr_carea' id='block_1_6' title="bbox 331 535 2048 609">
    <p class='ocr_par' dir='ltr' id='par_1_6' title="bbox 331 535 2048 609">
     <span class='ocr_line' id='line_1_6' title="bbox 331 535 2048 609; baseline 0.005 -16"><span class='ocrx_word' id='word_1_33' title='bbox 331 535 693 609; x_wconf 74' lang='lat' dir='ltr'>praedicetur.</span> <span class='ocrx_word' id='word_1_34' title='bbox 738 535 1032 592; x_wconf 83' lang='lat' dir='ltr'>Abraham</span> <span class='ocrx_word' id='word_1_35' title='bbox 1070 540 1186 594; x_wconf 91' lang='lat' dir='ltr'>tres</span> <span class='ocrx_word' id='word_1_36' title='bbox 1231 537 1398 608; x_wconf 90' lang='lat' dir='ltr'>vidit,</span> <span class='ocrx_word' id='word_1_37' title='bbox 1453 546 1506 596; x_wconf 93' lang='lat' dir='ltr'>et</span> <span class='ocrx_word' id='word_1_38' title='bbox 1553 555 1739 599; x_wconf 90' lang='lat' dir='ltr'>unum</span> <span class='ocrx_word' id='word_1_39' title='bbox 1788 543 2048 601; x_wconf 84' lang='lat' dir='ltr'>adoravit</span> 
     </span>
    </p>
   </div>
   <div class='ocr_carea' id='block_1_7' title="bbox 338 625 2046 702">
    <p class='ocr_par' dir='ltr' id='par_1_7' title="bbox 338 625 2046 702">
     <span class='ocr_line' id='line_1_7' title="bbox 338 625 2046 702; baseline 0.005 -18"><span class='ocrx_word' id='word_1_40' title='bbox 338 629 486 698; x_wconf 72' lang='lat' dir='ltr'>(Gen.</span> <span class='ocrx_word' id='word_1_41' title='bbox 535 627 720 698; x_wconf 85' lang='lat' dir='ltr'><strong>XVIII).</strong></span> <span class='ocrx_word' id='word_1_42' title='bbox 775 625 885 684; x_wconf 85' lang='lat' dir='ltr'>Sed</span> <span class='ocrx_word' id='word_1_43' title='bbox 919 631 974 684; x_wconf 92' lang='lat' dir='ltr'>et</span> <span class='ocrx_word' id='word_1_44' title='bbox 1024 627 1106 684; x_wconf 90' lang='lat' dir='ltr'>ibi</span> <span class='ocrx_word' id='word_1_45' title='bbox 1152 627 1465 702; x_wconf 67' lang='lat' dir='ltr'>Scriptura)</span> <span class='ocrx_word' id='word_1_46' title='bbox 1502 646 1679 690; x_wconf 72' lang='lat' dir='ltr'>sacrae</span> <span class='ocrx_word' id='word_1_47' title='bbox 1725 634 2046 692; x_wconf 88' lang='lat' dir='ltr'>reverentia</span> 
     </span>
    </p>
   </div>
   <div class='ocr_carea' id='block_1_8' title="bbox 334 715 2050 796">
    <p class='ocr_par' dir='ltr' id='par_1_8' title="bbox 334 715 2050 796">
     <span class='ocr_line' id='line_1_8' title="bbox 334 715 2050 796; baseline 0.004 -24"><span class='ocrx_word' id='word_1_48' title='bbox 334 732 494 774; x_wconf 90' lang='lat' dir='ltr'>nunc</span> <span class='ocrx_word' id='word_1_49' title='bbox 535 715 787 786; x_wconf 84' lang='lat' dir='ltr'>mixtim,</span> <span class='ocrx_word' id='word_1_50' title='bbox 822 731 984 774; x_wconf 90' lang='lat' dir='ltr'>nunc</span> <span class='ocrx_word' id='word_1_51' title='bbox 1021 718 1328 790; x_wconf 83' lang='lat' dir='ltr'>separatim</span> <span class='ocrx_word' id='word_1_52' title='bbox 1376 718 1592 778; x_wconf 84' lang='lat' dir='ltr'>claudit</span> <span class='ocrx_word' id='word_1_53' title='bbox 1621 721 1943 796; x_wconf 90' lang='lat' dir='ltr'>eloquium,</span> <span class='ocrx_word' id='word_1_54' title='bbox 1981 727 2050 781; x_wconf 92' lang='lat' dir='ltr'>ut</span> 
     </span>
    </p>
   </div>
   <div class='ocr_carea' id='block_1_9' title="bbox 339 805 2046 882">
    <p class='ocr_par' dir='ltr' id='par_1_9' title="bbox 339 805 2046 882">
     <span class='ocr_line' id='line_1_9' title="bbox 339 805 2046 882; baseline 0.006 -21"><span class='ocrx_word' id='word_1_55' title='bbox 339 806 508 863; x_wconf 89' lang='lat' dir='ltr'>modo</span> <span class='ocrx_word' id='word_1_56' title='bbox 565 805 902 871; x_wconf 89' lang='lat' dir='ltr'>Dominum,</span> <span class='ocrx_word' id='word_1_57' title='bbox 963 806 1132 865; x_wconf 93' lang='lat' dir='ltr'>modo</span> <span class='ocrx_word' id='word_1_58' title='bbox 1209 808 1364 866; x_wconf 90' lang='lat' dir='ltr'>viros</span> <span class='ocrx_word' id='word_1_59' title='bbox 1437 809 1653 882; x_wconf 87' lang='lat' dir='ltr'>placeat</span> <span class='ocrx_word' id='word_1_60' title='bbox 1721 813 2046 872; x_wconf 91' lang='lat' dir='ltr'>nominare.</span> 
     </span>
    </p>
   </div>
   <div class='ocr_carea' id='block_1_10' title="bbox 334 893 2047 976">
    <p class='ocr_par' dir='ltr' id='par_1_10' title="bbox 334 893 2047 976">
     <span class='ocr_line' id='line_1_10' title="bbox 334 893 2047 976; baseline 0.005 -24"><span class='ocrx_word' id='word_1_61' title='bbox 334 893 521 953; x_wconf 61' lang='lat' dir='ltr'>Judaei</span> <span class='ocrx_word' id='word_1_62' title='bbox 561 899 748 951; x_wconf 88' lang='lat' dir='ltr'>tamen</span> <span class='ocrx_word' id='word_1_63' title='bbox 797 893 1029 967; x_wconf 84' lang='lat' dir='ltr'>longam</span> <span class='ocrx_word' id='word_1_64' title='bbox 1072 896 1162 955; x_wconf 88' lang='lat' dir='ltr'>hic</span> <span class='ocrx_word' id='word_1_65' title='bbox 1193 902 1403 956; x_wconf 85' lang='lat' dir='ltr'>texunt</span> <span class='ocrx_word' id='word_1_66' title='bbox 1447 902 1912 972; x_wconf 82' lang='lat' dir='ltr'>reprehensionis</span> <span class='ocrx_word' id='word_1_67' title='bbox 1946 920 2047 976; x_wconf 89' lang='lat' dir='ltr'>pa-</span> 
     </span>
    </p>
   </div>
   <div class='ocr_carea' id='block_1_11' title="bbox 335 984 2047 1060">
    <p class='ocr_par' dir='ltr' id='par_1_11' title="bbox 335 984 2047 1060">
     <span class='ocr_line' id='line_1_11' title="bbox 335 984 2047 1060; baseline 0.006 -18"><span class='ocrx_word' id='word_1_68' title='bbox 335 984 614 1055; x_wconf 88' lang='lat' dir='ltr'>rabolam,</span> <span class='ocrx_word' id='word_1_69' title='bbox 661 990 774 1042; x_wconf 91' lang='lat' dir='ltr'>tres</span> <span class='ocrx_word' id='word_1_70' title='bbox 814 986 1048 1060; x_wconf 81' lang='lat' dir='ltr'>angelos</span> <span class='ocrx_word' id='word_1_71' title='bbox 1087 1003 1121 1044; x_wconf 91' lang='lat' dir='ltr'>a</span> <span class='ocrx_word' id='word_1_72' title='bbox 1166 988 1412 1047; x_wconf 92' lang='lat' dir='ltr'>Domino</span> <span class='ocrx_word' id='word_1_73' title='bbox 1460 991 1666 1050; x_wconf 89' lang='lat' dir='ltr'>missos</span> <span class='ocrx_word' id='word_1_74' title='bbox 1708 1009 2047 1052; x_wconf 88' lang='lat' dir='ltr'>asseveran-</span> 
     </span>
    </p>
   </div>
   <div class='ocr_carea' id='block_1_12' title="bbox 332 1075 2050 1155">
    <p class='ocr_par' dir='ltr' id='par_1_12' title="bbox 332 1075 2050 1155">
     <span class='ocr_line' id='line_1_12' title="bbox 332 1075 2050 1155; baseline 0.006 -25"><span class='ocrx_word' id='word_1_75' title='bbox 332 1078 437 1145; x_wconf 85' lang='lat' dir='ltr'>tes,</span> <span class='ocrx_word' id='word_1_76' title='bbox 467 1089 654 1132; x_wconf 91' lang='lat' dir='ltr'>unum</span> <span class='ocrx_word' id='word_1_77' title='bbox 692 1075 765 1132; x_wconf 92' lang='lat' dir='ltr'>ad</span> <span class='ocrx_word' id='word_1_78' title='bbox 814 1075 1173 1134; x_wconf 85' lang='lat' dir='ltr'>nativitatem</span> <span class='ocrx_word' id='word_1_79' title='bbox 1220 1077 1376 1136; x_wconf 87' lang='lat' dir='ltr'>Isaac</span> <span class='ocrx_word' id='word_1_80' title='bbox 1417 1080 1861 1155; x_wconf 77' lang='lat' dir='ltr'>praedicandam,</span> <span class='ocrx_word' id='word_1_81' title='bbox 1901 1083 2050 1142; x_wconf 90' lang='lat' dir='ltr'>duos</span> 
     </span>
    </p>
   </div>
   <div class='ocr_carea' id='block_1_13' title="bbox 331 1163 2048 1247">
    <p class='ocr_par' dir='ltr' id='par_1_13' title="bbox 331 1163 2048 1247">
     <span class='ocr_line' id='line_1_13' title="bbox 331 1163 2048 1247; baseline 0.006 -27"><span class='ocrx_word' id='word_1_82' title='bbox 331 1163 404 1220; x_wconf 94' lang='lat' dir='ltr'>ad</span> <span class='ocrx_word' id='word_1_83' title='bbox 455 1163 762 1222; x_wconf 90' lang='lat' dir='ltr'>Sodomam</span> <span class='ocrx_word' id='word_1_84' title='bbox 805 1166 1274 1227; x_wconf 88' lang='lat' dir='ltr'>subvertendam.</span> <span class='ocrx_word' id='word_1_85' title='bbox 1308 1167 1482 1227; x_wconf 91' lang='lat' dir='ltr'>Illum</span> <span class='ocrx_word' id='word_1_86' title='bbox 1528 1173 1705 1243; x_wconf 89' lang='lat' dir='ltr'>enim,</span> <span class='ocrx_word' id='word_1_87' title='bbox 1757 1187 1891 1230; x_wconf 92' lang='lat' dir='ltr'>cum</span> <span class='ocrx_word' id='word_1_88' title='bbox 1929 1188 2048 1247; x_wconf 93' lang='lat' dir='ltr'>quo</span> 
     </span>
    </p>
   </div>
   <div class='ocr_carea' id='block_1_14' title="bbox 334 1251 2048 1334">
    <p class='ocr_par' dir='ltr' id='par_1_14' title="bbox 334 1251 2048 1334">
     <span class='ocr_line' id='line_1_14' title="bbox 334 1251 2048 1334; baseline 0.006 -25"><span class='ocrx_word' id='word_1_89' title='bbox 334 1251 564 1310; x_wconf 90' lang='lat' dir='ltr'>locutus</span> <span class='ocrx_word' id='word_1_90' title='bbox 603 1259 688 1311; x_wconf 88' lang='lat' dir='ltr'>est</span> <span class='ocrx_word' id='word_1_91' title='bbox 723 1255 936 1331; x_wconf 82' lang='lat' dir='ltr'>justus,</span> <span class='ocrx_word' id='word_1_92' title='bbox 968 1255 1167 1313; x_wconf 88' lang='lat' dir='ltr'>dicens</span> <span class='ocrx_word' id='word_1_93' title='bbox 1201 1275 1213 1314; x_wconf 88' lang='lat'>:</span> <span class='ocrx_word' id='word_1_94' title='bbox 1249 1259 1568 1329; x_wconf 90' lang='lat' dir='ltr'>«Domine,</span> <span class='ocrx_word' id='word_1_95' title='bbox 1597 1260 1646 1317; x_wconf 89' lang='lat' dir='ltr'>si</span> <span class='ocrx_word' id='word_1_96' title='bbox 1682 1260 1881 1319; x_wconf 90' lang='lat' dir='ltr'>inveni</span> <span class='ocrx_word' id='word_1_97' title='bbox 1916 1279 2048 1334; x_wconf 84' lang='lat' dir='ltr'>gra-</span> 
     </span>
    </p>
   </div>
   <div class='ocr_carea' id='block_1_15' title="bbox 338 1343 2049 1424">
    <p class='ocr_par' dir='ltr' id='par_1_15' title="bbox 338 1343 2049 1424">
     <span class='ocr_line' id='line_1_15' title="bbox 338 1343 2049 1424; baseline 0.005 -24"><span class='ocrx_word' id='word_1_98' title='bbox 338 1343 486 1417; x_wconf 35' lang='lat' dir='ltr'>tiam,</span> <span class='ocrx_word' id='word_1_99' title='bbox 532 1344 598 1401; x_wconf 89' lang='lat' dir='ltr'>in</span> <span class='ocrx_word' id='word_1_100' title='bbox 651 1344 836 1404; x_wconf 90' lang='lat' dir='ltr'>oculis</span> <span class='ocrx_word' id='word_1_101' title='bbox 900 1346 1016 1404; x_wconf 90' lang='lat' dir='ltr'>tuis</span> <span class='ocrx_word' id='word_1_102' title='bbox 1081 1347 1301 1419; x_wconf 59' lang='lat' dir='ltr'>(Ibid),</span> <span class='ocrx_word' id='word_1_103' title='bbox 1367 1369 1395 1402; x_wconf 84' lang='lat'><strong>»</strong></span> <span class='ocrx_word' id='word_1_104' title='bbox 1454 1349 1772 1422; x_wconf 85' lang='lat' dir='ltr'>prophetali</span> <span class='ocrx_word' id='word_1_105' title='bbox 1841 1351 2049 1424; x_wconf 83' lang='lat' dir='ltr'>spiritu</span> 
     </span>
    </p>
   </div>
   <div class='ocr_carea' id='block_1_16' title="bbox 336 1432 2050 1507">
    <p class='ocr_par' dir='ltr' id='par_1_16' title="bbox 336 1432 2050 1507">
     <span class='ocr_line' id='line_1_16' title="bbox 336 1432 2050 1507; baseline 0.005 -17"><span class='ocrx_word' id='word_1_106' title='bbox 336 1432 632 1490; x_wconf 84' lang='lat' dir='ltr'>somniant</span> <span class='ocrx_word' id='word_1_107' title='bbox 700 1435 1036 1507; x_wconf 81' lang='lat' dir='ltr'>cognovisse</span> <span class='ocrx_word' id='word_1_108' title='bbox 1069 1479 1083 1507; x_wconf 93' lang='lat'>,</span> <span class='ocrx_word' id='word_1_109' title='bbox 1164 1436 1482 1495; x_wconf 86' lang='lat' dir='ltr'>nativitatis</span> <span class='ocrx_word' id='word_1_110' title='bbox 1536 1438 1694 1497; x_wconf 89' lang='lat' dir='ltr'>Isaac</span> <span class='ocrx_word' id='word_1_111' title='bbox 1745 1441 2050 1499; x_wconf 86' lang='lat' dir='ltr'>advenisse</span> 
     </span>
    </p>
   </div>
   <div class='ocr_carea' id='block_1_17' title="bbox 336 1523 2049 1598">
    <p class='ocr_par' dir='ltr' id='par_1_17' title="bbox 336 1523 2049 1598">
     <span class='ocr_line' id='line_1_17' title="bbox 336 1523 2049 1598; baseline 0.006 -18"><span class='ocrx_word' id='word_1_112' title='bbox 336 1539 682 1596; x_wconf 72' lang='lat' dir='ltr'>prteconem.</span> <span class='ocrx_word' id='word_1_113' title='bbox 725 1523 900 1584; x_wconf 90' lang='lat' dir='ltr'>Illum</span> <span class='ocrx_word' id='word_1_114' title='bbox 940 1527 1156 1598; x_wconf 89' lang='lat' dir='ltr'>adorat,</span> <span class='ocrx_word' id='word_1_115' title='bbox 1208 1527 1356 1586; x_wconf 88' lang='lat' dir='ltr'>sicut</span> <span class='ocrx_word' id='word_1_116' title='bbox 1405 1528 1682 1588; x_wconf 88' lang='lat' dir='ltr'>Bersabee</span> <span class='ocrx_word' id='word_1_117' title='bbox 1727 1531 1906 1590; x_wconf 91' lang='lat' dir='ltr'>David</span> <span class='ocrx_word' id='word_1_118' title='bbox 1957 1549 2049 1590; x_wconf 91' lang='lat' dir='ltr'>re-</span> 
     </span>
    </p>
   </div>
   <div class='ocr_carea' id='block_1_18' title="bbox 337 1613 2049 1692">
    <p class='ocr_par' dir='ltr' id='par_1_18' title="bbox 337 1613 2049 1692">
     <span class='ocr_line' id='line_1_18' title="bbox 337 1613 2049 1692; baseline 0.005 -21"><span class='ocrx_word' id='word_1_119' title='bbox 337 1629 489 1688; x_wconf 86' lang='lat' dir='ltr'>gem,</span> <span class='ocrx_word' id='word_1_120' title='bbox 527 1613 811 1688; x_wconf 88' lang='lat' dir='ltr'>sociisque</span> <span class='ocrx_word' id='word_1_121' title='bbox 857 1615 982 1690; x_wconf 86' lang='lat' dir='ltr'>ejus</span> <span class='ocrx_word' id='word_1_122' title='bbox 1028 1625 1256 1690; x_wconf 87' lang='lat' dir='ltr'>propter</span> <span class='ocrx_word' id='word_1_123' title='bbox 1298 1618 1484 1692; x_wconf 88' lang='lat' dir='ltr'>ipsius</span> <span class='ocrx_word' id='word_1_124' title='bbox 1531 1623 1912 1682; x_wconf 85' lang='lat' dir='ltr'>reverentiam</span> <span class='ocrx_word' id='word_1_125' title='bbox 1955 1623 2049 1680; x_wconf 85' lang='lat' dir='ltr'>in-</span> 
     </span>
    </p>
   </div>
   <div class='ocr_carea' id='block_1_19' title="bbox 2125 451 3850 526">
    <p class='ocr_par' dir='ltr' id='par_1_19' title="bbox 2125 451 3850 526">
     <span class='ocr_line' id='line_1_19' title="bbox 2125 451 3850 526; baseline 0 -14"><span class='ocrx_word' id='word_1_126' title='bbox 2125 452 2401 512; x_wconf 89' lang='lat' dir='ltr'>omnibus</span> <span class='ocrx_word' id='word_1_127' title='bbox 2436 451 2706 526; x_wconf 87' lang='lat' dir='ltr'>apostolis</span> <span class='ocrx_word' id='word_1_128' title='bbox 2742 452 3090 523; x_wconf 88' lang='lat' dir='ltr'>antelatum;</span> <span class='ocrx_word' id='word_1_129' title='bbox 3127 468 3246 512; x_wconf 91' lang='lat' dir='ltr'>non</span> <span class='ocrx_word' id='word_1_130' title='bbox 3285 453 3399 512; x_wconf 90' lang='lat' dir='ltr'>Vas</span> <span class='ocrx_word' id='word_1_131' title='bbox 3438 454 3734 513; x_wconf 86' lang='lat' dir='ltr'>electionis</span> <span class='ocrx_word' id='word_1_132' title='bbox 3773 455 3850 512; x_wconf 89' lang='lat' dir='ltr'>ad</span> 
     </span>
    </p>
   </div>
   <div class='ocr_carea' id='block_1_20' title="bbox 2125 541 3852 616">
    <p class='ocr_par' dir='ltr' id='par_1_20' title="bbox 2125 541 3852 616">
     <span class='ocr_line' id='line_1_20' title="bbox 2125 541 3852 616; baseline 0 -16"><span class='ocrx_word' id='word_1_133' title='bbox 2125 542 2257 600; x_wconf 65' lang='lat' dir='ltr'>caeli</span> <span class='ocrx_word' id='word_1_134' title='bbox 2287 541 2439 598; x_wconf 88' lang='lat' dir='ltr'>tertii</span> <span class='ocrx_word' id='word_1_135' title='bbox 2475 547 2690 598; x_wconf 90' lang='lat' dir='ltr'>secreta</span> <span class='ocrx_word' id='word_1_136' title='bbox 2720 541 3093 611; x_wconf 90' lang='lat' dir='ltr'>translatum;</span> <span class='ocrx_word' id='word_1_137' title='bbox 3129 557 3236 600; x_wconf 89' lang='lat' dir='ltr'>nec</span> <span class='ocrx_word' id='word_1_138' title='bbox 3268 542 3618 616; x_wconf 89' lang='lat' dir='ltr'>apostolicus</span> <span class='ocrx_word' id='word_1_139' title='bbox 3646 543 3852 616; x_wconf 88' lang='lat' dir='ltr'>splen-</span> 
     </span>
    </p>
   </div>
   <div class='ocr_carea' id='block_1_21' title="bbox 2126 629 3851 706">
    <p class='ocr_par' dir='ltr' id='par_1_21' title="bbox 2126 629 3851 706">
     <span class='ocr_line' id='line_1_21' title="bbox 2126 629 3851 706; baseline 0.001 -17"><span class='ocrx_word' id='word_1_140' title='bbox 2126 631 2228 690; x_wconf 85' lang='lat' dir='ltr'>dor</span> <span class='ocrx_word' id='word_1_141' title='bbox 2271 630 2476 690; x_wconf 89' lang='lat' dir='ltr'>audeat</span> <span class='ocrx_word' id='word_1_142' title='bbox 2525 645 2821 690; x_wconf 92' lang='lat' dir='ltr'>occurrere</span> <span class='ocrx_word' id='word_1_143' title='bbox 2870 630 3254 700; x_wconf 70' lang='lat' dir='ltr'>Preecursori;</span> <span class='ocrx_word' id='word_1_144' title='bbox 3300 632 3436 704; x_wconf 86' lang='lat' dir='ltr'>quia</span> <span class='ocrx_word' id='word_1_145' title='bbox 3481 629 3601 706; x_wconf 88' lang='lat' dir='ltr'>jam</span> <span class='ocrx_word' id='word_1_146' title='bbox 3639 648 3851 691; x_wconf 87' lang='lat' dir='ltr'>omnes</span> 
     </span>
    </p>
   </div>
   <div class='ocr_carea' id='block_1_22' title="bbox 2126 718 3853 792">
    <p class='ocr_par' dir='ltr' id='par_1_22' title="bbox 2126 718 3853 792">
     <span class='ocr_line' id='line_1_22' title="bbox 2126 718 3853 792; baseline 0.002 -16"><span class='ocrx_word' id='word_1_147' title='bbox 2126 718 2222 778; x_wconf 90' lang='lat' dir='ltr'>isti</span> <span class='ocrx_word' id='word_1_148' title='bbox 2259 718 2659 777; x_wconf 62' lang='lat' dir='ltr'>adolescentiae</span> <span class='ocrx_word' id='word_1_149' title='bbox 2711 726 2890 779; x_wconf 86' lang='lat' dir='ltr'>metas</span> <span class='ocrx_word' id='word_1_150' title='bbox 2927 727 3316 792; x_wconf 83' lang='lat' dir='ltr'>excesserant,</span> <span class='ocrx_word' id='word_1_151' title='bbox 3347 736 3480 780; x_wconf 90' lang='lat' dir='ltr'>cum</span> <span class='ocrx_word' id='word_1_152' title='bbox 3519 737 3551 779; x_wconf 92' lang='lat' dir='ltr'>a</span> <span class='ocrx_word' id='word_1_153' title='bbox 3593 721 3853 780; x_wconf 87' lang='lat' dir='ltr'>Veritate</span> 
     </span>
    </p>
   </div>
   <div class='ocr_carea' id='block_1_23' title="bbox 2126 807 3853 888">
    <p class='ocr_par' dir='ltr' id='par_1_23' title="bbox 2126 807 3853 888">
     <span class='ocr_line' id='line_1_23' title="bbox 2126 807 3853 888; baseline 0.003 -24"><span class='ocrx_word' id='word_1_154' title='bbox 2126 808 2415 881; x_wconf 87' lang='lat' dir='ltr'>prolatum</span> <span class='ocrx_word' id='word_1_155' title='bbox 2454 814 2538 864; x_wconf 91' lang='lat' dir='ltr'>est</span> <span class='ocrx_word' id='word_1_156' title='bbox 2569 830 2583 865; x_wconf 89' lang='lat'><strong>:</strong></span> <span class='ocrx_word' id='word_1_157' title='bbox 2616 833 2643 857; x_wconf 84' lang='lat'><strong>«</strong></span> <span class='ocrx_word' id='word_1_158' title='bbox 2677 807 2836 866; x_wconf 89' lang='lat' dir='ltr'>Inter</span> <span class='ocrx_word' id='word_1_159' title='bbox 2882 815 3044 867; x_wconf 89' lang='lat' dir='ltr'>natos</span> <span class='ocrx_word' id='word_1_160' title='bbox 3084 810 3400 888; x_wconf 83' lang='lat' dir='ltr'>mulierum</span> <span class='ocrx_word' id='word_1_161' title='bbox 3439 824 3555 867; x_wconf 88' lang='lat' dir='ltr'>non</span> <span class='ocrx_word' id='word_1_162' title='bbox 3587 812 3853 869; x_wconf 77' lang='lat' dir='ltr'>surrexit</span> 
     </span>
    </p>
   </div>
   <div class='ocr_carea' id='block_1_24' title="bbox 2128 895 3854 970">
    <p class='ocr_par' dir='ltr' id='par_1_24' title="bbox 2128 895 3854 970">
     <span class='ocr_line' id='line_1_24' title="bbox 2128 895 3854 970; baseline 0.001 -16"><span class='ocrx_word' id='word_1_163' title='bbox 2128 896 2312 969; x_wconf 85' lang='lat' dir='ltr'>major</span> <span class='ocrx_word' id='word_1_164' title='bbox 2379 895 2604 954; x_wconf 88' lang='lat' dir='ltr'>Joanne</span> <span class='ocrx_word' id='word_1_165' title='bbox 2681 895 2953 970; x_wconf 87' lang='lat' dir='ltr'>Baptista.</span> <span class='ocrx_word' id='word_1_166' title='bbox 3020 920 3044 947; x_wconf 83' lang='lat'>»</span> <span class='ocrx_word' id='word_1_167' title='bbox 3127 898 3436 956; x_wconf 82' lang='lat' dir='ltr'>Considera</span> <span class='ocrx_word' id='word_1_168' title='bbox 3514 899 3854 957; x_wconf 77' lang='lat' dir='ltr'>mansiones</span> 
     </span>
    </p>
   </div>
   <div class='ocr_carea' id='block_1_25' title="bbox 2129 985 3852 1062">
    <p class='ocr_par' dir='ltr' id='par_1_25' title="bbox 2129 985 3852 1062">
     <span class='ocr_line' id='line_1_25' title="bbox 2129 985 3852 1062; baseline 0.002 -17"><span class='ocrx_word' id='word_1_169' title='bbox 2129 987 2314 1060; x_wconf 83' lang='lat' dir='ltr'>regni,</span> <span class='ocrx_word' id='word_1_170' title='bbox 2345 991 2400 1044; x_wconf 91' lang='lat' dir='ltr'>et</span> <span class='ocrx_word' id='word_1_171' title='bbox 2445 985 2792 1045; x_wconf 89' lang='lat' dir='ltr'>universum</span> <span class='ocrx_word' id='word_1_172' title='bbox 2829 989 3091 1048; x_wconf 87' lang='lat' dir='ltr'>ordinem</span> <span class='ocrx_word' id='word_1_173' title='bbox 3132 990 3408 1048; x_wconf 69' lang='lat' dir='ltr'>humanm</span> <span class='ocrx_word' id='word_1_174' title='bbox 3455 990 3852 1062; x_wconf 85' lang='lat' dir='ltr'>generationis</span> 
     </span>
    </p>
   </div>
   <div class='ocr_carea' id='block_1_26' title="bbox 2127 1074 3851 1151">
    <p class='ocr_par' dir='ltr' id='par_1_26' title="bbox 2127 1074 3851 1151">
     <span class='ocr_line' id='line_1_26' title="bbox 2127 1074 3851 1151; baseline 0.001 -17"><span class='ocrx_word' id='word_1_175' title='bbox 2127 1074 2458 1144; x_wconf 87' lang='lat' dir='ltr'>obambula,</span> <span class='ocrx_word' id='word_1_176' title='bbox 2491 1074 2801 1148; x_wconf 88' lang='lat' dir='ltr'>solumque</span> <span class='ocrx_word' id='word_1_177' title='bbox 2837 1077 3121 1135; x_wconf 88' lang='lat' dir='ltr'>Joannem</span> <span class='ocrx_word' id='word_1_178' title='bbox 3170 1085 3285 1135; x_wconf 89' lang='lat' dir='ltr'>tam</span> <span class='ocrx_word' id='word_1_179' title='bbox 3332 1077 3502 1136; x_wconf 89' lang='lat' dir='ltr'>novis</span> <span class='ocrx_word' id='word_1_180' title='bbox 3539 1092 3712 1151; x_wconf 87' lang='lat' dir='ltr'>quam</span> <span class='ocrx_word' id='word_1_181' title='bbox 3742 1094 3851 1135; x_wconf 84' lang='lat' dir='ltr'>ve-</span> 
     </span>
    </p>
   </div>
   <div class='ocr_carea' id='block_1_27' title="bbox 2131 1164 3188 1241">
    <p class='ocr_par' dir='ltr' id='par_1_27' title="bbox 2131 1164 3188 1241">
     <span class='ocr_line' id='line_1_27' title="bbox 2131 1164 3188 1241; baseline 0.003 -18"><span class='ocrx_word' id='word_1_182' title='bbox 2131 1164 2346 1223; x_wconf 89' lang='lat' dir='ltr'>teribus</span> <span class='ocrx_word' id='word_1_183' title='bbox 2378 1164 2598 1223; x_wconf 90' lang='lat' dir='ltr'>videbis</span> <span class='ocrx_word' id='word_1_184' title='bbox 2629 1181 2751 1223; x_wconf 88' lang='lat' dir='ltr'>esse</span> <span class='ocrx_word' id='word_1_185' title='bbox 2785 1169 3188 1241; x_wconf 75' lang='lat' dir='ltr'>praepositum.</span> 
     </span>
    </p>
   </div>
   <div class='ocr_carea' id='block_1_28' title="bbox 2202 1254 3852 1316">
    <p class='ocr_par' dir='ltr' id='par_1_28' title="bbox 2202 1254 3852 1316">
     <span class='ocr_line' id='line_1_28' title="bbox 2202 1254 3852 1316; baseline 0.002 -4"><span class='ocrx_word' id='word_1_186' title='bbox 2202 1254 2467 1314; x_wconf 89' lang='lat' dir='ltr'>Decimus</span> <span class='ocrx_word' id='word_1_187' title='bbox 2503 1259 2590 1312; x_wconf 90' lang='lat' dir='ltr'>est</span> <span class='ocrx_word' id='word_1_188' title='bbox 2624 1256 2862 1314; x_wconf 88' lang='lat' dir='ltr'>assertio</span> <span class='ocrx_word' id='word_1_189' title='bbox 2897 1257 3101 1315; x_wconf 82' lang='lat' dir='ltr'>matris</span> <span class='ocrx_word' id='word_1_190' title='bbox 3139 1257 3428 1316; x_wconf 78' lang='lat' dir='ltr'>Ecclesiae.</span> <span class='ocrx_word' id='word_1_191' title='bbox 3463 1257 3707 1316; x_wconf 86' lang='lat' dir='ltr'>Texitur</span> <span class='ocrx_word' id='word_1_192' title='bbox 3744 1273 3852 1315; x_wconf 86' lang='lat' dir='ltr'>ora</span> 
     </span>
    </p>
   </div>
   <div class='ocr_carea' id='block_1_29' title="bbox 2129 1344 3849 1423">
    <p class='ocr_par' dir='ltr' id='par_1_29' title="bbox 2129 1344 3849 1423">
     <span class='ocr_line' id='line_1_29' title="bbox 2129 1344 3849 1423; baseline 0.003 -20"><span class='ocrx_word' id='word_1_193' title='bbox 2129 1344 2423 1418; x_wconf 85' lang='lat' dir='ltr'>chlamydi</span> <span class='ocrx_word' id='word_1_194' title='bbox 2452 1351 2938 1419; x_wconf 90' lang='lat' dir='ltr'>unguentumque</span> <span class='ocrx_word' id='word_1_195' title='bbox 2977 1348 3281 1418; x_wconf 85' lang='lat' dir='ltr'>profusum</span> <span class='ocrx_word' id='word_1_196' title='bbox 3317 1350 3376 1407; x_wconf 92' lang='lat' dir='ltr'>in</span> <span class='ocrx_word' id='word_1_197' title='bbox 3425 1351 3626 1423; x_wconf 88' lang='lat' dir='ltr'>capite,</span> <span class='ocrx_word' id='word_1_198' title='bbox 3649 1357 3849 1408; x_wconf 84' lang='lat' dir='ltr'>extre-</span> 
     </span>
    </p>
   </div>
   <div class='ocr_carea' id='block_1_30' title="bbox 2130 1435 3853 1507">
    <p class='ocr_par' dir='ltr' id='par_1_30' title="bbox 2130 1435 3853 1507">
     <span class='ocr_line' id='line_1_30' title="bbox 2130 1435 3853 1507; baseline 0.004 -16"><span class='ocrx_word' id='word_1_199' title='bbox 2130 1449 2285 1491; x_wconf 91' lang='lat' dir='ltr'>mam</span> <span class='ocrx_word' id='word_1_200' title='bbox 2308 1448 2543 1507; x_wconf 87' lang='lat' dir='ltr'>quoque</span> <span class='ocrx_word' id='word_1_201' title='bbox 2574 1435 2899 1492; x_wconf 87' lang='lat' dir='ltr'>vestimenti</span> <span class='ocrx_word' id='word_1_202' title='bbox 2926 1435 3216 1495; x_wconf 84' lang='lat' dir='ltr'>fimbriam</span> <span class='ocrx_word' id='word_1_203' title='bbox 3255 1439 3610 1497; x_wconf 89' lang='lat' dir='ltr'>inundanter</span> <span class='ocrx_word' id='word_1_204' title='bbox 3637 1439 3853 1498; x_wconf 87' lang='lat' dir='ltr'>infun-</span> 
     </span>
    </p>
   </div>
   <div class='ocr_carea' id='block_1_31' title="bbox 2130 1523 3856 1597">
    <p class='ocr_par' dir='ltr' id='par_1_31' title="bbox 2130 1523 3856 1597">
     <span class='ocr_line' id='line_1_31' title="bbox 2130 1523 3856 1597; baseline 0.002 -15"><span class='ocrx_word' id='word_1_205' title='bbox 2130 1524 2231 1582; x_wconf 90' lang='lat' dir='ltr'>dit.</span> <span class='ocrx_word' id='word_1_206' title='bbox 2261 1523 2366 1582; x_wconf 91' lang='lat' dir='ltr'>llla</span> <span class='ocrx_word' id='word_1_207' title='bbox 2392 1524 2550 1581; x_wconf 91' lang='lat' dir='ltr'>enim</span> <span class='ocrx_word' id='word_1_208' title='bbox 2580 1530 2762 1582; x_wconf 90' lang='lat' dir='ltr'>mater</span> <span class='ocrx_word' id='word_1_209' title='bbox 2789 1529 2844 1580; x_wconf 92' lang='lat' dir='ltr'>et</span> <span class='ocrx_word' id='word_1_210' title='bbox 2869 1524 3142 1597; x_wconf 88' lang='lat' dir='ltr'>magistra</span> <span class='ocrx_word' id='word_1_211' title='bbox 3167 1527 3434 1585; x_wconf 90' lang='lat' dir='ltr'>omnium</span> <span class='ocrx_word' id='word_1_212' title='bbox 3462 1527 3856 1586; x_wconf 88' lang='lat' dir='ltr'>Ecclesiarum</span> 
     </span>
    </p>
   </div>
   <div class='ocr_carea' id='block_1_32' title="bbox 2131 1612 3860 1690">
    <p class='ocr_par' dir='ltr' id='par_1_32' title="bbox 2131 1612 3860 1690">
     <span class='ocr_line' id='line_1_32' title="bbox 2131 1612 3860 1690; baseline 0.002 -18"><span class='ocrx_word' id='word_1_213' title='bbox 2131 1612 2384 1672; x_wconf 90' lang='lat' dir='ltr'>Ecclesia</span> <span class='ocrx_word' id='word_1_214' title='bbox 2409 1612 2690 1683; x_wconf 83' lang='lat' dir='ltr'>Romana,</span> <span class='ocrx_word' id='word_1_215' title='bbox 2717 1612 2813 1670; x_wconf 93' lang='lat' dir='ltr'>cui</span> <span class='ocrx_word' id='word_1_216' title='bbox 2833 1612 3054 1671; x_wconf 90' lang='lat' dir='ltr'>dictum</span> <span class='ocrx_word' id='word_1_217' title='bbox 3077 1621 3191 1673; x_wconf 89' lang='lat' dir='ltr'>est:</span> <span class='ocrx_word' id='word_1_218' title='bbox 3229 1637 3251 1666; x_wconf 84' lang='grc'><em>‹</em></span> <span class='ocrx_word' id='word_1_219' title='bbox 3282 1617 3401 1690; x_wconf 84' lang='lat' dir='ltr'>Ego</span> <span class='ocrx_word' id='word_1_220' title='bbox 3427 1632 3528 1690; x_wconf 89' lang='lat' dir='ltr'>pro</span> <span class='ocrx_word' id='word_1_221' title='bbox 3556 1623 3608 1675; x_wconf 91' lang='lat' dir='ltr'>te</span> <span class='ocrx_word' id='word_1_222' title='bbox 3631 1618 3860 1690; x_wconf 84' lang='lat' dir='ltr'>rogavi,</span> 
     </span>
    </p>
   </div>
   <div class='ocr_carea' id='block_1_33' title="bbox 336 1699 1991 1791">
    <p class='ocr_par' dir='ltr' id='par_1_33' title="bbox 336 1704 1991 1779">
     <span class='ocr_line' id='line_1_33' title="bbox 336 1704 1991 1779; baseline 0.005 -15"><span class='ocrx_word' id='word_1_223' title='bbox 336 1704 599 1764; x_wconf 87' lang='lat' dir='ltr'>defessus</span> <span class='ocrx_word' id='word_1_224' title='bbox 647 1706 860 1765; x_wconf 88' lang='lat' dir='ltr'>assistit</span> <span class='ocrx_word' id='word_1_225' title='bbox 912 1712 990 1778; x_wconf 91' lang='lat' dir='ltr'>(II</span> <span class='ocrx_word' id='word_1_226' title='bbox 1008 1713 1141 1779; x_wconf 84' lang='lat' dir='ltr'>Reg.</span> <span class='ocrx_word' id='word_1_227' title='bbox 1172 1715 1278 1778; x_wconf 88' lang='lat' dir='ltr'><strong>III).</strong></span> <span class='ocrx_word' id='word_1_228' title='bbox 1335 1709 1496 1769; x_wconf 92' lang='lat' dir='ltr'>Unde</span> <span class='ocrx_word' id='word_1_229' title='bbox 1541 1718 1596 1769; x_wconf 91' lang='lat' dir='ltr'>et</span> <span class='ocrx_word' id='word_1_230' title='bbox 1645 1713 1880 1771; x_wconf 91' lang='lat' dir='ltr'>nonnisi</span> <span class='ocrx_word' id='word_1_231' title='bbox 1933 1714 1991 1772; x_wconf 86' lang='lat' dir='ltr'>d1</span> 
     </span>
    </p>
   </div>
   <div class='ocr_carea' id='block_1_34' title="bbox 2188 1699 3866 1791">
    <p class='ocr_par' dir='ltr' id='par_1_34' title="bbox 2188 1699 3866 1774">
     <span class='ocr_line' id='line_1_34' title="bbox 2188 1699 3866 1774; baseline 0.003 -15"><span class='ocrx_word' id='word_1_232' title='bbox 2188 1717 2197 1759; x_wconf 86' lang='lat'>:</span> <span class='ocrx_word' id='word_1_233' title='bbox 2226 1716 2344 1759; x_wconf 90' lang='lat' dir='ltr'>non</span> <span class='ocrx_word' id='word_1_234' title='bbox 2370 1699 2597 1758; x_wconf 87' lang='lat' dir='ltr'>deﬁciat</span> <span class='ocrx_word' id='word_1_235' title='bbox 2617 1700 2759 1758; x_wconf 87' lang='lat' dir='ltr'>ﬁdes</span> <span class='ocrx_word' id='word_1_236' title='bbox 2784 1706 2884 1759; x_wconf 92' lang='lat' dir='ltr'>tua</span> <span class='ocrx_word' id='word_1_237' title='bbox 2905 1706 3054 1771; x_wconf 86' lang='lat' dir='ltr'>(Luc.</span> <span class='ocrx_word' id='word_1_238' title='bbox 3083 1709 3259 1774; x_wconf 88' lang='lat' dir='ltr'><strong>XXII),</strong></span> <span class='ocrx_word' id='word_1_239' title='bbox 3287 1729 3313 1756; x_wconf 67' lang='grc' dir='ltr'>ια</span> <span class='ocrx_word' id='word_1_240' title='bbox 3348 1707 3410 1763; x_wconf 89' lang='lat' dir='ltr'>in</span> <span class='ocrx_word' id='word_1_241' title='bbox 3434 1707 3652 1765; x_wconf 92' lang='lat' dir='ltr'>honore</span> <span class='ocrx_word' id='word_1_242' title='bbox 3679 1706 3866 1764; x_wconf 87' lang='lat' dir='ltr'>Joan-</span> 
     </span>
    </p>
   </div>
   <div class='ocr_carea' id='block_1_35' title="bbox 341 1789 3866 1863">
    <p class='ocr_par' dir='ltr' id='par_1_35' title="bbox 341 1789 3866 1863">
     <span class='ocr_line' id='line_1_35' title="bbox 341 1789 3866 1863; baseline 0.003 -9"><span class='ocrx_word' id='word_1_243' title='bbox 341 1796 407 1854; x_wconf 92' lang='lat' dir='ltr'>in</span> <span class='ocrx_word' id='word_1_244' title='bbox 449 1796 825 1855; x_wconf 89' lang='lat' dir='ltr'>ubversione</span> <span class='ocrx_word' id='word_1_245' title='bbox 871 1799 1172 1857; x_wconf 87' lang='lat' dir='ltr'>civitatum</span> <span class='ocrx_word' id='word_1_246' title='bbox 1205 1799 1528 1858; x_wconf 89' lang='lat' dir='ltr'>infelicium</span> <span class='ocrx_word' id='word_1_247' title='bbox 1573 1799 1716 1857; x_wconf 87' lang='lat'>124</span> <span class='ocrx_word' id='word_1_248' title='bbox 1750 1789 2099 1863; x_wconf 49' lang='lat' dir='ltr'>numeran:</span> <span class='ocrx_word' id='word_1_249' title='bbox 2140 1789 2234 1848; x_wconf 75' lang='lat' dir='ltr'>Dis</span> <span class='ocrx_word' id='word_1_250' title='bbox 2279 1789 2570 1863; x_wconf 68' lang='grc' dir='ltr'>Βᾶρῐίεῑέθν</span> <span class='ocrx_word' id='word_1_251' title='bbox 2611 1797 2735 1862; x_wconf 77' lang='lat' dir='ltr'>POSt</span> <span class='ocrx_word' id='word_1_252' title='bbox 2776 1789 3090 1850; x_wconf 64' lang='lat' dir='ltr'>salvatoris</span> <span class='ocrx_word' id='word_1_253' title='bbox 3132 1808 3346 1852; x_wconf 72' lang='lat' dir='ltr'>nomen</span> <span class='ocrx_word' id='word_1_254' title='bbox 3397 1802 3725 1854; x_wconf 68' lang='grc' dir='ltr'>60118901³3ῐᾶ</span> <span class='ocrx_word' id='word_1_255' title='bbox 3771 1802 3866 1853; x_wconf 70' lang='grc' dir='ltr'>θεῖ</span> 
     </span>
    </p>
   </div>
   <div class='ocr_carea' id='block_1_36' title="bbox 338 1883 2056 1962">
    <p class='ocr_par' dir='ltr' id='par_1_36' title="bbox 338 1883 2056 1962">
     <span class='ocr_line' id='line_1_36' title="bbox 338 1883 2056 1962; baseline 0.007 -21"><span class='ocrx_word' id='word_1_256' title='bbox 338 1889 454 1956; x_wconf 88' lang='lat' dir='ltr'>tur,</span> <span class='ocrx_word' id='word_1_257' title='bbox 490 1883 588 1943; x_wconf 89' lang='lat' dir='ltr'>illo</span> <span class='ocrx_word' id='word_1_258' title='bbox 621 1887 890 1960; x_wconf 88' lang='lat' dir='ltr'>superius</span> <span class='ocrx_word' id='word_1_259' title='bbox 913 1889 1035 1961; x_wconf 88' lang='lat' dir='ltr'>jam</span> <span class='ocrx_word' id='word_1_260' title='bbox 1075 1904 1322 1961; x_wconf 90' lang='lat' dir='ltr'>reverso,</span> <span class='ocrx_word' id='word_1_261' title='bbox 1359 1891 1459 1962; x_wconf 91' lang='lat' dir='ltr'>qui</span> <span class='ocrx_word' id='word_1_262' title='bbox 1501 1891 1858 1951; x_wconf 88' lang='lat' dir='ltr'>nativitatem</span> <span class='ocrx_word' id='word_1_263' title='bbox 1899 1895 2056 1953; x_wconf 88' lang='lat' dir='ltr'>Isaac</span> 
     </span>
    </p>
   </div>
   <div class='ocr_carea' id='block_1_37' title="bbox 342 1973 2055 2052">
    <p class='ocr_par' dir='ltr' id='par_1_37' title="bbox 342 1973 2055 2052">
     <span class='ocr_line' id='line_1_37' title="bbox 342 1973 2055 2052; baseline 0.008 -22"><span class='ocrx_word' id='word_1_264' title='bbox 342 1973 500 2031; x_wconf 82' lang='lat' dir='ltr'>ﬁdeli</span> <span class='ocrx_word' id='word_1_265' title='bbox 530 1975 836 2034; x_wconf 89' lang='lat' dir='ltr'>devotione</span> <span class='ocrx_word' id='word_1_266' title='bbox 871 1979 1274 2052; x_wconf 86' lang='lat' dir='ltr'>compleverat.</span> <span class='ocrx_word' id='word_1_267' title='bbox 1310 1981 1452 2040; x_wconf 90' lang='lat' dir='ltr'>Tres</span> <span class='ocrx_word' id='word_1_268' title='bbox 1495 1983 1652 2041; x_wconf 90' lang='lat' dir='ltr'>enim</span> <span class='ocrx_word' id='word_1_269' title='bbox 1704 1985 1814 2042; x_wconf 89' lang='lat' dir='ltr'>viri</span> <span class='ocrx_word' id='word_1_270' title='bbox 1854 1985 2055 2044; x_wconf 88' lang='lat' dir='ltr'>Saram</span> 
     </span>
    </p>
   </div>
   <div class='ocr_carea' id='block_1_38' title="bbox 343 2065 2058 2147">
    <p class='ocr_par' dir='ltr' id='par_1_38' title="bbox 343 2065 2058 2147">
     <span class='ocr_line' id='line_1_38' title="bbox 343 2065 2058 2147; baseline 0.007 -26"><span class='ocrx_word' id='word_1_271' title='bbox 343 2065 536 2122; x_wconf 90' lang='lat' dir='ltr'>vocari</span> <span class='ocrx_word' id='word_1_272' title='bbox 591 2066 949 2139; x_wconf 77' lang='lat' dir='ltr'>praecipiunt,</span> <span class='ocrx_word' id='word_1_273' title='bbox 1004 2069 1102 2126; x_wconf 86' lang='lat' dir='ltr'>sed</span> <span class='ocrx_word' id='word_1_274' title='bbox 1155 2085 1310 2128; x_wconf 91' lang='lat' dir='ltr'>unus</span> <span class='ocrx_word' id='word_1_275' title='bbox 1361 2078 1465 2142; x_wconf 90' lang='lat' dir='ltr'>est,</span> <span class='ocrx_word' id='word_1_276' title='bbox 1513 2074 1615 2147; x_wconf 89' lang='lat' dir='ltr'>qui</span> <span class='ocrx_word' id='word_1_277' title='bbox 1658 2075 2058 2147; x_wconf 88' lang='lat' dir='ltr'>promissionis</span> 
     </span>
    </p>
   </div>
   <div class='ocr_carea' id='block_1_39' title="bbox 343 2154 2056 2240">
    <p class='ocr_par' dir='ltr' id='par_1_39' title="bbox 343 2154 2056 2240">
     <span class='ocr_line' id='line_1_39' title="bbox 343 2154 2056 2240; baseline 0.006 -28"><span class='ocrx_word' id='word_1_278' title='bbox 343 2154 649 2228; x_wconf 81' lang='lat' dir='ltr'>insperatae</span> <span class='ocrx_word' id='word_1_279' title='bbox 699 2158 1028 2216; x_wconf 86' lang='lat' dir='ltr'>manifestat</span> <span class='ocrx_word' id='word_1_280' title='bbox 1070 2176 1368 2220; x_wconf 85' lang='lat' dir='ltr'>arcanum.</span> <span class='ocrx_word' id='word_1_281' title='bbox 1423 2163 1564 2222; x_wconf 61' lang='lat' dir='ltr'>Haec</span> <span class='ocrx_word' id='word_1_282' title='bbox 1605 2165 1814 2234; x_wconf 56' lang='lat' dir='ltr'>Judaei,</span> <span class='ocrx_word' id='word_1_283' title='bbox 1851 2172 1907 2224; x_wconf 91' lang='lat' dir='ltr'>et</span> <span class='ocrx_word' id='word_1_284' title='bbox 1954 2166 2056 2240; x_wconf 87' lang='lat' dir='ltr'>qui</span> 
     </span>
    </p>
   </div>
   <div class='ocr_carea' id='block_1_40' title="bbox 345 2243 2057 2324">
    <p class='ocr_par' dir='ltr' id='par_1_40' title="bbox 345 2243 2057 2324">
     <span class='ocr_line' id='line_1_40' title="bbox 345 2243 2057 2324; baseline 0.006 -24"><span class='ocrx_word' id='word_1_285' title='bbox 345 2243 531 2316; x_wconf 87' lang='lat' dir='ltr'>magis</span> <span class='ocrx_word' id='word_1_286' title='bbox 575 2243 874 2318; x_wconf 86' lang='lat' dir='ltr'>elegerunt</span> <span class='ocrx_word' id='word_1_287' title='bbox 922 2247 1216 2320; x_wconf 86' lang='lat' dir='ltr'>judaizare</span> <span class='ocrx_word' id='word_1_288' title='bbox 1271 2264 1447 2323; x_wconf 91' lang='lat' dir='ltr'>quam</span> <span class='ocrx_word' id='word_1_289' title='bbox 1506 2252 1755 2311; x_wconf 87' lang='lat' dir='ltr'>credere.</span> <span class='ocrx_word' id='word_1_290' title='bbox 1811 2251 1943 2324; x_wconf 90' lang='lat' dir='ltr'>Sed,</span> <span class='ocrx_word' id='word_1_291' title='bbox 1994 2259 2057 2312; x_wconf 90' lang='lat' dir='ltr'>ut</span> 
     </span>
    </p>
   </div>
   <div class='ocr_carea' id='block_1_41' title="bbox 341 2331 2058 2415">
    <p class='ocr_par' dir='ltr' id='par_1_41' title="bbox 341 2331 2058 2415">
     <span class='ocr_line' id='line_1_41' title="bbox 341 2331 2058 2415; baseline 0.006 -25"><span class='ocrx_word' id='word_1_292' title='bbox 341 2331 596 2392; x_wconf 86' lang='lat' dir='ltr'>breviter</span> <span class='ocrx_word' id='word_1_293' title='bbox 641 2336 1057 2395; x_wconf 87' lang='lat' dir='ltr'>concludamus</span> <span class='ocrx_word' id='word_1_294' title='bbox 1087 2385 1102 2408; x_wconf 88' lang='lat'>,</span> <span class='ocrx_word' id='word_1_295' title='bbox 1157 2340 1348 2396; x_wconf 90' lang='lat' dir='ltr'>omnis</span> <span class='ocrx_word' id='word_1_296' title='bbox 1396 2340 1500 2398; x_wconf 89' lang='lat' dir='ltr'>illa</span> <span class='ocrx_word' id='word_1_297' title='bbox 1544 2341 1666 2399; x_wconf 91' lang='lat' dir='ltr'>sive</span> <span class='ocrx_word' id='word_1_298' title='bbox 1715 2343 2058 2415; x_wconf 89' lang='lat' dir='ltr'>patriarcha-</span> 
     </span>
    </p>
   </div>
   <div class='ocr_carea' id='block_1_42' title="bbox 347 2426 2054 2503">
    <p class='ocr_par' dir='ltr' id='par_1_42' title="bbox 347 2426 2054 2503">
     <span class='ocr_line' id='line_1_42' title="bbox 347 2426 2054 2503; baseline 0.006 -24"><span class='ocrx_word' id='word_1_299' title='bbox 347 2437 480 2480; x_wconf 90' lang='lat' dir='ltr'>rum</span> <span class='ocrx_word' id='word_1_300' title='bbox 517 2437 620 2482; x_wconf 90' lang='lat' dir='ltr'>seu</span> <span class='ocrx_word' id='word_1_301' title='bbox 668 2426 1139 2497; x_wconf 88' lang='lat' dir='ltr'>prophetantium</span> <span class='ocrx_word' id='word_1_302' title='bbox 1186 2428 1451 2501; x_wconf 88' lang='lat' dir='ltr'>c0pulata</span> <span class='ocrx_word' id='word_1_303' title='bbox 1498 2432 1766 2500; x_wconf 89' lang='lat' dir='ltr'>societas,</span> <span class='ocrx_word' id='word_1_304' title='bbox 1811 2432 2054 2503; x_wconf 89' lang='lat' dir='ltr'>nullam,</span> 
     </span>
    </p>
   </div>
   <div class='ocr_carea' id='block_1_43' title="bbox 342 2513 2058 2592">
    <p class='ocr_par' dir='ltr' id='par_1_43' title="bbox 342 2513 2058 2592">
     <span class='ocr_line' id='line_1_43' title="bbox 342 2513 2058 2592; baseline 0.005 -21"><span class='ocrx_word' id='word_1_305' title='bbox 342 2513 438 2572; x_wconf 92' lang='lat' dir='ltr'>vel</span> <span class='ocrx_word' id='word_1_306' title='bbox 486 2514 548 2571; x_wconf 87' lang='lat' dir='ltr'>in</span> <span class='ocrx_word' id='word_1_307' title='bbox 593 2515 959 2575; x_wconf 88' lang='lat' dir='ltr'>sermonibus</span> <span class='ocrx_word' id='word_1_308' title='bbox 1011 2518 1102 2576; x_wconf 91' lang='lat' dir='ltr'>vel</span> <span class='ocrx_word' id='word_1_309' title='bbox 1153 2519 1213 2575; x_wconf 94' lang='lat' dir='ltr'>in</span> <span class='ocrx_word' id='word_1_310' title='bbox 1258 2520 1450 2592; x_wconf 91' lang='lat' dir='ltr'>rebus,</span> <span class='ocrx_word' id='word_1_311' title='bbox 1493 2521 1565 2580; x_wconf 92' lang='lat' dir='ltr'>de</span> <span class='ocrx_word' id='word_1_312' title='bbox 1611 2522 1776 2580; x_wconf 90' lang='lat' dir='ltr'>Patre</span> <span class='ocrx_word' id='word_1_313' title='bbox 1819 2529 1873 2580; x_wconf 94' lang='lat' dir='ltr'>et</span> <span class='ocrx_word' id='word_1_314' title='bbox 1914 2522 2058 2580; x_wconf 89' lang='lat' dir='ltr'>Filio</span> 
     </span>
    </p>
   </div>
   <div class='ocr_carea' id='block_1_44' title="bbox 344 2601 2058 2682">
    <p class='ocr_par' dir='ltr' id='par_1_44' title="bbox 344 2601 2058 2682">
     <span class='ocr_line' id='line_1_44' title="bbox 344 2601 2058 2682; baseline 0.005 -23"><span class='ocrx_word' id='word_1_315' title='bbox 344 2607 401 2659; x_wconf 86' lang='lat' dir='ltr'>et</span> <span class='ocrx_word' id='word_1_316' title='bbox 454 2601 676 2675; x_wconf 85' lang='lat' dir='ltr'>Spiritu</span> <span class='ocrx_word' id='word_1_317' title='bbox 727 2612 920 2663; x_wconf 88' lang='lat' dir='ltr'>sancto</span> <span class='ocrx_word' id='word_1_318' title='bbox 976 2607 1258 2679; x_wconf 90' lang='lat' dir='ltr'>reperitur</span> <span class='ocrx_word' id='word_1_319' title='bbox 1304 2616 1496 2682; x_wconf 91' lang='lat' dir='ltr'>aperte</span> <span class='ocrx_word' id='word_1_320' title='bbox 1554 2610 1752 2668; x_wconf 88' lang='lat' dir='ltr'>fecisse</span> <span class='ocrx_word' id='word_1_321' title='bbox 1809 2611 2058 2668; x_wconf 88' lang='lat' dir='ltr'>mentio-</span> 
     </span>
    </p>
   </div>
   <div class='ocr_carea' id='block_1_45' title="bbox 343 2692 2057 2767">
    <p class='ocr_par' dir='ltr' id='par_1_45' title="bbox 343 2692 2057 2767">
     <span class='ocr_line' id='line_1_45' title="bbox 343 2692 2057 2767; baseline 0.006 -19"><span class='ocrx_word' id='word_1_322' title='bbox 343 2705 500 2750; x_wconf 90' lang='lat' dir='ltr'>nem.</span> <span class='ocrx_word' id='word_1_323' title='bbox 553 2692 698 2750; x_wconf 90' lang='lat' dir='ltr'>Veni</span> <span class='ocrx_word' id='word_1_324' title='bbox 741 2710 893 2767; x_wconf 84' lang='lat' dir='ltr'>ergo,</span> <span class='ocrx_word' id='word_1_325' title='bbox 925 2703 980 2753; x_wconf 91' lang='lat' dir='ltr'>et</span> <span class='ocrx_word' id='word_1_326' title='bbox 1022 2697 1247 2756; x_wconf 89' lang='lat' dir='ltr'>intuere</span> <span class='ocrx_word' id='word_1_327' title='bbox 1296 2697 1489 2756; x_wconf 88' lang='lat' dir='ltr'>ﬁlium</span> <span class='ocrx_word' id='word_1_328' title='bbox 1536 2699 1826 2758; x_wconf 63' lang='lat' dir='ltr'>Zachariae</span> <span class='ocrx_word' id='word_1_329' title='bbox 1873 2699 2057 2758; x_wconf 91' lang='lat' dir='ltr'>Deum</span> 
     </span>
    </p>
   </div>
   <div class='ocr_carea' id='block_1_46' title="bbox 342 2783 2058 2858">
    <p class='ocr_par' dir='ltr' id='par_1_46' title="bbox 342 2783 2058 2858">
     <span class='ocr_line' id='line_1_46' title="bbox 342 2783 2058 2858; baseline 0.004 -19"><span class='ocrx_word' id='word_1_330' title='bbox 342 2788 400 2840; x_wconf 93' lang='lat' dir='ltr'>et</span> <span class='ocrx_word' id='word_1_331' title='bbox 436 2783 730 2841; x_wconf 90' lang='lat' dir='ltr'>hominem</span> <span class='ocrx_word' id='word_1_332' title='bbox 770 2786 1016 2858; x_wconf 90' lang='lat' dir='ltr'>propriis</span> <span class='ocrx_word' id='word_1_333' title='bbox 1060 2788 1332 2847; x_wconf 87' lang='lat' dir='ltr'>manibus</span> <span class='ocrx_word' id='word_1_334' title='bbox 1366 2789 1759 2847; x_wconf 92' lang='lat' dir='ltr'>continentem</span> <span class='ocrx_word' id='word_1_335' title='bbox 1795 2808 1806 2846; x_wconf 93' lang='lat'><strong>:</strong></span> <span class='ocrx_word' id='word_1_336' title='bbox 1841 2795 1897 2846; x_wconf 89' lang='lat' dir='ltr'>et</span> <span class='ocrx_word' id='word_1_337' title='bbox 1925 2789 2058 2847; x_wconf 91' lang='lat' dir='ltr'>vide</span> 
     </span>
    </p>
   </div>
   <div class='ocr_carea' id='block_1_47' title="bbox 345 2870 2060 2952">
    <p class='ocr_par' dir='ltr' id='par_1_47' title="bbox 345 2870 2060 2952">
     <span class='ocr_line' id='line_1_47' title="bbox 345 2870 2060 2952; baseline 0.003 -22"><span class='ocrx_word' id='word_1_338' title='bbox 345 2870 480 2944; x_wconf 85' lang='lat' dir='ltr'>quia</span> <span class='ocrx_word' id='word_1_339' title='bbox 512 2871 641 2930; x_wconf 62' lang='lat' dir='ltr'>caeli</span> <span class='ocrx_word' id='word_1_340' title='bbox 685 2874 1031 2945; x_wconf 86' lang='lat' dir='ltr'>aperiuntur</span> <span class='ocrx_word' id='word_1_341' title='bbox 1067 2876 1169 2948; x_wconf 92' lang='lat' dir='ltr'>ibi,</span> <span class='ocrx_word' id='word_1_342' title='bbox 1197 2883 1252 2934; x_wconf 91' lang='lat' dir='ltr'>et</span> <span class='ocrx_word' id='word_1_343' title='bbox 1295 2877 1590 2935; x_wconf 87' lang='lat' dir='ltr'>descendit</span> <span class='ocrx_word' id='word_1_344' title='bbox 1637 2876 1888 2952; x_wconf 90' lang='lat' dir='ltr'>Spiritus</span> <span class='ocrx_word' id='word_1_345' title='bbox 1932 2892 2060 2935; x_wconf 85' lang='lat' dir='ltr'>san-</span> 
     </span>
    </p>
   </div>
   <div class='ocr_carea' id='block_1_48' title="bbox 345 2962 2060 3036">
    <p class='ocr_par' dir='ltr' id='par_1_48' title="bbox 345 2962 2060 3036">
     <span class='ocr_line' id='line_1_48' title="bbox 345 2962 2060 3036; baseline 0.003 -19"><span class='ocrx_word' id='word_1_346' title='bbox 345 2966 472 3018; x_wconf 91' lang='lat' dir='ltr'>ctus</span> <span class='ocrx_word' id='word_1_347' title='bbox 499 2962 777 3034; x_wconf 92' lang='lat' dir='ltr'>corporali</span> <span class='ocrx_word' id='word_1_348' title='bbox 807 2964 994 3036; x_wconf 86' lang='lat' dir='ltr'>specie</span> <span class='ocrx_word' id='word_1_349' title='bbox 1031 2965 1182 3024; x_wconf 92' lang='lat' dir='ltr'>sicut</span> <span class='ocrx_word' id='word_1_350' title='bbox 1218 2966 1486 3024; x_wconf 89' lang='lat' dir='ltr'>columba</span> <span class='ocrx_word' id='word_1_351' title='bbox 1534 2967 1596 3024; x_wconf 91' lang='lat' dir='ltr'>in</span> <span class='ocrx_word' id='word_1_352' title='bbox 1641 2967 1972 3036; x_wconf 83' lang='lat' dir='ltr'>Christum;</span> <span class='ocrx_word' id='word_1_353' title='bbox 2004 2971 2060 3024; x_wconf 92' lang='lat' dir='ltr'>et</span> 
     </span>
    </p>
   </div>
   <div class='ocr_carea' id='block_1_49' title="bbox 2141 1879 3862 1957">
    <p class='ocr_par' dir='ltr' id='par_1_49' title="bbox 2141 1879 3862 1957">
     <span class='ocr_line' id='line_1_49' title="bbox 2141 1879 3862 1957; baseline 0.001 -17"><span class='ocrx_word' id='word_1_354' title='bbox 2141 1892 2197 1943; x_wconf 89' lang='lat' dir='ltr'>et</span> <span class='ocrx_word' id='word_1_355' title='bbox 2253 1881 2493 1954; x_wconf 89' lang='lat' dir='ltr'>signata.</span> <span class='ocrx_word' id='word_1_356' title='bbox 2559 1879 2817 1954; x_wconf 90' lang='lat' dir='ltr'>Dignum</span> <span class='ocrx_word' id='word_1_357' title='bbox 2884 1897 3137 1957; x_wconf 84' lang='lat' dir='ltr'>namque</span> <span class='ocrx_word' id='word_1_358' title='bbox 3200 1891 3323 1942; x_wconf 87' lang='lat' dir='ltr'>erat</span> <span class='ocrx_word' id='word_1_359' title='bbox 3378 1892 3442 1944; x_wconf 91' lang='lat' dir='ltr'>ut</span> <span class='ocrx_word' id='word_1_360' title='bbox 3507 1886 3862 1944; x_wconf 88' lang='lat' dir='ltr'>sententiam</span> 
     </span>
    </p>
   </div>
   <div class='ocr_carea' id='block_1_50' title="bbox 2142 1972 3862 2048">
    <p class='ocr_par' dir='ltr' id='par_1_50' title="bbox 2142 1972 3862 2048">
     <span class='ocr_line' id='line_1_50' title="bbox 2142 1972 3862 2048; baseline 0.001 -17"><span class='ocrx_word' id='word_1_361' title='bbox 2142 1972 2337 2046; x_wconf 90' lang='lat' dir='ltr'>sponsi</span> <span class='ocrx_word' id='word_1_362' title='bbox 2385 1985 2611 2044; x_wconf 77' lang='lat' dir='ltr'>sponsae</span> <span class='ocrx_word' id='word_1_363' title='bbox 2648 1977 2983 2044; x_wconf 91' lang='lat' dir='ltr'>sequeretur</span> <span class='ocrx_word' id='word_1_364' title='bbox 3019 1975 3347 2046; x_wconf 88' lang='lat' dir='ltr'>auctoritas,</span> <span class='ocrx_word' id='word_1_365' title='bbox 3401 1982 3456 2034; x_wconf 88' lang='lat' dir='ltr'>et</span> <span class='ocrx_word' id='word_1_366' title='bbox 3501 1975 3862 2048; x_wconf 84' lang='lat' dir='ltr'>singularem</span> 
     </span>
    </p>
   </div>
   <div class='ocr_carea' id='block_1_51' title="bbox 2147 2059 3864 2138">
    <p class='ocr_par' dir='ltr' id='par_1_51' title="bbox 2147 2059 3864 2138">
     <span class='ocr_line' id='line_1_51' title="bbox 2147 2059 3864 2138; baseline 0.004 -22"><span class='ocrx_word' id='word_1_367' title='bbox 2147 2059 2288 2117; x_wconf 86' lang='lat'>125</span> <span class='ocrx_word' id='word_1_368' title='bbox 2335 2065 2593 2122; x_wconf 89' lang='lat' dir='ltr'>amicum</span> <span class='ocrx_word' id='word_1_369' title='bbox 2629 2063 2754 2137; x_wconf 87' lang='lat' dir='ltr'>ejus</span> <span class='ocrx_word' id='word_1_370' title='bbox 2804 2061 2944 2120; x_wconf 90' lang='lat' dir='ltr'>illuc</span> <span class='ocrx_word' id='word_1_371' title='bbox 2987 2064 3359 2136; x_wconf 89' lang='lat' dir='ltr'>proveheret,</span> <span class='ocrx_word' id='word_1_372' title='bbox 3415 2065 3516 2124; x_wconf 89' lang='lat' dir='ltr'>ubi</span> <span class='ocrx_word' id='word_1_373' title='bbox 3566 2066 3864 2138; x_wconf 85' lang='lat' dir='ltr'>principa-</span> 
     </span>
    </p>
   </div>
   <div class='ocr_carea' id='block_1_52' title="bbox 2144 2151 3861 2227">
    <p class='ocr_par' dir='ltr' id='par_1_52' title="bbox 2144 2151 3861 2227">
     <span class='ocr_line' id='line_1_52' title="bbox 2144 2151 3861 2227; baseline 0 -18"><span class='ocrx_word' id='word_1_374' title='bbox 2144 2156 2268 2211; x_wconf 89' lang='lat' dir='ltr'>tum</span> <span class='ocrx_word' id='word_1_375' title='bbox 2300 2153 2422 2227; x_wconf 90' lang='lat' dir='ltr'>ipsa</span> <span class='ocrx_word' id='word_1_376' title='bbox 2460 2152 2810 2210; x_wconf 88' lang='lat' dir='ltr'>conscendit.</span> <span class='ocrx_word' id='word_1_377' title='bbox 2853 2151 3067 2210; x_wconf 91' lang='lat' dir='ltr'>Electio</span> <span class='ocrx_word' id='word_1_378' title='bbox 3116 2154 3318 2226; x_wconf 89' lang='lat' dir='ltr'>procul</span> <span class='ocrx_word' id='word_1_379' title='bbox 3369 2154 3548 2213; x_wconf 91' lang='lat' dir='ltr'>dubio</span> <span class='ocrx_word' id='word_1_380' title='bbox 3592 2153 3861 2226; x_wconf 86' lang='lat' dir='ltr'>singula-</span> 
     </span>
    </p>
   </div>
   <div class='ocr_carea' id='block_1_53' title="bbox 2144 2240 3867 2315">
    <p class='ocr_par' dir='ltr' id='par_1_53' title="bbox 2144 2240 3867 2315">
     <span class='ocr_line' id='line_1_53' title="bbox 2144 2240 3867 2315; baseline 0 -17"><span class='ocrx_word' id='word_1_381' title='bbox 2144 2243 2244 2311; x_wconf 91' lang='lat' dir='ltr'>ris,</span> <span class='ocrx_word' id='word_1_382' title='bbox 2286 2241 2349 2298; x_wconf 90' lang='lat' dir='ltr'>in</span> <span class='ocrx_word' id='word_1_383' title='bbox 2389 2240 2488 2298; x_wconf 88' lang='lat' dir='ltr'>illa</span> <span class='ocrx_word' id='word_1_384' title='bbox 2535 2241 2658 2314; x_wconf 88' lang='lat' dir='ltr'>ipsa</span> <span class='ocrx_word' id='word_1_385' title='bbox 2701 2241 2845 2298; x_wconf 90' lang='lat' dir='ltr'>urbe</span> <span class='ocrx_word' id='word_1_386' title='bbox 2891 2240 3171 2299; x_wconf 90' lang='lat' dir='ltr'>Joannem</span> <span class='ocrx_word' id='word_1_387' title='bbox 3221 2241 3535 2315; x_wconf 89' lang='lat' dir='ltr'>primatum</span> <span class='ocrx_word' id='word_1_388' title='bbox 3585 2240 3867 2300; x_wconf 68' lang='lat' dir='ltr'>Ecclesiae</span> 
     </span>
    </p>
   </div>
   <div class='ocr_carea' id='block_1_54' title="bbox 2145 2328 3868 2403">
    <p class='ocr_par' dir='ltr' id='par_1_54' title="bbox 2145 2328 3868 2403">
     <span class='ocr_line' id='line_1_54' title="bbox 2145 2328 3868 2403; baseline -0.001 -15"><span class='ocrx_word' id='word_1_389' title='bbox 2145 2328 2459 2400; x_wconf 90' lang='lat' dir='ltr'>vindicare,</span> <span class='ocrx_word' id='word_1_390' title='bbox 2509 2344 2684 2403; x_wconf 91' lang='lat' dir='ltr'>quem</span> <span class='ocrx_word' id='word_1_391' title='bbox 2722 2329 2836 2386; x_wconf 91' lang='lat' dir='ltr'>duo</span> <span class='ocrx_word' id='word_1_392' title='bbox 2884 2328 3013 2386; x_wconf 88' lang='lat' dir='ltr'>coeli</span> <span class='ocrx_word' id='word_1_393' title='bbox 3066 2329 3388 2388; x_wconf 90' lang='lat' dir='ltr'>luminaria</span> <span class='ocrx_word' id='word_1_394' title='bbox 3444 2337 3627 2390; x_wconf 87' lang='lat' dir='ltr'>morte</span> <span class='ocrx_word' id='word_1_395' title='bbox 3669 2329 3868 2389; x_wconf 86' lang='lat' dir='ltr'>claris-</span> 
     </span>
    </p>
   </div>
   <div class='ocr_carea' id='block_1_55' title="bbox 2145 2418 3869 2491">
    <p class='ocr_par' dir='ltr' id='par_1_55' title="bbox 2145 2418 3869 2491">
     <span class='ocr_line' id='line_1_55' title="bbox 2145 2418 3869 2491; baseline -0.002 -13"><span class='ocrx_word' id='word_1_396' title='bbox 2145 2420 2290 2478; x_wconf 89' lang='lat' dir='ltr'>sima</span> <span class='ocrx_word' id='word_1_397' title='bbox 2359 2424 2789 2478; x_wconf 87' lang='lat' dir='ltr'>consecrarunt.</span> <span class='ocrx_word' id='word_1_398' title='bbox 2872 2418 3244 2491; x_wconf 83' lang='lat' dir='ltr'>Cruciﬁgitur</span> <span class='ocrx_word' id='word_1_399' title='bbox 3320 2420 3522 2480; x_wconf 87' lang='lat' dir='ltr'>Petrus</span> <span class='ocrx_word' id='word_1_400' title='bbox 3557 2470 3570 2491; x_wconf 93' lang='lat'>,</span> <span class='ocrx_word' id='word_1_401' title='bbox 3641 2419 3869 2478; x_wconf 88' lang='lat' dir='ltr'>Paulus</span> 
     </span>
    </p>
   </div>
   <div class='ocr_carea' id='block_1_56' title="bbox 2144 2507 3868 2581">
    <p class='ocr_par' dir='ltr' id='par_1_56' title="bbox 2144 2507 3868 2581">
     <span class='ocr_line' id='line_1_56' title="bbox 2144 2507 3868 2581; baseline -0.001 -16"><span class='ocrx_word' id='word_1_402' title='bbox 2144 2508 2536 2577; x_wconf 87' lang='lat' dir='ltr'>obtruncatur,</span> <span class='ocrx_word' id='word_1_403' title='bbox 2567 2507 2818 2579; x_wconf 84' lang='lat' dir='ltr'>dignitas</span> <span class='ocrx_word' id='word_1_404' title='bbox 2854 2513 3111 2564; x_wconf 89' lang='lat' dir='ltr'>remanet</span> <span class='ocrx_word' id='word_1_405' title='bbox 3149 2507 3521 2566; x_wconf 72' lang='lat' dir='ltr'>Praecursori.</span> <span class='ocrx_word' id='word_1_406' title='bbox 3567 2508 3868 2581; x_wconf 87' lang='lat' dir='ltr'>Purpura-</span> 
     </span>
    </p>
   </div>
   <div class='ocr_carea' id='block_1_57' title="bbox 2148 2597 3869 2672">
    <p class='ocr_par' dir='ltr' id='par_1_57' title="bbox 2148 2597 3869 2672">
     <span class='ocr_line' id='line_1_57' title="bbox 2148 2597 3869 2672; baseline -0.001 -16"><span class='ocrx_word' id='word_1_407' title='bbox 2148 2604 2240 2656; x_wconf 90' lang='lat' dir='ltr'>tur</span> <span class='ocrx_word' id='word_1_408' title='bbox 2285 2598 2469 2657; x_wconf 80' lang='lat' dir='ltr'>Roma</span> <span class='ocrx_word' id='word_1_409' title='bbox 2508 2599 2884 2657; x_wconf 87' lang='lat' dir='ltr'>multitudine</span> <span class='ocrx_word' id='word_1_410' title='bbox 2929 2605 3268 2672; x_wconf 79' lang='lat' dir='ltr'>martyrum,</span> <span class='ocrx_word' id='word_1_411' title='bbox 3313 2601 3541 2672; x_wconf 88' lang='lat' dir='ltr'>totaque</span> <span class='ocrx_word' id='word_1_412' title='bbox 3588 2597 3869 2657; x_wconf 90' lang='lat' dir='ltr'>sublimi-</span> 
     </span>
    </p>
   </div>
   <div class='ocr_carea' id='block_1_58' title="bbox 2145 2687 3869 2760">
    <p class='ocr_par' dir='ltr' id='par_1_58' title="bbox 2145 2687 3869 2760">
     <span class='ocr_line' id='line_1_58' title="bbox 2145 2687 3869 2760; baseline -0.001 -15"><span class='ocrx_word' id='word_1_413' title='bbox 2145 2693 2230 2745; x_wconf 88' lang='lat' dir='ltr'>tas</span> <span class='ocrx_word' id='word_1_414' title='bbox 2288 2688 2455 2746; x_wconf 87' lang='lat' dir='ltr'>beato</span> <span class='ocrx_word' id='word_1_415' title='bbox 2511 2687 2842 2746; x_wconf 87' lang='lat' dir='ltr'>refunditur</span> <span class='ocrx_word' id='word_1_416' title='bbox 2911 2687 3268 2758; x_wconf 65' lang='lat' dir='ltr'>patriarchae.</span> <span class='ocrx_word' id='word_1_417' title='bbox 3325 2687 3578 2746; x_wconf 86' lang='lat' dir='ltr'>Joannes</span> <span class='ocrx_word' id='word_1_418' title='bbox 3645 2687 3869 2760; x_wconf 86' lang='lat' dir='ltr'>ubique</span> 
     </span>
    </p>
   </div>
   <div class='ocr_carea' id='block_1_59' title="bbox 2146 2774 3868 2849">
    <p class='ocr_par' dir='ltr' id='par_1_59' title="bbox 2146 2774 3868 2849">
     <span class='ocr_line' id='line_1_59' title="bbox 2146 2774 3868 2849; baseline -0.001 -16"><span class='ocrx_word' id='word_1_419' title='bbox 2146 2775 2346 2848; x_wconf 90' lang='lat' dir='ltr'>major,</span> <span class='ocrx_word' id='word_1_420' title='bbox 2374 2775 2436 2833; x_wconf 92' lang='lat' dir='ltr'>in</span> <span class='ocrx_word' id='word_1_421' title='bbox 2463 2774 2737 2834; x_wconf 88' lang='lat' dir='ltr'>omnibus</span> <span class='ocrx_word' id='word_1_422' title='bbox 2762 2774 3095 2848; x_wconf 85' lang='lat' dir='ltr'>singularis,</span> <span class='ocrx_word' id='word_1_423' title='bbox 3127 2775 3413 2834; x_wconf 86' lang='lat' dir='ltr'>mirabilis</span> <span class='ocrx_word' id='word_1_424' title='bbox 3441 2790 3616 2849; x_wconf 90' lang='lat' dir='ltr'>super</span> <span class='ocrx_word' id='word_1_425' title='bbox 3635 2790 3868 2834; x_wconf 88' lang='lat' dir='ltr'>omnes.</span> 
     </span>
    </p>
   </div>
   <div class='ocr_carea' id='block_1_60' title="bbox 2145 2863 3870 2939">
    <p class='ocr_par' dir='ltr' id='par_1_60' title="bbox 2145 2863 3870 2939">
     <span class='ocr_line' id='line_1_60' title="bbox 2145 2863 3870 2939; baseline -0.002 -17"><span class='ocrx_word' id='word_1_426' title='bbox 2145 2865 2286 2934; x_wconf 86' lang='lat' dir='ltr'>Quis</span> <span class='ocrx_word' id='word_1_427' title='bbox 2323 2866 2405 2923; x_wconf 89' lang='lat' dir='ltr'>sic</span> <span class='ocrx_word' id='word_1_428' title='bbox 2440 2863 2687 2939; x_wconf 86' lang='lat' dir='ltr'>gloriose</span> <span class='ocrx_word' id='word_1_429' title='bbox 2721 2863 3106 2922; x_wconf 87' lang='lat' dir='ltr'>annuntiatus</span> <span class='ocrx_word' id='word_1_430' title='bbox 3143 2870 3228 2922; x_wconf 89' lang='lat' dir='ltr'>est</span> <span class='ocrx_word' id='word_1_431' title='bbox 3250 2873 3274 2922; x_wconf 63' lang='grc' dir='ltr'><strong><em>γ</em></strong></span> <span class='ocrx_word' id='word_1_432' title='bbox 3303 2864 3442 2933; x_wconf 88' lang='lat' dir='ltr'>Quis</span> <span class='ocrx_word' id='word_1_433' title='bbox 3481 2865 3560 2921; x_wconf 87' lang='lat' dir='ltr'>ita</span> <span class='ocrx_word' id='word_1_434' title='bbox 3594 2863 3870 2938; x_wconf 89' lang='lat' dir='ltr'>speciali-</span> 
     </span>
    </p>
   </div>
   <div class='ocr_carea' id='block_1_61' title="bbox 2147 2953 3869 3027">
    <p class='ocr_par' dir='ltr' id='par_1_61' title="bbox 2147 2953 3869 3027">
     <span class='ocr_line' id='line_1_61' title="bbox 2147 2953 3869 3027; baseline -0.001 -14"><span class='ocrx_word' id='word_1_435' title='bbox 2147 2962 2231 3013; x_wconf 88' lang='lat' dir='ltr'>ter</span> <span class='ocrx_word' id='word_1_436' title='bbox 2283 2956 2344 3013; x_wconf 91' lang='lat' dir='ltr'>in</span> <span class='ocrx_word' id='word_1_437' title='bbox 2403 2955 2604 3013; x_wconf 89' lang='lat' dir='ltr'>matris</span> <span class='ocrx_word' id='word_1_438' title='bbox 2654 2961 2818 3012; x_wconf 90' lang='lat' dir='ltr'>utero</span> <span class='ocrx_word' id='word_1_439' title='bbox 2880 2953 3098 3027; x_wconf 91' lang='lat' dir='ltr'>Spiritu</span> <span class='ocrx_word' id='word_1_440' title='bbox 3160 2959 3354 3013; x_wconf 89' lang='lat' dir='ltr'>sancto</span> <span class='ocrx_word' id='word_1_441' title='bbox 3417 2954 3632 3027; x_wconf 86' lang='lat' dir='ltr'>legitur</span> <span class='ocrx_word' id='word_1_442' title='bbox 3684 2953 3869 3012; x_wconf 83' lang='lat' dir='ltr'>fuisse</span> 
     </span>
    </p>
   </div>
   <div class='ocr_carea' id='block_1_62' title="bbox 347 3041 3868 3153">
    <p class='ocr_par' dir='ltr' id='par_1_62' title="bbox 347 3041 3868 3153">
     <span class='ocr_line' id='line_1_62' title="bbox 347 3041 3868 3153; baseline -0.002 -46"><span class='ocrx_word' id='word_1_443' title='bbox 347 3063 462 3107; x_wconf 91' lang='lat' dir='ltr'>vox</span> <span class='ocrx_word' id='word_1_444' title='bbox 495 3048 678 3108; x_wconf 91' lang='lat' dir='ltr'>Patris</span> <span class='ocrx_word' id='word_1_445' title='bbox 704 3042 902 3110; x_wconf 85' lang='lat' dir='ltr'>audita</span> <span class='ocrx_word' id='word_1_446' title='bbox 930 3061 1014 3111; x_wconf 89' lang='lat' dir='ltr'>est</span> <span class='ocrx_word' id='word_1_447' title='bbox 1047 3078 1059 3111; x_wconf 86' lang='lat'><strong>:</strong></span> <span class='ocrx_word' id='word_1_448' title='bbox 1098 3078 1120 3107; x_wconf 77' lang='grc'>«</span> <span class='ocrx_word' id='word_1_449' title='bbox 1153 3055 1261 3114; x_wconf 86' lang='lat' dir='ltr'>Hic</span> <span class='ocrx_word' id='word_1_450' title='bbox 1289 3063 1375 3115; x_wconf 90' lang='lat' dir='ltr'>est</span> <span class='ocrx_word' id='word_1_451' title='bbox 1401 3057 1587 3117; x_wconf 87' lang='lat' dir='ltr'>Filius</span> <span class='ocrx_word' id='word_1_452' title='bbox 1620 3073 1784 3117; x_wconf 88' lang='lat' dir='ltr'>meus</span> <span class='ocrx_word' id='word_1_453' title='bbox 1813 3057 2057 3116; x_wconf 90' lang='lat' dir='ltr'>dilectus</span> <span class='ocrx_word' id='word_1_454' title='bbox 2075 3092 2120 3153; x_wconf 69' lang='grc' dir='ltr'>ο</span> <span class='ocrx_word' id='word_1_455' title='bbox 2147 3044 2399 3153; x_wconf 47' lang='lat' dir='ltr'>millein/8</span> <span class='ocrx_word' id='word_1_456' title='bbox 2423 3043 2450 3100; x_wconf 70' lang='lat'><strong>?</strong></span> <span class='ocrx_word' id='word_1_457' title='bbox 2475 3043 2660 3153; x_wconf 62' lang='grc' dir='ltr'>Οιιθῐξὶ</span> <span class='ocrx_word' id='word_1_458' title='bbox 2678 3043 2927 3153; x_wconf 41' lang='lat' dir='ltr'>rlegistis</span> <span class='ocrx_word' id='word_1_459' title='bbox 2963 3043 3118 3142; x_wconf 54' lang='lat' dir='ltr'>infra</span> <span class='ocrx_word' id='word_1_460' title='bbox 3156 3041 3868 3153; x_wconf 47' lang='lat' dir='ltr'>matrisjuterum‘e‘xsul-</span> 
     </span>
    </p>
   </div>
   <div class='ocr_carea' id='block_1_63' title="bbox 349 3140 2057 3218">
    <p class='ocr_par' dir='ltr' id='par_1_63' title="bbox 349 3140 2057 3218">
     <span class='ocr_line' id='line_1_63' title="bbox 349 3140 2057 3218; baseline 0.006 -25"><span class='ocrx_word' id='word_1_461' title='bbox 349 3140 571 3206; x_wconf 72' lang='lat' dir='ltr'>(Matth.</span> <span class='ocrx_word' id='word_1_462' title='bbox 616 3147 724 3203; x_wconf 85' lang='lat' dir='ltr'><strong>III).</strong></span> <span class='ocrx_word' id='word_1_463' title='bbox 761 3163 781 3188; x_wconf 76' lang='grc' dir='ltr'>ι</span> <span class='ocrx_word' id='word_1_464' title='bbox 829 3140 1022 3214; x_wconf 88' lang='lat' dir='ltr'>Vides,</span> <span class='ocrx_word' id='word_1_465' title='bbox 1063 3145 1204 3218; x_wconf 90' lang='lat' dir='ltr'>quia</span> <span class='ocrx_word' id='word_1_466' title='bbox 1258 3147 1330 3204; x_wconf 90' lang='lat' dir='ltr'>ad</span> <span class='ocrx_word' id='word_1_467' title='bbox 1384 3147 1905 3206; x_wconf 90' lang='lat' dir='ltr'>sacratissimorum</span> <span class='ocrx_word' id='word_1_468' title='bbox 1954 3163 2057 3205; x_wconf 91' lang='lat' dir='ltr'>no-</span> 
     </span>
    </p>
   </div>
   <div class='ocr_carea' id='block_1_64' title="bbox 349 3224 2062 3308">
    <p class='ocr_par' dir='ltr' id='par_1_64' title="bbox 349 3224 2062 3308">
     <span class='ocr_line' id='line_1_64' title="bbox 349 3224 2062 3308; baseline 0.007 -27"><span class='ocrx_word' id='word_1_469' title='bbox 349 3224 578 3283; x_wconf 91' lang='lat' dir='ltr'>minum</span> <span class='ocrx_word' id='word_1_470' title='bbox 607 3229 924 3287; x_wconf 88' lang='lat' dir='ltr'>novitatem</span> <span class='ocrx_word' id='word_1_471' title='bbox 951 3231 1233 3292; x_wconf 77' lang='lat' dir='ltr'>etelorum</span> <span class='ocrx_word' id='word_1_472' title='bbox 1258 3234 1466 3308; x_wconf 90' lang='lat' dir='ltr'>palatia</span> <span class='ocrx_word' id='word_1_473' title='bbox 1491 3241 1820 3295; x_wconf 89' lang='lat' dir='ltr'>reserantur</span> <span class='ocrx_word' id='word_1_474' title='bbox 1838 3236 1866 3294; x_wconf 83' lang='lat'>?</span> <span class='ocrx_word' id='word_1_475' title='bbox 1895 3236 2062 3294; x_wconf 89' lang='lat' dir='ltr'>Pater</span> 
     </span>
    </p>
   </div>
   <div class='ocr_carea' id='block_1_65' title="bbox 347 3315 2060 3400">
    <p class='ocr_par' dir='ltr' id='par_1_65' title="bbox 347 3315 2060 3400">
     <span class='ocr_line' id='line_1_65' title="bbox 347 3315 2060 3400; baseline 0.007 -28"><span class='ocrx_word' id='word_1_476' title='bbox 347 3315 585 3373; x_wconf 89' lang='lat' dir='ltr'>auditur</span> <span class='ocrx_word' id='word_1_477' title='bbox 613 3316 675 3374; x_wconf 91' lang='lat' dir='ltr'>in</span> <span class='ocrx_word' id='word_1_478' title='bbox 715 3332 871 3390; x_wconf 90' lang='lat' dir='ltr'>voce,</span> <span class='ocrx_word' id='word_1_479' title='bbox 903 3320 1088 3380; x_wconf 90' lang='lat' dir='ltr'>Filius</span> <span class='ocrx_word' id='word_1_480' title='bbox 1123 3322 1442 3397; x_wconf 89' lang='lat' dir='ltr'>baptizatur</span> <span class='ocrx_word' id='word_1_481' title='bbox 1489 3325 1548 3383; x_wconf 92' lang='lat' dir='ltr'>in</span> <span class='ocrx_word' id='word_1_482' title='bbox 1580 3326 1842 3397; x_wconf 88' lang='lat' dir='ltr'>ﬂumine,</span> <span class='ocrx_word' id='word_1_483' title='bbox 1876 3325 2060 3400; x_wconf 86' lang='lat' dir='ltr'>Spiri-</span> 
     </span>
    </p>
   </div>
   <div class='ocr_carea' id='block_1_66' title="bbox 347 3409 2063 3488">
    <p class='ocr_par' dir='ltr' id='par_1_66' title="bbox 347 3409 2063 3488">
     <span class='ocr_line' id='line_1_66' title="bbox 347 3409 2063 3488; baseline 0.006 -26"><span class='ocrx_word' id='word_1_484' title='bbox 347 3410 438 3463; x_wconf 90' lang='lat' dir='ltr'>tus</span> <span class='ocrx_word' id='word_1_485' title='bbox 468 3411 702 3466; x_wconf 90' lang='lat' dir='ltr'>sanctus</span> <span class='ocrx_word' id='word_1_486' title='bbox 745 3409 811 3467; x_wconf 90' lang='lat' dir='ltr'>in</span> <span class='ocrx_word' id='word_1_487' title='bbox 843 3410 1132 3471; x_wconf 74' lang='lat' dir='ltr'>columbae</span> <span class='ocrx_word' id='word_1_488' title='bbox 1173 3416 1359 3488; x_wconf 86' lang='lat' dir='ltr'>specie</span> <span class='ocrx_word' id='word_1_489' title='bbox 1394 3417 1839 3475; x_wconf 86' lang='lat' dir='ltr'>demonstratur.</span> <span class='ocrx_word' id='word_1_490' title='bbox 1885 3416 2063 3475; x_wconf 82' lang='lat' dir='ltr'>Adest</span> 
     </span>
    </p>
   </div>
   <div class='ocr_carea' id='block_1_67' title="bbox 347 3494 2064 3580">
    <p class='ocr_par' dir='ltr' id='par_1_67' title="bbox 347 3494 2064 3580">
     <span class='ocr_line' id='line_1_67' title="bbox 347 3494 2064 3580; baseline 0.006 -28"><span class='ocrx_word' id='word_1_491' title='bbox 347 3494 598 3554; x_wconf 75' lang='lat' dir='ltr'>Joannes</span> <span class='ocrx_word' id='word_1_492' title='bbox 636 3499 808 3558; x_wconf 88' lang='lat' dir='ltr'>totius</span> <span class='ocrx_word' id='word_1_493' title='bbox 850 3501 1074 3560; x_wconf 90' lang='lat' dir='ltr'>medius</span> <span class='ocrx_word' id='word_1_494' title='bbox 1113 3503 1434 3576; x_wconf 84' lang='lat' dir='ltr'>Trinitatis,</span> <span class='ocrx_word' id='word_1_495' title='bbox 1482 3505 1918 3580; x_wconf 90' lang='lat' dir='ltr'>gloriosumque</span> <span class='ocrx_word' id='word_1_496' title='bbox 1960 3506 2064 3563; x_wconf 91' lang='lat' dir='ltr'>Ba-</span> 
     </span>
    </p>
   </div>
   <div class='ocr_carea' id='block_1_68' title="bbox 345 3584 2063 3669">
    <p class='ocr_par' dir='ltr' id='par_1_68' title="bbox 345 3584 2063 3669">
     <span class='ocr_line' id='line_1_68' title="bbox 345 3584 2063 3669; baseline 0.007 -28"><span class='ocrx_word' id='word_1_497' title='bbox 345 3584 581 3658; x_wconf 89' lang='lat' dir='ltr'>ptistam</span> <span class='ocrx_word' id='word_1_498' title='bbox 635 3590 993 3649; x_wconf 85' lang='lat' dir='ltr'>sanctiﬁcant</span> <span class='ocrx_word' id='word_1_499' title='bbox 1046 3593 1319 3652; x_wconf 57' lang='lat' dir='ltr'>indivisa;</span> <span class='ocrx_word' id='word_1_500' title='bbox 1370 3595 1708 3654; x_wconf 72' lang='lat' dir='ltr'>substantiae</span> <span class='ocrx_word' id='word_1_501' title='bbox 1762 3602 2063 3669; x_wconf 90' lang='lat' dir='ltr'>personata</span> 
     </span>
    </p>
   </div>
   <div class='ocr_carea' id='block_1_69' title="bbox 346 3676 2062 3758">
    <p class='ocr_par' dir='ltr' id='par_1_69' title="bbox 346 3676 2062 3758">
     <span class='ocr_line' id='line_1_69' title="bbox 346 3676 2062 3758; baseline 0.006 -26"><span class='ocrx_word' id='word_1_502' title='bbox 346 3676 663 3748; x_wconf 77' lang='lat' dir='ltr'>voeabula;</span> <span class='ocrx_word' id='word_1_503' title='bbox 726 3686 784 3738; x_wconf 91' lang='lat' dir='ltr'>et</span> <span class='ocrx_word' id='word_1_504' title='bbox 831 3697 1045 3740; x_wconf 89' lang='lat' dir='ltr'>nomen</span> <span class='ocrx_word' id='word_1_505' title='bbox 1111 3683 1414 3743; x_wconf 90' lang='lat' dir='ltr'>Trinitatis</span> <span class='ocrx_word' id='word_1_506' title='bbox 1472 3684 1769 3758; x_wconf 89' lang='lat' dir='ltr'>prioribus</span> <span class='ocrx_word' id='word_1_507' title='bbox 1836 3685 2062 3744; x_wconf 58' lang='lat' dir='ltr'>saeculis</span> 
     </span>
    </p>
   </div>
   <div class='ocr_carea' id='block_1_70' title="bbox 345 3765 2063 3846">
    <p class='ocr_par' dir='ltr' id='par_1_70' title="bbox 345 3765 2063 3846">
     <span class='ocr_line' id='line_1_70' title="bbox 345 3765 2063 3846; baseline 0.008 -23"><span class='ocrx_word' id='word_1_508' title='bbox 345 3765 713 3836; x_wconf 84' lang='lat' dir='ltr'>obvelatum,</span> <span class='ocrx_word' id='word_1_509' title='bbox 765 3771 983 3846; x_wconf 87' lang='lat' dir='ltr'>absque</span> <span class='ocrx_word' id='word_1_510' title='bbox 1031 3775 1204 3833; x_wconf 89' lang='lat' dir='ltr'>totius</span> <span class='ocrx_word' id='word_1_511' title='bbox 1259 3776 1570 3834; x_wconf 89' lang='lat' dir='ltr'>velaminis</span> <span class='ocrx_word' id='word_1_512' title='bbox 1621 3776 2063 3836; x_wconf 88' lang='lat' dir='ltr'>obumbratione</span> 
     </span>
    </p>
   </div>
   <div class='ocr_carea' id='block_1_71' title="bbox 345 3854 1920 3937">
    <p class='ocr_par' dir='ltr' id='par_1_71' title="bbox 345 3854 1920 3937">
     <span class='ocr_line' id='line_1_71' title="bbox 345 3854 1920 3937; baseline 0.008 -25"><span class='ocrx_word' id='word_1_513' title='bbox 345 3854 576 3914; x_wconf 80' lang='lat' dir='ltr'>relucet.</span> <span class='ocrx_word' id='word_1_514' title='bbox 610 3857 876 3931; x_wconf 92' lang='lat' dir='ltr'>Domine,</span> <span class='ocrx_word' id='word_1_515' title='bbox 900 3861 1032 3935; x_wconf 87' lang='lat' dir='ltr'>quis</span> <span class='ocrx_word' id='word_1_516' title='bbox 1061 3870 1145 3921; x_wconf 88' lang='lat' dir='ltr'>est</span> <span class='ocrx_word' id='word_1_517' title='bbox 1172 3865 1295 3934; x_wconf 91' lang='lat' dir='ltr'>iste,</span> <span class='ocrx_word' id='word_1_518' title='bbox 1329 3865 1465 3937; x_wconf 91' lang='lat' dir='ltr'>quia</span> <span class='ocrx_word' id='word_1_519' title='bbox 1495 3865 1804 3924; x_wconf 91' lang='lat' dir='ltr'>innotuisti</span> <span class='ocrx_word' id='word_1_520' title='bbox 1827 3868 1920 3925; x_wconf 90' lang='lat' dir='ltr'>ei?</span> 
     </span>
    </p>
   </div>
   <div class='ocr_carea' id='block_1_72' title="bbox 421 3945 2062 4026">
    <p class='ocr_par' dir='ltr' id='par_1_72' title="bbox 421 3945 2062 4026">
     <span class='ocr_line' id='line_1_72' title="bbox 421 3945 2062 4026; baseline 0.006 -22"><span class='ocrx_word' id='word_1_521' title='bbox 421 3945 619 4006; x_wconf 86' lang='lat' dir='ltr'>Nonus</span> <span class='ocrx_word' id='word_1_522' title='bbox 659 3954 747 4006; x_wconf 88' lang='lat' dir='ltr'>est</span> <span class='ocrx_word' id='word_1_523' title='bbox 785 3951 1181 4011; x_wconf 85' lang='lat' dir='ltr'>testimonium</span> <span class='ocrx_word' id='word_1_524' title='bbox 1235 3953 1551 4026; x_wconf 62' lang='lat' dir='ltr'>sapientiae.</span> <span class='ocrx_word' id='word_1_525' title='bbox 1610 3955 1758 4014; x_wconf 88' lang='lat' dir='ltr'>Cum</span> <span class='ocrx_word' id='word_1_526' title='bbox 1809 3956 2062 4016; x_wconf 89' lang='lat' dir='ltr'>audisset</span> 
     </span>
    </p>
   </div>
   <div class='ocr_carea' id='block_1_73' title="bbox 346 4031 2063 4115">
    <p class='ocr_par' dir='ltr' id='par_1_73' title="bbox 346 4031 2063 4115">
     <span class='ocr_line' id='line_1_73' title="bbox 346 4031 2063 4115; baseline 0.008 -24"><span class='ocrx_word' id='word_1_527' title='bbox 346 4031 600 4094; x_wconf 89' lang='lat' dir='ltr'>Joannes</span> <span class='ocrx_word' id='word_1_528' title='bbox 643 4037 704 4095; x_wconf 92' lang='lat' dir='ltr'>in</span> <span class='ocrx_word' id='word_1_529' title='bbox 745 4039 998 4098; x_wconf 90' lang='lat' dir='ltr'>vinculis</span> <span class='ocrx_word' id='word_1_530' title='bbox 1035 4055 1208 4115; x_wconf 90' lang='lat' dir='ltr'>opera</span> <span class='ocrx_word' id='word_1_531' title='bbox 1245 4041 1479 4114; x_wconf 86' lang='lat' dir='ltr'>Christi,</span> <span class='ocrx_word' id='word_1_532' title='bbox 1515 4045 1670 4103; x_wconf 90' lang='lat' dir='ltr'>misit</span> <span class='ocrx_word' id='word_1_533' title='bbox 1702 4045 1773 4103; x_wconf 93' lang='lat' dir='ltr'>ad</span> <span class='ocrx_word' id='word_1_534' title='bbox 1804 4062 1940 4104; x_wconf 92' lang='lat' dir='ltr'>eum</span> <span class='ocrx_word' id='word_1_535' title='bbox 1971 4047 2063 4105; x_wconf 90' lang='lat' dir='ltr'>di-</span> 
     </span>
    </p>
   </div>
   <div class='ocr_carea' id='block_1_74' title="bbox 346 4121 2057 4206">
    <p class='ocr_par' dir='ltr' id='par_1_74' title="bbox 346 4121 2057 4206">
     <span class='ocr_line' id='line_1_74' title="bbox 346 4121 2057 4206; baseline 0.008 -28"><span class='ocrx_word' id='word_1_536' title='bbox 346 4121 602 4195; x_wconf 90' lang='lat' dir='ltr'>scipulos</span> <span class='ocrx_word' id='word_1_537' title='bbox 629 4141 785 4198; x_wconf 89' lang='lat' dir='ltr'>suos,</span> <span class='ocrx_word' id='word_1_538' title='bbox 814 4135 869 4186; x_wconf 89' lang='lat' dir='ltr'>et</span> <span class='ocrx_word' id='word_1_539' title='bbox 907 4144 1248 4202; x_wconf 89' lang='lat' dir='ltr'>responsum</span> <span class='ocrx_word' id='word_1_540' title='bbox 1298 4138 1382 4190; x_wconf 90' lang='lat' dir='ltr'>est</span> <span class='ocrx_word' id='word_1_541' title='bbox 1429 4132 1513 4190; x_wconf 92' lang='lat' dir='ltr'>eis</span> <span class='ocrx_word' id='word_1_542' title='bbox 1544 4157 1556 4191; x_wconf 87' lang='lat'><strong>:</strong></span> <span class='ocrx_word' id='word_1_543' title='bbox 1593 4156 1614 4186; x_wconf 73' lang='grc' dir='ltr'><strong><em>α</em></strong></span> <span class='ocrx_word' id='word_1_544' title='bbox 1647 4134 1796 4193; x_wconf 64' lang='lat' dir='ltr'>Caeci</span> <span class='ocrx_word' id='word_1_545' title='bbox 1841 4135 2057 4206; x_wconf 88' lang='lat' dir='ltr'>vident,</span> 
     </span>
    </p>
   </div>
   <div class='ocr_carea' id='block_1_75' title="bbox 345 4216 2062 4299">
    <p class='ocr_par' dir='ltr' id='par_1_75' title="bbox 345 4216 2062 4299">
     <span class='ocr_line' id='line_1_75' title="bbox 345 4216 2062 4299; baseline 0.01 -33"><span class='ocrx_word' id='word_1_546' title='bbox 345 4217 450 4268; x_wconf 88' lang='lat' dir='ltr'>etc.</span> <span class='ocrx_word' id='word_1_547' title='bbox 487 4216 702 4282; x_wconf 78' lang='lat' dir='ltr'>(Matth.</span> <span class='ocrx_word' id='word_1_548' title='bbox 739 4216 839 4287; x_wconf 89' lang='lat' dir='ltr'><strong>XI),</strong></span> <span class='ocrx_word' id='word_1_549' title='bbox 879 4241 901 4266; x_wconf 77' lang='grc' dir='ltr'><strong>ιι</strong></span> <span class='ocrx_word' id='word_1_550' title='bbox 935 4233 1067 4290; x_wconf 71' lang='lat' dir='ltr'>quae</span> <span class='ocrx_word' id='word_1_551' title='bbox 1094 4219 1351 4278; x_wconf 88' lang='lat' dir='ltr'>veritatis</span> <span class='ocrx_word' id='word_1_552' title='bbox 1381 4221 1731 4295; x_wconf 63' lang='lat' dir='ltr'>evangelicae</span> <span class='ocrx_word' id='word_1_553' title='bbox 1760 4225 2062 4299; x_wconf 89' lang='lat' dir='ltr'>prosequi-</span> 
     </span>
    </p>
   </div>
   <div class='ocr_carea' id='block_1_76' title="bbox 347 4303 2059 4385">
    <p class='ocr_par' dir='ltr' id='par_1_76' title="bbox 347 4303 2059 4385">
     <span class='ocr_line' id='line_1_76' title="bbox 347 4303 2059 4385; baseline 0.01 -29"><span class='ocrx_word' id='word_1_554' title='bbox 347 4304 442 4358; x_wconf 91' lang='lat' dir='ltr'>tur</span> <span class='ocrx_word' id='word_1_555' title='bbox 493 4303 720 4374; x_wconf 88' lang='lat' dir='ltr'>copiosa</span> <span class='ocrx_word' id='word_1_556' title='bbox 763 4307 1035 4366; x_wconf 90' lang='lat' dir='ltr'>narratio.</span> <span class='ocrx_word' id='word_1_557' title='bbox 1093 4308 1519 4370; x_wconf 82' lang='lat' dir='ltr'>Recedentibus</span> <span class='ocrx_word' id='word_1_558' title='bbox 1568 4321 1763 4372; x_wconf 89' lang='lat' dir='ltr'>autem</span> <span class='ocrx_word' id='word_1_559' title='bbox 1817 4315 2059 4385; x_wconf 91' lang='lat' dir='ltr'>nuntiis,</span> 
     </span>
    </p>
   </div>
   <div class='ocr_carea' id='block_1_77' title="bbox 2145 3129 3869 3204">
    <p class='ocr_par' dir='ltr' id='par_1_77' title="bbox 2145 3129 3869 3204">
     <span class='ocr_line' id='line_1_77' title="bbox 2145 3129 3869 3204; baseline -0.001 -14"><span class='ocrx_word' id='word_1_560' title='bbox 2145 3130 2337 3190; x_wconf 82' lang='lat' dir='ltr'>tasse?</span> <span class='ocrx_word' id='word_1_561' title='bbox 2368 3132 2512 3204; x_wconf 87' lang='lat' dir='ltr'>(Luc.</span> <span class='ocrx_word' id='word_1_562' title='bbox 2553 3132 2635 3203; x_wconf 88' lang='lat' dir='ltr'><strong>II.)</strong></span> <span class='ocrx_word' id='word_1_563' title='bbox 2677 3131 2855 3203; x_wconf 87' lang='lat' dir='ltr'>Cujus</span> <span class='ocrx_word' id='word_1_564' title='bbox 2893 3129 3250 3188; x_wconf 88' lang='lat' dir='ltr'>nativitatem</span> <span class='ocrx_word' id='word_1_565' title='bbox 3301 3129 3528 3188; x_wconf 89' lang='lat' dir='ltr'>vidistis</span> <span class='ocrx_word' id='word_1_566' title='bbox 3569 3129 3869 3189; x_wconf 89' lang='lat' dir='ltr'>celebrare</span> 
     </span>
    </p>
   </div>
   <div class='ocr_carea' id='block_1_78' title="bbox 2142 3217 3870 3292">
    <p class='ocr_par' dir='ltr' id='par_1_78' title="bbox 2142 3217 3870 3292">
     <span class='ocr_line' id='line_1_78' title="bbox 2142 3217 3870 3292; baseline -0.002 -14"><span class='ocrx_word' id='word_1_567' title='bbox 2142 3219 2456 3278; x_wconf 91' lang='lat' dir='ltr'>Ecclesiam</span> <span class='ocrx_word' id='word_1_568' title='bbox 2495 3217 2652 3277; x_wconf 85' lang='lat' dir='ltr'>Dei?</span> <span class='ocrx_word' id='word_1_569' title='bbox 2689 3218 2834 3289; x_wconf 88' lang='lat' dir='ltr'>Quis</span> <span class='ocrx_word' id='word_1_570' title='bbox 2874 3219 2955 3278; x_wconf 90' lang='lat' dir='ltr'>sic</span> <span class='ocrx_word' id='word_1_571' title='bbox 2996 3234 3140 3292; x_wconf 90' lang='lat' dir='ltr'>puer</span> <span class='ocrx_word' id='word_1_572' title='bbox 3177 3233 3437 3278; x_wconf 84' lang='lat' dir='ltr'>eremum</span> <span class='ocrx_word' id='word_1_573' title='bbox 3478 3218 3870 3291; x_wconf 88' lang='lat' dir='ltr'>concupivit?</span> 
     </span>
    </p>
   </div>
   <div class='ocr_carea' id='block_1_79' title="bbox 2142 3307 3867 3383">
    <p class='ocr_par' dir='ltr' id='par_1_79' title="bbox 2142 3307 3867 3383">
     <span class='ocr_line' id='line_1_79' title="bbox 2142 3307 3867 3383; baseline -0.003 -13"><span class='ocrx_word' id='word_1_574' title='bbox 2142 3311 2287 3383; x_wconf 88' lang='lat' dir='ltr'>Quis</span> <span class='ocrx_word' id='word_1_575' title='bbox 2317 3312 2394 3370; x_wconf 90' lang='lat' dir='ltr'>ita</span> <span class='ocrx_word' id='word_1_576' title='bbox 2423 3311 2631 3382; x_wconf 82' lang='lat' dir='ltr'>legitur</span> <span class='ocrx_word' id='word_1_577' title='bbox 2669 3309 2998 3368; x_wconf 90' lang='lat' dir='ltr'>sublimiter</span> <span class='ocrx_word' id='word_1_578' title='bbox 3041 3316 3414 3368; x_wconf 86' lang='lat' dir='ltr'>conversatus</span> <span class='ocrx_word' id='word_1_579' title='bbox 3438 3318 3462 3367; x_wconf 81' lang='lat'>?</span> <span class='ocrx_word' id='word_1_580' title='bbox 3490 3307 3633 3378; x_wconf 89' lang='lat' dir='ltr'>Quis</span> <span class='ocrx_word' id='word_1_581' title='bbox 3672 3307 3867 3380; x_wconf 74' lang='lat' dir='ltr'>paeni—</span> 
     </span>
    </p>
   </div>
   <div class='ocr_carea' id='block_1_80' title="bbox 2145 3395 3870 3472">
    <p class='ocr_par' dir='ltr' id='par_1_80' title="bbox 2145 3395 3870 3472">
     <span class='ocr_line' id='line_1_80' title="bbox 2145 3395 3870 3472; baseline -0.004 -12"><span class='ocrx_word' id='word_1_582' title='bbox 2145 3401 2406 3470; x_wconf 90' lang='lat' dir='ltr'>tentiam,</span> <span class='ocrx_word' id='word_1_583' title='bbox 2433 3405 2490 3457; x_wconf 88' lang='lat' dir='ltr'>et</span> <span class='ocrx_word' id='word_1_584' title='bbox 2526 3414 2774 3472; x_wconf 85' lang='lat' dir='ltr'>regnum</span> <span class='ocrx_word' id='word_1_585' title='bbox 2811 3399 3092 3458; x_wconf 62' lang='lat' dir='ltr'>caelorum</span> <span class='ocrx_word' id='word_1_586' title='bbox 3130 3398 3354 3472; x_wconf 91' lang='lat' dir='ltr'>primus</span> <span class='ocrx_word' id='word_1_587' title='bbox 3390 3395 3694 3456; x_wconf 83' lang='lat' dir='ltr'>ostendit?</span> <span class='ocrx_word' id='word_1_588' title='bbox 3721 3396 3870 3466; x_wconf 87' lang='lat' dir='ltr'>Quis</span> 
     </span>
    </p>
   </div>
   <div class='ocr_carea' id='block_1_81' title="bbox 2143 3485 3868 3564">
    <p class='ocr_par' dir='ltr' id='par_1_81' title="bbox 2143 3485 3868 3564">
     <span class='ocr_line' id='line_1_81' title="bbox 2143 3485 3868 3564; baseline -0.003 -16"><span class='ocrx_word' id='word_1_589' title='bbox 2143 3489 2448 3564; x_wconf 89' lang='lat' dir='ltr'>baptizavit</span> <span class='ocrx_word' id='word_1_590' title='bbox 2496 3488 2711 3563; x_wconf 78' lang='lat' dir='ltr'>Regem</span> <span class='ocrx_word' id='word_1_591' title='bbox 2759 3487 3008 3562; x_wconf 80' lang='lat' dir='ltr'>gloriae?</span> <span class='ocrx_word' id='word_1_592' title='bbox 3057 3485 3164 3544; x_wconf 87' lang='lat' dir='ltr'>Cui</span> <span class='ocrx_word' id='word_1_593' title='bbox 3201 3501 3261 3545; x_wconf 90' lang='lat' dir='ltr'>se</span> <span class='ocrx_word' id='word_1_594' title='bbox 3307 3487 3560 3560; x_wconf 91' lang='lat' dir='ltr'>primum</span> <span class='ocrx_word' id='word_1_595' title='bbox 3603 3485 3868 3543; x_wconf 83' lang='lat' dir='ltr'>Trinitas</span> 
     </span>
    </p>
   </div>
   <div class='ocr_carea' id='block_1_82' title="bbox 2145 3571 3868 3650">
    <p class='ocr_par' dir='ltr' id='par_1_82' title="bbox 2145 3571 3868 3650">
     <span class='ocr_line' id='line_1_82' title="bbox 2145 3571 3868 3650; baseline -0.005 -11"><span class='ocrx_word' id='word_1_596' title='bbox 2145 3578 2472 3640; x_wconf 86' lang='lat' dir='ltr'>revelavit?</span> <span class='ocrx_word' id='word_1_597' title='bbox 2525 3579 2633 3638; x_wconf 91' lang='lat' dir='ltr'>Cui</span> <span class='ocrx_word' id='word_1_598' title='bbox 2691 3578 2803 3637; x_wconf 89' lang='lat' dir='ltr'>tale</span> <span class='ocrx_word' id='word_1_599' title='bbox 2859 3578 3255 3636; x_wconf 90' lang='lat' dir='ltr'>testimonium</span> <span class='ocrx_word' id='word_1_600' title='bbox 3317 3576 3611 3650; x_wconf 85' lang='lat' dir='ltr'>perhibuit</span> <span class='ocrx_word' id='word_1_601' title='bbox 3667 3571 3868 3632; x_wconf 83' lang='lat' dir='ltr'>Deus?</span> 
     </span>
    </p>
   </div>
   <div class='ocr_carea' id='block_1_83' title="bbox 2144 3664 3872 3743">
    <p class='ocr_par' dir='ltr' id='par_1_83' title="bbox 2144 3664 3872 3743">
     <span class='ocr_line' id='line_1_83' title="bbox 2144 3664 3872 3743; baseline -0.006 -11"><span class='ocrx_word' id='word_1_602' title='bbox 2144 3673 2327 3743; x_wconf 90' lang='lat' dir='ltr'>Quem</span> <span class='ocrx_word' id='word_1_603' title='bbox 2378 3671 2458 3730; x_wconf 90' lang='lat' dir='ltr'>sic</span> <span class='ocrx_word' id='word_1_604' title='bbox 2511 3671 2817 3730; x_wconf 88' lang='lat' dir='ltr'>honoravit</span> <span class='ocrx_word' id='word_1_605' title='bbox 2873 3668 3188 3727; x_wconf 88' lang='lat' dir='ltr'>Ecclesia?</span> <span class='ocrx_word' id='word_1_606' title='bbox 3253 3666 3397 3724; x_wconf 84' lang='lat' dir='ltr'>Vide</span> <span class='ocrx_word' id='word_1_607' title='bbox 3454 3666 3503 3724; x_wconf 91' lang='lat' dir='ltr'>si</span> <span class='ocrx_word' id='word_1_608' title='bbox 3563 3681 3679 3724; x_wconf 92' lang='lat' dir='ltr'>non</span> <span class='ocrx_word' id='word_1_609' title='bbox 3734 3664 3872 3722; x_wconf 65' lang='lat' dir='ltr'>haec</span> 
     </span>
    </p>
   </div>
   <div class='ocr_carea' id='block_1_84' title="bbox 2143 3752 3870 3832">
    <p class='ocr_par' dir='ltr' id='par_1_84' title="bbox 2143 3752 3870 3832">
     <span class='ocr_line' id='line_1_84' title="bbox 2143 3752 3870 3832; baseline -0.007 -12"><span class='ocrx_word' id='word_1_610' title='bbox 2143 3762 2338 3820; x_wconf 91' lang='lat' dir='ltr'>omnia</span> <span class='ocrx_word' id='word_1_611' title='bbox 2359 3761 2438 3818; x_wconf 90' lang='lat' dir='ltr'>ita</span> <span class='ocrx_word' id='word_1_612' title='bbox 2475 3759 2848 3832; x_wconf 85' lang='lat' dir='ltr'>singulariter</span> <span class='ocrx_word' id='word_1_613' title='bbox 2885 3764 3024 3816; x_wconf 90' lang='lat' dir='ltr'>sunt</span> <span class='ocrx_word' id='word_1_614' title='bbox 3063 3757 3158 3814; x_wconf 90' lang='lat' dir='ltr'>hic</span> <span class='ocrx_word' id='word_1_615' title='bbox 3185 3754 3526 3827; x_wconf 83' lang='lat' dir='ltr'>singularia,</span> <span class='ocrx_word' id='word_1_616' title='bbox 3561 3761 3626 3812; x_wconf 89' lang='lat' dir='ltr'>ut</span> <span class='ocrx_word' id='word_1_617' title='bbox 3660 3752 3870 3812; x_wconf 87' lang='lat' dir='ltr'>nullus</span> 
     </span>
    </p>
   </div>
   <div class='ocr_carea' id='block_1_85' title="bbox 2145 3842 3714 3922">
    <p class='ocr_par' dir='ltr' id='par_1_85' title="bbox 2145 3842 3714 3922">
     <span class='ocr_line' id='line_1_85' title="bbox 2145 3842 3714 3922; baseline -0.006 -13"><span class='ocrx_word' id='word_1_618' title='bbox 2145 3849 2478 3909; x_wconf 89' lang='lat' dir='ltr'>mortalium</span> <span class='ocrx_word' id='word_1_619' title='bbox 2509 3847 2796 3922; x_wconf 74' lang='lat' dir='ltr'>praedictis</span> <span class='ocrx_word' id='word_1_620' title='bbox 2821 3844 3200 3917; x_wconf 88' lang='lat' dir='ltr'>dignitatibus</span> <span class='ocrx_word' id='word_1_621' title='bbox 3225 3843 3435 3902; x_wconf 90' lang='lat' dir='ltr'>audeat</span> <span class='ocrx_word' id='word_1_622' title='bbox 3467 3842 3714 3900; x_wconf 89' lang='lat' dir='ltr'>inhiare.</span> 
     </span>
    </p>
   </div>
   <div class='ocr_carea' id='block_1_86' title="bbox 2217 3937 3870 4018">
    <p class='ocr_par' dir='ltr' id='par_1_86' title="bbox 2217 3937 3870 4018">
     <span class='ocr_line' id='line_1_86' title="bbox 2217 3937 3870 4018; baseline -0.008 -11"><span class='ocrx_word' id='word_1_623' title='bbox 2217 3948 2481 4007; x_wconf 89' lang='lat' dir='ltr'>Forsitan</span> <span class='ocrx_word' id='word_1_624' title='bbox 2548 3945 2696 4004; x_wconf 91' lang='lat' dir='ltr'>mihi</span> <span class='ocrx_word' id='word_1_625' title='bbox 2761 3944 3018 4018; x_wconf 90' lang='lat' dir='ltr'>disponis</span> <span class='ocrx_word' id='word_1_626' title='bbox 3084 3957 3374 4017; x_wconf 89' lang='lat' dir='ltr'>opponere</span> <span class='ocrx_word' id='word_1_627' title='bbox 3429 3941 3567 4014; x_wconf 88' lang='lat' dir='ltr'>quia</span> <span class='ocrx_word' id='word_1_628' title='bbox 3622 3938 3701 3997; x_wconf 89' lang='lat' dir='ltr'>sic</span> <span class='ocrx_word' id='word_1_629' title='bbox 3755 3937 3870 3995; x_wconf 88' lang='lat' dir='ltr'>ista</span> 
     </span>
    </p>
   </div>
   <div class='ocr_carea' id='block_1_87' title="bbox 2143 4029 3865 4110">
    <p class='ocr_par' dir='ltr' id='par_1_87' title="bbox 2143 4029 3865 4110">
     <span class='ocr_line' id='line_1_87' title="bbox 2143 4029 3865 4110; baseline -0.007 -14"><span class='ocrx_word' id='word_1_630' title='bbox 2143 4037 2316 4096; x_wconf 91' lang='lat' dir='ltr'>habet</span> <span class='ocrx_word' id='word_1_631' title='bbox 2352 4037 2602 4110; x_wconf 87' lang='lat' dir='ltr'>propria,</span> <span class='ocrx_word' id='word_1_632' title='bbox 2632 4041 2697 4095; x_wconf 92' lang='lat' dir='ltr'>ut</span> <span class='ocrx_word' id='word_1_633' title='bbox 2732 4040 2938 4093; x_wconf 61' lang='lat' dir='ltr'>caetera</span> <span class='ocrx_word' id='word_1_634' title='bbox 2975 4039 3306 4092; x_wconf 87' lang='lat' dir='ltr'>sanctorum</span> <span class='ocrx_word' id='word_1_635' title='bbox 3356 4029 3688 4090; x_wconf 88' lang='lat' dir='ltr'>communia</span> <span class='ocrx_word' id='word_1_636' title='bbox 3739 4042 3865 4085; x_wconf 88' lang='lat' dir='ltr'>non</span> 
     </span>
    </p>
   </div>
   <div class='ocr_carea' id='block_1_88' title="bbox 2142 4121 3865 4202">
    <p class='ocr_par' dir='ltr' id='par_1_88' title="bbox 2142 4121 3865 4202">
     <span class='ocr_line' id='line_1_88' title="bbox 2142 4121 3865 4202; baseline -0.005 -17"><span class='ocrx_word' id='word_1_637' title='bbox 2142 4127 2402 4202; x_wconf 86' lang='lat' dir='ltr'>attingat.</span> <span class='ocrx_word' id='word_1_638' title='bbox 2449 4125 2607 4184; x_wconf 85' lang='lat' dir='ltr'>Audi</span> <span class='ocrx_word' id='word_1_639' title='bbox 2655 4141 2789 4199; x_wconf 90' lang='lat' dir='ltr'>ergo</span> <span class='ocrx_word' id='word_1_640' title='bbox 2823 4149 2835 4182; x_wconf 91' lang='lat'><strong>:</strong></span> <span class='ocrx_word' id='word_1_641' title='bbox 2869 4125 3122 4184; x_wconf 88' lang='lat' dir='ltr'>Joannes</span> <span class='ocrx_word' id='word_1_642' title='bbox 3165 4123 3488 4197; x_wconf 88' lang='lat' dir='ltr'>patriarcha</span> <span class='ocrx_word' id='word_1_643' title='bbox 3518 4164 3531 4191; x_wconf 92' lang='lat'>,</span> <span class='ocrx_word' id='word_1_644' title='bbox 3590 4121 3706 4178; x_wconf 89' lang='lat' dir='ltr'>imo</span> <span class='ocrx_word' id='word_1_645' title='bbox 3761 4134 3865 4191; x_wconf 89' lang='lat' dir='ltr'>pa-</span> 
     </span>
    </p>
   </div>
   <div class='ocr_carea' id='block_1_89' title="bbox 2145 4208 3868 4288">
    <p class='ocr_par' dir='ltr' id='par_1_89' title="bbox 2145 4208 3868 4288">
     <span class='ocr_line' id='line_1_89' title="bbox 2145 4208 3868 4288; baseline -0.006 -11"><span class='ocrx_word' id='word_1_646' title='bbox 2145 4219 2525 4278; x_wconf 83' lang='lat' dir='ltr'>triarcharum</span> <span class='ocrx_word' id='word_1_647' title='bbox 2571 4215 2706 4273; x_wconf 89' lang='lat' dir='ltr'>ﬁnis</span> <span class='ocrx_word' id='word_1_648' title='bbox 2748 4222 2802 4273; x_wconf 90' lang='lat' dir='ltr'>et</span> <span class='ocrx_word' id='word_1_649' title='bbox 2851 4220 3054 4288; x_wconf 89' lang='lat' dir='ltr'>caput;</span> <span class='ocrx_word' id='word_1_650' title='bbox 3092 4213 3345 4272; x_wconf 91' lang='lat' dir='ltr'>Joannes</span> <span class='ocrx_word' id='word_1_651' title='bbox 3391 4212 3685 4286; x_wconf 87' lang='lat' dir='ltr'>propheta,</span> <span class='ocrx_word' id='word_1_652' title='bbox 3737 4208 3868 4266; x_wconf 92' lang='lat' dir='ltr'>imo</span> 
     </span>
    </p>
   </div>
   <div class='ocr_carea' id='block_1_90' title="bbox 2143 4297 3868 4386">
    <p class='ocr_par' dir='ltr' id='par_1_90' title="bbox 2143 4297 3868 4386">
     <span class='ocr_line' id='line_1_90' title="bbox 2143 4297 3868 4386; baseline -0.009 -17"><span class='ocrx_word' id='word_1_653' title='bbox 2143 4311 2451 4386; x_wconf 88' lang='lat' dir='ltr'>plusquam</span> <span class='ocrx_word' id='word_1_654' title='bbox 2484 4306 2759 4382; x_wconf 87' lang='lat' dir='ltr'>propheta</span> <span class='ocrx_word' id='word_1_655' title='bbox 2791 4323 2804 4361; x_wconf 92' lang='lat'><strong>:</strong></span> <span class='ocrx_word' id='word_1_656' title='bbox 2837 4305 2974 4378; x_wconf 89' lang='lat' dir='ltr'>quia</span> <span class='ocrx_word' id='word_1_657' title='bbox 3014 4318 3190 4379; x_wconf 87' lang='lat' dir='ltr'>quem</span> <span class='ocrx_word' id='word_1_658' title='bbox 3230 4301 3560 4360; x_wconf 90' lang='lat' dir='ltr'>venientem</span> <span class='ocrx_word' id='word_1_659' title='bbox 3606 4297 3868 4364; x_wconf 88' lang='lat' dir='ltr'>nuntiat,</span> 
     </span>
    </p>
   </div>
   <div class='ocr_carea' id='block_1_91' title="bbox 346 4387 3873 4474">
    <p class='ocr_par' dir='ltr' id='par_1_91' title="bbox 346 4387 3873 4474">
     <span class='ocr_line' id='line_1_91' title="bbox 346 4387 3873 4474; baseline -0.001 -30"><span class='ocrx_word' id='word_1_660' title='bbox 346 4402 421 4446; x_wconf 91' lang='lat' dir='ltr'>ne</span> <span class='ocrx_word' id='word_1_661' title='bbox 471 4390 613 4449; x_wconf 88' lang='lat' dir='ltr'>forte</span> <span class='ocrx_word' id='word_1_662' title='bbox 653 4391 714 4450; x_wconf 92' lang='lat' dir='ltr'>in</span> <span class='ocrx_word' id='word_1_663' title='bbox 762 4408 961 4452; x_wconf 90' lang='lat' dir='ltr'>eorum</span> <span class='ocrx_word' id='word_1_664' title='bbox 1013 4397 1320 4468; x_wconf 63' lang='lat' dir='ltr'>praesentia</span> <span class='ocrx_word' id='word_1_665' title='bbox 1367 4399 1759 4460; x_wconf 91' lang='lat' dir='ltr'>adulationem</span> <span class='ocrx_word' id='word_1_666' title='bbox 1807 4400 2324 4474; x_wconf 61' lang='lat' dir='ltr'>redolerendigito</span> <span class='ocrx_word' id='word_1_667' title='bbox 2351 4398 2744 4456; x_wconf 87' lang='lat' dir='ltr'>demonstrat:</span> <span class='ocrx_word' id='word_1_668' title='bbox 2774 4395 3029 4453; x_wconf 89' lang='lat' dir='ltr'>Joannes</span> <span class='ocrx_word' id='word_1_669' title='bbox 3055 4391 3317 4466; x_wconf 87' lang='lat' dir='ltr'>angelus,</span> <span class='ocrx_word' id='word_1_670' title='bbox 3349 4391 3445 4449; x_wconf 91' lang='lat' dir='ltr'>sed</span> <span class='ocrx_word' id='word_1_671' title='bbox 3487 4394 3542 4447; x_wconf 91' lang='lat' dir='ltr'>et</span> <span class='ocrx_word' id='word_1_672' title='bbox 3579 4387 3873 4474; x_wconf 18' lang='lat' dir='ltr'>interfan-</span> 
     </span>
    </p>
   </div>
   <div class='ocr_carea' id='block_1_92' title="bbox 345 4477 2055 4558">
    <p class='ocr_par' dir='ltr' id='par_1_92' title="bbox 345 4477 2055 4558">
     <span class='ocr_line' id='line_1_92' title="bbox 345 4477 2055 4558; baseline 0.009 -22"><span class='ocrx_word' id='word_1_673' title='bbox 345 4477 657 4553; x_wconf 89' lang='lat' dir='ltr'>videretur,</span> <span class='ocrx_word' id='word_1_674' title='bbox 690 4484 860 4558; x_wconf 86' lang='lat' dir='ltr'>ccepit</span> <span class='ocrx_word' id='word_1_675' title='bbox 897 4486 1064 4546; x_wconf 89' lang='lat' dir='ltr'>Jesus</span> <span class='ocrx_word' id='word_1_676' title='bbox 1099 4489 1289 4548; x_wconf 91' lang='lat' dir='ltr'>dicere</span> <span class='ocrx_word' id='word_1_677' title='bbox 1323 4489 1394 4548; x_wconf 93' lang='lat' dir='ltr'>ad</span> <span class='ocrx_word' id='word_1_678' title='bbox 1442 4489 1643 4549; x_wconf 86' lang='lat' dir='ltr'>turbas</span> <span class='ocrx_word' id='word_1_679' title='bbox 1673 4493 1742 4550; x_wconf 86' lang='lat' dir='ltr'>de</span> <span class='ocrx_word' id='word_1_680' title='bbox 1787 4492 2010 4551; x_wconf 88' lang='lat' dir='ltr'>Joanne</span> <span class='ocrx_word' id='word_1_681' title='bbox 2044 4513 2055 4551; x_wconf 92' lang='lat'>:</span> 
     </span>
    </p>
   </div>
   <div class='ocr_carea' id='block_1_93' title="bbox 351 4568 2060 4664">
    <p class='ocr_par' dir='ltr' id='par_1_93' title="bbox 351 4568 2060 4664">
     <span class='ocr_line' id='line_1_93' title="bbox 351 4568 2060 4664; baseline 0.009 -38"><span class='ocrx_word' id='word_1_682' title='bbox 351 4589 373 4619; x_wconf 73' lang='grc' dir='ltr'><strong>α</strong></span> <span class='ocrx_word' id='word_1_683' title='bbox 411 4568 559 4664; x_wconf 86' lang='lat' dir='ltr'>Quid</span> <span class='ocrx_word' id='word_1_684' title='bbox 589 4573 792 4664; x_wconf 72' lang='lat' dir='ltr'>existis</span> <span class='ocrx_word' id='word_1_685' title='bbox 820 4576 879 4634; x_wconf 90' lang='lat' dir='ltr'>in</span> <span class='ocrx_word' id='word_1_686' title='bbox 904 4576 1192 4664; x_wconf 77' lang='lat' dir='ltr'>desertum</span> <span class='ocrx_word' id='word_1_687' title='bbox 1218 4579 1412 4638; x_wconf 91' lang='lat' dir='ltr'>videre</span> <span class='ocrx_word' id='word_1_688' title='bbox 1438 4582 1463 4637; x_wconf 88' lang='lat'>?</span> <span class='ocrx_word' id='word_1_689' title='bbox 1492 4580 1860 4640; x_wconf 88' lang='lat' dir='ltr'>Arundinem</span> <span class='ocrx_word' id='word_1_690' title='bbox 1889 4590 2060 4641; x_wconf 87' lang='lat' dir='ltr'>vento</span> 
     </span>
    </p>
   </div>
   <div class='ocr_carea' id='block_1_94' title="bbox 342 4658 2053 4743">
    <p class='ocr_par' dir='ltr' id='par_1_94' title="bbox 342 4658 2053 4743">
     <span class='ocr_line' id='line_1_94' title="bbox 342 4658 2053 4743; baseline 0.008 -28"><span class='ocrx_word' id='word_1_691' title='bbox 342 4658 660 4732; x_wconf 77' lang='lat' dir='ltr'>agitatam?</span> <span class='ocrx_word' id='word_1_692' title='bbox 699 4667 890 4735; x_wconf 73' lang='lat' dir='ltr'>(Ibid.)</span> <span class='ocrx_word' id='word_1_693' title='bbox 924 4692 948 4717; x_wconf 75' lang='grc' dir='ltr'><strong>η</strong></span> <span class='ocrx_word' id='word_1_694' title='bbox 973 4658 1032 4727; x_wconf 77' lang='grc' dir='ltr'><em>Ὀ</em></span> <span class='ocrx_word' id='word_1_695' title='bbox 1073 4669 1220 4727; x_wconf 90' lang='lat' dir='ltr'>mira</span> <span class='ocrx_word' id='word_1_696' title='bbox 1258 4670 1576 4729; x_wconf 87' lang='lat' dir='ltr'>testiﬁcatio</span> <span class='ocrx_word' id='word_1_697' title='bbox 1615 4669 2053 4743; x_wconf 82' lang='lat' dir='ltr'>Redemptoris!</span> 
     </span>
    </p>
   </div>
   <div class='ocr_carea' id='block_1_95' title="bbox 344 4745 2060 4832">
    <p class='ocr_par' dir='ltr' id='par_1_95' title="bbox 344 4745 2060 4832">
     <span class='ocr_line' id='line_1_95' title="bbox 344 4745 2060 4832; baseline 0.007 -28"><span class='ocrx_word' id='word_1_698' title='bbox 344 4745 486 4817; x_wconf 89' lang='lat' dir='ltr'>Quis</span> <span class='ocrx_word' id='word_1_699' title='bbox 513 4749 806 4823; x_wconf 88' lang='lat' dir='ltr'>ingressus</span> <span class='ocrx_word' id='word_1_700' title='bbox 827 4761 911 4813; x_wconf 90' lang='lat' dir='ltr'>est</span> <span class='ocrx_word' id='word_1_701' title='bbox 931 4757 1238 4829; x_wconf 87' lang='lat' dir='ltr'>mundum,</span> <span class='ocrx_word' id='word_1_702' title='bbox 1265 4767 1319 4817; x_wconf 90' lang='lat' dir='ltr'>et</span> <span class='ocrx_word' id='word_1_703' title='bbox 1345 4760 1636 4819; x_wconf 89' lang='lat' dir='ltr'>mundum</span> <span class='ocrx_word' id='word_1_704' title='bbox 1665 4761 1756 4818; x_wconf 91' lang='lat' dir='ltr'>vel</span> <span class='ocrx_word' id='word_1_705' title='bbox 1779 4760 1840 4818; x_wconf 92' lang='lat' dir='ltr'>in</span> <span class='ocrx_word' id='word_1_706' title='bbox 1864 4760 2060 4832; x_wconf 90' lang='lat' dir='ltr'>aliquo</span> 
     </span>
    </p>
   </div>
   <div class='ocr_carea' id='block_1_96' title="bbox 344 4843 2058 4919">
    <p class='ocr_par' dir='ltr' id='par_1_96' title="bbox 344 4843 2058 4919">
     <span class='ocr_line' id='line_1_96' title="bbox 344 4843 2058 4919; baseline 0.008 -27"><span class='ocrx_word' id='word_1_707' title='bbox 344 4851 460 4894; x_wconf 89' lang='lat' dir='ltr'>non</span> <span class='ocrx_word' id='word_1_708' title='bbox 497 4843 983 4915; x_wconf 83' lang='lat' dir='ltr'>cognovit?Quis</span> <span class='ocrx_word' id='word_1_709' title='bbox 1022 4853 1124 4917; x_wconf 90' lang='lat' dir='ltr'>est,</span> <span class='ocrx_word' id='word_1_710' title='bbox 1154 4862 1327 4918; x_wconf 89' lang='lat' dir='ltr'>quem</span> <span class='ocrx_word' id='word_1_711' title='bbox 1372 4849 1465 4906; x_wconf 89' lang='lat' dir='ltr'>vel</span> <span class='ocrx_word' id='word_1_712' title='bbox 1511 4854 1752 4908; x_wconf 89' lang='lat' dir='ltr'>ventosa</span> <span class='ocrx_word' id='word_1_713' title='bbox 1795 4847 2058 4919; x_wconf 86' lang='lat' dir='ltr'>felicitas,</span> 
     </span>
    </p>
   </div>
   <div class='ocr_carea' id='block_1_97' title="bbox 343 4931 2059 5015">
    <p class='ocr_par' dir='ltr' id='par_1_97' title="bbox 343 4931 2059 5015">
     <span class='ocr_line' id='line_1_97' title="bbox 343 4931 2059 5015; baseline 0.006 -28"><span class='ocrx_word' id='word_1_714' title='bbox 343 4931 437 4989; x_wconf 92' lang='lat' dir='ltr'>vel</span> <span class='ocrx_word' id='word_1_715' title='bbox 488 4933 807 4994; x_wconf 88' lang='lat' dir='ltr'>adversitas</span> <span class='ocrx_word' id='word_1_716' title='bbox 857 4938 1103 5007; x_wconf 89' lang='lat' dir='ltr'>turbida,</span> <span class='ocrx_word' id='word_1_717' title='bbox 1144 4939 1236 4997; x_wconf 90' lang='lat' dir='ltr'>vel</span> <span class='ocrx_word' id='word_1_718' title='bbox 1293 4940 1601 5015; x_wconf 88' lang='lat' dir='ltr'>cujuslibet</span> <span class='ocrx_word' id='word_1_719' title='bbox 1653 4941 1864 5014; x_wconf 87' lang='lat' dir='ltr'>peccati</span> <span class='ocrx_word' id='word_1_720' title='bbox 1920 4956 2059 4998; x_wconf 89' lang='lat' dir='ltr'>aura</span> 
     </span>
    </p>
   </div>
   <div class='ocr_carea' id='block_1_98' title="bbox 344 5026 2061 5090">
    <p class='ocr_par' dir='ltr' id='par_1_98' title="bbox 344 5026 2061 5090">
     <span class='ocr_line' id='line_1_98' title="bbox 344 5026 2061 5090; baseline 0.005 -10"><span class='ocrx_word' id='word_1_721' title='bbox 344 5026 571 5085; x_wconf 92' lang='lat' dir='ltr'>tenuior</span> <span class='ocrx_word' id='word_1_722' title='bbox 632 5043 750 5086; x_wconf 91' lang='lat' dir='ltr'>non</span> <span class='ocrx_word' id='word_1_723' title='bbox 817 5029 1104 5089; x_wconf 85' lang='lat' dir='ltr'>inﬂexit?</span> <span class='ocrx_word' id='word_1_724' title='bbox 1163 5032 1250 5090; x_wconf 86' lang='lat' dir='ltr'>Ad</span> <span class='ocrx_word' id='word_1_725' title='bbox 1307 5039 1635 5090; x_wconf 83' lang='lat' dir='ltr'>extremum</span> <span class='ocrx_word' id='word_1_726' title='bbox 1701 5030 2061 5090; x_wconf 85' lang='lat' dir='ltr'>subinfertur</span> 
     </span>
    </p>
   </div>
   <div class='ocr_carea' id='block_1_99' title="bbox 340 5117 2061 5195">
    <p class='ocr_par' dir='ltr' id='par_1_99' title="bbox 340 5117 2061 5195">
     <span class='ocr_line' id='line_1_99' title="bbox 340 5117 2061 5195; baseline 0.003 -21"><span class='ocrx_word' id='word_1_727' title='bbox 340 5117 497 5192; x_wconf 91' lang='lat' dir='ltr'>quod</span> <span class='ocrx_word' id='word_1_728' title='bbox 546 5123 756 5177; x_wconf 88' lang='lat' dir='ltr'>terram</span> <span class='ocrx_word' id='word_1_729' title='bbox 812 5121 1090 5192; x_wconf 83' lang='lat' dir='ltr'>excedat,</span> <span class='ocrx_word' id='word_1_730' title='bbox 1147 5127 1395 5180; x_wconf 89' lang='lat' dir='ltr'>transeat</span> <span class='ocrx_word' id='word_1_731' title='bbox 1448 5120 1683 5191; x_wconf 86' lang='lat' dir='ltr'>coelum,</span> <span class='ocrx_word' id='word_1_732' title='bbox 1747 5121 2061 5195; x_wconf 90' lang='lat' dir='ltr'>ipsumque</span> 
     </span>
    </p>
   </div>
   <div class='ocr_carea' id='block_1_100' title="bbox 346 5211 2058 5287">
    <p class='ocr_par' dir='ltr' id='par_1_100' title="bbox 346 5211 2058 5287">
     <span class='ocr_line' id='line_1_100' title="bbox 346 5211 2058 5287; baseline -0.001 -14"><span class='ocrx_word' id='word_1_733' title='bbox 346 5215 617 5274; x_wconf 89' lang='lat' dir='ltr'>verticem</span> <span class='ocrx_word' id='word_1_734' title='bbox 658 5211 937 5286; x_wconf 56' lang='lat' dir='ltr'>angelicae</span> <span class='ocrx_word' id='word_1_735' title='bbox 985 5213 1283 5286; x_wconf 84' lang='lat' dir='ltr'>dignitatis</span> <span class='ocrx_word' id='word_1_736' title='bbox 1329 5214 1588 5287; x_wconf 87' lang='lat' dir='ltr'>attingat.</span> <span class='ocrx_word' id='word_1_737' title='bbox 1627 5238 1651 5263; x_wconf 84' lang='lat'><strong>«</strong></span> <span class='ocrx_word' id='word_1_738' title='bbox 1683 5212 1838 5270; x_wconf 86' lang='lat' dir='ltr'>Inter</span> <span class='ocrx_word' id='word_1_739' title='bbox 1873 5219 2058 5286; x_wconf 90' lang='lat' dir='ltr'>natos,</span> 
     </span>
    </p>
   </div>
   <div class='ocr_carea' id='block_1_101' title="bbox 344 5301 2058 5378">
    <p class='ocr_par' dir='ltr' id='par_1_101' title="bbox 344 5301 2058 5378">
     <span class='ocr_line' id='line_1_101' title="bbox 344 5301 2058 5378; baseline -0.003 -15"><span class='ocrx_word' id='word_1_740' title='bbox 344 5304 556 5377; x_wconf 86' lang='lat' dir='ltr'>inquit,</span> <span class='ocrx_word' id='word_1_741' title='bbox 591 5304 924 5372; x_wconf 90' lang='lat' dir='ltr'>mulierum,</span> <span class='ocrx_word' id='word_1_742' title='bbox 959 5319 1076 5362; x_wconf 91' lang='lat' dir='ltr'>non</span> <span class='ocrx_word' id='word_1_743' title='bbox 1104 5305 1363 5362; x_wconf 78' lang='lat' dir='ltr'>surrexit</span> <span class='ocrx_word' id='word_1_744' title='bbox 1406 5305 1588 5378; x_wconf 86' lang='lat' dir='ltr'>major</span> <span class='ocrx_word' id='word_1_745' title='bbox 1612 5303 1833 5361; x_wconf 86' lang='lat' dir='ltr'>Joanne</span> <span class='ocrx_word' id='word_1_746' title='bbox 1865 5301 2058 5373; x_wconf 87' lang='lat' dir='ltr'>Bapti-</span> 
     </span>
    </p>
   </div>
   <div class='ocr_carea' id='block_1_102' title="bbox 343 5387 2058 5467">
    <p class='ocr_par' dir='ltr' id='par_1_102' title="bbox 343 5387 2058 5467">
     <span class='ocr_line' id='line_1_102' title="bbox 343 5387 2058 5467; baseline -0.005 -15"><span class='ocrx_word' id='word_1_747' title='bbox 343 5399 429 5452; x_wconf 89' lang='lat' dir='ltr'>sta</span> <span class='ocrx_word' id='word_1_748' title='bbox 474 5393 678 5463; x_wconf 72' lang='lat' dir='ltr'>(IbidJ.</span> <span class='ocrx_word' id='word_1_749' title='bbox 711 5419 736 5443; x_wconf 82' lang='grc'>››</span> <span class='ocrx_word' id='word_1_750' title='bbox 780 5391 928 5462; x_wconf 92' lang='lat' dir='ltr'>Quid</span> <span class='ocrx_word' id='word_1_751' title='bbox 968 5393 1058 5450; x_wconf 93' lang='lat' dir='ltr'>vis</span> <span class='ocrx_word' id='word_1_752' title='bbox 1096 5393 1397 5467; x_wconf 86' lang='lat' dir='ltr'>amplius?</span> <span class='ocrx_word' id='word_1_753' title='bbox 1437 5393 1509 5450; x_wconf 90' lang='lat' dir='ltr'>de</span> <span class='ocrx_word' id='word_1_754' title='bbox 1557 5390 1723 5450; x_wconf 91' lang='lat' dir='ltr'>nullo</span> <span class='ocrx_word' id='word_1_755' title='bbox 1779 5388 1892 5447; x_wconf 92' lang='lat' dir='ltr'>alio</span> <span class='ocrx_word' id='word_1_756' title='bbox 1944 5387 2058 5446; x_wconf 92' lang='lat' dir='ltr'>dici</span> 
     </span>
    </p>
   </div>
   <div class='ocr_carea' id='block_1_103' title="bbox 340 5479 2055 5558">
    <p class='ocr_par' dir='ltr' id='par_1_103' title="bbox 340 5479 2055 5558">
     <span class='ocr_line' id='line_1_103' title="bbox 340 5479 2055 5558; baseline -0.004 -16"><span class='ocrx_word' id='word_1_757' title='bbox 340 5481 546 5558; x_wconf 88' lang='lat' dir='ltr'>potuit,</span> <span class='ocrx_word' id='word_1_758' title='bbox 579 5479 717 5538; x_wconf 88' lang='lat' dir='ltr'>dicit</span> <span class='ocrx_word' id='word_1_759' title='bbox 745 5482 1128 5554; x_wconf 87' lang='lat' dir='ltr'>Augustinus,</span> <span class='ocrx_word' id='word_1_760' title='bbox 1157 5483 1312 5554; x_wconf 90' lang='lat' dir='ltr'>quod</span> <span class='ocrx_word' id='word_1_761' title='bbox 1339 5484 1557 5542; x_wconf 91' lang='lat' dir='ltr'>dictum</span> <span class='ocrx_word' id='word_1_762' title='bbox 1589 5489 1674 5541; x_wconf 91' lang='lat' dir='ltr'>est</span> <span class='ocrx_word' id='word_1_763' title='bbox 1711 5481 1782 5540; x_wconf 91' lang='lat' dir='ltr'>de</span> <span class='ocrx_word' id='word_1_764' title='bbox 1812 5479 2055 5538; x_wconf 91' lang='lat' dir='ltr'>Joanne.</span> 
     </span>
    </p>
   </div>
   <div class='ocr_carea' id='block_1_104' title="bbox 341 5570 2056 5646">
    <p class='ocr_par' dir='ltr' id='par_1_104' title="bbox 341 5570 2056 5646">
     <span class='ocr_line' id='line_1_104' title="bbox 341 5570 2056 5646; baseline -0.005 -10"><span class='ocrx_word' id='word_1_765' title='bbox 341 5573 472 5636; x_wconf 89' lang='lat' dir='ltr'>Non</span> <span class='ocrx_word' id='word_1_766' title='bbox 515 5583 769 5646; x_wconf 82' lang='lat' dir='ltr'>oppones</span> <span class='ocrx_word' id='word_1_767' title='bbox 808 5570 953 5629; x_wconf 88' lang='lat' dir='ltr'>mihi</span> <span class='ocrx_word' id='word_1_768' title='bbox 991 5573 1405 5646; x_wconf 86' lang='lat' dir='ltr'>evangelistam</span> <span class='ocrx_word' id='word_1_769' title='bbox 1448 5571 1601 5630; x_wconf 89' lang='lat' dir='ltr'>inter</span> <span class='ocrx_word' id='word_1_770' title='bbox 1649 5577 1884 5630; x_wconf 65' lang='lat' dir='ltr'>caeteros</span> <span class='ocrx_word' id='word_1_771' title='bbox 1915 5582 2056 5642; x_wconf 89' lang='lat' dir='ltr'>apo-</span> 
     </span>
    </p>
   </div>
   <div class='ocr_carea' id='block_1_105' title="bbox 2079 4451 2128 4510">
    <p class='ocr_par' dir='ltr' id='par_1_105' title="bbox 2079 4451 2128 4510">
     <span class='ocr_line' id='line_1_105' title="bbox 2079 4451 2128 4510; baseline 0 0"><span class='ocrx_word' id='word_1_772' title='bbox 2079 4451 2128 4510; x_wconf 92' lang='lat' dir='ltr'>D</span> 
     </span>
    </p>
   </div>
   <div class='ocr_carea' id='block_1_106' title="bbox 2150 4473 3873 4562">
    <p class='ocr_par' dir='ltr' id='par_1_106' title="bbox 2150 4473 3873 4562">
     <span class='ocr_line' id='line_1_106' title="bbox 2150 4473 3873 4562; baseline -0.01 -15"><span class='ocrx_word' id='word_1_773' title='bbox 2150 4473 2308 4562; x_wconf 89' lang='lat' dir='ltr'>gelos</span> <span class='ocrx_word' id='word_1_774' title='bbox 2340 4486 2590 4556; x_wconf 56' lang='lat' dir='ltr'>,electus,</span> <span class='ocrx_word' id='word_1_775' title='bbox 2626 4482 2919 4542; x_wconf 86' lang='lat' dir='ltr'>Salvatore</span> <span class='ocrx_word' id='word_1_776' title='bbox 2968 4486 3229 4551; x_wconf 88' lang='lat' dir='ltr'>testante,</span> <span class='ocrx_word' id='word_1_777' title='bbox 3271 4479 3373 4552; x_wconf 90' lang='lat' dir='ltr'>qui</span> <span class='ocrx_word' id='word_1_778' title='bbox 3417 4477 3596 4536; x_wconf 90' lang='lat' dir='ltr'>dicit:</span> <span class='ocrx_word' id='word_1_779' title='bbox 3649 4501 3675 4524; x_wconf 75' lang='grc' dir='ltr'>τι</span> <span class='ocrx_word' id='word_1_780' title='bbox 3722 4473 3873 4530; x_wconf 78' lang='lat' dir='ltr'>Ecce</span> 
     </span>
    </p>
   </div>
   <div class='ocr_carea' id='block_1_107' title="bbox 2151 4563 3874 4650">
    <p class='ocr_par' dir='ltr' id='par_1_107' title="bbox 2151 4563 3874 4650">
     <span class='ocr_line' id='line_1_107' title="bbox 2151 4563 3874 4650; baseline -0.01 -11"><span class='ocrx_word' id='word_1_781' title='bbox 2151 4581 2314 4640; x_wconf 89' lang='lat' dir='ltr'>mitto</span> <span class='ocrx_word' id='word_1_782' title='bbox 2339 4577 2613 4650; x_wconf 88' lang='lat' dir='ltr'>angelum</span> <span class='ocrx_word' id='word_1_783' title='bbox 2645 4589 2862 4643; x_wconf 92' lang='lat' dir='ltr'>meum,</span> <span class='ocrx_word' id='word_1_784' title='bbox 2897 4575 2998 4649; x_wconf 89' lang='lat' dir='ltr'>qui</span> <span class='ocrx_word' id='word_1_785' title='bbox 3036 4569 3383 4646; x_wconf 58' lang='lat' dir='ltr'>praeparabit</span> <span class='ocrx_word' id='word_1_786' title='bbox 3423 4569 3578 4627; x_wconf 89' lang='lat' dir='ltr'>viam</span> <span class='ocrx_word' id='word_1_787' title='bbox 3615 4573 3741 4625; x_wconf 88' lang='lat' dir='ltr'>ante</span> <span class='ocrx_word' id='word_1_788' title='bbox 3779 4563 3874 4621; x_wconf 82' lang='lat' dir='ltr'>fa-</span> 
     </span>
    </p>
   </div>
   <div class='ocr_carea' id='block_1_108' title="bbox 2149 4651 3877 4738">
    <p class='ocr_par' dir='ltr' id='par_1_108' title="bbox 2149 4651 3877 4738">
     <span class='ocr_line' id='line_1_108' title="bbox 2149 4651 3877 4738; baseline -0.012 -10"><span class='ocrx_word' id='word_1_789' title='bbox 2149 4669 2297 4728; x_wconf 89' lang='lat' dir='ltr'>ciem</span> <span class='ocrx_word' id='word_1_790' title='bbox 2334 4681 2522 4726; x_wconf 91' lang='lat' dir='ltr'>meam</span> <span class='ocrx_word' id='word_1_791' title='bbox 2553 4667 2770 4738; x_wconf 84' lang='lat' dir='ltr'>(Matth.</span> <span class='ocrx_word' id='word_1_792' title='bbox 2822 4665 2928 4734; x_wconf 89' lang='lat' dir='ltr'><strong>XI).</strong></span> <span class='ocrx_word' id='word_1_793' title='bbox 2960 4687 2986 4712; x_wconf 86' lang='lat'>»</span> <span class='ocrx_word' id='word_1_794' title='bbox 3033 4661 3286 4720; x_wconf 89' lang='lat' dir='ltr'>Joannes</span> <span class='ocrx_word' id='word_1_795' title='bbox 3330 4656 3641 4731; x_wconf 88' lang='lat' dir='ltr'>apostolus,</span> <span class='ocrx_word' id='word_1_796' title='bbox 3671 4651 3772 4711; x_wconf 88' lang='lat' dir='ltr'>sed</span> <span class='ocrx_word' id='word_1_797' title='bbox 3817 4659 3877 4709; x_wconf 91' lang='lat' dir='ltr'>et</span> 
     </span>
    </p>
   </div>
   <div class='ocr_carea' id='block_1_109' title="bbox 2150 4743 3878 4831">
    <p class='ocr_par' dir='ltr' id='par_1_109' title="bbox 2150 4743 3878 4831">
     <span class='ocr_line' id='line_1_109' title="bbox 2150 4743 3878 4831; baseline -0.011 -15"><span class='ocrx_word' id='word_1_798' title='bbox 2150 4757 2542 4831; x_wconf 89' lang='lat' dir='ltr'>apostolorum</span> <span class='ocrx_word' id='word_1_799' title='bbox 2585 4755 2828 4826; x_wconf 89' lang='lat' dir='ltr'>primus,</span> <span class='ocrx_word' id='word_1_800' title='bbox 2864 4756 2919 4810; x_wconf 92' lang='lat' dir='ltr'>et</span> <span class='ocrx_word' id='word_1_801' title='bbox 2955 4750 3260 4825; x_wconf 81' lang='lat' dir='ltr'>princeps;</span> <span class='ocrx_word' id='word_1_802' title='bbox 3293 4749 3449 4821; x_wconf 90' lang='lat' dir='ltr'>quia,</span> <span class='ocrx_word' id='word_1_803' title='bbox 3483 4770 3510 4794; x_wconf 76' lang='lat'><strong><em>«</em></strong></span> <span class='ocrx_word' id='word_1_804' title='bbox 3540 4744 3650 4802; x_wconf 88' lang='lat' dir='ltr'>fuit</span> <span class='ocrx_word' id='word_1_805' title='bbox 3691 4743 3878 4831; x_wconf 85' lang='lat' dir='ltr'>homo</span> 
     </span>
    </p>
   </div>
   <div class='ocr_carea' id='block_1_110' title="bbox 2153 4830 3878 4911">
    <p class='ocr_par' dir='ltr' id='par_1_110' title="bbox 2153 4830 3878 4911">
     <span class='ocr_line' id='line_1_110' title="bbox 2153 4830 3878 4911; baseline -0.011 -6"><span class='ocrx_word' id='word_1_806' title='bbox 2153 4830 2363 4905; x_wconf 84' lang='lat' dir='ltr'>missus</span> <span class='ocrx_word' id='word_1_807' title='bbox 2389 4860 2422 4902; x_wconf 91' lang='lat' dir='ltr'>a</span> <span class='ocrx_word' id='word_1_808' title='bbox 2460 4844 2576 4902; x_wconf 91' lang='lat' dir='ltr'>Deo</span> <span class='ocrx_word' id='word_1_809' title='bbox 2631 4846 2808 4911; x_wconf 86' lang='lat' dir='ltr'>(Joan.</span> <span class='ocrx_word' id='word_1_810' title='bbox 2858 4845 2920 4910; x_wconf 92' lang='lat' dir='ltr'><strong>I).</strong></span> <span class='ocrx_word' id='word_1_811' title='bbox 2955 4865 2981 4889; x_wconf 81' lang='lat'><strong>»</strong></span> <span class='ocrx_word' id='word_1_812' title='bbox 3020 4840 3277 4899; x_wconf 89' lang='lat' dir='ltr'>Joannes</span> <span class='ocrx_word' id='word_1_813' title='bbox 3333 4833 3707 4906; x_wconf 84' lang='lat' dir='ltr'>evangelista,</span> <span class='ocrx_word' id='word_1_814' title='bbox 3769 4830 3878 4887; x_wconf 80' lang='lat' dir='ltr'>sed</span> 
     </span>
    </p>
   </div>
   <div class='ocr_carea' id='block_1_111' title="bbox 2151 4919 3879 5006">
    <p class='ocr_par' dir='ltr' id='par_1_111' title="bbox 2151 4919 3879 5006">
     <span class='ocr_line' id='line_1_111' title="bbox 2151 4919 3879 5006; baseline -0.009 -13"><span class='ocrx_word' id='word_1_815' title='bbox 2151 4941 2207 4994; x_wconf 90' lang='lat' dir='ltr'>et</span> <span class='ocrx_word' id='word_1_816' title='bbox 2239 4931 2535 5006; x_wconf 87' lang='lat' dir='ltr'>Evangelii</span> <span class='ocrx_word' id='word_1_817' title='bbox 2567 4931 2791 5005; x_wconf 91' lang='lat' dir='ltr'>primus</span> <span class='ocrx_word' id='word_1_818' title='bbox 2829 4944 3050 4988; x_wconf 89' lang='lat' dir='ltr'>messor</span> <span class='ocrx_word' id='word_1_819' title='bbox 3071 4971 3085 4998; x_wconf 89' lang='lat'>,</span> <span class='ocrx_word' id='word_1_820' title='bbox 3119 4924 3441 5001; x_wconf 67' lang='lat' dir='ltr'>praedicans</span> <span class='ocrx_word' id='word_1_821' title='bbox 3483 4919 3879 4994; x_wconf 83' lang='lat' dir='ltr'>Evangelium</span> 
     </span>
    </p>
   </div>
   <div class='ocr_carea' id='block_1_112' title="bbox 2151 5009 3884 5096">
    <p class='ocr_par' dir='ltr' id='par_1_112' title="bbox 2151 5009 3884 5096">
     <span class='ocr_line' id='line_1_112' title="bbox 2151 5009 3884 5096; baseline -0.011 -13"><span class='ocrx_word' id='word_1_822' title='bbox 2151 5023 2334 5096; x_wconf 87' lang='lat' dir='ltr'>regni.</span> <span class='ocrx_word' id='word_1_823' title='bbox 2373 5023 2623 5080; x_wconf 90' lang='lat' dir='ltr'>Joannes</span> <span class='ocrx_word' id='word_1_824' title='bbox 2661 5019 2844 5093; x_wconf 87' lang='lat' dir='ltr'>virgo,</span> <span class='ocrx_word' id='word_1_825' title='bbox 2877 5019 2996 5077; x_wconf 93' lang='lat' dir='ltr'>imo</span> <span class='ocrx_word' id='word_1_826' title='bbox 3035 5013 3388 5089; x_wconf 87' lang='lat' dir='ltr'>virginitatis</span> <span class='ocrx_word' id='word_1_827' title='bbox 3421 5010 3670 5081; x_wconf 85' lang='lat' dir='ltr'>insigne,</span> <span class='ocrx_word' id='word_1_828' title='bbox 3706 5009 3884 5082; x_wconf 87' lang='lat' dir='ltr'>pudi-</span> 
     </span>
    </p>
   </div>
   <div class='ocr_carea' id='block_1_113' title="bbox 2149 5103 3879 5182">
    <p class='ocr_par' dir='ltr' id='par_1_113' title="bbox 2149 5103 3879 5182">
     <span class='ocr_line' id='line_1_113' title="bbox 2149 5103 3879 5182; baseline -0.011 -7"><span class='ocrx_word' id='word_1_829' title='bbox 2149 5117 2301 5175; x_wconf 78' lang='lat' dir='ltr'>citiae</span> <span class='ocrx_word' id='word_1_830' title='bbox 2340 5113 2564 5181; x_wconf 89' lang='lat' dir='ltr'>titulus,</span> <span class='ocrx_word' id='word_1_831' title='bbox 2605 5111 2880 5170; x_wconf 89' lang='lat' dir='ltr'>castitatis</span> <span class='ocrx_word' id='word_1_832' title='bbox 2925 5107 3286 5182; x_wconf 88' lang='lat' dir='ltr'>exemplum.</span> <span class='ocrx_word' id='word_1_833' title='bbox 3333 5105 3586 5164; x_wconf 88' lang='lat' dir='ltr'>Joannes</span> <span class='ocrx_word' id='word_1_834' title='bbox 3631 5103 3879 5172; x_wconf 72' lang='lat' dir='ltr'>martyr,</span> 
     </span>
    </p>
   </div>
   <div class='ocr_carea' id='block_1_114' title="bbox 2151 5193 3885 5277">
    <p class='ocr_par' dir='ltr' id='par_1_114' title="bbox 2151 5193 3885 5277">
     <span class='ocr_line' id='line_1_114' title="bbox 2151 5193 3885 5277; baseline -0.012 -13"><span class='ocrx_word' id='word_1_835' title='bbox 2151 5205 2248 5264; x_wconf 90' lang='lat' dir='ltr'>sed</span> <span class='ocrx_word' id='word_1_836' title='bbox 2281 5211 2336 5262; x_wconf 94' lang='lat' dir='ltr'>et</span> <span class='ocrx_word' id='word_1_837' title='bbox 2380 5208 2704 5277; x_wconf 83' lang='lat' dir='ltr'>martyrum</span> <span class='ocrx_word' id='word_1_838' title='bbox 2750 5201 2978 5266; x_wconf 91' lang='lat' dir='ltr'>lumen,</span> <span class='ocrx_word' id='word_1_839' title='bbox 3011 5198 3163 5254; x_wconf 90' lang='lat' dir='ltr'>inter</span> <span class='ocrx_word' id='word_1_840' title='bbox 3203 5193 3561 5251; x_wconf 88' lang='lat' dir='ltr'>nativitatem</span> <span class='ocrx_word' id='word_1_841' title='bbox 3605 5193 3885 5277; x_wconf 70' lang='lat' dir='ltr'>mortem-</span> 
     </span>
    </p>
   </div>
   <div class='ocr_carea' id='block_1_115' title="bbox 2151 5275 3886 5372">
    <p class='ocr_par' dir='ltr' id='par_1_115' title="bbox 2151 5275 3886 5372">
     <span class='ocr_line' id='line_1_115' title="bbox 2151 5275 3886 5372; baseline -0.013 -19"><span class='ocrx_word' id='word_1_842' title='bbox 2151 5309 2263 5370; x_wconf 91' lang='lat' dir='ltr'>que</span> <span class='ocrx_word' id='word_1_843' title='bbox 2327 5275 2552 5352; x_wconf 81' lang='lat' dir='ltr'>Christi</span> <span class='ocrx_word' id='word_1_844' title='bbox 2597 5286 3050 5348; x_wconf 90' lang='lat' dir='ltr'>constantissimi</span> <span class='ocrx_word' id='word_1_845' title='bbox 3117 5285 3303 5342; x_wconf 87' lang='lat' dir='ltr'>forma</span> <span class='ocrx_word' id='word_1_846' title='bbox 3373 5277 3675 5372; x_wconf 62' lang='lat' dir='ltr'>martyrii._</span> <span class='ocrx_word' id='word_1_847' title='bbox 3726 5275 3886 5372; x_wconf 68' lang='lat' dir='ltr'>Pras-</span> 
     </span>
    </p>
   </div>
   <div class='ocr_carea' id='block_1_116' title="bbox 2149 5367 3883 5456">
    <p class='ocr_par' dir='ltr' id='par_1_116' title="bbox 2149 5367 3883 5456">
     <span class='ocr_line' id='line_1_116' title="bbox 2149 5367 3883 5456; baseline -0.013 -14"><span class='ocrx_word' id='word_1_848' title='bbox 2149 5367 2303 5442; x_wconf 81' lang='lat' dir='ltr'>tereo</span> <span class='ocrx_word' id='word_1_849' title='bbox 2341 5383 2477 5456; x_wconf 88' lang='lat' dir='ltr'>quia</span> <span class='ocrx_word' id='word_1_850' title='bbox 2525 5395 2635 5438; x_wconf 84' lang='lat' dir='ltr'>vox</span> <span class='ocrx_word' id='word_1_851' title='bbox 2681 5376 2986 5436; x_wconf 88' lang='lat' dir='ltr'>clamantis</span> <span class='ocrx_word' id='word_1_852' title='bbox 3027 5375 3084 5432; x_wconf 90' lang='lat' dir='ltr'>in</span> <span class='ocrx_word' id='word_1_853' title='bbox 3131 5373 3354 5430; x_wconf 89' lang='lat' dir='ltr'>deserto</span> <span class='ocrx_word' id='word_1_854' title='bbox 3393 5372 3542 5438; x_wconf 75' lang='lat' dir='ltr'>(Isai.</span> <span class='ocrx_word' id='word_1_855' title='bbox 3583 5367 3697 5433; x_wconf 86' lang='lat' dir='ltr'><strong>XL),</strong></span> <span class='ocrx_word' id='word_1_856' title='bbox 3729 5367 3883 5437; x_wconf 88' lang='lat' dir='ltr'>quia</span> 
     </span>
    </p>
   </div>
   <div class='ocr_carea' id='block_1_117' title="bbox 2150 5458 3884 5546">
    <p class='ocr_par' dir='ltr' id='par_1_117' title="bbox 2150 5458 3884 5546">
     <span class='ocr_line' id='line_1_117' title="bbox 2150 5458 3884 5546; baseline -0.01 -13"><span class='ocrx_word' id='word_1_857' title='bbox 2150 5488 2335 5546; x_wconf 57' lang='lat' dir='ltr'>praeco</span> <span class='ocrx_word' id='word_1_858' title='bbox 2370 5471 2564 5542; x_wconf 90' lang='lat' dir='ltr'>Verbi,</span> <span class='ocrx_word' id='word_1_859' title='bbox 2595 5469 2748 5543; x_wconf 90' lang='lat' dir='ltr'>quod</span> <span class='ocrx_word' id='word_1_860' title='bbox 2795 5466 3017 5527; x_wconf 89' lang='lat' dir='ltr'>Judicis</span> <span class='ocrx_word' id='word_1_861' title='bbox 3053 5476 3392 5538; x_wconf 75' lang='lat' dir='ltr'>praecursor.</span> <span class='ocrx_word' id='word_1_862' title='bbox 3435 5458 3589 5519; x_wconf 89' lang='lat' dir='ltr'>Illud</span> <span class='ocrx_word' id='word_1_863' title='bbox 3638 5471 3884 5534; x_wconf 89' lang='lat' dir='ltr'>quoque</span> 
     </span>
    </p>
   </div>
   <div class='ocr_carea' id='block_1_118' title="bbox 2148 5547 3873 5638">
    <p class='ocr_par' dir='ltr' id='par_1_118' title="bbox 2148 5547 3873 5638">
     <span class='ocr_line' id='line_1_118' title="bbox 2148 5547 3873 5638; baseline -0.01 -18"><span class='ocrx_word' id='word_1_864' title='bbox 2148 5564 2434 5638; x_wconf 90' lang='lat' dir='ltr'>relinquo,</span> <span class='ocrx_word' id='word_1_865' title='bbox 2475 5561 2612 5636; x_wconf 90' lang='lat' dir='ltr'>quia</span> <span class='ocrx_word' id='word_1_866' title='bbox 2645 5573 2829 5633; x_wconf 89' lang='lat' dir='ltr'>usque</span> <span class='ocrx_word' id='word_1_867' title='bbox 2864 5557 2935 5616; x_wconf 89' lang='lat' dir='ltr'>ad</span> <span class='ocrx_word' id='word_1_868' title='bbox 2975 5556 3258 5616; x_wconf 88' lang='lat' dir='ltr'>Joannem</span> <span class='ocrx_word' id='word_1_869' title='bbox 3301 5553 3398 5611; x_wconf 83' lang='lat' dir='ltr'>lex</span> <span class='ocrx_word' id='word_1_870' title='bbox 3446 5554 3502 5608; x_wconf 85' lang='lat' dir='ltr'>et</span> <span class='ocrx_word' id='word_1_871' title='bbox 3544 5547 3873 5623; x_wconf 76' lang='lat' dir='ltr'>prophetae,</span> 
     </span>
    </p>
   </div>
  </div>
