4070 6198
113 245 234 305 637
1641 259 1889 325 SEBMO
1925 263 2133 324 XXIV.
2450 276 2465 298 '
3544 267 3655 328 638

117 372 268 471 quia
297 372 701 471 Joannesipse
728 378 814 471 est
848 375 1022 471 Elius,
1055 379 1218 471 quod”
1246 380 1485 442 lucerna
1517 386 1589 444 sit
1619 389 1846 463 ardens,
1871 392 2238 465 Ainspiravit
2269 395 2414 463 (Act.
2447 399 2512 463 Χ)
2562 417 2573 451 :
2621 399 2676 452 et
2719 395 2780 452 in
2830 396 3110 469 quosdam
3151 395 3344 454 adhuc
3384 397 3656 471 gentiles,

121 463 375 558 Luctaris,
424 462 577 536 quod
631 463 852 558 amicus
902 464 1128 558 Sponsi,
1185 468 1423 542 Sponsae
1482 462 1849 549 praiparator.
1937 462 2205 553 loquente
2262 481 2446 549 Petro,
2495 462 2612 540 non
2669 462 2876 541 solum'
2921 490 2984 540 ut
3044 482 3337 556 Scriptura
3387 462 3657 558 testatur,

119 549 373 644 Silentio
412 559 637 609 transeo
681 551 836 624 quod
872 553 953 610 sic
999 571 1206 615 novem
1241 559 1583 632 angelorum
1625 566 1851 623 ordiui-
1937 549 2159 638 cecidit,
2195 569 2292 625 sed
2325 569 2516 637 etiam,
2578 578 2636 626 ut
2688 571 2904 643 linguis
2943 549 3336 644 loquerentur,
3373 549 3650 630 instruxit

113 639 233 697 bus
287 639 542 735 insertus
586 648 727 735 __est,
784 649 878 735 ut_
915 643 1086 735 etiam
1140 648 1206 704 ad
1264 648 1571 725 Seraphim
1627 656 1850 729 apicem
1936 657 2145 725 (Ibid.).
2177 655 2324 726 Quid
2371 672 2503 729 ergo
2550 639 2799 729 mirum:
2838 659 2884 716 si
2922 659 2986 716 B.
3019 639 3301 718 Joannem
3333 666 3469 717 ante
3493 660 3654 735 lega-

113 729 555 822 transferaturr
586 729 799 790 Verum
864 733 972 792 hoc
1036 734 1312 796 laboriosi
1380 745 1570 814 operis
1623 754 1745 818 est,
1800 756 1856 805 et
1933 745 2004 803 lis
2038 746 2290 804 mandati
2327 747 2720 820 quodcunque
2774 747 3101 806 remedium
3142 747 3392 822 Spiritus
3424 729 3657 809 sanctus

112 832 332 910 sensus
380 820 560 877 nostri
609 829 912 894 paupertas
958 839 1073 882 non
1114 827 1342 887 suﬂicit.
1389 831 1692 893 Suﬂiciant
1728 838 1853 896 haec
1934 834 2196 908 implevit
2227 835 2528 908 [replevit],
2559 851 2729 910 quem
2759 836 2944 908 ipsius
2965 836 3128 910 legis,
3156 820 3211 892 et
3233 836 3655 908 Prophetarum

111 907 195 1001 ad
223 925 499 1001 praesens,
530 926 663 1001 quae
684 911 832 971 dicta
859 921 994 972 sunt
1019 916 1088 974 de
1131 916 1302 977 laude
1339 921 1578 982 Joannis
1620 928 1689 985 ad
1727 928 1851 1001 εἰοι-
1931 940 1997 982 ac
2026 907 2226 982 totius
2293 907 2511 982 Veteris
2574 907 2935 983 Testamenti
3004 907 3247 983 limitem
3317 907 3650 1000 quemdam,

111 997 718 1089 riam_Bcdemptoris,
747 1002 850 1076 qui
890 1010 973 1061 est
1009 1004 1158 1065 Deus
1186 1008 1517 1072 benedictus
1547 1015 1606 1073 in
1641 997 1853 1076 saecula
1931 1021 2120 1087 atque,
2176 1020 2239 1071 ut
2314 1013 2393 1070 ita
2459 1013 2679 1089 loquar,
2741 1015 3274 1073 intransmeabilem
3333 997 3649 1074 terminum

111 1086 498 1146 saculorum.
523 1089 735 1147 Amen.
1929 1086 2290 1176 providentia
2320 1105 2516 1163 divina
2534 1086 2877 1164 constituit?
2907 1106 3028 1164 Lex
3060 1107 3217 1164 enim
3249 1113 3302 1165 et
3333 1110 3648 1183 prOphetze,

702 1235 724 1256 .
765 1233 1014 1294 SERMO
1053 1238 1262 1294 XXIV.
1930 1198 1994 1250 ut
2010 1191 2242 1294 .Veritas
2265 1193 2363 1264 ait,
2398 1209 2581 1294 usque
2610 1195 2681 1294 ad
2706 1195 2989 1294 Joannem
3021 1199 3236 1294 (Matth.
3272 1200 3373 1266 x1).
3398 1198 3654 1294 Joannes

1935 1237 1994 1250 μυ
2039 1237 2242 1250 ,υ.....υ
2265 1237 2363 1264 .....,
2402 1237 2581 1268 usque
2610 1237 2680 1252 μυ
2706 1237 2989 1253 “suum...
3021 1237 3236 1265 cum...
3273 1237 3373 1266 χιιι.
3398 1237 3651 1257 summes

971 1237 1262 1362 QAXXIgv'
1459 1356 1466 1362 λ
1931 1281 2086 1340 enim
2149 1284 2254 1340 iste
2303 1298 2436 1340 cum
2519 1283 2768 1343 Domino
2860 1285 3362 1344 circumcisionem
3415 1287 3651 1362 quidem

114 1349 682 1464 H-YiNfATIVITfTE.
804 1355 1046 1404 JOANNIS
1099 1360 1412 1409 BAPTISTIE-
1453 1356 1625 1422 (XXIV
1650 1366 1847 1464 JUNII.)
1928 1367 1988 1425 in
2043 1383 2148 1426 sua
2199 1383 2368 1426 carne
2427 1369 2692 1443 suscepit,
2761 1371 2860 1428 sed
2919 1373 3239 1445 suscipiens
3298 1349 3648 1434 terminavit.

194 1443 492 1536 _Hodierna
561 1447 877 1520 festivitas,
939 1451 1335 1528 dilectissimi,
1397 1467 1510 1520 toto
1564 1443 1846 1524 terrarum
1930 1457 2000 1515 Et
2050 1457 2178 1515 ideo
2242 1458 2343 1531 (Illi
2410 1474 2577 1516 DOVEB
2634 1461 2835 1532 gratim
2912 1443 3098 1532 Ρΐίθεδ
3179 1468 3233 1520 et
3310 1463 3653 1536 magniﬁcus

113 1531 273 1624 orbe
290 1533 615 1605 conspicua,
651 1544 869 1624 mentes
907 1546 1131 1598 nostras
1177 1559 1244 1603 eo
1282 1545 1496 1606 clarius
1541 1551 1846 1623 splendore
1928 1548 2304 1605 annuntiator
2341 1547 2567 1619 enituit,
2599 1531 2668 1605 ad
2719 1531 3084 1608 evadendum
3129 1531 3431 1624 originale“
3452 1566 3650 1624 pecca-

113 1619 374 1694 quodam
432 1636 600 1679 novae
651 1623 801 1682 lucis
859 1625 1121 1700 irradiat,
1174 1648 1292 1706 quo
1353 1642 1406 1692 et
1461 1619 1843 1710 primordium
1930 1641 2052 1694 tum
2084 1635 2523 1694 circumcisione
2558 1651 2673 1694 non
2713 1637 2885 1712 eguit,
2922 1638 3021 1696 sed
3051 1654 3191 1697 eum
3220 1619 3403 1712 supra
3442 1619 3650 1712 legem,

115 1716 338 1816 nostra?
383 1712 792 1816 redemptionis
821 1731 886 1773 ac
913 1719 1035 1776 veri
1061 1720 1301 1780 luminis
1339 1732 1529 1785 ortum
1583 1736 1645 1788 ut
1686 1739 2102 1816 rec0.Bsupra
2151 1725 2427 1783 humana:
2486 1726 2835 1784 conditionis
2879 1726 3141 1786 ordinem
3197 1727 3398 1786 electio
3452 1727 3653 1786 divina

118 1799 328 1889 lamus,
397 1800 625 1862 invitat.
684 1803 791 1862 Cui
872 1807 1028 1867 enim
1118 1813 1417 1873 meditanti
1490 1799 2212 1887 nativitatemupt‘ovexit,
2261 1815 2354 1872 cui
2402 1814 2573 1872 etiam
2621 1815 2764 1873 tanti
2811 1817 3046 1874 honoris
3097 1815 3299 1874 collata
3346 1822 3432 1874 est
3471 1816 3653 1889 gloria

116 1887 386 1982 Joannis,
414 1904 528 1947 non
566 1906 702 1948 mox
739 1897 986 1954 occurrit
1031 1899 1298 1959 nativitas
1337 1902 1570 1980 Christi,
1603 1926 1845 1982 praeser-
1930 1909 1992 1959 ut
2035 1902 2320 1960 ηᾶίίνίιίιῐί
2366 1904 2494 1976 eius
2536 1904 2658 1978 ipsa
2702 1905 2805 1962 Dei
2840 1904 3105 1962 Geniu‘ix
3146 1887 3652 1980 Ῐηῖθΐθεεθίίθὶυθ

121 1978 228 2035 tim
271 1993 402 2037 cum
453 1983 726 2040 nascendi
772 1984 1056 2046 Joannem
1101 1990 1171 2049 de
1207 2001 1363 2066 patre
1401 2014 1534 2056 sene
1558 1978 1626 2059 et
1665 2007 1829 2066 steril:

1992 2008 2040 2049 te
2067 1991 2442 2066 principium,
2473 1992 2658 2050 latens
2697 1993 2759 2050 in
2792 1999 2974 2062 utero,
3005 1993 3212 2052 mundi
3243 1978 3651 2054 Conditorlsua

117 2073 308 2124 matre
356 2068 518 2126 nulla
558 2068 670 2127 alia
706 2074 989 2132 exstiterit
1021 2094 1216 2151 causa,
1247 2083 1358 2141 nisi
1395 2093 1457 2143 ut
1504 2089 1848 2152 mirabiliter
1926 2081 2232 2155 Dl‘fBSBDtia
2270 2081 2572 2139 dedicaret
2609 2082 2874 2140 Testatur
2913 2083 3021 2140 hoc
3059 2082 3244 2142 Lucas
3275 2083 3646 2156 evangelista,

116 2160 298 2213 natus
371 2159 715 2230 praecederet
793 2164 1165 2237 singulariter
1245 2175 1623 2237 nasciturum.
1704 2181 1829 2239 12E

1992 2185 2060 2226 tm
2106 2169 2244 2227 dicit
2289 2188 2299 2227 :
2357 2195 2382 2218 «
2428 2169 2637 2227 Mansit
2679 2176 2870 2228 autem
2913 2170 3092 2228 Maria
3127 2186 3260 2228 cum
3292 2171 3415 2242 illa,
3447 2171 3650 2229 videli-

116 2242 363 2337 {amicus
405 2244 666 2337 videlicet
713 2247 1024 2327 Sponsum,
1053 2257 1310 2318 famulus
1355 2262 1694 2337 Dominum,
1729 2286 1844 2328 vox

121 2331 400 2403 Verbum,
447 2335 684 2395 lucerna
731 2337 960 2414 Solem,
1005 2361 1190 2418 praeco
1243 2349 1536 2424 Judicem,
1591 2331 1845 2416 salvatus

119 2433 499 2517 praecurreret
557 2425 933 2517 Salvatorem.
989 2434 1256 2496 Testatur
1311 2448 1364 2498 et
1419 2443 1542 2517 ipse
1593 2447 1844 2506 Joannes

119 2511 274 2608 hanc
319 2526 443 2570 esse
486 2515 576 2608 sui
622 2517 906 2578 adventus
946 2537 1199 2596 causam,
1240 2544 1358 2586 non
1406 2511 1469 2589 ut
1508 2533 1845 2608 simpliciter

118 2599 365 2669 veniret,
413 2602 506 2660 sed
559 2611 624 2662 ut
687 2607 1001 2668 Dominum
1057 2613 1125 2670 ad
1187 2631 1310 2674 suae
1366 2599 1844 2684 manifestationis

117 2686 404 2781 indicium
454 2693 816 2762 praaveniret.
873 2719 892 2746 «
948 2697 1078 2756 Post
1131 2717 1242 2774 me,
1290 2704 1502 2781 inquit,
1550 2711 1705 2767 venit
1754 2713 1846 2769 vir

116 2779 390 2875 quiante
417 2795 510 2838 me
557 2783 740 2842 factus
784 2794 895 2858 est;
925 2788 1063 2862 quia
1091 2791 1248 2862 prior
1289 2779 1392 2852 me
1424 2805 1544 2855 erat
1582 2822 1594 2856 :
1639 2807 1694 2858 et
1737 2817 1843 2875 ego

117 2868 449 2927 nesciebam
500 2886 636 2929 eum
683 2892 698 2930 :
750 2875 848 2932 sed
901 2885 964 2935 ut
1020 2881 1488 2944 manifestaretur
1533 2889 1592 2946 in
1641 2868 1838 2964 Israel,

115 2967 421 3051 propterea
474 2963 610 3020 veni
663 2980 766 3037 ego
825 2967 889 3024 in
937 2984 1087 3044 aqua
1143 2973 1440 3048 baptizans
1485 2982 1663 3048 (Joan.
1704 2985 1766 3051 1).
1813 2963 1835 3034 ς

120 3048 417 3141 Praevenit
468 3065 605 3110 eum
654 3058 970 3129 nascendo,
1040 3063 1423 3138 praedicando,
1481 3048 1836 3141 baptizando,

1925 2266 2012 2316 cet
2045 2257 2358 2327 Elisabeth,
2400 2259 2569 2332 quasi
2607 2258 2905 2316 mensibus
2944 2259 3149 2331 tribus,
3191 2266 3245 2318 et
3289 2275 3515 2318 reversa
3564 2268 3650 2320 est

1926 2347 1988 2405 in
2033 2349 2271 2406 domum
2317 2363 2480 2406 suam
2533 2349 2679 2421 (Luc.
2724 2350 2783 2419 1).
2844 2372 2870 2396 ››
2909 2349 2959 2404 Α
3014 2347 3384 2421 conceptione
3431 2348 3648 2422 quippe

1925 2435 2178 2506 Domini,
2210 2451 2394 2510 usque
2444 2435 2515 2492 ad
2550 2435 2906 2492 nativitatem
2947 2434 3012 2492 B.
3051 2435 3292 2493 Joannis
3335 2442 3448 2494 tres
3476 2451 3646 2493 men-

1927 2542 2017 2584 ses
2062 2535 2216 2584 sunt.
2267 2527 2505 2586 Nolebat
2554 2526 2746 2599 itaque
2785 2525 2961 2582 Maria
3012 2522 3152 2580 127
3190 2524 3502 2594 discedere,
3553 2523 3653 2581 do-

1927 2631 2034 2674 nec
2077 2615 2405 2688 grandaevae
2458 2620 2512 2672 et
2564 2630 2858 2688 puerperae
2899 2613 3284 2672 ministerium
3325 2611 3648 2671 sedulitatis

1925 2705 2300 2777 impenderet,
2359 2711 2414 2761 et
2472 2719 2603 2776 quae
2662 2703 2933 2774 gestabat
2961 2702 3021 2761 in
3065 2701 3198 2760 aula
3243 2701 3335 2760 sui
3390 2699 3647 2774 corporis

1924 2792 2174 2867 Regem,
2230 2799 2485 2850 cerneret
2549 2792 2767 2849 anteire
2815 2805 3160 2863 prwoouem.
3214 2789 3382 2848 Felix
3423 2797 3646 2863 partus,

1924 2898 2098 2957 quem
2142 2881 2244 2939 illa
2291 2881 2395 2940 lux
2444 2881 2658 2954 excipit
2687 2896 2821 2954 quas
2855 2879 3151 2938 illuminat
3175 2893 3407 2938 omnem
3453 2879 3647 2937 homi-

1925 2989 2059 3032 nem
2091 2973 2415 3030 venientem
2449 2973 2510 3029 in
2541 2973 2699 3030 hunc
2729 2970 3014 3028 mundum
3054 2973 3230 3038 (Joan.
3265 2972 3301 3040 1)
3332 2974 3341 3028 l

1998 3061 2109 3120 Sed
2167 3061 2308 3119 dum
2362 3063 2489 3119 haec
2543 3060 2860 3133 loquimur,
2905 3066 3135 3131 repente
3181 3057 3426 3132 quaestio
3480 3056 3647 3116 nobis

116 3139 443 3215 moriendo,
475 3149 759 3213 postremo
787 3155 843 3204 et
879 3117 1198 3208 adlinrferos
1237 3117 1652 3215 descendendo.
1693 3117 2206 3218 Prae:coboritur,
2254 3164 2386 3222 quae
2436 3117 2786 3206 dubietatem
2845 3117 3057 3205 inferre
3116 3117 3234 3205 non
3295 3146 3421 3203 sine
3474 3159 3647 3204 causa

115 3228 288 3320 cessit
341 3229 536 3303 itaque
591 3231 927 3308 Dominum,
984 3242 1274 3311 praacessit
1329 3249 1385 3300 et
1440 3246 1833 3320 semetipsum.

115 3318 269 3409 Ante
312 3319 474 3409 enim
519 3337 696 3396 quam
746 3327 1142 3400 conciperetur
1196 3331 1258 3388 in
1307 3338 1488 3405 utero,
1531 3318 1838 3409 paternum

115 3420 179 3463 os
221 3405 603 3468 incredulitas
647 3411 891 3485 clausit;
925 3417 1078 3488 quod
1120 3419 1242 3492 ipse
1287 3405 1594 3496 antequam
1635 3425 1835 3498 loque-

115 3503 297 3567 retur,
327 3501 699 3572 expressione
738 3503 830 3561 sui
865 3506 1122 3564 nominis
1161 3509 1507 3569 mirabiliter
1541 3518 1832 3575 reseravit.

113 3585 296 3644 Plane
341 3603 476 3647 cum
525 3592 772 3650 necdum
808 3602 994 3668 posset
1023 3597 1364 3658 hominibus
1408 3602 1582 3660 verba
1627 3605 1835 3680 depro—

108 3691 292 3770 mere,
339 3682 524 3770 potuit
579 3685 925 3744 exsultando
973 3687 1246 3748 latentem
1285 3691 1345 3750 in
1384 3700 1546 3752 utero
1585 3696 1835 3770 Virginis

108 3764 331 3858 Regem
362 3769 492 3826 coeli
545 3775 820 3833 maternis
877 3777 1198 3837 visceribus
1247 3782 1540 3844 nuntiare.
1585 3764 1835 3858 Spiritus

105 3856 270 3913 enim
315 3865 563 3930 sanctus,
613 3863 715 3935 qui
767 3879 922 3937 eum,
971 3875 1283 3943 antequam
1332 3871 1536 3930 vitales
1581 3856 1834 3949 carperet

103 3963 318 4039 auras,"
357 3953 656 4025 animavit,
716 3955 908 4032 ipsum
978 3976 1214 4034 quoque
1288 3965 1537 4022 materni
1596 3968 1834 4039 pudoris

105 4037 448 4112 hospitium,
492 4043 555 4100 in
607 4059 722 4117 quo
779 4045 1037 4120 degebat,
1085 4049 1370 4124 implevit.
1421 4037 1832 4115 Unde—Elisa-

105 4125 246 4182 beth
296 4145 309 4184 :
362 4149 389 4179 (ι
429 4129 592 4202 Ecce,
623 4134 834 4208 inquit,
884 4144 947 4195 ut
989 4139 1132 4196 facta
1180 4147 1263 4198 est
1314 4157 1429 4200 vox
1474 4143 1833 4205 salutationis

105 4220 223 4273 tuae
265 4218 322 4274 in
364 4223 607 4281 auribus
651 4226 812 4296 meis,
843 4229 1157 4287 exsultavit
1192 4230 1252 4288 in
1302 4232 1512 4305 gaudio
1543 4234 1738 4294 infans
1768 4236 1829 4294 in

103 4315 273 4367 utero
302 4325 428 4368 meo
456 4316 610 4380 (Luc.
631 4319 691 4383 1).
731 4335 758 4367 »

178 4396 294 4454 Ubi
349 4401 734 4472 qumrendum
785 4409 870 4461 est
922 4407 1210 4480 quomodo
1242 4410 1367 4468 ﬁeri
1413 4413 1596 4483 potuit
1648 4420 1712 4472 ut
1768 4414 1826 4472 in

1926 3240 2208 3298 videatur.
2250 3238 2516 3296 Testatur
2551 3237 2763 3296 etenim
2811 3236 3097 3294 Dominus
3146 3237 3283 3309 quia
3337 3235 3488 3292 inter
3537 3249 3644 3292 na-

1927 3339 2012 3390 tos
2066 3331 2378 3390 mulierum
2419 3346 2533 3389 non
2583 3328 2838 3388 surrexit
2887 3328 3070 3400 major
3113 3327 3334 3386 Joanne
3391 3327 3644 3401 Baptista

1926 3425 2144 3495 (Matth.
2177 3424 2279 3493 x1).
2337 3420 2602 3479 Exclusit
2650 3421 2843 3493 itaque
2893 3421 3188 3494 majorem,
3237 3434 3354 3478 non
3412 3420 3644 3491 negavit

1925 3511 2229 3585 aequalem.
2285 3511 2438 3569 Hinc
2481 3517 2564 3568 est
2607 3511 2760 3584 quod
2811 3509 2878 3566 ad
2913 3508 3249 3567 Zachariam
3278 3507 3522 3580 angelus
3550 3508 3641 3566 di-

1924 3601 2038 3660 cit:
2078 3622 2104 3652 «
2136 3601 2263 3673 Ipse
2300 3599 2579 3674 przecedet
2607 3605 2741 3657 ante
2784 3598 2952 3656 illum
2985 3597 3047 3655 in
3080 3597 3307 3671 spiritu,
3343 3603 3399 3655 et
3427 3597 3641 3657 virtute

1930 3691 2068 3749 Elim
2103 3692 2254 3760 (Luc.
2288 3694 2346 3759 1).
2396 3712 2417 3742 ι»
2467 3689 2576 3747 Par
2623 3704 2757 3761 ergo
2802 3687 2950 3746 ΕΙὶεΒ
2993 3689 3246 3747 Joannes
3292 3685 3540 3756 videtur,
3574 3685 3632 3742 in

1921 3783 2089 3855 cujus
2128 3779 2334 3854 spiritu
2381 3786 2436 3836 et
2482 3780 2698 3837 virtute
2736 3785 3025 3836 venturus
3051 3776 3328 3836 asseritur
3348 3798 3363 3847 ;
3392 3790 3640 3850 praeser-

1921 3873 2023 3930 tim
2073 3887 2203 3930 cum
2245 3877 2300 3929 et
2343 3871 2477 3929 alibi
2520 3873 2643 3944 ipsa
2671 3870 2894 3928 Veritas
2919 3869 3070 3927 dicat
3103 3892 3114 3926 :
3154 3893 3180 3917 ‹‹
3209 3867 3365 3925 Elias
3388 3868 3506 3941 jam
3536 3881 3640 3924 ve-

1921 3962 2027 4032 nit,
2059 3967 2113 4019 et
2153 3976 2268 4019 non
2313 3967 2708 4033 cognoverunt
2757 3973 2915 4030 eum,
2964 3957 3063 4015 sed
3114 3956 3372 4014 fecerunt
3407 3956 3465 4013 in
3503 3969 3639 4014 eum

1921 4051 2314 4124 quodcunque
2350 4050 2660 4108 voluerunt
2689 4050 2902 4121 (Matth.
2931 4058 3083 4118 xvn,
3110 4045 3190 4117 12)
3217 4063 3228 4103 :
3259 4067 3280 4096 ι
3305 4051 3361 4102 et
3387 4044 3436 4102 si
3462 4043 3642 4102 vultis

1922 4140 2086 4206 scire,
2117 4139 2368 4197 Joannes
2395 4139 2516 4212 ipse
2546 4145 2630 4196 est
2656 4138 2831 4196 Elias.
2867 4137 2978 4198 Sed
3006 4149 3136 4194 ecce
3161 4150 3194 4191 e
3223 4134 3451 4192 diverso
3490 4130 3638 4190 illud

1920 4231 2166 4288 occurrit
2195 4229 2346 4292 quod
2390 4229 2615 4288 Eliseus
2654 4228 2944 4302 duplicem
2976 4228 3121 4287 Elite
3159 4227 3448 4302 spiritum,
3469 4225 3638 4298 juxta

1920 4320 2162 4379 modum
2212 4338 2333 4378 suae
2381 4320 2673 4394 petitionis
2712 4322 2945 4394 accepit.
2984 4347 3010 4370 ‹‹
3057 4320 3322 4389 Obsecro,
3370 4317 3638 4388 Domine,

1921 4416 1984 4468 ut
2029 4411 2128 4467 fiat
2180 4409 2416 4483 spiritus
2465 4417 2601 4468 tuus
2645 4409 2863 4484 duplex
2908 4412 2968 4468 in
3019 4427 3111 4468 me
3156 4411 3257 4481 (IV
3296 4414 3428 4478 Reg.
3481 4409 3561 4480 II).
3607 4431 3633 4455 η

102 4501 246 4543 eum
297 4487 544 4559 Spiritus
598 4499 831 4550 sanctus
887 4509 989 4551 sua
1035 4496 1184 4554 dona
1235 4479 1611 4569 diffunderet;
1669 4517 1824 4573 cum,
1850 4479 2078 4567 DQuod
2113 4497 2162 4556 si
2192 4479 2380 4555 Sliam
2410 4498 2637 4557 Eliseus
2667 4479 2970 4570 dupliciter
2995 4479 3306 4568 antecellit,
3348 4496 3634 4572 zequalem

96 4579 278 4651 juxta
309 4579 485 4637 ritum
512 4582 859 4641 conditionis
903 4585 1199 4658 humanm,
1234 4587 1423 4647 adhuc
1454 4590 1514 4647 in
1547 4590 1816 4666 iniquita-

108 4665 270 4723 tibus
304 4675 611 4741 conceptus
652 4670 944 4744 existeret,
978 4680 1034 4730 et
1061 4675 1310 4734 necdum
1357 4665 1665 4752 originalis
1695 4694 1828 4751 pec-

106 4757 222 4813 cati
269 4757 589 4829 vinculum,
622 4769 880 4836 percepta
918 4763 1114 4838 legalis
1157 4767 1539 4829 observantiae
1577 4770 1828 4828 circum-

107 4847 335 4907 cisione
362 4849 640 4920 solvisset,
672 4868 807 4910 cum
837 4869 938 4927 per
985 4855 1223 4930 Moysen
1260 4858 1459 4918 divina
1496 4876 1608 4918 vox
1633 4860 1783 4919 dicat
1812 4885 1824 4918 :

113 4960 144 4982 κ
196 4935 517 5006 Masculus,
567 4940 736 5014 cujus
791 4945 1057 5018 przeputii
1124 4962 1254 5004 caro
1311 4949 1649 5008 circumcisa
1711 4965 1824 5008 non

110 5027 314 5097 fuerit,
345 5029 555 5101 peribit
605 5033 803 5090 anima
839 5035 940 5093 illa
991 5037 1062 5094 de
1114 5039 1323 5110 populo
1367 5054 1512 5110 meo,
1551 5040 1830 5115 quoniam

111 5129 347 5192 pactum
378 5135 575 5180 meum
607 5121 836 5184 irritum
871 5125 1003 5184 fecit
1031 5129 1184 5194 tGen.
1216 5131 1384 5198 XVII).
1419 5154 1440 5180 ιι

192 5211 306 5271 Sed
359 5212 678 5270 notandum
734 5221 819 5272 est
889 5216 1028 5288 quia
1089 5217 1337 5290 Spiritus
1413 5218 1593 5278 sancti
1650 5220 1832 5292 gratia

112 5303 247 5376 lege
285 5318 402 5360 non
451 5304 774 5377 stringitur,
823 5308 1176 5366 necessitatis
1230 5309 1465 5368 vinculo
1518 5324 1632 5366 non
1676 5316 1832 5367 tene-

114 5399 252 5462 tur;
295 5392 392 5450 sed
447 5392 596 5450 sicut
643 5393 746 5451 ubi
777 5395 902 5453 vult
957 5397 1155 5470 spirat,
1213 5399 1294 5457 sic
1351 5404 1406 5455 et
1445 5398 1658 5472 quibus
1711 5397 1834 5455 vult

105 5483 292 5554 gratis
341 5496 450 5539 sua
480 5481 628 5540 dona
655 5482 966 5556 dispensat.
1002 5485 1144 5542 Nam
1176 5494 1232 5544 et
1267 5487 1597 5546 Cornelium
1631 5496 1832 5544 centu-

105 5570 380 5643 rionem,
432 5577 744 5654 antequam
803 5574 1073 5650 baptismi
1128 5577 1444 5658 susciperet
1495 5575 1827 5650 lavacrum,

1917 4589 2060 4646 Elite
2118 4588 2402 4647 Joannem
2473 4589 2763 4661 quomodo
2825 4603 2935 4646 non
2992 4594 3260 4660 superat,
3318 4603 3432 4660 quo
3486 4585 3637 4643 inter

1917 4684 2080 4735 natos
2103 4676 2421 4734 mulierum
2451 4676 2636 4750 major
2663 4691 2834 4733 nemo
2866 4675 3167 4734 surrexit?

1986 4765 2426 4836 Verumtamen,
2481 4772 2546 4823 ut
2591 4764 2848 4824 solvatur
2914 4763 3180 4840 quaestio,
3228 4764 3634 4837 ponderandus

1917 4864 2000 4915 est
2056 4871 2277 4924 sensus,
2319 4861 2382 4912 ut
2433 4854 2583 4927 quod
2642 4854 2856 4913 durum
2895 4854 2956 4912 in
3011 4854 3200 4912 verbis
3247 4853 3634 4912 exterioribus

1917 4951 2099 5017 sonat,
2155 4945 2224 5003 de
2269 4945 2364 5020 pia
2411 4946 2732 5002 intentione
2777 4943 3081 5016 procedere
3123 4943 3388 5001 discretio
3442 4941 3631 5000 sobrie

1918 5034 2220 5092 sentientis
2288 5033 2594 5106 intelligat.
2648 5033 2875 5090 Durum
2947 5031 3160 5104 quippe
3227 5030 3424 5089 sonuit
3475 5031 3628 5104 quod

1917 5125 2145 5184 Eliscus
2172 5123 2461 5197 duplicem
2501 5122 2759 5194 magistri
2798 5121 3067 5194 spiritum
3113 5121 3303 5194 petiit;
3337 5136 3470 5180 cum
3509 5137 3626 5180 non

1916 5218 1989 5274 sit
2037 5214 2358 5289 discipulus
2397 5229 2573 5287 super
2623 5213 2960 5285 magistrum
3000 5216 3221 5281 (Matth.
3271 5220 3358 5283 Χ).
3403 5213 3514 5274 Sed
3553 5227 3627 5270 ex

1916 5323 2060 5380 pura
2095 5311 2282 5363 mente
2311 5303 2508 5378 petitio
2533 5303 2640 5360 ista
2673 5303 2964 5375 processit,
3006 5305 3143 5376 quia
3175 5319 3286 5362 non
3332 5311 3622 5362 terrenum

1916 5395 2162 5469 aliquid,
2191 5396 2288 5453 sed
2329 5391 2691 5468 spiritualem
2733 5391 2972 5464 gratiam
3005 5391 3332 5464 postulavit.
3371 5391 3536 5450 Unde
3572 5398 3625 5449 et

1917 5483 2074 5542 Elias
2128 5483 2294 5557 quasi
2347 5482 2792 5554 subindignatus
2847 5481 3079 5540 incauta
3126 5481 3394 5554 discipuli
3452 5481 3626 5540 verba

1918 5575 2229 5648 redarguit,
2278 5589 2409 5632 cum
2491 5575 2571 5633 ait
2619 5598 2632 5631 :
2680 5599 2706 5624 α
2747 5574 2892 5634 Rem
2957 5572 3248 5633 difﬁcilem
3325 5572 3626 5654 postulasti
