4070 6198
397 232 506 293 639

1015 227 1074 288 S.
1117 226 1341 287 PETRI
1377 223 1701 284 DAMIANI
1738 219 1897 282 OPP.
1940 220 2130 281 PARS
2171 221 2315 283 SEU
2351 222 2603 284 TOMUS
2643 222 2718 282 Π.
2763 255 2829 268 -
2871 221 3290 285 SEBMONES.

3800 229 3916 290 640

397 356 502 427 (IV
540 359 671 424 Reg.
719 353 776 423 ΙΙ)
813 372 827 411 :
867 375 888 403 ο
946 352 1367 426 simplicitatem
1423 364 1561 407 vero
1612 345 1722 422 piae
1773 344 2173 408 intentionisA
2192 361 2443 405 vernans
2492 346 2767 420 pudicitia
2816 346 3136 419 virginum,
3182 347 3272 406 vel
3322 346 3383 405 in
3442 349 3634 408 verbis
3676 351 3815 408 vitae
3847 367 3917 410 se

391 443 695 517 aspiciens,
745 447 953 515 praesto
1006 435 1307 515 subjuﬁgit
1349 465 1362 500 :
1418 462 1444 484 α
1490 439 1757 493 Attamen
1811 433 1860 490 si
1901 432 2114 491 videris

397 549 490 592 me
537 532 766 606 quando
819 529 985 588 tollar
1021 544 1054 586 a
1100 532 1183 598 te,
1231 525 1339 584 erit
1388 524 1541 599 quod
1590 522 1779 597 petisti
1826 522 2023 594 (Ibid.).
2082 542 2109 575 »

401 622 526 680 Non
567 617 830 677 videlicet
870 615 1196 690 duplicitas,
1237 629 1414 688 quam
1452 615 1719 672 incautus
1757 625 1943 668 sermo
1981 625 2113 683 pro-

399 710 608 780 fundit,
655 709 754 767 sed
789 709 1008 766 donum
1036 706 1294 780 spiritus,
1335 704 1486 779 quod
1522 702 1734 761 humili
1783 717 1847 759 ac
1892 701 2115 758 sincera

403 799 610 857 mentis
641 796 960 855 intentione
999 794 1286 869 quaesivit.
1313 793 1435 851 Hoc
1460 794 1651 869 itaque
1681 791 1849 849 modo
1889 806 2112 864 nequa-

398 904 572 966 quam
615 886 894 945 Joannem
937 890 1168 958 superat
1206 883 1450 952 Eliseus,
1493 883 1642 940 sicut
1683 895 1786 937 nec
1817 878 2000 952 major
2030 885 2112 936 est

394 992 571 1052 quam
620 975 791 1032 Elias.
842 974 1254 1032 Verumtamen
1315 973 1363 1030 si
1419 987 1594 1029 sacrae
1649 969 1906 1028 historia:
1961 975 2114 1027 teno-

396 1081 518 1124 rem
571 1064 911 1138 inspicimus
953 1064 1280 1136 diligenter,
1343 1063 1670 1121 uberiorem
1724 1060 1850 1117 sive
1906 1059 2115 1118 clario-

395 1170 517 1212 rem
563 1154 822 1212 Eliseum
879 1169 1054 1226 quam
1106 1153 1294 1211 Eliam
1346 1153 1406 1210 in
1459 1151 1871 1210 miraculorum
1940 1153 2117 1212 fuisse

397 1242 711 1302 virtutibus
760 1241 1115 1302 invenimus.
1159 1242 1264 1300 Ille
1309 1242 1592 1299 nimirum
1652 1241 1856 1298 vivens
1909 1241 2118 1301 defun-

390 1341 548 1394 ctum
590 1350 839 1408 puerum
889 1333 1027 1391 vitae
1065 1334 1312 1392 restituit
1344 1338 1448 1402 (III
1481 1338 1610 1401 Reg.
1654 1337 1823 1402 xvn),
1860 1331 1966 1390 iste
1992 1333 2116 1406 jam

396 1431 662 1482 mortuus
718 1429 1011 1481 mortuum
1077 1422 1369 1482 suscitavit
1435 1426 1541 1491 (IV
1593 1425 1723 1490 Reg.
1798 1426 1946 1490 xui).
2007 1421 2115 1480 Illo

397 1513 793 1587 prophetante,
825 1512 1030 1585 hydria
1074 1511 1298 1583 farinze,
1331 1518 1385 1570 et
1423 1511 1685 1586 lecythus
1728 1510 1840 1568 olei
1873 1525 1990 1568 non
2016 1511 2114 1570 de-

395 1601 528 1660 fecit
584 1603 681 1674 (III
729 1605 858 1670 Reg.
914 1601 1234 1672 xvn);iste
1291 1601 1541 1659 obsessae
1592 1606 1645 1656 et
1704 1599 1930 1658 amictae
1971 1601 2116 1658 civi-

2196 442 2459 494 exerceat
2489 435 2688 508 lingua
2707 434 3031 506 doctorum,
3047 435 3189 495 citra
3211 444 3420 494 metam
3437 437 3682 496 Joannis
3709 442 3914 499 omnia

2197 523 2558 595 cohibentur,
2611 524 2874 598 nihilque
2933 525 3164 585 virtutis
3223 526 3518 594 humana),
3585 528 3732 586 nihil
3767 528 3915 587 reli-

2195 618 2405 693 gionis,
2445 621 2595 679 nihil
2624 619 2990 693 perfectionis
3035 619 3187 678 ultra
3225 621 3576 696 progeditur.
3603 622 3782 698 Cujus
3823 625 3920 682 in—

2197 710 2596 783 comparabilis
2610 711 2743 768 vitae
2755 708 2964 768 seriem
2980 725 3090 767 non
3108 709 3600 786 historiographus
3614 714 3916 788 quispiam

2196 805 2320 869 post
2360 799 2488 872 ejus
2525 798 2750 856 obitum
2789 799 2993 871 texuit,
3033 799 3131 857 sed
3162 801 3542 873 archangelus
3574 803 3670 861 ille
3701 805 3917 877 praeci-

2193 901 2348 958 puus
2383 895 2692 962 antequam
2731 895 3037 961 conceptus
3085 896 3232 946 esset
3278 889 3336 946 in
3384 897 3564 961 utero,
3601 891 3748 982 siqut
3796 893 3917 951 Do-

2195 972 2363 1044 mini,
2417 973 2498 1031 sic
2537 981 2592 1032 et
2639 975 2816 1048 hujus
2854 991 3025 1048 opera
3082 975 3344 1034 miranda
3394 972 3917 1053 narravit.'Hujus

2201 1078 2337 1120 sane
2381 1065 2739 1137 praeconium
2789 1082 2904 1124 non
2945 1066 3258 1124 assertione
3305 1068 3544 1126 veridici
3598 1068 3919 1143 cujuslibet

2201 1151 2476 1224 hominis,
2509 1154 2605 1211 sed
2634 1169 2709 1211 ex
2743 1169 2840 1212 ore
2880 1152 3065 1227 ipsius
3097 1153 3344 1214 Summae
3383 1157 3698 1216 didicimus
3744 1157 3917 1216 Veri-

2199 1241 2349 1299 tatis.
2379 1242 2447 1299 Et
2497 1242 2595 1302 ille
2639 1250 2724 1302 est
2752 1251 2997 1302 assertor
3044 1251 3098 1302 et
3146 1245 3414 1304 laudator
3441 1245 3704 1316 Joannis,
3736 1249 3838 1322 qui
3883 1266 3919 1306 a

2197 1333 2421 1391 cunctis
2459 1333 2788 1392 caelestibus
2829 1350 2893 1392 ac
2938 1335 3180 1393 terrenis
3227 1335 3495 1394 laudatur
3532 1344 3586 1395 et
3625 1337 3893 1398 benedici

2201 1431 2291 1482 tur
2336 1424 2629 1482 creaturis.
2667 1424 2757 1482 Ab
2811 1425 2910 1484 illo
2969 1425 3220 1500 denique
3276 1427 3449 1485 verbo
3488 1428 3737 1487 Joannis
3777 1439 3920 1488 sunt

2197 1511 2528 1586 deprompta
2581 1514 2886 1586 praeconia,
2938 1529 3037 1587 per
3083 1515 3239 1588 quod
3297 1516 3534 1574 fundata
3588 1524 3676 1575 est
3726 1518 3915 1588 arida,

2200 1610 2504 1661 moventur
2546 1603 2752 1671 sidera,
2785 1602 3013 1662 condita
3062 1612 3201 1662 sunt
3248 1605 3551 1664 elementa.
3593 1606 3917 1666 Enimvero

394 1694 495 1752 tati
533 1695 798 1768 protinus
834 1694 896 1751 in
937 1692 1087 1750 diem
1133 1691 1378 1750 alterum
1417 1690 1780 1749 incredibiles
1815 1691 2115 1750 hostilium
2143 1699 2432 1770 Bquantae
2479 1692 2925 1764 magnificentiae
2978 1700 3063 1752 est
3122 1695 3194 1752 ab
3239 1695 3341 1752 illo
3400 1697 3604 1753 mereri
3663 1699 3915 1770 gloriam

397 1790 714 1842 castrorum
766 1782 956 1856 copias
1007 1780 1218 1839 obtulit
1282 1785 1378 1852 {IV
1428 1785 1559 1850 Reg.
1624 1783 1717 1853 v1).
1775 1782 1982 1854 Atque,
2047 1787 2110 1838 ut
2191 1779 2398 1849 laudis,
2443 1780 2599 1853 apud
2654 1796 2827 1855 quem
2881 1797 3115 1839 summa
3171 1783 3410 1840 felicitas
3465 1789 3549 1841 est
3606 1786 3917 1860 impetrare

395 1873 559 1932 brevi
599 1878 806 1931 cuncta
853 1871 1211 1942 concludam,
1263 1871 1419 1928 Elius
1473 1871 1799 1939 duodecim,
1859 1871 2103 1941 Eliseus,
2191 1870 2421 1930 veniam
2468 1869 2713 1943 pietatis,
2772 1878 2826 1929 et
2873 1872 2945 1930 ab
3004 1872 3105 1931 illo
3152 1874 3408 1947 praeferri
3460 1876 3826 1950 hominibus,
3883 1898 3916 1938 a

396 1969 461 2023 ut
511 1961 824 2034 Scripturae
870 1961 1079 2018 veritas
1112 1960 1300 2033 tradit,
1331 1960 1533 2033 viginti
1568 1968 1814 2034 quatuor
1851 1961 2108 2018 miracu-
2190 1974 2308 2034 quo
2356 1959 2674 2032 gloriosum
2727 1968 2812 2019 est
2862 1967 3158 2037 utcunque
3216 1963 3496 2037 probari?
3557 1967 3657 2023 Ait
3701 1968 3914 2027 enim:

394 2050 588 2112 lorum
632 2049 812 2122 signis
861 2049 1084 2119 enituit,
1141 2065 1274 2122 quas
1322 2048 1606 2119 videlicet,
1642 2050 1780 2122 quia
1809 2049 2106 2107 fastidium
2194 2071 2222 2101 ‹‹
2262 2048 2410 2117 Quid
2470 2049 2672 2106 existis
2729 2049 2963 2108 videre?
3028 2052 3416 2126 prophetam?
3463 2054 3600 2113 Dico
3651 2057 3822 2115 vobis
3864 2065 3921 2116 et

396 2139 743 2207 devitamus,
787 2139 879 2196 hic
937 2154 1276 2196 enumerare
1348 2139 1765 2213 postponimus.
1813 2137 2111 2208 Quomodo
2193 2139 2499 2215 plusquam
2529 2141 2862 2214 prophetam
2900 2145 3123 2211 (Matth.
3154 2150 3264 2212 x1).
3300 2164 3326 2196 »

396 2227 576 2301 igitur
623 2227 799 2302 hujus
844 2243 934 2284 me
974 2227 1122 2284 nodo
1161 2227 1502 2300 quaestionis
1531 2229 1854 2302 expediam,
1889 2234 1952 2286 ut
1981 2243 2112 2300 pro-

398 2322 511 2381 lata
549 2319 950 2395 magnitudine
983 2320 1242 2391 Joannis,
1271 2337 1385 2380 non
1421 2322 1646 2380 vacillet
1679 2322 1961 2381 sententia
2001 2321 2114 2378 Ve-

399 2411 604 2481 ritatis,
636 2425 749 2484 qua
788 2410 999 2467 dicitur
1033 2409 1092 2467 in
1133 2410 1282 2468 natis
1319 2410 1632 2469 mulierum
1674 2426 1789 2469 non
1829 2427 1951 2468 esse
1988 2427 2112 2468 ma-

393 2499 580 2573 jorem
618 2498 842 2558 Joanne
893 2497 1188 2571 Baptista?
1244 2499 1388 2556 Nam
1427 2498 1476 2556 si
1528 2499 1712 2572 major
1761 2507 1847 2557 est
1894 2499 2117 2558 Eliseus

401 2604 576 2664 quam
625 2589 802 2658 Elias,
851 2604 984 2660 ergo
1032 2589 1213 2662 major
1261 2593 1345 2646 est
1390 2594 1446 2645 et
1489 2588 1732 2647 Joanne.
1783 2589 1947 2659 Quod
1994 2590 2118 2648 tieri

405 2675 765 2750 impossibile
794 2682 901 2733 est.

481 2764 591 2824 Sed
627 2765 940 2823 notandum
981 2765 1136 2839 quod
1164 2765 1323 2830 aliud
1355 2771 1438 2822 est
1468 2780 1742 2839 magnum
1783 2765 1922 2840 quid
1953 2781 2120 2838 agere

407 2854 468 2912 in
519 2852 702 2924 signis
746 2853 1181 2924 miraculorum,
1222 2853 1381 2912 aliud
1434 2870 1709 2928 magnum
1759 2869 1884 2912 esse
1920 2855 1981 2911 in
2015 2871 2121 2913 ex-

407 2941 675 3000 cellentia
729 2942 1086 3000 meritorum.
1144 2941 1290 3000 Nam
1345 2942 1393 3001 si
1446 2943 1516 3002 de
1566 2943 1860 3002 miraculis
1907 2944 2118 3017 agitur,

410 3032 642 3094 nullum
685 3031 886 3090 fecisse
931 3033 1282 3092 miraculum
1337 3034 1620 3093 Joannem
1671 3030 1811 3088 128
1863 3034 1920 3090 in
1964 3034 2117 3094 Scri-

411 3129 711 3198 pturarum
740 3121 966 3196 paginis
989 3122 1303 3182 invenitur.
1339 3123 1448 3184 Sed
1473 3123 1740 3198 nunquid
1760 3130 1986 3198 propter
2013 3124 2121 3182 hoc

412 3210 654 3270 inﬁmus
695 3210 803 3268 erit
836 3211 1104 3270 omnium
1132 3220 1481 3279 sanctorum,
1515 3212 1653 3287 quia
1691 3211 1851 3271 nulla
1881 3212 2124 3270 traditur

413 3300 578 3374 signa
652 3299 851 3358 fecisse
917 3299 1242 3358 virtutum?
1305 3301 1530 3359 Eliseus
1607 3316 1742 3373 ergo
1804 3300 1985 3374 major
2040 3306 2122 3357 est

415 3406 591 3468 quam
634 3390 790 3448 Elias
835 3390 896 3447 in
941 3390 1299 3449 exhibitione
1345 3393 1668 3464 signorum,
1711 3406 1884 3466 quem
1931 3399 2121 3449 tamen

416 3497 784 3558 nequaquam
840 3488 1074 3554 superat
1124 3483 1186 3540 in
1232 3483 1472 3541 cumulo
1531 3483 1887 3540 meritorum.
1937 3483 2020 3540 Ita
2072 3487 2127 3539 et

414 3570 664 3629 Joannes
707 3585 809 3642 par
839 3570 1074 3643 quidem
1123 3579 1206 3631 est
1247 3571 1425 3641 Elite;
1463 3571 1598 3644 quia
1628 3571 1775 3630 sicut
1811 3571 1912 3628 ille
1942 3587 2126 3644 praeco

419 3661 652 3719 futurus
693 3666 778 3716 est
815 3659 1066 3733 judicis;
1111 3661 1189 3718 ita
1237 3667 1292 3718 et
1339 3661 1433 3718 hic
1470 3676 1790 3733 praecursor
1828 3661 2014 3719 factus
2044 3669 2127 3719 est

417 3751 832 3826 Redemptoris,
883 3752 980 3810 sed
1031 3751 1213 3824 major
1274 3753 1419 3822 Elia,
1449 3754 1586 3827 quia
1649 3771 1826 3828 quem
1881 3756 2126 3813 demon-

417 3842 636 3912 stravit,
669 3842 841 3900 etiam
881 3841 1209 3915 baptizavit.
1253 3843 1318 3900 In
1352 3843 1452 3901 illo
1479 3843 1731 3918 denique
1771 3844 2128 3918 baptismatis

418 3939 776 3990 sacramento
826 3931 1094 3990 Jordanis
1143 3930 1300 3989 unda
1340 3931 1520 4006 magis
1559 3940 1642 3990 est
1680 3933 1793 3990 lota
1835 3949 2012 4006 quam
2040 3934 2127 3991 la-

419 4021 522 4089 vit,
554 4035 629 4077 ex
678 4035 792 4092 qua
827 4019 1066 4094 insuper
1117 4020 1234 4077 vim
1277 4020 1742 4078 sanctificationis
1779 4021 1970 4079 omnis
1997 4021 2125 4080 ubi-

419 4127 533 4185 que
573 4117 853 4169 terrarum
892 4127 1041 4182 aqua
1073 4112 1348 4184 concepit.
1389 4110 1516 4168 Illic
1552 4111 1614 4169 B.
1649 4112 1899 4170 Joannes
1933 4126 2127 4169 vocem

421 4198 605 4257 Patris
627 4197 868 4270 audivit,
913 4197 1190 4271 Spiritum
1233 4205 1492 4256 sanctum
1527 4199 1587 4256 in
1624 4197 1910 4256 columbas
1943 4199 2127 4271 specie

419 4285 859 4343 descendentem
909 4285 1155 4359 aspexit,
1189 4285 1549 4344 tremendum
1603 4287 1825 4361 angelis
1875 4288 1974 4346 Dei
2030 4289 2127 4346 Fi-

420 4373 568 4431 lium
607 4373 728 4432 suis
764 4373 1034 4432 manibus
1073 4372 1441 4446 inclinatum,
1475 4375 1643 4450 aquis
1680 4376 1941 4434 intinxit.
1971 4377 2123 4437 Illud

418 4466 576 4523 enim
656 4465 1098 4525 fundamentum
1177 4472 1232 4522 et
1300 4467 1461 4539 origo
1531 4466 1887 4541 baptismatis
1952 4469 2126 4528 rebus

399 4546 684 4624 ostendit,
725 4553 880 4627 quod
937 4553 1155 4613 Veritas
1195 4555 1560 4628 postmodum
1605 4555 1918 4630 discipulos
1959 4572 2127 4630 agere

421 4642 611 4701 verbis
659 4641 872 4700 virtute
922 4643 1106 4716 plenis
1158 4643 1401 4702 edocuit.
1447 4665 1473 4696 (ι
1530 4643 1632 4714 Ite,
1665 4645 1876 4718 inquit,
1933 4645 2127 4704 docete

419 4749 621 4792 omnes
674 4741 891 4806 gentes,
949 4734 1298 4808 baptizantes
1347 4751 1442 4793 eos
1496 4735 1554 4790 in
1621 4736 1856 4794 nomine
1921 4737 2124 4809 Patris,

419 4818 476 4882 et
530 4825 684 4895 Filii,
725 4830 781 4884 et
837 4825 1088 4899 Spiritus
1129 4825 1308 4884 sancti
1364 4828 1586 4893 (Matth.
1649 4831 1889 4895 XXVIII).
1935 4848 1960 4879 »
2004 4827 2132 4888 Illic

421 4932 511 4975 res
543 4917 843 4976 manifesta
873 4925 927 4975 et
977 4933 1095 4976 non
1137 4917 1347 4989 verba;
1389 4917 1483 4974 hic
1530 4916 1703 4975 verba
1746 4924 1801 4975 et
1839 4933 1929 4976 res
1972 4935 2123 4986 vera,

420 5004 516 5063 sed
566 5005 806 5064 occulta.
837 5004 1089 5063 Joannes
1139 5005 1332 5079 itaque
1382 5005 1770 5065 humanorum
1827 5006 1994 5066 limes
2045 5016 2129 5067 est

420 5094 778 5152 meritorum.
864 5092 1388 5166 Quantumcunque
1457 5095 1614 5152 enim
1681 5097 1977 5169 apostolici
2037 5114 2125 5156 se-

420 5190 588 5240 natus
618 5183 861 5241 excellat
881 5184 1210 5254 auctoritas,
1228 5191 1752 5258 quantumcunque
1776 5183 1866 5242 vel
1893 5186 2128 5260 patriar-

417 5272 660 5330 charum
740 5272 882 5330 lides
959 5272 1017 5330 in
1072 5273 1272 5331 divina
1327 5272 1616 5346 agnitione
1691 5272 1966 5347 proficiat,
2030 5274 2123 5334 vel

420 5363 824 5436 prOpbetarum
864 5363 1094 5421 oracula
1144 5363 1210 5421 ad
1268 5363 1570 5422 referenda
1607 5379 1814 5421 arcana
1854 5363 2124 5438 mysteria

421 5450 837 5520 convalescant,
887 5451 1314 5525 quantumlibet
1363 5458 1513 5510 certe
1548 5450 1880 5511 cumuletur
1918 5451 2122 5510 trium-

421 5538 726 5615 phantium
785 5537 969 5613 gloria
1019 5548 1363 5613 martyrum,
1425 5541 1806 5614 quantumvis
1867 5539 2122 5600 eﬂloreat

2269 2229 2377 2287 Sed
2421 2229 2558 2302 quia
2611 2230 2887 2303 propheta
2933 2231 3084 2289 inter
3139 2240 3374 2294 caeteros
3427 2235 3694 2294 homines
3755 2251 3921 2308 egre-

2195 2319 2326 2393 gius
2368 2325 2452 2376 est
2495 2326 2550 2375 et
2592 2319 2859 2392 insignis,
2891 2322 2990 2394 qui
3023 2322 3257 2380 nullum
3287 2325 3346 2381 in
3387 2325 3686 2383 communi
3724 2325 3922 2383 homi-

2199 2423 2341 2466 num
2383 2422 2593 2479 genere
2627 2407 2846 2466 habens
2887 2411 3191 2482 tequalem,
3227 2412 3398 2470 etiam
3433 2414 3728 2486 propheta}
3764 2429 3920 2486 pra;-

2200 2498 2452 2571 ponitur,
2506 2503 2695 2568 restat,
2754 2506 2816 2558 ut
2863 2501 2980 2574 jam
3063 2517 3177 2559 non
3260 2503 3451 2571 homo,
3504 2503 3600 2561 sed
3668 2504 3921 2575 angelus

2201 2595 2587 2662 nuneupetur.
2638 2587 2802 2647 Unde
2854 2596 2906 2647 et
2949 2591 3202 2649 subdidit
3258 2617 3270 2651 :
3326 2615 3351 2644 ‹‹
3399 2593 3505 2650 Hic
3544 2601 3628 2650 est
3661 2594 3824 2651 enim
3851 2594 3925 2651 de

2202 2692 2316 2750 quo
2364 2677 2641 2748 scriptum
2691 2683 2774 2733 est
2807 2696 2818 2734 :
2855 2677 2996 2734 Ecce
3039 2693 3143 2751 ego
3185 2680 3345 2738 mitto
3380 2679 3649 2752 angelum
3694 2697 3919 2748 meum,

2205 2765 2306 2840 qui
2359 2765 2704 2839 przeparabit
2762 2765 2912 2823 viam
2970 2775 3102 2826 ante
3163 2769 3368 2826 faciem
3420 2775 3575 2827 tuam
3621 2771 3843 2838 (Ibid.).
3891 2793 3918 2822 υ

2208 2850 2318 2910 Sed
2348 2856 2405 2909 et
2432 2852 2491 2908 in
2522 2852 2914 2926 suppositione
2951 2869 3054 2912 sua
3097 2855 3306 2914 melius
3338 2855 3400 2913 B.
3431 2856 3685 2915 Joannes
3722 2864 3926 2914 osten-

2204 2940 2362 2999 ditur
2419 2947 2701 3014 quantum
2762 2941 2986 2999 caeteris
3045 2943 3380 3002 hominibus
3427 2945 3790 3019 praeferatur,
3850 2947 3926 3004 de

2206 3045 2320 3106 quo
2374 3029 2655 3088 Dominus
2696 3053 2708 3088 :
2755 3030 2926 3101 «Qui
2979 3040 3194 3103 autem,
3243 3033 3452 3108 inquit,
3481 3034 3674 3092 minor
3719 3042 3810 3093 est
3860 3037 3926 3094 in

2207 3135 2385 3192 regno
2411 3119 2708 3190 caelorum,
2740 3125 2922 3193 major
2942 3129 3025 3180 est
3050 3123 3149 3182 illo
3165 3127 3358 3198 illud).
3397 3147 3422 3178 υ
3451 3125 3598 3195 Quia
3629 3126 3917 3185 nimirum

2206 3207 2552 3281 Redemptor
2599 3218 2809 3280 noster,
2861 3211 2962 3285 qui
3019 3212 3240 3270 Joanne
3301 3215 3491 3272 minor
3534 3221 3616 3272 est
3665 3215 3726 3272 in
3771 3224 3925 3274 terra

2206 3314 2307 3372 per
2357 3313 2648 3356 accessum
2688 3300 3044 3358 succedentis
3080 3302 3284 3373 aetatis,
3322 3303 3378 3359 in
3429 3305 3573 3363 coelo
3613 3306 3796 3379 major
3833 3315 3926 3364 est

2205 3403 2306 3460 per
2335 3394 2569 3445 aeternae
2611 3385 2750 3443 129
2783 3390 3155 3464 privilegium
3191 3394 3517 3466 majestatis.
3554 3396 3597 3453 Ο
3629 3394 3773 3452 felix
3811 3395 3924 3453 ista

2207 3475 2465 3549 dejectio,
2520 3477 2750 3550 quando
2789 3479 2960 3537 homo
3006 3479 3122 3538 Deo
3162 3481 3528 3554 supponitur,
3579 3498 3612 3539 a
3652 3481 3925 3540 Creatore

2208 3572 2466 3622 creatura
2501 3567 2864 3640 prmceditur,
2900 3568 3150 3642 exiguus
3185 3569 3256 3626 ab
3295 3569 3698 3629 immensitatis
3732 3570 3924 3643 gloria

2210 3660 2513 3727 superatur
2543 3659 2552 3712 ι
2585 3655 2765 3729 Major
2803 3671 2926 3714 esse
2960 3657 3184 3715 Joanne
3207 3657 3468 3718 Christus
3495 3659 3556 3716 in
3595 3659 3739 3716 coelo
3771 3658 3928 3716 dici-

2212 3749 2323 3813 tur,
2361 3743 2461 3800 ubi
2490 3760 2524 3801 a
2549 3745 2772 3802 cunctis
2800 3745 3078 3818 angelicae
3108 3747 3401 3821 dignitatis
3430 3747 3742 3806 virtutibus
3771 3747 3926 3805 ado-

2210 3841 2390 3905 ratur,
2429 3836 2524 3894 cui
2569 3834 2869 3892 cherubim
2919 3842 2975 3892 et
3030 3837 3319 3910 seraphim
3372 3836 3672 3894 humiliter
3723 3837 3925 3909 proci-

2209 3924 2377 3994 dunt,
2425 3926 2592 4000 cujus
2664 3926 3028 4000 Principatus
3095 3933 3147 3984 et
3222 3926 3530 3984 Potestates
3600 3926 3922 4000 imperium

2210 4015 2678 4087 contremiscunt,
2711 4015 2878 4089 cujus
2903 4016 3152 4090 denique
3183 4015 3412 4074 vultum
3454 4014 3778 4073 desiderant
3811 4029 3924 4071 an-

2210 4103 2323 4175 geli
2370 4103 2691 4176 prospicere
2725 4109 2774 4170 (I
2805 4109 2948 4162 Petr.
2982 4109 3060 4174 1);
3091 4104 3302 4163 Joanni
3331 4121 3390 4163 se
3415 4104 3677 4178 perhibet
3706 4104 3766 4162 in
3797 4119 3924 4162 c03-

2211 4190 2334 4248 lesti
2384 4190 2660 4264 dignitate
2714 4209 2978 4267 praeesse,
3032 4191 3090 4249 in
3144 4192 3314 4266 cujus
3387 4193 3554 4265 plane
3608 4202 3924 4266 conspectu

2208 4294 2410 4336 omnes
2455 4287 2654 4353 gentes
2698 4283 2862 4355 quasi
2911 4281 3064 4339 stilla
3092 4290 3226 4340 sunt
3261 4282 3474 4351 situlaa,
3508 4289 3562 4339 et
3585 4281 3752 4355 juxta
3784 4296 3922 4354 pro-

2209 4370 2396 4442 phetae
2424 4369 2790 4441 vaticinium,
2825 4372 2988 4445 quasi
3018 4371 3294 4441 nihilum,
3336 4381 3392 4429 et
3430 4371 3601 4428 inane
3639 4377 3924 4442 reputatae

2137 4437 2347 4516 Dsunt
2394 4461 2546 4525 (Isai.
2598 4463 2728 4530 XL);
2781 4437 2942 4516 beato
2996 4457 3120 4516 viro
3179 4473 3240 4515 se
3280 4437 3408 4516 non
3459 4437 3803 4531 dedignatur
3851 4459 3918 4517 in

2209 4548 2630 4618 comparatione
2679 4561 3033 4620 praeponere,
3074 4551 3137 4604 ut
3176 4547 3510 4605 inveniatur
3550 4547 3722 4604 homo
3758 4548 3921 4619 apud

2210 4637 2393 4695 Deum
2426 4653 2526 4710 pro
2558 4636 2897 4696 meritorum
2941 4635 3281 4695 excellentia
3325 4637 3489 4710 quasi
3537 4636 3724 4694 locum
3763 4652 3934 4694 com-

2209 4726 2519 4800 parationis
2564 4725 2793 4784 habere.
2827 4726 2937 4796 Qui
2991 4725 3145 4784 enim
3183 4732 3382 4784 auctor
3417 4731 3501 4782 est
3540 4725 3931 4796 celsitudinis,

2215 4815 2334 4888 ipse
2361 4814 2528 4872 nobis
2567 4816 2749 4872 factus
2791 4822 2874 4872 est
2903 4814 3172 4886 magister
3205 4813 3565 4872 humilitatis.
3597 4813 3710 4886 Ipsi
3741 4814 3934 4886 gloria

2214 4913 2270 4963 et
2314 4903 2648 4978 imperium,
2686 4912 2741 4962 et
2781 4904 2967 4975 modo,
2997 4910 3052 4962 et
3079 4904 3303 4972 amodo,
3340 4905 3401 4962 in
3439 4904 3649 4962 saecula
3680 4907 3931 4964 swculo-

2211 5013 2359 5056 rum.
2394 4999 2602 5054 Amen.

2819 5123 3068 5183 SERMO
3120 5122 3295 5181 XXV.

2209 5245 2289 5291 III.
2334 5243 2392 5291 IN
2444 5244 2799 5292 NATIVITATE
2842 5246 2870 5290 S
2931 5243 3172 5290 JOANNIS
3211 5241 3521 5287 BAPTISTE.
3557 5233 3729 5294 (XXIV
3764 5233 3925 5290 JUNJ

2279 5356 2479 5424 Multa,
2509 5356 2890 5424 dilectissimi,
2921 5355 3194 5414 novimus
3222 5354 3281 5412 in
3318 5352 3548 5412 laudem
3584 5352 3645 5410 Β.
3677 5351 3930 5410 Joannis

2207 5463 2238 5504 a
2281 5447 2538 5521 patribus
2577 5446 2789 5505 nostris
2830 5445 3062 5504 elimato
3101 5444 3248 5520 stle
3281 5443 3615 5517 composita,
3655 5448 3711 5498 et
3743 5441 3929 5500 lucu-

2207 5539 2387 5597 lenter
2432 5553 2720 5613 expressa.
2766 5535 3119 5613 Quapropter
3167 5535 3341 5594 rudes
3382 5549 3488 5594 nos
3538 5530 3787 5592 eruditis
3832 5532 3926 5590 in-
