4070 6198
155 247 261 306 641
1136 286 1143 291 ~
1406 320 1411 321 ί
1696 270 1854 331 SER]

2012 272 2157 331 lXV.
2456 270 2465 273 ’
3569 286 3676 346 642

154 380 479 485 generata
513 380 684 485 inter.
721 381 1055 485 eloquentes
1113 387 1510 485 erubescimus
1566 393 1870 457 balbutire.
1899 397 2251 460 AEcclesia.
2286 401 2498 459 Dentes
2531 402 2708 475 igitur
2738 418 2969 476 sponsa
3000 416 3138 465 sunt
3177 407 3434 468 doctores
3462 412 3666 485 sancti,

155 463 271 569 Sed
324 468 460 569 quis
511 476 690 569 taceat
736 473 799 530 in
850 476 1147 569 nativitate
1190 482 1393 542 vocis?
1427 483 1566 555 Quis
1621 488 1878 549 obmute-
1959 486 2061 560 qui
2115 490 2389 562 quoniam
2447 463 2738 569 simplices
2775 463 2890 567 ‘per
2946 494 3335 556 innocentiam
3402 504 3559 569 sunt,
3617 463 3674 559 et

154 563 357 658 scat‘a
418 559 589 658 laude.
625 566 951 658 praeconis:
961 568 1074 626 nisi
1121 570 1264 631 forte
1289 575 1390 648 qui
1428 575 1635 635 difﬁdit
1664 579 1732 636 ad
1772 581 1876 639 hoc
1957 559 2153 636 omnia
2200 559 2611 653 relinquentes,
2666 559 3005 643 facultatum
3062 601 3300 645 suarum
3356 559 3673 649 velleribus

154 646 317 750 quod
346 650 640 750 angelitus
670 653 875 750 audit?
912 656 1214 750 Zacharias
1244 646 1448 737 nempe
1477 666 1615 724 dum
1643 667 1876 742 loquen-
1956 675 2091 725 sunt
2122 669 2303 737 exuti,
2340 646 2408 727 ac
2451 646 2607 730 sacrit
2642 672 2998 746 baptismatis
3034 675 3190 734 unda
3222 646 3670 750 puriﬁcati,sic;

158 736 250 835 ti:
258 736 455 835 angeli
483 753 603 835 non
630 741 812 835 credit
838 745 1095 835 oraculo,
1134 736 1402 824 loquendi
1438 769 1572 812 mox
1612 736 1874 829 priVatur
1957 761 2022 814 ut
2075 772 2214 829 grex
2274 736 2573 817 tOnsarum
2620 736 2776 829 sunt,
2819 776 2955 835 qua
3007 736 3393 824 ascenderunt
3448 736 3529 825 de,
3564 736 3664 826 la-

152 821 455 928 o'ﬂicio,‘et
600 832 754 889 vocis
784 832 1120 909 adventum,
1155 821 1310 899 vocis
1334 842 1545 901 amittit
1573 821 1870 919 eloquium
1955 821 2141 904 vecta.
2178 845 2352 905 Venit
2395 849 2589 922 itaque
2635 821 2930 910 Judas‘ad
2980 821 3513 928 tondendas—“ovat,-
3544 821 3663 917 non

152 914 307 983 (Luc.
358 918 420 1013 ξ).
479 919 554 977 At
610 936 747 1015 vero
808 928 1103 1001 progenita
1158 933 1351 993 sobole
1386 981 1399 1007 ,
1450 952 1583 1010 qua
1648 914 1869 1012 paterni
1954 934 2193 1008 quidem
2232 937 2409 1007 solus,
2443 914 2539 996 sed
2588 954 2721 997 cum
2757 945 2982 1012 pastore
3019 958 3128 1000 suo
3167 914 3666 1015 Odollamite,

149 1017 480 1106 prosapiam
540 1014 768 1106 generis
828 1022 1246 1106 novagloria
1298 1025 1463 1085 titulo
1518 1028 1864 1100 decorabat,
1953 1038 2163 1081 nomen
2212 1031 2331 1082 erat
2375 1024 2562 1084 Hiras.
2599 1026 2779 1097 Quem
2825 1044 2928 1102 per
2963 1029 3362 1089 Odollamitem
3396 1014 3667 1106 intelligi-

150 1092 442 1194 dnm‘lam
476 1115 591 1158 non
633 1104 949 1194 addubitat,
981 1092 1076 1169 sed
1112 1113 1410 1188 imponere
1432 1119 1620 1194 potius
1657 1092 1867 1182 ηοωθῇ
1953 1126 2103 1182 mus,
2132 1112 2244 1170 nisi
2272 1112 2554 1173 Joannem
2572 1092 3039 1190 ?Jnterpretatur
3063 1124 3254 1177 autem
3293 1092 3665 1179 Odollamites

150 1183 429 1255 exsultat,
459 1203 582 1285 non
614 1193 783 1253 modo
826 1198 1148 1259 reformata
1194 1183 1304 1262 sibi
1354 1183 1659 1267 locutionis
1712 1226 1872 1285 orga-
1952 1202 2317 1255 testimonium
2372 1204 2431 1256 ίη
2478 1219 2644 1273 αφλα·
2703 1183 2848 1262 Gnnl
2915 1205 3025 1262 n00
3093 1204 3262 1278 Plane
3334 1206 3663 1265 testimonio

152 1285 295 1330 num
333 1279 685 1373 “restituitur
714 1330 730 1353 ,
791 1287 891 1344 sed
936 1295 992 1346 et
1040 1292 1355 1365 prophetici
1403 1296 1637 1370 spiritus
1689 1279 1870 1373 gratia
1951 1288 2112 1345 Venit
2162 1287 2446 1348 Dntntnns
2484 1293 2553 1349 nd
2591 1309 2804 1367 nquam
2847 1294 3219 1368 baptismatis»
3256 1295 3473 1354 habens
3527 1297 3661 1370 qni'

149 1362 537 1460 cumulatur;
602 1377 656 1427 et
708 1375 808 1446 qui
861 1362 1102 1435 eatenus
1145 1362 1483 1441 facultatem
1537 1362 1866 1461 proferendi
1951 1375 2083 1435 ἀοω
2130 1377 2524 1438 testimonium
2564 1362 2755 1454 mitius
2806 1362 3046 1451 Joanne»
3094 1362 3458 1457 SBdVPt‘ODteP
3494 1362 3660 1443 inﬁt”

150 1465 593 1553 cujuscunque
630 1464 915 1553 sermonis
973 1466 1283 1542 amiserat9
1335 1471 1454 1545 iam
1517 1477 1869 1550 ριοοριιριειιίε
1950 1480 2075 1553 mas
2119 1481 2277 1535 oves,
2312 1467 2418 1525 hoc
2464 1467 2795 1527 testimonio
2835 1471 2919 1527 uti
2961 1470 3231 1543 dignatus
3266 1477 3352 1529 est
3389 1472 3451 1529 in
3486 1488 3660 1546 aqua.

150 1542 418 1634 vaticinii
453 1542 673 1634 ditatus
723 1552 974 1624 oraculo,
1027 1557 1284 1629 mysterii
1337 1542 1867 1622 salutaris-arcana
1951 1552 2117 1611 Unde
2149 1568 2282 1611 cum
2325 1554 2544 1614 Videfet
2580 1571 2717 1614 ennl
2758 1556 2830 1614 nd
2867 1542 3137 1616 JOPdniniS
3174 1559 3390 1617 ﬂuenta
3419 1542 3661 1634 proniu-

152 1628 695 1724 revelat._Joannes
723 1639 891 1713 plane
926 1658 1044 1701 vox
1079 1628 1216 1714 erat,
1262 1645 1518 1708 Verbum
1549 1667 1866 1723 pracurre-
1949 1648 2247 1715 quantem,
2311 1645 2572 1717 Pl‘nttnns
2627 1647 2979 1719 θΧοΙὶὶῐΠὶῑῐιεν
3046 1648 3124 1706 ait
3184 1668 3195 1705 ε
3248 1628 3661 1724 ΕεεΘ-Αέηυε

152 1718 276 1819 bat,
299 1726 354 1778 et
408 1721 657 1819 Verbum
688 1732 1087 1792 annuntiabat.
1126 1735 1319 1811 Hujus
1358 1718 1690 1812 vocis,-sive
1716 1730 2071 1819 praa-BDei,
2107 1746 2234 1788 ecce
2282 1733 2382 1806 qui
2440 1734 2591 1792 tollit
2643 1743 2870 1808 peccata
2925 1718 3131 1795 mundi
3180 1738 3365 1806 (Joan.
3408 1742 3474 1805 I).
3506 1718 3543 1787 v-
3589 1735 3660 1795 Et

147 1812 331 1904 conis,
395 1819 448 1870 et
486 1813 663 1904 Isaias
710 1820 1118 1893 prophetarum
1170 1825 1426 1886 eximius
1463 1846 1651 1904 praeco
1682 1812 2303 1894 fictus—evangelista
2331 1823 2471 1881 dicit
2517 1844 2530 1883 :
2578 1846 2605 1878 α
2636 1825 3057 1885 Testimonium
3087 1827 3385 1901 perhibuit
3409 1826 3663 1886 Joannes

150 1896 360 1991 iuerat,
397 1915 528 1991 cum
558 1902 877 1991 clamabat:
913 1932 934 1961 ιι
968 1909 1094 1969 Vox
1132 1912 1434 1974 clamantis
1465 1896 1541 1975 ’ίῃ
1593 1919 1816 1980 deserto
1846 1942 1858 1980 ε
1946 1907 2182 1967 dicens:
2219 1909 2364 1980 Quia
2410 1912 2531 1971 vidi
2585 1913 2866 1986 Spiritum
2904 1896 3345 1975 descendentem
3382 1921 3658 1991 tanquam

154 1980 358 2042 Parate
410 1987 563 2085 viam
625 1989 854 2053 Domini
900 1997 1048 2069 (Isai.
1109 2000 1223 2073 XL).
1281 2028 1309 2051 ιι
1369 2002 1478 2062 Per
1522 2005 1863 2068 Malachiam
1945 1997 2275 2085 columbam
2304 2000 2375 2057 de
2398 2001 2564 2072 calo,
2603 1980 2657 2060 et
2694 2003 2908 2061 mansit
2945 2018 3117 2076 super
3143 2018 3302 2085 eum,
3334 2010 3390 2061 et
3418 1980 3525 2076 ego
3556 2019 3658 2061 ne-

147 2086 385 2172 quoque
414 2076 612 2172 divina
636 2096 752 2172 vox
783 2084 894 2143 ait;
926 2106 951 2138 ‹‹
984 2086 1128 2146 Ecce
1154 2089 1320 2149 mitto
1346 2091 1616 2165 angelum
1642 2112 1858 2168 meum,
1946 2083 2195 2172 sciebam
2234 2102 2404 2159 eum;
2458 2089 2556 2147 sed
2603 2091 2702 2164 qui
2750 2092 2909 2149 misit
2953 2107 3048 2149 me
3077 2076 3363 2165 baptizare
3391 2093 3452 2150 in
3481 2108 3654 2165 aqua,

146 2167 253 2254 qui
280 2167 629 2239 praparabit
660 2170 815 2229 viam
847 2179 1003 2232 tuam
1031 2182 1163 2234 ante
1194 2183 1266 2235 te.
1296 2198 1325 2231 ››
1770 2178 1790 2200 ⁸
1844 2167 1848 2168 ⁷
1947 2171 2047 2229 ille
2067 2174 2212 2232 mihi
2235 2175 2385 2233 dixit
2413 2195 2425 2234 :
2462 2177 2649 2252 Super
2677 2193 2853 2253 quem
2880 2178 3097 2237 videris
3126 2179 3406 2254 Spiritum
3425 2180 3659 2239 descen-

219 2251 564 2344 l‘ensemus,
598 2258 801 2319 fratres
853 2263 1203 2337 charissimi,
1235 2268 1326 2326 vir
1372 2269 1480 2327 iste
1519 2285 1692 2344 quam
1741 2288 1865 2331 ma-
1946 2261 2201 2332 dentem.
2228 2270 2283 2321 et
2307 2251 2639 2323 manentem
2664 2251 2839 2340 super
2861 2282 3018 2337 eum.
3047 2268 3141 2324 hic
3168 2251 3253 2326 ést
3281 2267 3382 2341 qui
3408 2267 3692 2340 baptizat.

143 2341 389 2433 gniﬁca
408 2344 709 2433 privilegio
736 2350 1110 2414 sublimitatis
1139 2357 1409 2429 emineat,
1441 2341 1619 2433 quam
1650 2359 1865 2419 incom.
1946 2348 2007 2406 in
2047 2349 2266 2422 Spiritu
2305 2360 2501 2412 sancto
2541 2355 2750 2427 (Ibid)
2784 2377 2806 2406 ι
2843 2355 2949 2413 Cui
2978 2354 3196 2413 scilicet
3231 2356 3441 2415 visioni
3478 2357 3653 2415 etiam

141 2430 396 2502 parabili
428 2432 772 2497 celsitudine
802 2443 1141 2502 meritorum
1183 2448 1335 2505 inter
1377 2430 1705 2510 sanctorum
1734 2450 1866 2509 cho-
1949 2453 2160 2498 nomen
2195 2443 2438 2514 PnStOt'tS
2468 2442 2631 2502 “tius
2658 2443 2954 2518 aptissime
2990 2445 3272 2518 congnntt-
3304 2444 3655 2519 Ιοῐεπρτθιει-

146 2532 240 2577 ros
276 2520 552 2612 excellat,
593 2528 694 2599 qui
725 2528 793 2585 ad
828 2529 1011 2589 instar
1040 2530 1369 2604 Salvatoris,
1398 2544 1453 2595 et
1495 2554 1527 2595 a
1572 2538 1863 2612 prophetis
1948 2535 2043 2588 tur
2070 2530 2229 2589 enim
2262 2531 2456 2604 Hiras.
2491 2536 2692 2602 Ῑνατνίε
2718 2537 2825 2589 νηοί
2851 2537 3011 2591 υίείο·
3046 2533 3185 2591 Erat
3217 2519 3428 2607 quippe
3455 2533 3653 2592 Domi-

140 2611 658 2703 anteipradictus,
686 2626 739 2675 et
775 2619 850 2677 ab
895 2622 1118 2695 eodem,
1151 2641 1265 2698 quo
1307 2614 1612 2699 Dominus,
1657 2611 1862 2703 angelo
1946 2632 2059 2675 nus
2117 2620 2291 2677 frater
2347 2619 2625 2690 Joannis,
2684 2637 2799 2680 non
2852 2621 3022 2681 modo
3077 2621 3401 2680 secundum
3451 2638 3651 2681 semen

144 2702 497 2761 nuntiatus:
537 2704 720 2779 ipsius
774 2710 1014 2786 insuper
1057 2716 1385 2777 testimonio
1434 2718 1699 2777 Veritatis
1746 2702 1859 2778 im-
1944 2705 2216 2777 Αδΐθῧεθι
2245 2707 2341 2765 sed
2374 2708 2546 2767 etiam
2571 2709 2742 2783 illth
2776 2710 3181 2783 cognationem
3223 2708 3421 2769 Μθτίδδ
3445 2719 3502 2769 et
3527 2711 3652 2771 ΕΠ·-

151 2794 377 2851 mensis
418 2795 659 2858 laudum
712 2805 1016 2876 praconiis
1060 2807 1280 2866 exstitit
1313 2808 1618 2882 gloriosus.
1659 2809 1858 2870 Talem
1942 2795 2163 2853 sanetu-

147 2881 366 2957 quippe
420 2884 658 2947 decebat
709 2899 772 2950 ut
827 2893 1060 2954 haberet
1108 2881 1353 2955 caelestis
1403 2897 1662 2973 Sponsus
1707 2901 1854 2959 ami-

137 2984 310 3070 cum}.
361 2975 493 3032 talis
545 2981 839 3070 Oportebat
885 2990 949 3043 ut
992 2992 1139 3045 esset
1190 2986 1495 3046 faderator
1532 2988 1857 3047 caelestium

141 3066 511 3134 nuptiarum.
548 3089 569 3115 -
615 3066 724 3137 Qui
770 3072 962 3144 habet,
1012 3074 1224 3150 inquit,
1275 3091 1566 3148 sponsam,
1610 3092 1857 3151 sponsus

140 3156 226 3206 est
282 3154 465 3217 (Joan.
515 3159 645 3226 III);
699 3160 923 3219 amicus
974 3168 1165 3221 autem
1223 3164 1437 3236 sponsi,
1485 3163 1587 3237 qui
1645 3171 1753 3222 stat
1805 3171 1859 3223 et

141 3239 305 3327 audit
357 3256 516 3313 eum,
550 3246 765 3317 gaudio
814 3252 1026 3323 gaudet
1061 3258 1292 3326 pmpter
1337 3268 1534 3311 vocem
1583 3254 1797 3327 sponsi.
1834 3277 1856 3307 ι

148 3326 216 3385 Ut
276 3334 473 3389 autem
528 3340 722 3392 sancta
777 3335 1030 3397 Ecclesia
1084 3339 1157 3396 ab
1190 3341 1352 3398 omni
1397 3355 1562 3400 coeno
1614 3326 1859 3416 contagii

141 3424 520 3493 purgaretur,
551 3428 608 3479 et
658 3438 773 3481 non
824 3425 1047 3484 habens
1086 3428 1373 3487 maculam
1424 3444 1615 3504 neque
1657 3446 1856 3503 rugam

144 3506 367 3577 (Ephes.
420 3509 500 3580 v),
558 3510 805 3572 calestis
861 3513 1069 3588 Sponsi
1123 3517 1406 3576 thalamos
1456 3520 1682 3592 ingredi
1733 3535 1858 3577 me-

139 3602 388 3665 reretur,
438 3597 587 3657 beati
636 3601 812 3677 hujus
870 3607 1255 3680 paranymphi
1312 3609 1587 3682 mysterio
1649 3611 1859 3669 factum

136 3692 241 3754 est,
279 3684 471 3757 quiet
525 3688 850 3749 Jordanicis
896 3693 1172 3753 ﬂuctibus
1217 3696 1519 3767 immersit,
1542 3697 1665 3771 ipsa
1710 3713 1859 3772 quo-

138 3795 250 3851 que
309 3779 458 3837 180
508 3781 730 3839 ﬂuenta
784 3788 1117 3855 tergentem,
1164 3791 1217 3841 et
1275 3785 1533 3859 ejusdem
1584 3785 1856 3861 baptismi

143 3870 436 3945 totiusque
461 3868 768 3929 munditia
799 3869 940 3928 lavit
967 3877 1279 3929 auctorem.

216 3958 447 4017 Harum
493 3960 746 4033 profecto
782 3959 1120 4031 nuptiarum
1165 3960 1344 4019 Judas
1380 3961 1479 4019 ille
1509 3962 1754 4035 ﬁguram
1783 3967 1854 4019 te-

146 4047 298 4116 nuit,
326 4048 431 4123 qui
478 4047 547 4107 ad
594 4048 911 4107 tondendas
940 4064 1077 4108 oves
1108 4049 1167 4107 in
1200 4049 1497 4109 Thamnas
1521 4066 1652 4109 cum
1691 4050 1854 4121 Hira,

140 4138 226 4195 sui
262 4135 531 4196 videlicet
554 4138 743 4211 gregis
767 4138 1042 4213 opilione,
1069 4138 1359 4197 descendit
1390 4142 1537 4213 (Gen.
1574 4142 1852 4214 XXXVIII).

143 4222 440 4282 Thamnas
485 4233 676 4283 autem
736 4228 989 4297 deﬁciens
1042 4227 1467 4301 interpretatur,
1527 4244 1628 4302 per
1679 4241 1857 4301 quam

138 4314 409 4373 videlicet
457 4317 779 4390 Synagoga,
814 4318 875 4375 in
908 4333 1022 4391 qua
1064 4334 1225 4392 reges
1263 4326 1317 4377 et
1362 4319 1657 4393 propheta
1708 4320 1859 4377 defe-

138 4412 354 4476 cerant,
390 4405 561 4464 simul
596 4412 652 4464 et
680 4406 898 4477 unctio,
930 4406 1112 4465 donec
1140 4408 1382 4478 veniret,
1414 4408 1508 4465 cui
1537 4407 1856 4480 repositum

2012 2891 2171 2950 Vidit
2200 2893 2395 2967 itaque
2418 2893 2669 2953 Joannes
2709 2895 2944 2954 fratrem
2980 2911 3156 2955 suum
3192 2896 3385 2957 adhuc
3420 2897 3653 2956 clausus

1939 2980 2002 3038 in
2031 2988 2215 3053 utero,
2245 2982 2393 3041 vidit
2419 2983 2482 3042 in
2523 2984 2824 3058 baptismo,
2858 2984 3002 3042 vidit
3028 2984 3212 3043 oculis
3239 2986 3427 3044 carnis
3459 2986 3651 3043 homi-

1943 3083 2098 3140 nem,
2132 3070 2280 3128 vidit
2309 3070 2370 3128 in
2399 3072 2607 3145 spiritu
2637 3072 3010 3146 maiestatem.
3058 3072 3218 3131 Unde
3254 3080 3309 3130 et
3346 3072 3652 3147 utriusque

1944 3158 2126 3232 hujus
2180 3158 2437 3218 nominis
2494 3159 3029 3234 interpretationem
3060 3207 3077 3232 ,
3128 3160 3301 3219 Hiras
3349 3159 3649 3232 videlicet,

1942 3247 2097 3321 quod
2124 3252 2213 3305 est
2241 3250 2445 3316 fratris
2470 3253 2578 3305 mei
2614 3253 2775 3314 visio,
2805 3256 2860 3307 et
2891 3247 3269 3318 Odollamitis,
3299 3250 3452 3324 quod
3488 3257 3654 3309 sonat

1943 3344 2315 3398 testimonium
2364 3346 2423 3399 in
2474 3360 2643 3414 aqua,
2678 3343 2830 3400 idem
2874 3343 3127 3401 Joannes
3160 3343 3269 3400 sub
3306 3342 3487 3399 unius
3519 3357 3653 3400 sen-

1945 3429 2136 3487 tentia
2191 3431 2480 3490 versiculo
2524 3432 3003 3505 comprehendit,
3058 3430 3257 3490 dicens
3293 3453 3306 3487 :
3350 3450 3379 3483 «
3421 3429 3495 3487 Et
3544 3444 3651 3503 ego

1942 3517 2086 3591 vidi,
2118 3525 2174 3576 ct
2220 3522 2622 3580 testimonium
2668 3520 2955 3595 perhibui,
3000 3520 3142 3596 quia
3188 3520 3282 3578 hic
3326 3526 3414 3578 est
3463 3518 3649 3578 Filius

1940 3607 2045 3664 Dei
2071 3609 2281 3678 (Ibid).
2313 3630 2334 3659 ι
2371 3608 2652 3667 Veniente
2679 3609 2856 3682 igitur
2881 3608 2913 3668 J
2921 3607 3033 3667 uda
3054 3608 3127 3666 ad
3156 3624 3293 3668 oves
3314 3607 3647 3676 tondendas,

1941 3696 2196 3755 Thamar
2245 3702 2434 3755 mutat
2488 3697 2771 3768 habitum,
2807 3696 2949 3771 quia
2976 3703 3163 3754 mutat
3199 3696 3456 3771 spiritale
3485 3710 3652 3755 voca-

1938 3784 2169 3843 bulum.
2232 3783 2484 3842 Thamar
2534 3783 2750 3858 quippe
2824 3791 3160 3841 commutans
3221 3784 3651 3857 interpretatur.

1939 3874 2086 3934 Nam
2124 3874 2195 3932 de
2249 3874 2555 3948 Synagoga
2608 3875 2669 3932 ﬁt
2719 3875 2992 3934 Ecclesia.
3037 3874 3145 3934 Sed
3194 3876 3364 3949 juxta
3411 3875 3649 3945 litteras,

1938 3963 2092 4023 idem
2120 3979 2333 4022 nomen
2362 3964 2767 4024 amaritudinis
2797 3971 2992 4023 manet
3018 3988 3031 4023 :
3065 3980 3184 4024 non
3214 3964 3397 4034 illius,
3432 3963 3497 4022 in
3534 3976 3649 4037 qua

1939 4053 2187 4112 Domino
2215 4053 2289 4111 fel
2317 4054 2389 4111 ad
2423 4054 2743 4114 bibendum
2776 4054 2945 4113 miles
2973 4054 3183 4115 obtulit
3211 4073 3226 4126 ;
3260 4054 3358 4113 sed
3395 4054 3523 4129 ejus
3545 4068 3651 4128 po-

1944 4144 2081 4215 tius,
2111 4143 2170 4201 in
2202 4144 2321 4217 Qua
2347 4142 2551 4203 Petrus
2589 4152 2714 4218 post
2754 4145 2976 4218 lapsum
3012 4159 3208 4203 amare
3244 4145 3406 4203 flevit
3428 4146 3649 4219 (Matth.

1941 4237 2160 4301 XXVII).
2208 4231 2239 4290 J
2246 4232 2388 4291 udas
2433 4238 2627 4291 autem
2661 4235 2881 4305 (Matth.
2922 4234 3095 4305 XXVI)
3126 4236 3392 4302 confessio
3416 4231 3648 4291 dicitur.

1941 4320 2196 4379 Thamar
2219 4336 2356 4395 ergo
2381 4337 2513 4381 cum
2549 4319 2683 4377 131
2718 4322 2869 4382 Juda
2896 4322 3206 4393 dormiens,
3220 4323 3486 4396 protinus
3508 4337 3649 4381 con-

1940 4410 2114 4483 cipit;
2155 4410 2293 4483 quia
2330 4426 2464 4469 cum
2500 4410 2849 4470 confessioni
2885 4411 3208 4469 amaritudo
3246 4414 3541 4481 miscetur,
3580 4410 3655 4469 ad

136 4502 260 4552 erat
311 4497 655 4556 ostenditur.
720 4476 893 4555 Unde
938 4502 994 4555 et
1041 4513 1143 4571 per
1203 4476 1538 4571 prophetam
1592 4476 1804 4575 dicitur
1845 4476 1924 4554 :D
1946 4476 2317 4571 proferendos
2357 4498 2714 4572 poenitentia
2747 4499 2973 4557 fructus
3008 4505 3199 4556 sancta
3227 4514 3367 4558 mox
3398 4476 3651 4558 Ecclesia

139 4606 165 4638 α
217 4586 369 4644 Cum
425 4589 649 4645 venerit
698 4587 942 4647 Sanctus
986 4595 1337 4658 sanctorum,
1381 4587 1625 4646 cessabit
1666 4587 1863 4646 unctio

137 4680 302 4745 (Dan.
338 4679 444 4749 IX).
476 4700 503 4731 ν
538 4676 687 4747 Quid
730 4679 923 4754 itaque
965 4695 1067 4753 per
1108 4678 1339 4747 Judam,
1369 4678 1471 4753 qui
1521 4678 1591 4737 ad
1621 4678 1861 4737 tonden-

1946 4587 2310 4646 fecundatur.
2342 4586 2506 4645 Unde
2539 4593 2597 4644 et
2626 4586 2873 4645 Joannes
2904 4605 2916 4643 :
2963 4610 2988 4637 ι
3022 4586 3231 4656 Facite,
3271 4588 3485 4661 inquit,
3518 4587 3645 4644 fru-

1947 4684 2072 4735 ctus
2110 4676 2316 4750 dignos
2360 4674 2715 4749 paenitentia
2760 4677 2980 4741 (Matth.
3012 4676 3109 4737 III).
3153 4700 3181 4724 κ
3222 4675 3333 4744 Qui
3362 4675 3648 4734 nimirum

135 4765 238 4825 das
285 4783 425 4827 oves
469 4768 532 4826 in
576 4767 866 4826 Thamnas
918 4769 1097 4840 venit,
1124 4768 1237 4826 nisi
1286 4767 1633 4842 Redemptor
1669 4756 1866 4826 noster
1950 4763 2308 4840 poenitentia
2355 4765 2579 4823 fructus
2624 4766 2683 4822 in
2742 4762 3103 4823 Hierusalem
3155 4764 3380 4837 primus
3429 4762 3647 4836 erupit,

138 4854 511 4928 intelligitur,
544 4855 646 4929 qui
677 4860 741 4913 ut
770 4870 925 4925 oves,
960 4870 1093 4928 qua
1127 4855 1411 4927 perierant
1438 4855 1651 4913 domus
1684 4854 1860 4913 Israel

137 4947 290 5010 (Luc.
321 4954 451 5016 XV),
484 4951 823 5003 exoneraret
848 4944 1112 5018 peccatis,
1135 4943 1206 5001 ad
1239 4943 1602 5019 Synagogam
1630 4946 1859 5005 venisse

138 5030 550 5105 cognoscitur?
582 5031 746 5091 Unde
775 5040 829 5090 et
873 5030 1131 5105 Sponsus
1178 5030 1249 5089 ad
1297 5048 1565 5106 sponsam
1606 5033 1665 5091 in
1705 5032 1855 5090 Can-

141 5121 269 5179 ticis
305 5142 317 5180 :
354 5142 383 5175 et
413 5122 628 5180 Dentes
666 5122 748 5181 tui
789 5123 936 5181 sicut
965 5137 1109 5196 grex
1140 5127 1458 5193 tonsarum,
1490 5137 1623 5196 qua
1655 5137 1855 5180 ascen-

140 5209 356 5268 derunt
393 5210 463 5267 de
505 5211 728 5269 lavacro
761 5213 937 5281 (Cant.
974 5217 1079 5279 IV).
1121 5233 1147 5261 »
1200 5209 1376 5269 Porro
1423 5211 1622 5269 dentes
1659 5210 1855 5269 Eccle-

136 5298 243 5355 sia
291 5300 476 5357 sancti
524 5307 848 5358 noscuntur
899 5315 1024 5359 esse
1073 5300 1350 5369 doctores,
1383 5304 1631 5374 quorum
1670 5298 1857 5371 primo

134 5386 357 5445 dictum
406 5393 536 5445 est:
574 5409 595 5437 ι
631 5385 833 5458 Macta,
862 5393 917 5446 et
957 5388 1244 5447 manduca
1285 5389 1432 5457 (Act.
1475 5393 1560 5454 X).
1603 5408 1626 5438 ι
1676 5387 1759 5444 Ac
1808 5387 1856 5446 si

137 5473 356 5533 diceret
388 5499 401 5532 :
444 5476 537 5534 Ab
578 5491 669 5546 eo,
709 5476 862 5550 quod
901 5483 1056 5546 sunt,
1097 5475 1291 5549 gladio
1333 5474 1590 5549 spiritus,
1630 5473 1737 5532 hoc
1772 5480 1858 5532 est

142 5563 324 5623 verbo
380 5563 828 5638 pradicationis,
877 5563 1091 5636 occide,
1133 5572 1188 5624 et
1230 5567 1293 5625 in
1354 5578 1564 5639 corpus
1612 5563 1857 5623 transfer

1946 4857 2145 4930 sicque
2200 4856 2571 4929 postmodum
2594 4871 2710 4929 per
2755 4869 2987 4914 omnem
3026 4853 3233 4912 mundi
3279 4851 3647 4911 latitudinem

1942 4942 2277 5018 pullulavit.
2324 4943 2475 5001 Hinc
2521 4943 2745 5002 Veritas
2772 4942 2910 5000 dicit
2952 4961 2964 5000 :
3003 4941 3304 5015 Oportebat
3352 4939 3646 4999 Christum

1938 5034 2076 5110 pati,
2121 5039 2177 5090 et
2218 5048 2518 5106 resurgere
2560 5048 2592 5090 a
2640 5030 2884 5090 mortuis
2908 5031 3007 5089 die
3039 5031 3219 5100 tertia,
3258 5038 3310 5087 et
3348 5029 3648 5103 pradicari

1938 5123 1999 5180 in
2030 5121 2271 5180 nomine
2305 5121 2432 5194 ejus
2472 5120 2891 5194 penitentiam,
2915 5126 2970 5176 et
3007 5118 3407 5176 remissionem
3449 5132 3647 5191 pecca-

1938 5215 2129 5269 torum
2168 5209 2231 5266 in
2289 5222 2493 5267 omnes
2537 5212 2758 5281 gentes,
2795 5205 3128 5279 incipiendo
3163 5205 3236 5263 ab
3280 5203 3645 5265 Hierusalem

1940 5300 2088 5372 (Luc.
2115 5299 2309 5369 XXIV).
2336 5321 2360 5347 ι
2405 5296 2551 5354 Nam
2582 5302 2638 5354 et
2666 5296 2788 5369 ipse
2817 5294 3191 5354 meretricalis
3234 5294 3465 5353 habitus
3504 5308 3643 5353 con-

1940 5388 2248 5445 fessionem
2295 5383 2586 5457 signiﬁcat
2623 5388 2985 5456 peccatorum
3018 5399 3033 5454 ;
3075 5382 3199 5441 sive
3226 5382 3365 5456 quia
3391 5380 3645 5442 Thamar

1937 5490 2010 5533 ex
2064 5474 2293 5534 duobus
2345 5472 2632 5546 corruptis
2685 5471 3051 5544 componitur
3105 5471 3318 5542 verbis,
3378 5471 3643 5530 Thamna

1935 5562 2199 5634 scilicet,
2250 5561 2405 5637 quod
2455 5561 2707 5632 deﬁciens
2755 5559 3005 5631 dicitur;
3054 5566 3109 5619 et
3138 5558 3330 5632 Mars.
3369 5561 3524 5635 quod
3557 5565 3642 5618 est
