4022 6202
481 289 589 359 643

1106 285 1167 345 S.
1214 281 1436 343 PETRI
1472 277 1793 340 DAMIANI
1830 276 1989 338 OPP.
2032 274 2225 339 PARS
2280 274 2421 335 SEU
2459 274 2710 336 TOMUS
2748 275 2824 335 II.
2866 306 2933 317 —
2973 271 3409 342 SERMONES.-

3795 289 3868 349 bit

473 412 806 472 aman‘tudo.
862 408 1016 473 Bene
1064 408 1121 467 in
1176 423 1243 467 ea
1289 404 1616 466 amaritudo
1664 402 1888 472 defecit,
1923 415 2058 461 cum
2102 384 2253 463 fe-'A
2272 415 2339 459 eo
2398 405 2689 471 nascente,
2728 399 2997 459 clamavit
3036 424 3049 458 :
3097 420 3124 454 «
3160 397 3338 469 Quare
3386 400 3554 473 divisa
3597 410 3670 464 est
3702 419 3867 485 propter

472 505 664 565 cunda
719 502 864 567 facta
908 503 978 561 de
1017 498 1220 570 sterili,
1255 498 1487 558 dulcem
1529 495 1666 555 novi
1701 492 1981 568 germinis
2027 490 2188 550 sobo-

474 595 592 654 lem
644 592 981 668 procreavit.
1026 590 1278 649 Thamar
1328 588 1508 662 igitur
1562 603 1598 645 a
1653 602 1771 644 non
1813 587 2189 656 cognoscente

477 683 686 742 fetatur
705 698 722 753 ;
767 680 905 756 quia
949 685 1143 737 sancta
1183 677 1436 736 Ecclesia
1470 681 1757 752 quantum
1795 673 1866 731 ad
1896 669 2188 747 gentilita-

480 778 615 843 tem,
646 772 710 830 in
753 768 1089 844 primordio,
1116 767 1258 826 dum
1300 782 1468 824 nova)
1506 765 1639 824 ﬁdei
1676 778 1873 823 semen
1918 759 2184 833 concipit,

475 876 592 920 non
617 858 965 932 agnoscitur.
999 856 1166 915 Unde
1215 863 1271 914 et
1322 854 1550 913 canitur
1585 873 1597 911 :
1635 873 1663 908 ι(
1699 851 1974 926 Populus,
2016 862 2191 923 quem

476 964 594 1007 non
621 946 889 1022 cognovi,
925 944 1167 1004 servivit
1199 943 1343 1002 mihi
1386 945 1560 1013 (Psal.
1602 942 1771 1015 xvn).
1808 965 1835 989 ››
1867 940 1938 997 Et
1966 937 2187 998 Isaias:

480 1057 502 1086 ιι
530 1034 695 1105 Ecce,
748 1034 849 1105 ait,
906 1038 1138 1107 gentem
1201 1047 1377 1107 quam
1445 1030 1743 1089 nesciebas
1806 1025 2078 1095 vocabis;
2137 1030 2192 1082 et

476 1128 678 1197 gentes
736 1137 870 1197 quae
915 1127 969 1181 te
1025 1136 1143 1183 non
1195 1124 1632 1193 cognoverunt,
1692 1117 1763 1175 ad
1833 1123 1885 1173 te
1951 1117 2189 1172 current

478 1212 630 1284 (Isai.
658 1213 774 1283 LV).
809 1231 836 1263 )›

548 1299 726 1358 Porro
769 1303 984 1367 autem,
1022 1297 1180 1371 quod
1214 1296 1301 1355 illi
1334 1294 1538 1354 haedus
1574 1309 1673 1367 per
1710 1292 1982 1355 eumdem
2016 1289 2188 1350 Odoi-

476 1388 737 1447 lamitem
774 1387 1046 1456 mittitur,
1077 1385 1237 1459 quid,
1273 1383 1389 1442 nisi
1419 1400 1521 1457 per
1556 1382 1843 1443 Joannem
1879 1382 2023 1439 facta
2058 1393 2187 1453 pec-

478 1484 739 1541 catorum
783 1476 1148 1548 exprobratio
1208 1470 1594 1547 designatur?
1628 1471 1802 1542 Quasi
1855 1471 2009 1528 enim
2066 1469 2191 1527 hie-

478 1567 624 1627 dum
664 1564 955 1627 meretrici
994 1564 1233 1638 portitor
1263 1563 1554 1632 afferebat,
1592 1576 1727 1620 cum
1766 1557 2095 1635 properanti
2120 1556 2194 1615 ad

2274 494 2325 545 te
2373 485 2666 547 maceria?
2698 509 2725 540 »
2768 486 2953 547 Omne
2990 486 3205 563 quippe
3234 503 3408 560 genus
3440 490 3723 554 humanum
3750 501 3868 570 quasi

2271 580 2509 639 distorta
2558 580 2843 638 silvarum
2904 578 3153 652 virgulta
3213 578 3473 638 adversus
3516 583 3786 643 venientem
3825 590 3864 646 in

2272 687 2444 730 carne
2473 670 2785 729 Dominum
2815 669 3123 728 maceriam
3154 667 3383 727 fecerat:
3414 676 3554 727 etne
3577 669 3640 728 ad
3663 687 3866 747 peragen.

2273 760 2417 821 dum
2456 760 2799 833 mysterium
2840 757 3249 831 redemptionis
3300 758 3674 832 ingrederetur,
3713 763 3865 820 unani-

2276 848 2446 906 miter
2492 847 2818 908 obsistebat.
2870 844 3035 903 Unde
3078 852 3135 902 et
3177 844 3382 904 Paulus
3422 870 3433 904 :
3486 870 3512 897 ιι
3553 847 3668 916 Nos,
3714 850 3864 923 inquit,

2275 936 2658 1010 praedicamus
2709 934 3005 993 Christum
3059 933 3418 1003 cruciﬁxum,
3470 933 3661 993 Judaeis
3697 936 3866 1010 quidem

2275 1027 2636 1097 scandalum,
2690 1026 2963 1101 gentibus
3001 1035 3197 1085 autem
3251 1024 3539 1084 stultitiam
3583 1028 3619 1097 (Ι
3656 1027 3751 1083 Cor.
3777 1029 3819 1097 ι).
3845 1051 3862 1076 ι

2272 1117 2384 1177 Sed
2438 1116 2671 1191 gentilis
2715 1116 2967 1191 populus
3018 1116 3167 1175 hanc
3229 1115 3423 1174 divisit
3471 1115 3617 1189 quasi
3661 1116 3867 1175 nascendo

2273 1206 2605 1275 maceriam,
2651 1221 2784 1264 cum
2833 1222 2935 1279 per
2984 1203 3321 1264 Cornelium
3356 1203 3720 1273 centurionem,
3748 1204 3869 1261 alios-

2273 1313 2389 1370 que
2446 1296 2734 1372 primitias
2785 1295 2940 1365 ﬁdei,
2990 1294 3264 1369 baptismi
3301 1293 3602 1367 suscipiens
3636 1293 3867 1362 lavacrum,

2276 1385 2388 1445 sub
2426 1383 2639 1445 Christi
2671 1384 2905 1447 titulum
2946 1381 3276 1459 convolavit
3312 1384 3452 1451 (Act.
3490 1386 3568 1453 Χ).
3596 1381 3729 1441 Hanc
3753 1382 3870 1441 alter~

2278 1475 2515 1532 nitatem
2554 1473 2828 1533 nascendi
2859 1472 3261 1532 considerabat
3296 1472 3362 1532 B.
3398 1472 3639 1542 Joannes,
3676 1487 3779 1531 cum
3803 1470 3871 1529 Ju-

2275 1562 2537 1621 daeorum
2582 1562 2766 1622 turbis
2803 1562 3065 1637 undique
3091 1559 3512 1621 conﬂuentibus
3539 1559 3749 1621 diceret:
3777 1582 3793 1611 ι
3816 1558 3872 1617 Ne

478 1654 752 1729 baptismi
802 1653 1116 1722 lavacrum,
1161 1651 1344 1711 turbae
1393 1666 1496 1725 per
1544 1649 1998 1724 increpationem
2048 1645 2196 1705 dice-
2279 1649 2565 1723 coeperitis
2614 1649 2824 1721 dicere,
2868 1650 3095 1708 Patrem
3150 1647 3429 1707 habemus
3479 1646 3741 1705 Abraham.
3782 1644 3872 1703 Dico

481 1743 578 1802 bat
612 1762 627 1802 :
665 1764 686 1793 ι
723 1740 1037 1809 Genimina
1086 1741 1437 1816 viperarum,
1469 1740 1602 1814 quis
1631 1736 1885 1827 ostendit
1907 1735 2071 1794 vobis
2100 1735 2191 1793 fu-
2213 1741 2437 1827 Benim
2490 1740 2676 1811 vobis,
2717 1740 2855 1827 quia
2884 1744 3091 1813 potens
3126 1745 3214 1797 est
3250 1737 3403 1796 Deus
3436 1736 3502 1793 de
3536 1735 3767 1809 lapidibus
3791 1734 3871 1792 istis

478 1848 615 1908 gere
643 1832 716 1893 ab
740 1833 825 1891 ira
849 1837 1095 1891 ventura
1123 1830 1151 1889 ?
1175 1852 1202 1887 υ
1235 1832 1453 1904 (Matth.
1484 1831 1589 1897 III.)
1620 1825 1970 1901 Requirebat
1996 1831 2192 1884 autem
2216 1821 2250 1827 ⁷’
2276 1828 2552 1887 suscitare
2588 1828 2741 1885 filios
2777 1826 3028 1885 Abrahae
3065 1826 3285 1894 (Matth.
3322 1825 3421 1896 IlI).
3462 1844 3489 1876 »
3524 1824 3599 1881 Ac
3628 1821 3665 1880 si
3692 1827 3869 1896 patenter

479 1921 653 1983 Hiras
700 1919 1073 1981 Odollamiies
1098 1936 1133 1977 a
1163 1918 1418 1977 Thamar
1456 1916 1767 1986 annulum.
1799 1913 2112 1983 armillam,
2137 1919 2192 1970 et
2274 1920 2424 1980 dicat
2453 1943 2466 1978 :
2500 1916 2757 1978 Gentiles
2789 1915 3004 1991 populi,
3038 1915 3142 1990 qui
3171 1913 3391 1988 lapides
3426 1918 3569 1983 sunt,
3594 1911 3705 1986 quia
3723 1909 3871 1983 lapides

480 2010 780 2075 baculum.
816 2010 924 2075 Per
949 2010 1236 2075 annulum
1269 2008 1638 2083 signaculum
1674 2006 1830 2077 fidei,
1865 2022 1965 2080 per
1991 2004 2195 2063 nrmil—
2275 2009 2492 2080 colunt,
2534 2005 2907 2081 primogeniti
2946 2003 3109 2063 vobis
3142 2004 3292 2067 ﬁent
3336 2002 3406 2060 ad
3448 1999 3812 2075 regenerationis
3835 2004 3872 2054 et

479 2099 600 2159 lam
632 2099 794 2158 labor
827 2099 1035 2172 operis,
1069 2114 1171 2173 per
1220 2098 1495 2159 baculum
1543 2112 1680 2155 vero
1726 2096 2062 2170 designatur
2104 2109 2193 2151 re-

481 2192 649 2268 quies
697 2192 838 2265 spei.
884 2191 1057 2261 Quasi
1101 2193 1259 2253 enim
1319 2190 1458 2257 tidei
1509 2188 1802 2249 annulum
1846 2186 2197 2261 requirebat,

480 2296 619 2343 cum
649 2280 908 2343 diceret:
944 2304 971 2332 α
999 2281 1109 2351 Qui
1152 2280 1336 2343 credit
1376 2280 1437 2337 in
1480 2278 1695 2338 Filium
1734 2277 1859 2346 Dei,
1900 2277 2071 2337 habet
2108 2276 2197 2341 vi-

480 2385 600 2438 tam
631 2384 942 2449 aeternam;
982 2375 1085 2451 qui
1122 2382 1317 2435 autem
1354 2373 1694 2435 incredulus
1726 2377 1816 2431 est
1847 2371 2072 2430 Christo
2101 2370 2197 2427 Fi-

481 2469 586 2540 lio,
612 2485 732 2529 non
760 2468 981 2526 videbit
1008 2468 1207 2537 vitam,
1236 2466 1337 2524 sed
1367 2464 1451 2523 ira
1491 2464 1593 2523 Dei
1633 2469 1832 2521 manet
1863 2477 2036 2539 super
2065 2474 2201 2519 eum

481 2559 658 2631 (Joan.
689 2558 788 2630 Ill).
824 2577 851 2611 ν
883 2556 975 2614 An
1027 2571 1145 2614 non
1196 2555 1377 2613 etiam
1412 2552 1488 2611 ad
1530 2552 1819 2611 annulum
1861 2548 2198 2623 pertinebat,

482 2663 622 2707 cum
669 2647 882 2706 diceret
919 2669 933 2704 :
982 2666 1010 2700 tl
1058 2645 1171 2715 Qui
1213 2645 1385 2704 habet
1432 2658 1723 2716 sponsam,
1773 2655 2020 2714 sponsus
2065 2639 2200 2698 est?

486 2739 670 2812 (Ibid.)
703 2760 725 2789 ο
769 2736 1079 2795 Armillam
1118 2750 1252 2793 vero
1295 2733 1506 2792 laboris
1543 2732 1873 2801 exhibebat,
1913 2746 2045 2790 cum
2107 2729 2199 2787 di-

487 2834 690 2887 ceret:
741 2848 763 2877 «
826 2825 1234 2884 Paenitentiam
1285 2824 1437 2898 agite
1492 2825 1712 2891 (Matth.
1756 2826 1858 2892 IIl).
1917 2846 1944 2870 τι
1999 2820 2203 2880 Baculi

487 2931 718 2992 quoque
742 2914 1026 2990 requiem,
1057 2930 1195 2974 cum
1224 2919 1432 2988 prmsto
1463 2913 1839 2987 subjungeret
1867 2936 1879 2971 :
1919 2932 1940 2963 ι
1979 2911 2202 2985 Appro-

484 3007 786 3084 pinquavit
811 3004 972 3065 enim
999 3020 1247 3079 regnum
1287 3003 1562 3063 cmlorum
1601 3004 1801 3076 (Ibid.).
1830 3028 1856 3053 »ο
1886 3003 1969 3062 Ac
1997 3001 2047 3059 si
2072 3016 2202 3074 per-

483 3098 680 3174 spicue
729 3098 1101 3170 loqueretur:
1138 3093 1327 3153 Nolite
1377 3093 1486 3153 sub
1539 3092 1815 3167 injunctaa
1864 3090 2028 3151 vobis
2079 3107 2203 3164 poe-

488 3186 752 3246 nitentiae
790 3185 986 3244 labore
1037 3184 1364 3254 lassescere,
1401 3184 1499 3243 sed
1554 3183 1746 3257 potius
1786 3183 1954 3242 ﬁrma
1999 3198 2098 3256 spe
2133 3183 2204 3242 de

492 3275 654 3349 regni
683 3272 931 3332 celestis
957 3272 1523 3347 appropinquatione
1549 3272 1813 3331 animum
1847 3271 2125 3337 roborate.

561 3361 846 3433 Quaesivit
880 3367 1077 3420 autem
1108 3375 1237 3420 eam
1274 3361 1453 3423 Iudas
1489 3360 1551 3420 in
1591 3360 1772 3431 bivio,
1805 3360 1903 3421 sed
1931 3359 2201 3420 invenire

492 3466 610 3511 non
639 3450 853 3525 potuit;
886 3449 1027 3522 quia
1067 3464 1204 3522 quae
1244 3449 1305 3509 in
1346 3448 1600 3523 publico.
1639 3448 1810 3521 juxta
1840 3448 2194 3523 prophetam,

487 3545 543 3601 et
571 3538 684 3600 sub
708 3538 870 3599 omni
891 3537 1050 3610 ligno
1068 3538 1339 3599 frondoso
1358 3539 1551 3601 fuerat
1574 3538 1882 3612 prostituta
1908 3540 2038 3607 (Jer.
2060 3538 2201 3607 1,11),

482 3627 607 3701 jam
633 3642 694 3686 se
715 3626 778 3689 in
797 3624 969 3687 domo
990 3631 1248 3698 paterna,
1267 3626 1379 3687 sub
1407 3625 1619 3686 Christi
1644 3624 1910 3683 videlicet
1929 3626 2204 3693 constrin-

494 3722 660 3777 xerat
697 3715 1045 3788 disciplina:
1087 3730 1198 3777 nec
1234 3731 1361 3777 eam
1401 3715 1617 3789 peccati
1650 3713 1860 3789 reperit
1889 3712 2202 3787 exprobra-

488 3804 588 3875 tio,
615 3820 792 3879 quam
817 3805 1203 3867 confessionis
1223 3812 1553 3867 mutaverat
1571 3805 1916 3865 amaritudo.
1949 3803 2202 3863 Viduita-

490 3895 565 3954 tis
577 3910 638 3954 se
665 3895 924 3955 vestibus
946 3895 1167 3963 induit;
1184 3894 1323 3969 quia
1345 3888 1554 3969 praeter
1577 3894 1864 3954 ccelestem
1889 3892 2202 3967 Sponsum,

493 3983 597 4057 qui
622 3998 725 4056 pro
746 3998 823 4045 ea
862 3988 1130 4045 mortuus
1166 3989 1270 4053 est,
1303 3982 1550 4044 alterum
1584 3999 1699 4045 non
1734 3981 2003 4042 admittit.
2041 3981 2206 4052 Quod

489 4077 687 4135 autem
718 4071 939 4147 gemini
967 4078 1365 4145 apparuerunt
1397 4072 1455 4132 in
1490 4078 1675 4142 utero,
1703 4072 1818 4131 duo
1846 4077 1983 4132 sunt
2008 4069 2208 4144 populi

491 4160 556 4223 in
604 4160 879 4224 Ecclesiae
924 4161 1147 4234 gremio
1186 4177 1287 4235 per
1324 4161 1507 4220 sancti
1542 4160 1792 4234 Spiritus
1827 4160 2069 4233 gratiam
2107 4174 2207 4233 ge-

493 4248 698 4309 nerati.
732 4247 801 4307 In
826 4249 953 4322 ipsa
988 4264 1130 4307 vero
1158 4248 1444 4309 effusione
1481 4249 1866 4318 nascentium,
1896 4264 2053 4309 unus
2086 4264 2209 4315 ma-

493 4353 641 4399 num
676 4337 934 4412 protulit,
978 4344 1033 4396 et
1080 4338 1255 4411 ligato
1310 4338 1564 4408 coccino,
1604 4353 1741 4397 mox
1774 4339 2060 4408 retraxit;
2097 4339 2207 4399 sic-

491 4441 607 4501 que
663 4431 798 4489 ante
846 4442 906 4487 se
947 4426 1222 4488 nascendi
1259 4428 1423 4487 alteri
1460 4428 1681 4487 aditum
1736 4428 2015 4502 patefecit.
2063 4427 2206 4497 Quia

494 4488 780 4575 nimirum
828 4514 1107 4575 Iudaicus
1159 4516 1426 4591 populus,
1458 4516 1562 4589 qui
1609 4516 1678 4575 ad
1728 4488 1917 4575 lucem
1959 4488 2272 4590 SpiritusD

494 4602 653 4663 nasci
692 4604 965 4678 primitus
1005 4606 1197 4680 erepit,
1250 4607 1497 4666 ostendit
1544 4623 1716 4682 opera
1755 4622 1861 4667 sua
1900 4606 2205 4680 propheta-

2279 2115 2448 2159 novaz
2492 2097 2693 2173 gratiae
2745 2101 3196 2165 sacramentum,
3231 2109 3476 2169 quorum
3513 2107 3604 2151 vos
3626 2104 3707 2163 per
3729 2087 3871 2161 legales

2280 2187 2656 2247 caeremonias
2693 2185 3045 2244 videbamini
3077 2183 3345 2243 renuisse
3368 2180 3666 2258 primatum.

2353 2284 2494 2343 Haec
2548 2282 2733 2353 vobis,
2786 2282 2989 2341 fratres
3046 2279 3398 2349 charissimi,
3448 2293 3553 2343 non
3609 2271 3869 2348 exponendo.

2284 2374 2385 2433 sed
2410 2377 2707 2447 utcunque
2751 2371 3062 2445 tangendo,
3102 2370 3395 2429 succincte
3433 2363 3871 2427 transcurrimus,nt

2283 2466 2341 2525 Β.
2403 2465 2685 2524 Joannem
2734 2464 3069 2523 ministrum
3117 2477 3293 2522 novae
3344 2458 3550 2534 gratim,
3579 2464 3625 2515 et
3662 2467 3873 2529 parantu-

2281 2553 2467 2628 phum
2520 2551 2923 2627 spiritualium
2975 2549 3339 2624 nuptiarum,
3389 2562 3461 2605 ex
3510 2543 3722 2616 antiquis
3758 2540 3873 2598 etiam

2283 2659 2461 2703 sacrae
2505 2642 2822 2716 Scriptura:
2856 2638 3083 2715 paginis
3114 2637 3580 2697 demonstremus.
3616 2631 3751 2692 Hunc
3772 2628 3874 2716 enim

2282 2732 2575 2805 insignem
2631 2714 2804 2805 atque
2860 2714 3170 2803 egregium
3236 2726 3405 2786 totius
3466 2720 3680 2783 humani
3724 2714 3877 2792 generis

2284 2821 2504 2893 virum,
2548 2820 2621 2880 ad
2653 2819 3019 2887 currendam,
3060 2823 3124 2877 ut
3160 2817 3348 2891 gigas,
3391 2810 3706 2872 mortalitatis
3734 2812 3877 2865 nostra

2286 2913 2463 2983 viam,
2504 2912 2673 2987 quasi
2720 2911 3113 2972 conviatorem
3154 2909 3271 2969 sibi
3319 2906 3566 2967 Salvator
3606 2899 3818 2967 adscivit;
3843 2898 3878 2951 et

2285 3002 2357 3060 ad
2387 3000 2777 3075 peragendum
2816 2998 3235 3073 redemptionis
3266 3003 3472 3055 nostra:
3506 2990 3877 3075 negotiumque-

2286 3071 2593 3149 dammodo
2627 3095 2693 3149 ut
2729 3071 3034 3163 particeps
3063 3094 3214 3146 esset
3265 3093 3321 3145 et
3366 3083 3715 3147 collaborator,

2290 3179 2454 3239 Unde
2487 3194 2625 3237 cum
2666 3161 2749 3235 ad
2782 3193 2918 3237 eum
2948 3161 3335 3251 baptizandus
3370 3172 3660 3241 accederet;
3697 3161 3879 3226 sublimis

2284 3275 2478 3331 autem
2507 3275 2564 3327 et
2604 3266 2846 3335 humilis
2876 3250 3083 3327 servus
3108 3265 3442 3338 injunctum
3466 3261 3570 3321 sibi
3598 3250 3879 3317 ministerium

2283 3358 2540 3432 trepidus
2592 3363 2915 3427 excusaret,
2969 3356 3168 3413 dicens
3202 3374 3215 3413 :
3267 3381 3293 3405 ιι
3328 3354 3445 3427 Ego
3491 3368 3522 3410 a
3563 3355 3611 3408 te
3647 3340 3879 3433 demolia-

2280 3426 2502 3521 ptisari,
2536 3452 2593 3505 et
2620 3452 2681 3505 tu
2707 3445 2872 3507 venis
2898 3426 2972 3505 ad
3006 3445 3143 3504 me?
3172 3426 3410 3515 (Ibid);
3445 3435 3726 3515 respondit:
3748 3450 3770 3483 ι
3789 3426 3881 3485 Sine

2286 3520 2476 3594 modo.
2501 3534 2778 3594 Sicienim
2806 3535 2967 3594 decet
2989 3550 3094 3594 nos
3118 3533 3365 3608 implere
3386 3545 3602 3592 omnem
3622 3520 3879 3608 justitiam

2287 3623 2332 3684 Ο
2376 3624 2641 3697 Domine,
2664 3624 2866 3684 dixisti
2897 3644 2909 3683 :
2948 3647 2975 3678 «
3002 3623 3128 3683 Fiat
3159 3606 3291 3695 lux,
3324 3629 3379 3682 et
3408 3623 3543 3681 facta
3567 3624 3640 3676 est
3673 3606 3879 3697 (Genti-1°

2287 3713 2455 3772 Fiant
2496 3695 2680 3773 stellae
2711 3713 2865 3784 caeli,
2897 3713 3097 3772 bestiae
3133 3712 3281 3785 agri,
3314 3711 3566 3771 volucres
3597 3702 3733 3771 aeris,
3761 3695 3883 3771 pisces

2288 3819 2601 3878 aquarum.
2646 3802 2855 3862 Omnia
2892 3804 3018 3862 haec
3055 3802 3288 3862 condita
3336 3806 3470 3860 sunt
3514 3796 3579 3854 ad
3620 3789 3882 3878 solutum

2282 3875 2564 3968 jussionis
2611 3893 2949 3966 imperium,
2990 3891 3184 3951 omnia
3222 3892 3597 3964 disponuntur
3626 3883 3684 3943 ad
3718 3875 3882 3968 unicum

2291 3957 2402 4043 tuae
2452 3957 2770 4043 voluntatis
2814 3957 3051 4052 nutum,
3081 3995 3189 4038 nec
3239 3957 3335 4039 ad'
3366 3980 3487 4037 haec
3525 3965 3786 4052 peragenda
3821 3957 3882 4017 ad-

2290 4067 2534 4127 hibuisti
2574 4067 2675 4127 tibi
2712 4067 3023 4144 cujuslibet
3040 4050 3330 4142 angelicae
3357 4064 3627 4143 potestatis
3646 4050 3883 4147 auxilium}

2290 4156 2580 4232 quomodo
2637 4142 2973 4232 ergovnunc
3021 4157 3186 4228 dicis,
3235 4157 3309 4216 ad
3358 4142 3595 4215 terrente
3636 4142 3885 4237 conditio!"ns
3938 4148 3939 4225 ἲ

2290 4224 2589 4305 hominem
2620 4224 2786 4320 quasi
2815 4261 3122 4321 coaequans
3162 4224 3237 4317 te,
3279 4250 3338 4305 et
3372 4246 3757 4315 contemperans
3785 4224 3886 4321 39“"
3938 4238 3939 4321 (

2291 4334 2477 4392 mitati
2536 4314 2789 4393 nostrae:
2827 4314 2971 4393 sine“
3003 4335 3174 4393 modo
3199 4314 3230 4404 ;'
3268 4336 3352 4394 sic
3393 4334 3546 4392 decet
3592 4342 3679 4386 nos
3722 4314 3886 4389 1019'?”

2291 4437 2527 4481 omnem
2561 4422 2897 4497 justitiam?
2929 4423 3073 4482 Ecce
3109 4423 3269 4482 enim
3308 4436 3484 4498 quem
3520 4425 3578 4478 tu
3611 4413 3672 4473 ad
3701 4414 3886 4498 εοορεηξ·

2292 4510 2465 4571 tionis
2502 4486 2617 4572 tua)
2638 4511 3007 4585 participium
3043 4486 3345 4587 provehis,
3369 4524 3540 4584 quem
3571 4486 3889 4587 ᾳῦοάίιωφθᾷθ

2288 4601 2359 4659 ad
2390 4607 2508 4660 tuae
2532 4581 2934 4662 similitudinis
2957 4581 3191 4662 culmen
3219 4581 3455 4672 attollis,
3477 4599 3632 4665 dicat,
3658 4603 3762 4666 qua:
3788 4581 3837 4639 de
3855 4582 3891 4672 ii}

493 4706 623 4752 rum
657 4662 1143 4766 praecedentium,
1175 4662 1231 4757 et
1258 4662 2205 4769 Comini
2293 4690 2643 4765 comparatio
2683 4691 2811 4750 ﬁeri
2863 4692 3038 4766 possit
3073 4692 3144 4751 ad
3185 4709 3264 4751 se.
3299 4692 3401 4750 Ait
3434 4662 3654 4762 itaque:
3675 4662 3707 4733 ἀ
3734 4662 3891 4769 Non

494 4758 679 4840 Unde-
712 4786 770 4839 et
810 4781 952 4845 Zara
992 4758 1171 4847 oriens
1221 4758 1672 4857 interpretatur;
1714 4785 1853 4860 quia
1890 4758 2210 4842 Hebraicus
2294 4758 2626 4840 mensuram
2658 4780 2757 4839 dat
2791 4758 2946 4840 Deus
2978 4781 3259 4856 Spiritum
3302 4784 3475 4852 (Joan.
3515 4758 3607 4850 tu).
3638 4798 3659 4822 -
3689 4769 3815 4860 Pater

493 4867 597 4927 ille
626 4868 876 4943 populus
913 4870 1073 4944 prior
1106 4878 1268 4931 ortus
1295 4855 1471 4931 est—ad
1502 4855 1752 4931 litteram
1783 4872 1946 4946 legis,
1979 4871 2078 4930 sed
2107 4885 2211 4944 po-
2291 4869 2421 4940 ligit
2448 4869 2686 4940 Filium,
2730 4876 2783 4929 et
2821 4855 3205 4930 omniadedit
3240 4872 3303 4929 in
3343 4885 3513 4929 manu
3536 4866 3677 4939 ejus;
3705 4855 3893 4946 sedflu‘a

492 4940 720 5021 sterior'
765 4940 955 5020 factus
1009 4968 1096 5020 est
1150 4962 1221 5023 ad
1285 4960 1712 5035 suscipiendam
1768 4940 2207 5034 132'gmtiam
2294 4958 2348 5021 te
2374 4958 2636 5032 perhibet
2674 4959 2896 5019 nullam
2929 4958 3180 5034 Spiritus
3208 4961 3419 5019 habere
3450 4961 3759 5017 mensuram.
3779 4940 3893 5035 (λεῖβε

492 5046 817 5121 Evangelii.
867 5048 994 5108 Hoc
1041 5048 1234 5124 itaque
1290 5027 1461 5108 modo
1509 5048 1749 5108 retraxit
1800 5027 2062 5117 manum,
2108 5047 2211 5122 qui
2291 5027 2433 5121 quid
2485 5046 2712 5113 sentiat,
2763 5048 2915 5108 dicat
2956 5027 2991 5107 ε’
3026 5070 3053 5103 «
3086 5049 3219 5121 Nos,
3278 5048 3493 5121 inquit.
3528 5045 3594 5103 de
3625 5027 3893 5124 plenitudine

494 5138 653 5196 nasci
674 5138 798 5212 jam
830 5152 935 5212 per
957 5122 1229 5212 spiritum
1258 5145 1507 5214 coeperat
1540 5137 1787 5213 populus
1824 5138 2206 5209 Judzeorum;
2292 5136 2417 5206 ejus
2441 5151 2646 5195 omnes
2665 5137 2992 5211 accepimus
3011 5138 3183 5211 (Joan.
3209 5138 3263 5210 1).
3282 5158 3309 5190 ι)
3341 5138 3426 5194 Ac
3448 5135 3495 5193 si
3517 5132 3677 5191 dicat:
3698 5122 3893 5214 NostiSi

494 5230 551 5284 et
592 5239 733 5285 mox
768 5226 1053 5300 prorupit,
1090 5242 1156 5287 ac
1186 5212 1372 5289 factus
1402 5233 1487 5286 est
1515 5212 1936 5301 primogenitus
1965 5226 2213 5301 populus
2288 5225 2782 5296 sumus,illefons.
2801 5227 2989 5286 Illein
3002 5228 3169 5288 nobis
3182 5242 3282 5303 pro
3299 5226 3393 5287 sui
3416 5212 3778 5284 moderaminis
3791 5216 3892 5303 ωξὲξι·

493 5295 788 5386 gentium.
840 5295 1070 5377 Scilicet
1131 5321 1232 5387 ut,
1281 5315 1445 5388 juxta
1493 5295 1840 5379 sententiam
1896 5295 2163 5379 Veritatis
2190 5359 2207 5385 ,
2292 5332 2430 5377 sura
2458 5317 2766 5391 dispensat,
2800 5320 2958 5379 unde
2982 5295 3532 5379 suaeinimeusitatis
3560 5295 3893 5391 incompnnlbi'

495 5385 685 5464 futuri
716 5408 913 5466 essent
956 5385 1292 5465 novissimi
1317 5404 1420 5479 qui
1473 5411 1637 5467 erant
1682 5404 1896 5477 primi;
1935 5409 1994 5463 et
2034 5403 2209 5478 primi
2289 5404 2421 5467 liter
2444 5385 2761 5477 plenitudo
2775 5407 3079 5471 redundat.
3097 5409 3238 5479 Quae
3261 5412 3458 5467 autem
3477 5405 3619 5462 inter
3642 5398 3751 5456 teet
3773 5385 3892 5479 illum

494 5489 705 5589 ίὲἒπθηί
750 5491 1064 5589 “Hieme
1110 5474 1416 5555 “Nam
1439 5495 1661 5589 (Μρτιζις
1683 5474 1824 5589 ξω·
1853 5474 2209 5589 misi!“
2288 5474 2772 5589 ςίξξδωνὲτῆιίρν
2814 5511 3019 5557 rursus
3061 5474 3361 5557 ωῐιηίτεειε
3408 5490 3657 5589 declarat
3680 5474 3890 5589 “mil:

496 5577 724 5641 Pharao
761 5557 1071 5641 divisionis
1102 5594 1315 5645 nomen
1344 5557 1576 5652 accepit.
1598 5557 1872 5660 ,Undeiet
1903 5557 2171 5649 obstetrix

2292 5579 2434 5652 13-3
2482 5557 2671 5654 α-οω
2700 5557 2777 5651 dt;
2816 5592 2966 5649 terra
3007 5586 3220 5658 estde
3263 5578 3716 5654 tat-ramum;
3745 5557 3896 5641 (NW
