4022 6202
155 305 259 362 645
955 331 959 336 -
1671 306 1743 364 SE

2079 304 2162 363 VI.
3564 316 3667 376 646

153 427 297 487 coelo
338 427 520 498 venit,
566 441 742 499 super
786 441 990 486 omnes
1039 433 1124 486 est
1174 430 1349 499 (Joan.
1401 432 1501 496 In).
1549 450 1576 481 »
1629 427 1872 497 Quantae
1896 427 2259 492 Aimmersit.
2303 428 2460 487 Inter
2496 439 2844 506 purpuratos
2898 435 3070 494 etiam
3109 443 3431 512 martyrum
3463 441 3668 500 choros

153 517 350 589 itaque
399 516 504 574 tibi
560 515 936 588 subjectionis
980 517 1324 590 obsequium
1374 518 1596 587 debeat,
1625 517 1874 590 publicis
1955 517 2021 575 Β.
2079 516 2329 575 Joannes
2382 519 2444 576 in
2505 521 2818 594 magisterii
2873 523 3138 582 cathedra
3187 527 3473 599 praesidet,
3532 529 3671 602 quia

151 606 313 663 omni
368 603 583 677 populo
622 603 865 662 vocibus
914 603 1166 660 clamat:
1231 629 1255 650 ‹‹
1285 601 1456 660 Venit
1509 603 1707 660 fortior
1759 618 1870 672 me,
1955 619 2059 678 pro
2115 605 2445 665 testimonio
2482 610 2737 666 veritatis
2774 617 3043 670 strenuus
3095 613 3331 672 bellator
3372 601 3667 686 occubuit,

151 695 318 767 cujus
355 708 474 752 non
516 708 648 751 sum
680 693 900 765 dignus
937 693 1159 750 solvere
1192 691 1498 763 corrigiam
1530 691 1877 750 calceamen—
1957 695 2339 768 omniumque
2377 713 2480 770 pro
2523 699 2747 756 Christo
2783 703 3129 761 certantium
3169 705 3292 762 dux
3326 705 3526 776 factus,
3567 723 3669 766 ve-

153 791 339 841 torum
389 783 517 856 ejus
564 783 709 848 (Luc.
753 783 854 850 tu).
886 803 913 831 ι»
958 781 1002 838 Ο
1047 782 1228 838 beatae
1269 781 1613 839 humilitatis
1650 780 1877 851 excelsa

150 875 440 946 majestas,
487 888 624 945 quae
669 872 811 930 dum
861 888 968 930 suo
1006 872 1226 945 judicio
1258 873 1318 929 in
1360 871 1476 941 ima
1513 871 1876 951 deprimitur;

147 965 354 1022 divina
381 964 740 1037 provehente
765 961 1098 1033 clementia,
1130 964 1203 1022 ad
1231 964 1483 1022 caelestia
1513 964 1875 1023 sublevatur’

147 1055 412 1126 dumque
441 1053 558 1110 Deo
587 1069 648 1110 se
679 1053 981 1111 humiliter
1007 1053 1260 1126 subjicit,
1290 1055 1358 1111 ad
1394 1054 1493 1111 Dei
1517 1055 1875 1112 consortium

147 1141 504 1199 excellenter
535 1140 816 1211 assurgit!
846 1140 952 1198 llle
978 1141 1191 1215 quippe
1217 1157 1424 1200 secum
1449 1141 1670 1199 caneris
1692 1142 1875 1200 homi-

148 1230 325 1288 nibus
355 1229 616 1303 perhibet
645 1235 881 1300 terram,
915 1245 981 1287 ac
1012 1235 1237 1288 terrena
1271 1231 1639 1306 loquentem;
1677 1233 1872 1291 Domi-

147 1335 264 1377 nus
291 1325 489 1377 autem
516 1325 776 1387 testatur,
817 1318 1055 1376 nullum
1085 1334 1154 1376 eo
1184 1320 1334 1378 inter
1369 1328 1531 1380 natos
1558 1323 1876 1381 mulierum

146 1409 478 1467 surrexisse
533 1408 810 1482 majorem
855 1411 1080 1476 (Matth.
1133 1413 1240 1479 xx).
1275 1409 1380 1467 Ille
1429 1425 1488 1468 se
1526 1411 1596 1468 ad
1647 1411 1874 1469 solven-

148 1496 296 1555 dum
331 1495 535 1568 caligae
581 1496 890 1554 vinculum
922 1497 1272 1555 vociferatur
1309 1498 1640 1571 indignum,
1681 1498 1879 1556 Domi-

151 1601 268 1644 nus
304 1592 486 1644 totum
530 1601 738 1659 corpus
771 1601 947 1644 suum
994 1589 1118 1659 ejus
1165 1587 1435 1647 manibus
1465 1588 1716 1661 subjicit,
1746 1603 1880 1647 cum

152 1674 516 1747 baptismatis
558 1675 852 1734 lavacrum
899 1675 1198 1734 subiturus
1239 1676 1472 1734 accedit.
1504 1676 1607 1734 Ille
1635 1693 1694 1734 se
1743 1691 1878 1750 pro-

1964 782 2176 840 xitlum
2245 785 2592 858 triumphale
2648 789 2907 863 martyrii
2958 791 3101 849 c0310
3146 791 3371 865 primus
3417 796 3666 856 invexit.

1961 871 2171 930 Beatus
2201 873 2396 946 itaque
2429 874 2682 934 Joannes
2719 879 2982 937 omnium
3017 889 3348 939 sanctorum
3387 885 3668 959 particeps

1965 959 2107 1015 134
2147 962 2328 1020 factus
2379 972 2462 1022 est
2504 967 2713 1037 choris,
2749 969 2887 1042 quia
2929 970 3092 1028 nulla
3129 970 3241 1028 sibi
3272 971 3456 1031 virtus
3487 976 3672 1034 defuit

1959 1051 2312 1110 sanctitatis:
2348 1054 2467 1111 imo
2508 1061 2664 1114 tanto
2695 1057 2986 1131 insignius
3022 1061 3175 1118 inter
3211 1077 3412 1119 omnes
3440 1070 3667 1124 sancto-

1958 1152 2089 1228 rum
2135 1142 2365 1200 ordines
2415 1145 2643 1214 emicat,
2704 1155 2922 1220 quanto
2973 1149 3192 1207 auctori
3245 1151 3510 1210 omnium
3567 1169 3669 1228 per

1959 1226 2409 1301 incomparabile
2451 1234 2725 1294 meritum
2747 1237 3059 1296 sublimius
3086 1241 3524 1316 appropinquat.
3555 1226 3667 1314 Qui

1957 1316 2018 1373 in
2071 1317 2353 1378 Trinitate
2397 1325 2646 1394 perfecta
2695 1340 2852 1384 unus
2897 1334 2952 1384 et
3003 1343 3177 1385 verus
3222 1329 3374 1388 Deus
3423 1333 3569 1390 vivit
3613 1339 3670 1392 et

1961 1414 2160 1479 regnat
2189 1409 2248 1466 in
2292 1412 2506 1468 saecula
2533 1412 2904 1471 saeculorum.
2933 1416 3140 1473 Amen.

2536 1558 2560 1580 *
2615 1554 2862 1615 SERMO
2896 1557 3102 1617 XXVI.
3149 1556 3164 1578 ‘

2162 1655 2235 1700 DE
2263 1656 2486 1704 SANCTO
2514 1659 2699 1704 PETRO
2725 1659 3041 1709 APOSTOLO.
3073 1655 3272 1719 (XXIX.
3302 1659 3458 1720 JUN.)

151 1764 385 1836 phetam
439 1762 743 1852 humiliter
777 1763 1044 1836 abnegat,
1075 1779 1249 1852 quem
1288 1765 1596 1852 plusquam
1631 1747 1933 1852 prophe-B
1963 1747 2149 1822 super
2197 1749 2344 1808 mlld
2394 1750 2760 1852 (ἷθῐιίξςρτυῐη
2818 1754 3142 1852 Salomonis
3175 1783 3189 1818 :
3239 1762 3670 1820 Adolescentqu

154 1859 274 1910 tam
323 1867 468 1922 esse,
499 1858 671 1924 atque
723 1851 961 1924 insuper
987 1850 1262 1924 angelum
1306 1851 1568 1911 Salvator
1603 1853 1872 1924 aﬂirmat,

152 1941 225 1998 de
277 1955 398 2013 quo
453 1947 509 1998 et
565 1940 930 2013 postmodum
986 1940 1124 1999 dicit
1172 1960 1184 1998 :
1253 1940 1417 2000 «Ille
1468 1949 1590 2000 erat
1637 1942 1875 2001 lucerna

149 2030 387 2102 ardens,
427 2035 483 2088 et
513 2030 710 2089 lucens
742 2033 915 2103 (Joan.
957 2036 1036 2101 ν).
1072 2056 1093 2083 ι

2516 1843 2831 1900 ἀὶιρωεηιηε
2860 1851 2910 1901 te
2940 1850 3124 1904 nimis.

2028 1944 2230 2003 Petrus
2274 1947 2583 2019 apostolus,
2615 1951 3003 2022 apostolorum
3052 1957 3320 2030 princeps
3376 1965 3432 2016 et
3459 1957 3674 2033 princi-

1955 2050 2094 2106 pum
2127 2036 2370 2109 primus,
2403 2037 2740 2096 hodiernam
2772 2040 2926 2099 diem
2961 2045 3125 2102 nobis
3181 2046 3427 2105 reddidit
3461 2049 3671 2108 clario-

227 2117 595 2192 Perpendite,
652 2119 857 2177 fratres
909 2121 1043 2191 mei,
1101 2136 1276 2196 quam
1323 2121 1704 2192 admirabilis,
1753 2123 1873 2180 imo
1955 2139 2098 2181 rem.
2143 2123 2313 2182 Sacra
2351 2128 2602 2198 profecto
2640 2128 2779 2197 dies,
2827 2131 2966 2204 quia
3020 2135 3405 2193 sacratissimo
3445 2137 3671 2195 homini

174 2222 346 2280 luam
394 2207 652 2279 angelica
693 2210 814 2266 vita
852 2208 1001 2267 beati
1033 2208 1273 2267 Joannis
1311 2217 1452 2280 erat,
1498 2226 1673 2283 quam
1722 2217 1875 2268 certe
1955 2221 2302 2282 consecrata,
2336 2221 2392 2270 et
2429 2214 2590 2272 illius
2627 2217 2910 2290 assignata
2944 2221 3265 2291 praeconiis,
3306 2239 3480 2296 quem
3530 2240 3672 2282 con-

154 2298 469 2371 magniﬁca
501 2298 723 2357 cunctis
755 2299 1028 2372 opinione
1057 2299 1361 2371 claruerat,
1395 2302 1494 2374 qui
1531 2317 1664 2359 cum
1696 2301 1880 2359 nullis

152 2388 395 2460 signum
445 2388 677 2447 virtutis
731 2389 1072 2458 ostenderet,
1124 2388 1420 2448 Christum
1466 2398 1655 2448 tamen
1713 2390 1880 2448 illum

153 2493 280 2535 esse
328 2477 525 2536 omnis
579 2478 829 2552 populus
881 2479 1214 2549 aastimaret,
1263 2479 1419 2538 Luca
1478 2485 1735 2549 testante,
1785 2481 1884 2554 qui

154 2569 231 2625 ait
284 2587 299 2625 :
381 2591 403 2617 ι
437 2569 826 2627 Existimante
876 2576 1073 2628 autem
1123 2571 1350 2643 populo,
1402 2578 1457 2628 et
1505 2570 1886 2642 cogitantibus

153 2658 441 2717 omnibus
480 2660 540 2716 in
587 2649 857 2718 cordibus
913 2661 1033 2718 suis
1075 2660 1149 2717 de
1189 2660 1430 2730 Joanne,
1461 2676 1533 2717 ne
1577 2662 1720 2718 forte
1764 2660 1884 2732 ipse

153 2756 304 2807 esset
356 2746 625 2807 Christus
670 2752 815 2821 (Luc.
864 2750 960 2820 ιιι).
999 2769 1026 2800 ››
1077 2749 1218 2818 Quae
1271 2749 1430 2806 enim
1474 2748 1694 2822 religio,
1749 2764 1883 2822 quae

153 2837 622 2912 perfectio,.quze
652 2837 904 2910 denique
933 2837 1142 2907 virtus,
1177 2837 1333 2912 quod
1358 2837 1672 2895 sanctitatis
1698 2852 1883 2911 genus

155 2927 447 3000 reperitur
513 2927 574 2984 in
650 2927 849 3000 aliquo
921 2935 1274 2997 sanctorum,
1329 2926 1483 3000 quod
1534 2927 1596 2984 in
1661 2925 1884 2984 Joanne

153 3021 327 3093 quasi
355 3019 760 3092 prterogativm
783 3019 1085 3093 cujusdam
1108 3035 1224 3077 non
1249 3025 1436 3076 teneat
1455 3015 1884 3091 principatum?

155 3107 310 3166 Sunt
360 3108 657 3180 siquidem
702 3111 885 3167 sancti
937 3111 1197 3167 eremitaa
1241 3114 1294 3166 et
1344 3108 1728 3176 anachoreta,
1783 3105 1879 3164 sed

1961 2312 2168 2362 ventus
2208 2305 2505 2377 angelicus
2553 2323 2670 2364 non
2718 2309 3080 2368 mediocriter
3125 2321 3438 2372 reveretur.
3503 2315 3673 2374 Unus

1967 2403 2052 2451 est
2092 2395 2274 2464 enim,
2320 2409 2497 2465 quem
2550 2397 2978 2468 prtenobilitant
3026 2401 3340 2473 singularis
3391 2403 3674 2476 primatus

1970 2482 2244 2556 insignia,
2287 2483 2696 2543 clavicularius
2735 2489 2896 2559 regni
2937 2488 3238 2562 ccelorum,
3281 2491 3502 2564 lingua,
3535 2493 3672 2551 ﬁdei

1969 2573 2436 2631 fundamentum.
2480 2574 2928 2634 Consummatur
2959 2577 3140 2636 honor
3180 2585 3234 2636 et
3264 2579 3519 2653 dignatio
3549 2581 3672 2654 glo-

1968 2661 2140 2732 riosa,
2190 2664 2491 2721 hominem
2529 2665 2588 2720 in
2633 2667 2796 2722 terris
2830 2667 3079 2737 positum
3111 2667 3272 2724 costis
3317 2668 3671 2741 imperitare,

1964 2758 2020 2808 et
2050 2752 2200 2809 inter
2220 2753 2563 2824 angelorum
2594 2754 2798 2812 choros
2825 2755 3154 2827 judiciarize
3182 2757 3473 2829 potestatis
3501 2772 3672 2814 exer-

1965 2857 2091 2899 cere
2106 2842 2401 2900 virtutem.
2423 2841 2592 2901 Sedet
2613 2843 2938 2901 dominator
2957 2844 3246 2903 Dominus
3266 2845 3418 2903 inter
3437 2845 3674 2918 agmina

1966 2931 2244 2989 lucidiore
2276 2932 2405 2990 luce
2444 2932 2745 3005 fulgentia,
2785 2941 2840 2990 et
2875 2932 2946 2989 de
2977 2933 3228 2991 Thronis
3257 2933 3328 2990 ad
3356 2933 3674 2991 Cherubim

1966 3022 2351 3092 transvolans,
2384 3022 2542 3079 vices
2572 3021 2943 3079 sessionarias
2979 3021 3336 3080 intermutat.
3379 3020 3673 3089 Quamob-

1967 3127 2088 3168 rem
2127 3111 2468 3170 admiranda
2513 3112 2748 3186 quidem
2795 3112 3116 3170 sessionum
3167 3111 3428 3183 mutatio,
3473 3111 3671 3186 longe-

152 3198 292 3271 quis
321 3198 439 3256 sibi
478 3199 716 3257 vivendi
743 3200 1001 3273 regulam
1036 3201 1096 3258 in
1124 3199 1372 3257 silvestri
1405 3198 1596 3269 melle,
1627 3205 1683 3255 et
1719 3198 1882 3255 inco-
1903 3198 2078 3271 “que
2112 3201 2353 3258 rationis
2392 3201 2670 3258 humanas
2707 3201 3049 3274 superducta
3080 3199 3499 3272 conspectibus,
3538 3216 3673 3258 cum

150 3289 436 3347 mestibili
487 3288 840 3349 locustarum
891 3307 1015 3348 esca
1062 3289 1316 3362 praeﬁxit
1347 3288 1376 3346 ?
1428 3289 1534 3346 Cui
1588 3302 1759 3361 porro
1813 3287 1882 3344 ad
1967 3289 2138 3346 modo
2164 3289 2451 3359 Thronos,
2483 3289 2653 3346 modo
2681 3287 2999 3346 Cherubim
3025 3288 3304 3346 insedisse
3335 3287 3574 3361 legatur.
3604 3287 3676 3345 Et

154 3378 532 3450 asperitatem
563 3380 815 3437 vestium
845 3395 959 3438 non
992 3378 1284 3438 sufﬁciant
1319 3395 1453 3452 saga
1481 3378 1656 3436 cilina
1686 3392 1883 3451 capra—
1966 3377 2099 3436 licet
2145 3377 2414 3435 assistant
2446 3377 2637 3450 angeli
2679 3377 3046 3451 prmsidentis
3100 3377 3412 3450 imperium
3463 3393 3673 3450 exspe-

155 3483 290 3525 rum
326 3477 349 3524 ?
392 3467 504 3524 lste
559 3468 798 3541 pellicea
845 3484 985 3528 zona
1034 3467 1394 3542 praecinctus,
1439 3467 1574 3542 pilis
1619 3468 1886 3525 induitur
1967 3474 2203 3538 ctantes,
2271 3475 2326 3525 et
2379 3467 2855 3525 administratorii
2913 3466 3152 3540 spiritus
3206 3465 3494 3540 assignata
3563 3467 3676 3524 sibi

154 3555 537 3613 camelorum.
605 3557 917 3615 Enimvero
971 3565 1105 3615 sunt
1144 3557 1325 3614 sancti
1362 3555 1884 3626 abrenuntiatores,
1970 3554 2296 3613 ministeria
2347 3554 2693 3624 sortiantur;
2728 3553 2927 3613 nullus
2961 3558 3151 3610 tamen
3205 3568 3409 3611 eorum
3457 3551 3678 3625 ligandi

153 3651 210 3700 et
257 3643 552 3702 saeculum
604 3645 1041 3720 relinquentes;
1095 3646 1192 3703 sed
1249 3645 1372 3715 iste,
1424 3644 1664 3718 puerilis
1699 3645 1890 3703 adhuc
1967 3652 2147 3720 atque
2199 3644 2460 3702 solvendi
2509 3643 2761 3716 possidet
2819 3648 3172 3715 potestatem.
3228 3642 3404 3700 Adest
3456 3641 3677 3714 Petrus,

153 3733 401 3800 indolis,
445 3749 574 3791 cum
608 3734 858 3793 necdum
896 3735 1188 3793 didicisset
1231 3733 1484 3792 civiliter
1532 3734 1748 3804 vivere,
1784 3735 1885 3791 de-
1971 3745 2024 3795 et
2079 3736 2145 3794 ad
2195 3736 2320 3810 ejus
2366 3735 2677 3793 arbitrium
2723 3733 2880 3793 orbis
2926 3733 3276 3791 universitas
3319 3733 3586 3803 solvitur,
3623 3739 3679 3791 et

152 3831 308 3880 serta
365 3819 698 3895 penetrans,
757 3823 1010 3881 decrevit
1066 3822 1358 3882 solitarius
1415 3823 1719 3890 habitare;
1781 3837 1888 3880 nec
1975 3824 2228 3896 ligatur;
2273 3829 2327 3880 et
2367 3821 2639 3896 praecedit
2678 3821 2828 3879 Petri
2860 3819 3143 3879 sententia
3176 3821 3520 3878 sententiam
3561 3819 3675 3879 Re-

154 3912 442 3986 dignatus
493 3921 578 3971 est
610 3915 758 3987 patri
791 3914 853 3971 in
886 3912 1220 3971 sacerdotali
1262 3913 1537 3986 dignitate
1560 3912 1884 3983 succedere,
1971 3911 2306 3986 demptoris,
2341 3912 2478 3986 quia
2506 3926 2616 3969 non
2653 3911 2807 3984 quod
2835 3909 3118 3980 Christus,
3149 3910 3257 3966 hoc
3283 3908 3421 3981 ligat
3450 3909 3676 3980 Petrus,

153 4009 220 4058 ut
270 4018 488 4060 verum
541 4019 960 4079 summumque
1005 4005 1271 4062 omnium
1317 4004 1668 4062 sacerdotem
1708 4003 1888 4061 libera
1971 4004 2069 4062 sed
2097 4003 2253 4076 quod
2277 4002 2498 4071 Petrus,
2518 4003 2625 4060 hoc
2651 4001 2784 4074 ligat
2807 4000 3086 4058 Christus.
3117 4000 3247 4070 Ipso
3271 4000 3528 4073 idipsum
3546 4007 3679 4058 atte-

150 4095 449 4165 potuisset
518 4108 657 4151 voce
722 4093 1053 4166 praedicare.
1124 4093 1424 4166 Prophetas
1501 4093 1888 4150 vaticinantur
1969 4099 2156 4151 stante
2199 4116 2212 4150 :
2264 4115 2284 4144 ι
2327 4091 2744 4164 Quodcunque,
2781 4089 2992 4159 inquit,
3041 4088 3312 4162 ligaveris
3345 4103 3520 4162 super
3559 4095 3680 4147 ter-

153 4184 437 4241 futurum
502 4181 816 4242 Salvatoris
872 4184 1208 4250 adventum,
1265 4181 1524 4256 apostoli,
1579 4182 1885 4254 caeterique
1970 4199 2114 4254 ram,
2147 4183 2255 4240 erit
2282 4181 2527 4255 ligatum
2559 4188 2614 4238 et
2640 4181 2698 4238 in
2729 4179 2890 4238 cmlis
2925 4181 3138 4251 (Matth.
3171 4179 3312 4252 XVI).
3343 4199 3370 4231 ι)

149 4272 426 4330 doctores
474 4279 760 4330 testantur
810 4273 1150 4346 impletum;
1191 4272 1444 4330 Joannes
1485 4278 1678 4329 autem
1714 4271 1885 4330 illum
2041 4271 2084 4330 Ο
2141 4287 2314 4345 quam
2377 4276 2583 4343 potens
2636 4268 2904 4341 dignitas,
2953 4283 3128 4342 quam
3174 4268 3350 4341 digna
3389 4265 3678 4342 potentia!

151 4366 515 4433 praesentem
571 4360 841 4429 ostendit,
901 4359 990 4418 cui
1049 4360 1221 4418 totius
1273 4359 1493 4428 saeculi,
1542 4364 1597 4417 et
1657 4358 1884 4434 antiqui
1965 4359 2193 4418 Judicat
2238 4359 2460 4427 Petrus,
2492 4363 2547 4415 et
2592 4357 2742 4415 Petri
2775 4355 2996 4429 judicia
3035 4357 3356 4414 conﬁrmat.
3399 4355 3682 4428 Omnipo-

147 4451 384 4508 scilicet
416 4455 470 4504 et
499 4449 786 4517 moderni,
820 4448 1148 4522 praedicatio
1178 4449 1470 4507 militavit.
1903 4517 1942 4522 _
1971 4454 2114 4517 lens,
2143 4453 2196 4506 et
2222 4454 2305 4505 est
2335 4447 2396 4504 in
2425 4461 2605 4503 manu
2636 4443 2788 4502 Petri
2815 4459 3023 4500 manus
3049 4442 3372 4510 Altissimi;
3406 4443 3681 4515 solusque

220 4539 298 4596 In
344 4539 454 4594 hoc
495 4537 667 4594 etiam
699 4517 1135 4610 iste-prophetis
1164 4537 1438 4596 omnibus
1476 4517 2072 4610 supereminet,Dille
2102 4535 2350 4592 efﬁcitur
2389 4532 2692 4591 familiaris
2730 4530 2960 4599 Christi,
2995 4530 3095 4604 qui
3134 4530 3280 4587 Petri
3312 4530 3680 4588 familiarita-

1973 4631 2089 4682 tem
2143 4622 2426 4682 habuerit.
2477 4621 2626 4690 Quid
2676 4627 2759 4676 est
2805 4633 2943 4689 quo,
3001 4617 3338 4689 angelorum
3381 4625 3438 4674 et
3489 4617 3682 4674 homi-

1976 4729 2123 4772 num
2155 4711 2487 4786 agminibus
2515 4708 2789 4778 exclusis,
2823 4707 2982 4765 solus
3016 4706 3217 4764 Petrus
3245 4706 3305 4763 in
3326 4707 3683 4764 consortium

1975 4801 2195 4859 divinae
2224 4799 2557 4872 majestatis,
2577 4804 2780 4855 etcum
2806 4795 3052 4854 Domino
3080 4794 3290 4853 residet
3305 4793 3685 4868 praesidente?

1975 4891 2152 4950 Dulce
2215 4889 2593 4961 colloquium,
2660 4892 2855 4944 sancta
2917 4883 3309 4952 conversatio;
3368 4882 3682 4941 concilium

1976 4978 2220 5053 speciale
2272 4978 2422 5036 Petri
2468 4984 2524 5035 et
2571 4977 2693 5043 Dei,
2735 4974 2837 5032 ubi
2890 4980 3239 5031 secretorum
3291 4971 3684 5029 indifferentia

1979 5068 2282 5127 mortalem
2315 5067 2606 5125 hominem
2638 5064 2752 5122 Deo
2777 5062 3009 5136 copulat
3043 5067 3097 5119 et
3134 5059 3350 5120 counit.
3390 5059 3517 5117 Non
3548 5074 3686 5132 ergo

145 4629 452 4702 quoniam
473 4627 563 4683 illi
592 4626 873 4699 Spiritum
897 4634 1158 4685 sanctum
1172 4643 1273 4701 per
1286 4627 1890 4686 aatatumincrementa

145 4717 535 4789 suscipiunt;
572 4716 678 4773 iste
716 4730 852 4774 vero
898 4715 1220 4773 visceribus
1255 4715 1446 4773 adhuc
1485 4715 1762 4772 maternis
1799 4712 1890 4769 in-

143 4807 390 4873 clusus,
438 4804 714 4862 virtutem
764 4802 1037 4876 Spiritus,
1084 4803 1265 4876 gratia
1312 4801 1722 4875 praeveniente,
1752 4815 1892 4858 con-

141 4895 354 4968 cepit;
393 4899 448 4948 et
472 4892 975 4965 appropinquante
1011 4892 1188 4950 totius
1225 4894 1473 4950 Auctore
1509 4890 1744 4960 laetitiis,
1787 4889 1892 4946 vix

141 4985 303 5042 dum
357 4981 594 5039 formati
633 4981 885 5053 corporis
945 4981 1185 5038 nutibus
1221 4980 1556 5037 exsultavit.
1598 4980 1716 5038 Alii
1772 4972 1890 5036 non

139 5071 615 5146 coinquinantes
679 5070 1021 5128 vestimenta
1075 5085 1180 5126 sua
1237 5067 1493 5139 virgines
1556 5083 1891 5141 permanse-

141 5170 341 5228 runt;
399 5159 492 5217 hic
541 5165 760 5227 autem,
803 5167 869 5216 ut
907 5174 1110 5217 omnes
1155 5158 1216 5215 in
1260 5174 1320 5215 se
1362 5157 1552 5215 carnis
1597 5157 1894 5215 illecebras

140 5255 222 5312 ab
268 5254 416 5327 ipsa
474 5251 742 5310 funditus
799 5250 988 5308 radice
1042 5248 1397 5327 pra2cideret,
1453 5254 1507 5306 et
1554 5264 1670 5306 non
1722 5248 1894 5306 modo

137 5340 452 5413 genitalia
509 5341 788 5409 membra,
844 5339 942 5396 sed
995 5346 1051 5397 et
1096 5353 1265 5396 aures
1317 5344 1371 5394 et
1413 5337 1610 5395 oculos
1655 5336 1716 5393 in
1760 5352 1893 5393 ver-

139 5429 372 5488 nantis
430 5443 497 5484 ac
554 5426 775 5485 ﬂoridas
825 5427 1175 5500 virginitatis
1222 5424 1577 5484 indeﬁcienti
1631 5423 1894 5481 viredine

139 5517 521 5590 custodiret,
574 5517 1020 5578 cohabitationis
1070 5519 1346 5577 humanm
1383 5514 1758 5576 contubernia
1803 5531 1896 5572 re-

151 5609 373 5685 spuit,
421 5615 480 5665 et
525 5622 646 5681 prie
711 5607 935 5667 fervore
988 5606 1225 5680 Spiritus
1275 5607 1531 5664 ferarum
1579 5619 1641 5662 se
1700 5601 1896 5661 lustris

1981 5156 2201 5215 mirum
2247 5153 2296 5212 si
2346 5151 2669 5210 ardentiore
2697 5151 2904 5208 aﬂ‘ectu
2953 5147 3141 5220 diligit
3190 5147 3545 5208 Salvatorem
3575 5145 3684 5203 Pe-

1978 5252 2102 5303 trus
2145 5242 2458 5318 apostolus,
2498 5256 2630 5298 cum
2677 5237 2989 5310 singularis
3028 5251 3192 5295 amor
3231 5236 3462 5294 refusus
3498 5233 3574 5292 sit
3626 5235 3686 5291 in

1977 5349 2134 5405 eum,
2169 5340 2233 5392 ut
2271 5339 2325 5390 et
2364 5328 2736 5402 singulariter
2765 5327 2988 5400 diligat,
3021 5333 3077 5383 et
3114 5325 3436 5400 specialiter
3478 5323 3687 5397 diliga-

1980 5429 2091 5481 tur.
2137 5421 2351 5479 Anima
2379 5418 2503 5491 ejus
2531 5431 2648 5475 una
2686 5422 2771 5473 est
2795 5417 2866 5472 de
2900 5413 3346 5472 adolescentulis
3373 5427 3506 5488 quas
3539 5412 3686 5470 dile-

1980 5518 2194 5569 xerunt
2221 5523 2356 5567 eum
2386 5506 2583 5565 nimis.
2617 5503 2865 5564 Puerilis
2892 5510 3028 5561 aetas
3057 5503 3320 5561 nondum
3339 5502 3524 5560 amori
3547 5517 3686 5560 oon-

1979 5601 2158 5672 gruit,
2191 5597 2394 5656 senilis
2419 5595 2588 5655 desiit
2625 5593 2699 5652 ab
2723 5608 2938 5652 amore.
2971 5591 3121 5651 Puer
3149 5598 3252 5664 est,
3279 5594 3383 5666 qui
3426 5593 3688 5652 nondum
