  <div class='ocr_page' id='page_1' title='image "/cluster/home/n/w/nwhite01/storage/ocr_20150623/144/hvd.32044054760046/329.png"; bbox 0 0 4070 6198; ppageno 0'>
   <div class='ocr_carea' id='block_1_1' title="bbox 365 290 472 350">
    <p class='ocr_par' dir='ltr' id='par_1_1' title="bbox 365 290 472 350">
     <span class='ocr_line' id='line_1_1' title="bbox 365 290 472 350; baseline -0.009 0"><span class='ocrx_word' id='word_1_1' title='bbox 365 290 472 350; x_wconf 80' lang='grc'>647</span> 
     </span>
    </p>
   </div>
   <div class='ocr_carea' id='block_1_2' title="bbox 987 285 3258 354">
    <p class='ocr_par' dir='ltr' id='par_1_2' title="bbox 987 285 3258 354">
     <span class='ocr_line' id='line_1_2' title="bbox 987 285 3258 354; baseline 0.001 -6"><span class='ocrx_word' id='word_1_2' title='bbox 987 289 1046 348; x_wconf 93' lang='lat' dir='ltr'>S.</span> <span class='ocrx_word' id='word_1_3' title='bbox 1096 287 1316 347; x_wconf 84' lang='lat' dir='ltr'>PETRI</span> <span class='ocrx_word' id='word_1_4' title='bbox 1358 286 1678 346; x_wconf 86' lang='lat' dir='ltr'>DAMIANI</span> <span class='ocrx_word' id='word_1_5' title='bbox 1719 285 1874 346; x_wconf 91' lang='lat' dir='ltr'>OPP.</span> <span class='ocrx_word' id='word_1_6' title='bbox 1919 287 2110 348; x_wconf 82' lang='lat' dir='ltr'>PARS</span> <span class='ocrx_word' id='word_1_7' title='bbox 2150 289 2290 351; x_wconf 87' lang='lat' dir='ltr'>SEU</span> <span class='ocrx_word' id='word_1_8' title='bbox 2331 293 2580 354; x_wconf 85' lang='lat' dir='ltr'>TOMUS</span> <span class='ocrx_word' id='word_1_9' title='bbox 2620 294 2696 352; x_wconf 94' lang='lat' dir='ltr'>II.</span> <span class='ocrx_word' id='word_1_10' title='bbox 2737 325 2803 337; x_wconf 76' lang='grc' dir='ltr'>-ι</span> <span class='ocrx_word' id='word_1_11' title='bbox 2846 291 3258 354; x_wconf 80' lang='lat' dir='ltr'>SEBMONES.</span> 
     </span>
    </p>
   </div>
   <div class='ocr_carea' id='block_1_3' title="bbox 3768 297 3876 357">
    <p class='ocr_par' dir='ltr' id='par_1_3' title="bbox 3768 297 3876 357">
     <span class='ocr_line' id='line_1_3' title="bbox 3768 297 3876 357; baseline 0 0"><span class='ocrx_word' id='word_1_12' title='bbox 3768 297 3876 357; x_wconf 65' lang='grc'>648</span> 
     </span>
    </p>
   </div>
   <div class='ocr_carea' id='block_1_4' title="bbox 377 410 3876 492">
    <p class='ocr_par' dir='ltr' id='par_1_4' title="bbox 377 410 3876 492">
     <span class='ocr_line' id='line_1_4' title="bbox 377 410 3876 492; baseline 0.001 -18"><span class='ocrx_word' id='word_1_13' title='bbox 377 414 612 474; x_wconf 63' lang='lat' dir='ltr'>aeternis</span> <span class='ocrx_word' id='word_1_14' title='bbox 651 415 878 473; x_wconf 80' lang='lat' dir='ltr'>studere</span> <span class='ocrx_word' id='word_1_15' title='bbox 922 413 1128 488; x_wconf 75' lang='lat' dir='ltr'>C(Bpit;</span> <span class='ocrx_word' id='word_1_16' title='bbox 1172 427 1347 470; x_wconf 89' lang='lat' dir='ltr'>senex</span> <span class='ocrx_word' id='word_1_17' title='bbox 1389 417 1489 480; x_wconf 89' lang='lat' dir='ltr'>est,</span> <span class='ocrx_word' id='word_1_18' title='bbox 1533 410 1635 484; x_wconf 86' lang='lat' dir='ltr'>qui</span> <span class='ocrx_word' id='word_1_19' title='bbox 1669 420 1934 486; x_wconf 75' lang='lat' dir='ltr'>coeperat,</span> <span class='ocrx_word' id='word_1_20' title='bbox 1973 414 2132 476; x_wconf 84' lang='lat' dir='ltr'>sedA</span> <span class='ocrx_word' id='word_1_21' title='bbox 2155 416 2336 476; x_wconf 84' lang='lat' dir='ltr'>dere?</span> <span class='ocrx_word' id='word_1_22' title='bbox 2361 416 2470 476; x_wconf 85' lang='lat' dir='ltr'>Sed</span> <span class='ocrx_word' id='word_1_23' title='bbox 2499 417 2869 476; x_wconf 76' lang='lat' dir='ltr'>succenderet</span> <span class='ocrx_word' id='word_1_24' title='bbox 2883 432 2981 475; x_wconf 93' lang='lat' dir='ltr'>cor</span> <span class='ocrx_word' id='word_1_25' title='bbox 3004 417 3133 490; x_wconf 84' lang='lat' dir='ltr'>ejus</span> <span class='ocrx_word' id='word_1_26' title='bbox 3166 416 3523 475; x_wconf 76' lang='lat' dir='ltr'>familiaritas</span> <span class='ocrx_word' id='word_1_27' title='bbox 3547 416 3795 492; x_wconf 85' lang='lat' dir='ltr'>dulcior,</span> <span class='ocrx_word' id='word_1_28' title='bbox 3817 427 3876 478; x_wconf 89' lang='lat' dir='ltr'>et</span> 
     </span>
    </p>
   </div>
   <div class='ocr_carea' id='block_1_5' title="bbox 371 501 2074 577">
    <p class='ocr_par' dir='ltr' id='par_1_5' title="bbox 371 501 2074 577">
     <span class='ocr_line' id='line_1_5' title="bbox 371 501 2074 577; baseline -0.002 -13"><span class='ocrx_word' id='word_1_29' title='bbox 371 505 613 566; x_wconf 82' lang='lat' dir='ltr'>dimisit.</span> <span class='ocrx_word' id='word_1_30' title='bbox 647 505 930 577; x_wconf 90' lang='lat' dir='ltr'>Utrosque</span> <span class='ocrx_word' id='word_1_31' title='bbox 967 503 1143 576; x_wconf 78' lang='lat' dir='ltr'>igitur</span> <span class='ocrx_word' id='word_1_32' title='bbox 1172 501 1268 559; x_wconf 90' lang='lat' dir='ltr'>ille</span> <span class='ocrx_word' id='word_1_33' title='bbox 1307 516 1576 559; x_wconf 90' lang='lat' dir='ltr'>summus</span> <span class='ocrx_word' id='word_1_34' title='bbox 1616 507 1835 559; x_wconf 79' lang='lat' dir='ltr'>amator</span> <span class='ocrx_word' id='word_1_35' title='bbox 1873 502 2074 562; x_wconf 83' lang='lat' dir='ltr'>exclu-</span> 
     </span>
    </p>
   </div>
   <div class='ocr_carea' id='block_1_6' title="bbox 371 590 2076 667">
    <p class='ocr_par' dir='ltr' id='par_1_6' title="bbox 371 590 2076 667">
     <span class='ocr_line' id='line_1_6' title="bbox 371 590 2076 667; baseline -0.003 -14"><span class='ocrx_word' id='word_1_36' title='bbox 371 596 476 667; x_wconf 85' lang='lat' dir='ltr'>dit,</span> <span class='ocrx_word' id='word_1_37' title='bbox 525 600 581 652; x_wconf 91' lang='lat' dir='ltr'>et</span> <span class='ocrx_word' id='word_1_38' title='bbox 635 611 668 652; x_wconf 89' lang='lat' dir='ltr'>a</span> <span class='ocrx_word' id='word_1_39' title='bbox 723 593 1012 665; x_wconf 75' lang='lat' dir='ltr'>majestate</span> <span class='ocrx_word' id='word_1_40' title='bbox 1064 606 1187 649; x_wconf 61' lang='lat' dir='ltr'>suae</span> <span class='ocrx_word' id='word_1_41' title='bbox 1231 590 1554 648; x_wconf 85' lang='lat' dir='ltr'>dilectionis</span> <span class='ocrx_word' id='word_1_42' title='bbox 1601 590 1882 648; x_wconf 88' lang='lat' dir='ltr'>eliminat.</span> <span class='ocrx_word' id='word_1_43' title='bbox 1944 590 2076 650; x_wconf 90' lang='lat' dir='ltr'>Sola</span> 
     </span>
    </p>
   </div>
   <div class='ocr_carea' id='block_1_7' title="bbox 369 681 2071 755">
    <p class='ocr_par' dir='ltr' id='par_1_7' title="bbox 369 681 2071 755">
     <span class='ocr_line' id='line_1_7' title="bbox 369 681 2071 755; baseline -0.002 -10"><span class='ocrx_word' id='word_1_44' title='bbox 369 684 772 754; x_wconf 86' lang='lat' dir='ltr'>adolescentia,</span> <span class='ocrx_word' id='word_1_45' title='bbox 824 682 1244 740; x_wconf 86' lang='lat' dir='ltr'>ardentissitnis</span> <span class='ocrx_word' id='word_1_46' title='bbox 1321 681 1560 753; x_wconf 75' lang='lat' dir='ltr'>ignibus</span> <span class='ocrx_word' id='word_1_47' title='bbox 1643 682 2071 755; x_wconf 87' lang='lat' dir='ltr'>incandescens,</span> 
     </span>
    </p>
   </div>
   <div class='ocr_carea' id='block_1_8' title="bbox 368 770 2072 848">
    <p class='ocr_par' dir='ltr' id='par_1_8' title="bbox 368 770 2072 848">
     <span class='ocr_line' id='line_1_8' title="bbox 368 770 2072 848; baseline -0.002 -15"><span class='ocrx_word' id='word_1_48' title='bbox 368 774 698 848; x_wconf 90' lang='lat' dir='ltr'>eclipticum</span> <span class='ocrx_word' id='word_1_49' title='bbox 746 786 1000 829; x_wconf 83' lang='lat' dir='ltr'>amorem</span> <span class='ocrx_word' id='word_1_50' title='bbox 1056 785 1168 829; x_wconf 91' lang='lat' dir='ltr'>non</span> <span class='ocrx_word' id='word_1_51' title='bbox 1223 771 1444 843; x_wconf 83' lang='lat' dir='ltr'>recipit,</span> <span class='ocrx_word' id='word_1_52' title='bbox 1496 770 1593 826; x_wconf 92' lang='lat' dir='ltr'>sed</span> <span class='ocrx_word' id='word_1_53' title='bbox 1645 770 1907 829; x_wconf 87' lang='lat' dir='ltr'>ardorem</span> <span class='ocrx_word' id='word_1_54' title='bbox 1963 771 2072 829; x_wconf 92' lang='lat' dir='ltr'>sibi</span> 
     </span>
    </p>
   </div>
   <div class='ocr_carea' id='block_1_9' title="bbox 370 858 2073 932">
    <p class='ocr_par' dir='ltr' id='par_1_9' title="bbox 370 858 2073 932">
     <span class='ocr_line' id='line_1_9' title="bbox 370 858 2073 932; baseline -0.004 -9"><span class='ocrx_word' id='word_1_55' title='bbox 370 862 627 923; x_wconf 89' lang='lat' dir='ltr'>vindicat</span> <span class='ocrx_word' id='word_1_56' title='bbox 664 861 980 932; x_wconf 89' lang='lat' dir='ltr'>copiosum.</span> <span class='ocrx_word' id='word_1_57' title='bbox 1023 859 1180 916; x_wconf 88' lang='lat' dir='ltr'>Inter</span> <span class='ocrx_word' id='word_1_58' title='bbox 1219 858 1677 917; x_wconf 89' lang='lat' dir='ltr'>adolescentulas</span> <span class='ocrx_word' id='word_1_59' title='bbox 1716 859 1910 932; x_wconf 87' lang='lat' dir='ltr'>igitur,</span> <span class='ocrx_word' id='word_1_60' title='bbox 1943 861 2073 918; x_wconf 91' lang='lat' dir='ltr'>ani-</span> 
     </span>
    </p>
   </div>
   <div class='ocr_carea' id='block_1_10' title="bbox 371 948 2074 1022">
    <p class='ocr_par' dir='ltr' id='par_1_10' title="bbox 371 948 2074 1022">
     <span class='ocr_line' id='line_1_10' title="bbox 371 948 2074 1022; baseline -0.002 -13"><span class='ocrx_word' id='word_1_61' title='bbox 371 967 496 1010; x_wconf 89' lang='lat' dir='ltr'>mas</span> <span class='ocrx_word' id='word_1_62' title='bbox 542 949 813 1007; x_wconf 79' lang='lat' dir='ltr'>videlicet</span> <span class='ocrx_word' id='word_1_63' title='bbox 863 948 1200 1017; x_wconf 87' lang='lat' dir='ltr'>electorum,</span> <span class='ocrx_word' id='word_1_64' title='bbox 1251 964 1382 1022; x_wconf 65' lang='lat' dir='ltr'>quin</span> <span class='ocrx_word' id='word_1_65' title='bbox 1428 949 1645 1006; x_wconf 59' lang='lat' dir='ltr'>caelesti</span> <span class='ocrx_word' id='word_1_66' title='bbox 1686 964 1895 1022; x_wconf 91' lang='lat' dir='ltr'>sponso</span> <span class='ocrx_word' id='word_1_67' title='bbox 1928 949 2074 1006; x_wconf 90' lang='lat' dir='ltr'>dile-</span> 
     </span>
    </p>
   </div>
   <div class='ocr_carea' id='block_1_11' title="bbox 369 1038 2073 1112">
    <p class='ocr_par' dir='ltr' id='par_1_11' title="bbox 369 1038 2073 1112">
     <span class='ocr_line' id='line_1_11' title="bbox 369 1038 2073 1112; baseline -0.002 -13"><span class='ocrx_word' id='word_1_68' title='bbox 369 1040 618 1099; x_wconf 90' lang='lat' dir='ltr'>ctionem</span> <span class='ocrx_word' id='word_1_69' title='bbox 674 1038 1063 1112; x_wconf 89' lang='lat' dir='ltr'>promiserunt</span> <span class='ocrx_word' id='word_1_70' title='bbox 1105 1045 1159 1095; x_wconf 90' lang='lat' dir='ltr'>et</span> <span class='ocrx_word' id='word_1_71' title='bbox 1203 1038 1397 1108; x_wconf 88' lang='lat' dir='ltr'>ﬁdem,</span> <span class='ocrx_word' id='word_1_72' title='bbox 1430 1039 1536 1096; x_wconf 91' lang='lat' dir='ltr'>ista</span> <span class='ocrx_word' id='word_1_73' title='bbox 1581 1038 1699 1096; x_wconf 91' lang='lat' dir='ltr'>sola</span> <span class='ocrx_word' id='word_1_74' title='bbox 1743 1038 1950 1096; x_wconf 86' lang='lat' dir='ltr'>dilexit</span> <span class='ocrx_word' id='word_1_75' title='bbox 1983 1055 2073 1095; x_wconf 87' lang='lat' dir='ltr'>ar-</span> 
     </span>
    </p>
   </div>
   <div class='ocr_carea' id='block_1_12' title="bbox 371 1125 2076 1203">
    <p class='ocr_par' dir='ltr' id='par_1_12' title="bbox 371 1125 2076 1203">
     <span class='ocr_line' id='line_1_12' title="bbox 371 1125 2076 1203; baseline -0.004 -14"><span class='ocrx_word' id='word_1_76' title='bbox 371 1132 622 1199; x_wconf 90' lang='lat' dir='ltr'>dentius,</span> <span class='ocrx_word' id='word_1_77' title='bbox 653 1135 707 1188; x_wconf 91' lang='lat' dir='ltr'>et</span> <span class='ocrx_word' id='word_1_78' title='bbox 753 1129 965 1188; x_wconf 90' lang='lat' dir='ltr'>amoris</span> <span class='ocrx_word' id='word_1_79' title='bbox 1005 1130 1330 1203; x_wconf 89' lang='lat' dir='ltr'>impatiens,</span> <span class='ocrx_word' id='word_1_80' title='bbox 1351 1129 1431 1186; x_wconf 87' lang='lat' dir='ltr'>ait</span> <span class='ocrx_word' id='word_1_81' title='bbox 1461 1153 1473 1186; x_wconf 82' lang='lat'><strong>:</strong></span> <span class='ocrx_word' id='word_1_82' title='bbox 1506 1154 1530 1180; x_wconf 78' lang='grc' dir='ltr'>α</span> <span class='ocrx_word' id='word_1_83' title='bbox 1561 1128 1822 1197; x_wconf 87' lang='lat' dir='ltr'>Domine,</span> <span class='ocrx_word' id='word_1_84' title='bbox 1852 1130 1900 1186; x_wconf 91' lang='lat' dir='ltr'>si</span> <span class='ocrx_word' id='word_1_85' title='bbox 1936 1125 2076 1183; x_wconf 87' lang='lat'>135</span> 
     </span>
    </p>
   </div>
   <div class='ocr_carea' id='block_1_13' title="bbox 370 1218 2089 1293">
    <p class='ocr_par' dir='ltr' id='par_1_13' title="bbox 370 1218 2089 1293">
     <span class='ocr_line' id='line_1_13' title="bbox 370 1218 2089 1293; baseline -0.001 -13"><span class='ocrx_word' id='word_1_86' title='bbox 370 1227 430 1280; x_wconf 89' lang='lat' dir='ltr'>tu</span> <span class='ocrx_word' id='word_1_87' title='bbox 462 1237 543 1292; x_wconf 89' lang='lat' dir='ltr'>es,</span> <span class='ocrx_word' id='word_1_88' title='bbox 576 1219 720 1293; x_wconf 90' lang='lat' dir='ltr'>jube</span> <span class='ocrx_word' id='word_1_89' title='bbox 752 1234 842 1276; x_wconf 89' lang='lat' dir='ltr'>me</span> <span class='ocrx_word' id='word_1_90' title='bbox 873 1219 1072 1276; x_wconf 90' lang='lat' dir='ltr'>venire</span> <span class='ocrx_word' id='word_1_91' title='bbox 1100 1218 1170 1275; x_wconf 89' lang='lat' dir='ltr'>ad</span> <span class='ocrx_word' id='word_1_92' title='bbox 1204 1225 1254 1276; x_wconf 92' lang='lat' dir='ltr'>te</span> <span class='ocrx_word' id='word_1_93' title='bbox 1291 1234 1464 1292; x_wconf 89' lang='lat' dir='ltr'>super</span> <span class='ocrx_word' id='word_1_94' title='bbox 1490 1235 1672 1292; x_wconf 84' lang='lat' dir='ltr'>aquas</span> <span class='ocrx_word' id='word_1_95' title='bbox 1707 1221 1924 1290; x_wconf 85' lang='lat' dir='ltr'>(Matth.</span> <span class='ocrx_word' id='word_1_96' title='bbox 1959 1219 2014 1290; x_wconf 93' lang='lat'>1).</span> <span class='ocrx_word' id='word_1_97' title='bbox 2045 1243 2089 1279; x_wconf 71' lang='grc' dir='ltr'>ιο,</span> 
     </span>
    </p>
   </div>
   <div class='ocr_carea' id='block_1_14' title="bbox 376 1308 2078 1383">
    <p class='ocr_par' dir='ltr' id='par_1_14' title="bbox 376 1308 2078 1383">
     <span class='ocr_line' id='line_1_14' title="bbox 376 1308 2078 1383; baseline -0.002 -13"><span class='ocrx_word' id='word_1_98' title='bbox 376 1311 504 1370; x_wconf 91' lang='lat' dir='ltr'>Non</span> <span class='ocrx_word' id='word_1_99' title='bbox 534 1312 728 1370; x_wconf 90' lang='lat' dir='ltr'>timuit</span> <span class='ocrx_word' id='word_1_100' title='bbox 755 1311 1106 1383; x_wconf 85' lang='lat' dir='ltr'>singularem</span> <span class='ocrx_word' id='word_1_101' title='bbox 1137 1309 1407 1367; x_wconf 89' lang='lat' dir='ltr'>elementi</span> <span class='ocrx_word' id='word_1_102' title='bbox 1440 1310 1780 1376; x_wconf 88' lang='lat' dir='ltr'>molestiam,</span> <span class='ocrx_word' id='word_1_103' title='bbox 1815 1316 1869 1366; x_wconf 91' lang='lat' dir='ltr'>et</span> <span class='ocrx_word' id='word_1_104' title='bbox 1892 1308 2078 1382; x_wconf 86' lang='lat' dir='ltr'>pelagi</span> 
     </span>
    </p>
   </div>
   <div class='ocr_carea' id='block_1_15' title="bbox 381 1399 2078 1472">
    <p class='ocr_par' dir='ltr' id='par_1_15' title="bbox 381 1399 2078 1472">
     <span class='ocr_line' id='line_1_15' title="bbox 381 1399 2078 1472; baseline -0.002 -11"><span class='ocrx_word' id='word_1_105' title='bbox 381 1401 672 1461; x_wconf 56' lang='lat' dir='ltr'>saevientis</span> <span class='ocrx_word' id='word_1_106' title='bbox 720 1399 1019 1458; x_wconf 89' lang='lat' dir='ltr'>undositas</span> <span class='ocrx_word' id='word_1_107' title='bbox 1053 1400 1321 1456; x_wconf 77' lang='lat' dir='ltr'>affectum</span> <span class='ocrx_word' id='word_1_108' title='bbox 1369 1399 1628 1472; x_wconf 87' lang='lat' dir='ltr'>Apostoli</span> <span class='ocrx_word' id='word_1_109' title='bbox 1675 1400 1919 1458; x_wconf 89' lang='lat' dir='ltr'>retinere</span> <span class='ocrx_word' id='word_1_110' title='bbox 1963 1415 2078 1458; x_wconf 92' lang='lat' dir='ltr'>non</span> 
     </span>
    </p>
   </div>
   <div class='ocr_carea' id='block_1_16' title="bbox 375 1488 2080 1566">
    <p class='ocr_par' dir='ltr' id='par_1_16' title="bbox 375 1488 2080 1566">
     <span class='ocr_line' id='line_1_16' title="bbox 375 1488 2080 1566; baseline -0.001 -16"><span class='ocrx_word' id='word_1_111' title='bbox 375 1491 580 1566; x_wconf 90' lang='lat' dir='ltr'>potuit.</span> <span class='ocrx_word' id='word_1_112' title='bbox 637 1490 747 1550; x_wconf 90' lang='lat' dir='ltr'>Sed</span> <span class='ocrx_word' id='word_1_113' title='bbox 791 1491 930 1563; x_wconf 90' lang='lat' dir='ltr'>quid</span> <span class='ocrx_word' id='word_1_114' title='bbox 967 1495 1051 1547; x_wconf 91' lang='lat' dir='ltr'>est</span> <span class='ocrx_word' id='word_1_115' title='bbox 1097 1489 1249 1562; x_wconf 88' lang='lat' dir='ltr'>quod</span> <span class='ocrx_word' id='word_1_116' title='bbox 1300 1488 1438 1546; x_wconf 87' lang='lat' dir='ltr'>dicit</span> <span class='ocrx_word' id='word_1_117' title='bbox 1483 1494 1666 1554; x_wconf 74' lang='lat' dir='ltr'>nimis,</span> <span class='ocrx_word' id='word_1_118' title='bbox 1713 1505 1846 1549; x_wconf 89' lang='lat' dir='ltr'>cum</span> <span class='ocrx_word' id='word_1_119' title='bbox 1907 1491 2080 1548; x_wconf 89' lang='lat' dir='ltr'>nimis</span> 
     </span>
    </p>
   </div>
   <div class='ocr_carea' id='block_1_17' title="bbox 377 1578 2080 1652">
    <p class='ocr_par' dir='ltr' id='par_1_17' title="bbox 377 1578 2080 1652">
     <span class='ocr_line' id='line_1_17' title="bbox 377 1578 2080 1652; baseline -0.001 -15"><span class='ocrx_word' id='word_1_120' title='bbox 377 1579 477 1637; x_wconf 91' lang='lat' dir='ltr'>ille</span> <span class='ocrx_word' id='word_1_121' title='bbox 508 1579 672 1652; x_wconf 86' lang='lat' dir='ltr'>diligi</span> <span class='ocrx_word' id='word_1_122' title='bbox 701 1594 813 1636; x_wconf 87' lang='lat' dir='ltr'>non</span> <span class='ocrx_word' id='word_1_123' title='bbox 851 1579 1047 1652; x_wconf 85' lang='lat' dir='ltr'>possit.</span> <span class='ocrx_word' id='word_1_124' title='bbox 1080 1578 1182 1651; x_wconf 89' lang='lat' dir='ltr'>qui</span> <span class='ocrx_word' id='word_1_125' title='bbox 1217 1584 1327 1635; x_wconf 88' lang='lat' dir='ltr'>toto</span> <span class='ocrx_word' id='word_1_126' title='bbox 1352 1578 1539 1648; x_wconf 91' lang='lat' dir='ltr'>corde,</span> <span class='ocrx_word' id='word_1_127' title='bbox 1571 1585 1678 1635; x_wconf 91' lang='lat' dir='ltr'>tota</span> <span class='ocrx_word' id='word_1_128' title='bbox 1707 1579 1922 1648; x_wconf 90' lang='lat' dir='ltr'>anima,</span> <span class='ocrx_word' id='word_1_129' title='bbox 1951 1579 2080 1637; x_wconf 92' lang='lat' dir='ltr'>totis</span> 
     </span>
    </p>
   </div>
   <div class='ocr_carea' id='block_1_18' title="bbox 377 1664 1382 1740">
    <p class='ocr_par' dir='ltr' id='par_1_18' title="bbox 377 1664 1382 1740">
     <span class='ocr_line' id='line_1_18' title="bbox 377 1664 1382 1740; baseline -0.002 -14"><span class='ocrx_word' id='word_1_130' title='bbox 377 1667 606 1727; x_wconf 90' lang='lat' dir='ltr'>viribus</span> <span class='ocrx_word' id='word_1_131' title='bbox 634 1666 968 1740; x_wconf 70' lang='lat' dir='ltr'>prmcipitur</span> <span class='ocrx_word' id='word_1_132' title='bbox 998 1666 1329 1739; x_wconf 77' lang='lat' dir='ltr'>diligendhs</span> <span class='ocrx_word' id='word_1_133' title='bbox 1355 1664 1382 1724; x_wconf 86' lang='lat'><strong><em>?</em></strong></span> 
     </span>
    </p>
   </div>
   <div class='ocr_carea' id='block_1_19' title="bbox 2159 504 3874 579">
    <p class='ocr_par' dir='ltr' id='par_1_19' title="bbox 2159 504 3874 579">
     <span class='ocr_line' id='line_1_19' title="bbox 2159 504 3874 579; baseline 0.001 -15"><span class='ocrx_word' id='word_1_134' title='bbox 2159 504 2403 564; x_wconf 88' lang='lat' dir='ltr'>verbum</span> <span class='ocrx_word' id='word_1_135' title='bbox 2453 504 2524 562; x_wconf 92' lang='lat' dir='ltr'>de</span> <span class='ocrx_word' id='word_1_136' title='bbox 2573 504 2972 578; x_wconf 84' lang='lat' dir='ltr'>Redemptoris</span> <span class='ocrx_word' id='word_1_137' title='bbox 3015 505 3272 563; x_wconf 85' lang='lat' dir='ltr'>absentia</span> <span class='ocrx_word' id='word_1_138' title='bbox 3326 505 3437 579; x_wconf 91' lang='lat' dir='ltr'>pati</span> <span class='ocrx_word' id='word_1_139' title='bbox 3490 519 3606 562; x_wconf 92' lang='lat' dir='ltr'>non</span> <span class='ocrx_word' id='word_1_140' title='bbox 3655 511 3874 578; x_wconf 85' lang='lat' dir='ltr'>poterat</span> 
     </span>
    </p>
   </div>
   <div class='ocr_carea' id='block_1_20' title="bbox 2156 592 3874 666">
    <p class='ocr_par' dir='ltr' id='par_1_20' title="bbox 2156 592 3874 666">
     <span class='ocr_line' id='line_1_20' title="bbox 2156 592 3874 666; baseline 0.002 -16"><span class='ocrx_word' id='word_1_141' title='bbox 2156 593 2482 666; x_wconf 81' lang='lat' dir='ltr'>benignitas</span> <span class='ocrx_word' id='word_1_142' title='bbox 2545 593 2857 666; x_wconf 87' lang='lat' dir='ltr'>diligentis.</span> <span class='ocrx_word' id='word_1_143' title='bbox 2923 592 3030 649; x_wconf 88' lang='lat' dir='ltr'>Hic</span> <span class='ocrx_word' id='word_1_144' title='bbox 3091 592 3356 665; x_wconf 81' lang='lat' dir='ltr'>diligitur</span> <span class='ocrx_word' id='word_1_145' title='bbox 3413 593 3565 651; x_wconf 91' lang='lat' dir='ltr'>Deus</span> <span class='ocrx_word' id='word_1_146' title='bbox 3622 610 3695 651; x_wconf 87' lang='lat' dir='ltr'>ex</span> <span class='ocrx_word' id='word_1_147' title='bbox 3758 602 3874 653; x_wconf 88' lang='lat' dir='ltr'>toto</span> 
     </span>
    </p>
   </div>
   <div class='ocr_carea' id='block_1_21' title="bbox 2155 682 3873 751">
    <p class='ocr_par' dir='ltr' id='par_1_21' title="bbox 2155 682 3873 751">
     <span class='ocr_line' id='line_1_21' title="bbox 2155 682 3873 751; baseline 0 -10"><span class='ocrx_word' id='word_1_148' title='bbox 2155 684 2342 751; x_wconf 80' lang='lat' dir='ltr'>corde,</span> <span class='ocrx_word' id='word_1_149' title='bbox 2373 699 2507 742; x_wconf 90' lang='lat' dir='ltr'>cum</span> <span class='ocrx_word' id='word_1_150' title='bbox 2538 683 2593 741; x_wconf 91' lang='lat' dir='ltr'>in</span> <span class='ocrx_word' id='word_1_151' title='bbox 2636 683 2803 740; x_wconf 90' lang='lat' dir='ltr'>corde</span> <span class='ocrx_word' id='word_1_152' title='bbox 2840 684 3097 741; x_wconf 89' lang='lat' dir='ltr'>hominis</span> <span class='ocrx_word' id='word_1_153' title='bbox 3130 682 3369 740; x_wconf 76' lang='lat' dir='ltr'>affectus</span> <span class='ocrx_word' id='word_1_154' title='bbox 3399 688 3455 739; x_wconf 92' lang='lat' dir='ltr'>et</span> <span class='ocrx_word' id='word_1_155' title='bbox 3487 682 3730 742; x_wconf 90' lang='lat' dir='ltr'>dulcedo</span> <span class='ocrx_word' id='word_1_156' title='bbox 3773 685 3873 741; x_wconf 89' lang='lat' dir='ltr'>in-</span> 
     </span>
    </p>
   </div>
   <div class='ocr_carea' id='block_1_22' title="bbox 2157 770 3874 845">
    <p class='ocr_par' dir='ltr' id='par_1_22' title="bbox 2157 770 3874 845">
     <span class='ocr_line' id='line_1_22' title="bbox 2157 770 3874 845; baseline 0.002 -18"><span class='ocrx_word' id='word_1_157' title='bbox 2157 771 2393 840; x_wconf 86' lang='lat' dir='ltr'>habitet,</span> <span class='ocrx_word' id='word_1_158' title='bbox 2447 771 2750 845; x_wconf 89' lang='lat' dir='ltr'>solumque</span> <span class='ocrx_word' id='word_1_159' title='bbox 2793 786 2889 828; x_wconf 93' lang='lat' dir='ltr'>cor</span> <span class='ocrx_word' id='word_1_160' title='bbox 2935 771 3189 829; x_wconf 89' lang='lat' dir='ltr'>hominis</span> <span class='ocrx_word' id='word_1_161' title='bbox 3233 770 3447 830; x_wconf 89' lang='lat' dir='ltr'>amoris</span> <span class='ocrx_word' id='word_1_162' title='bbox 3498 771 3874 830; x_wconf 86' lang='lat' dir='ltr'>dulcedinem</span> 
     </span>
    </p>
   </div>
   <div class='ocr_carea' id='block_1_23' title="bbox 2158 861 3874 936">
    <p class='ocr_par' dir='ltr' id='par_1_23' title="bbox 2158 861 3874 936">
     <span class='ocr_line' id='line_1_23' title="bbox 2158 861 3874 936; baseline 0.001 -16"><span class='ocrx_word' id='word_1_163' title='bbox 2158 861 2543 935; x_wconf 87' lang='lat' dir='ltr'>perseveranti</span> <span class='ocrx_word' id='word_1_164' title='bbox 2589 862 2896 920; x_wconf 85' lang='lat' dir='ltr'>stabilitate</span> <span class='ocrx_word' id='word_1_165' title='bbox 2941 861 3240 920; x_wconf 87' lang='lat' dir='ltr'>custodiat.</span> <span class='ocrx_word' id='word_1_166' title='bbox 3300 861 3462 919; x_wconf 86' lang='lat' dir='ltr'>Unde</span> <span class='ocrx_word' id='word_1_167' title='bbox 3503 871 3557 920; x_wconf 88' lang='lat' dir='ltr'>et</span> <span class='ocrx_word' id='word_1_168' title='bbox 3611 863 3874 936; x_wconf 89' lang='lat' dir='ltr'>vulgaris</span> 
     </span>
    </p>
   </div>
   <div class='ocr_carea' id='block_1_24' title="bbox 2157 950 3874 1026">
    <p class='ocr_par' dir='ltr' id='par_1_24' title="bbox 2157 950 3874 1026">
     <span class='ocr_line' id='line_1_24' title="bbox 2157 950 3874 1026; baseline 0.001 -17"><span class='ocrx_word' id='word_1_169' title='bbox 2157 967 2298 1009; x_wconf 91' lang='lat' dir='ltr'>usus</span> <span class='ocrx_word' id='word_1_170' title='bbox 2330 950 2600 1023; x_wconf 91' lang='lat' dir='ltr'>obtinuit,</span> <span class='ocrx_word' id='word_1_171' title='bbox 2627 961 2708 1021; x_wconf 91' lang='lat' dir='ltr'>ut,</span> <span class='ocrx_word' id='word_1_172' title='bbox 2735 967 2869 1009; x_wconf 91' lang='lat' dir='ltr'>cum</span> <span class='ocrx_word' id='word_1_173' title='bbox 2893 952 3148 1025; x_wconf 87' lang='lat' dir='ltr'>aliquem</span> <span class='ocrx_word' id='word_1_174' title='bbox 3176 953 3249 1010; x_wconf 90' lang='lat' dir='ltr'>ab</span> <span class='ocrx_word' id='word_1_175' title='bbox 3270 952 3466 1026; x_wconf 87' lang='lat' dir='ltr'>aliquo</span> <span class='ocrx_word' id='word_1_176' title='bbox 3498 953 3874 1011; x_wconf 84' lang='lat' dir='ltr'>vehementer</span> 
     </span>
    </p>
   </div>
   <div class='ocr_carea' id='block_1_25' title="bbox 2158 1040 3873 1116">
    <p class='ocr_par' dir='ltr' id='par_1_25' title="bbox 2158 1040 3873 1116">
     <span class='ocr_line' id='line_1_25' title="bbox 2158 1040 3873 1116; baseline 0.001 -18"><span class='ocrx_word' id='word_1_177' title='bbox 2158 1040 2340 1098; x_wconf 89' lang='lat' dir='ltr'>amari</span> <span class='ocrx_word' id='word_1_178' title='bbox 2378 1041 2782 1112; x_wconf 87' lang='lat' dir='ltr'>conspicimus,</span> <span class='ocrx_word' id='word_1_179' title='bbox 2815 1043 3078 1100; x_wconf 91' lang='lat' dir='ltr'>dicamus</span> <span class='ocrx_word' id='word_1_180' title='bbox 3116 1067 3127 1101; x_wconf 89' lang='lat'><strong>:</strong></span> <span class='ocrx_word' id='word_1_181' title='bbox 3169 1042 3256 1100; x_wconf 85' lang='lat' dir='ltr'>Ex</span> <span class='ocrx_word' id='word_1_182' title='bbox 3287 1044 3454 1101; x_wconf 90' lang='lat' dir='ltr'>corde</span> <span class='ocrx_word' id='word_1_183' title='bbox 3485 1042 3678 1116; x_wconf 84' lang='lat' dir='ltr'>diligit</span> <span class='ocrx_word' id='word_1_184' title='bbox 3703 1059 3873 1112; x_wconf 88' lang='lat' dir='ltr'>eum,</span> 
     </span>
    </p>
   </div>
   <div class='ocr_carea' id='block_1_26' title="bbox 2157 1131 3187 1205">
    <p class='ocr_par' dir='ltr' id='par_1_26' title="bbox 2157 1131 3187 1205">
     <span class='ocr_line' id='line_1_26' title="bbox 2157 1131 3187 1205; baseline 0.001 -18"><span class='ocrx_word' id='word_1_185' title='bbox 2157 1146 2332 1204; x_wconf 90' lang='lat' dir='ltr'>quem</span> <span class='ocrx_word' id='word_1_186' title='bbox 2363 1131 2580 1189; x_wconf 88' lang='lat' dir='ltr'>scilicet</span> <span class='ocrx_word' id='word_1_187' title='bbox 2605 1136 2777 1202; x_wconf 87' lang='lat' dir='ltr'>amat,</span> <span class='ocrx_word' id='word_1_188' title='bbox 2807 1137 2863 1188; x_wconf 88' lang='lat' dir='ltr'>et</span> <span class='ocrx_word' id='word_1_189' title='bbox 2901 1133 3187 1205; x_wconf 89' lang='lat' dir='ltr'>sequitur.</span> 
     </span>
    </p>
   </div>
   <div class='ocr_carea' id='block_1_27' title="bbox 2232 1219 3872 1294">
    <p class='ocr_par' dir='ltr' id='par_1_27' title="bbox 2232 1219 3872 1294">
     <span class='ocr_line' id='line_1_27' title="bbox 2232 1219 3872 1294; baseline 0.001 -16"><span class='ocrx_word' id='word_1_190' title='bbox 2232 1219 2534 1278; x_wconf 90' lang='lat' dir='ltr'>Secundus</span> <span class='ocrx_word' id='word_1_191' title='bbox 2563 1226 2663 1285; x_wconf 88' lang='lat' dir='ltr'>est,</span> <span class='ocrx_word' id='word_1_192' title='bbox 2685 1220 2924 1293; x_wconf 88' lang='lat' dir='ltr'>diligere</span> <span class='ocrx_word' id='word_1_193' title='bbox 2945 1221 3247 1294; x_wconf 86' lang='lat' dir='ltr'>sapienter.</span> <span class='ocrx_word' id='word_1_194' title='bbox 3280 1219 3505 1279; x_wconf 87' lang='lat' dir='ltr'>Gradus</span> <span class='ocrx_word' id='word_1_195' title='bbox 3532 1221 3636 1279; x_wconf 89' lang='lat' dir='ltr'>iste</span> <span class='ocrx_word' id='word_1_196' title='bbox 3665 1223 3872 1280; x_wconf 64' lang='lat' dir='ltr'>multae</span> 
     </span>
    </p>
   </div>
   <div class='ocr_carea' id='block_1_28' title="bbox 2158 1308 3869 1382">
    <p class='ocr_par' dir='ltr' id='par_1_28' title="bbox 2158 1308 3869 1382">
     <span class='ocr_line' id='line_1_28' title="bbox 2158 1308 3869 1382; baseline 0.002 -17"><span class='ocrx_word' id='word_1_197' title='bbox 2158 1308 2485 1366; x_wconf 87' lang='lat' dir='ltr'>altitudinis</span> <span class='ocrx_word' id='word_1_198' title='bbox 2508 1315 2613 1380; x_wconf 91' lang='lat' dir='ltr'>est,</span> <span class='ocrx_word' id='word_1_199' title='bbox 2639 1317 2694 1366; x_wconf 92' lang='lat' dir='ltr'>et</span> <span class='ocrx_word' id='word_1_200' title='bbox 2717 1309 2892 1367; x_wconf 91' lang='lat' dir='ltr'>nimis</span> <span class='ocrx_word' id='word_1_201' title='bbox 2907 1309 3203 1367; x_wconf 81' lang='lat' dir='ltr'>difﬁcilem</span> <span class='ocrx_word' id='word_1_202' title='bbox 3224 1309 3526 1382; x_wconf 83' lang='lat' dir='ltr'>pollicetur</span> <span class='ocrx_word' id='word_1_203' title='bbox 3537 1327 3869 1370; x_wconf 86' lang='lat' dir='ltr'>ascensum.</span> 
     </span>
    </p>
   </div>
   <div class='ocr_carea' id='block_1_29' title="bbox 2163 1397 3875 1472">
    <p class='ocr_par' dir='ltr' id='par_1_29' title="bbox 2163 1397 3875 1472">
     <span class='ocr_line' id='line_1_29' title="bbox 2163 1397 3875 1472; baseline 0.003 -18"><span class='ocrx_word' id='word_1_204' title='bbox 2163 1397 2286 1455; x_wconf 87' lang='lat' dir='ltr'>Non</span> <span class='ocrx_word' id='word_1_205' title='bbox 2343 1403 2538 1456; x_wconf 90' lang='lat' dir='ltr'>autem</span> <span class='ocrx_word' id='word_1_206' title='bbox 2599 1398 2789 1456; x_wconf 89' lang='lat' dir='ltr'>evadit</span> <span class='ocrx_word' id='word_1_207' title='bbox 2846 1398 2915 1455; x_wconf 87' lang='lat' dir='ltr'>ad</span> <span class='ocrx_word' id='word_1_208' title='bbox 2991 1412 3264 1456; x_wconf 90' lang='lat' dir='ltr'>cacumen</span> <span class='ocrx_word' id='word_1_209' title='bbox 3341 1397 3468 1472; x_wconf 87' lang='lat' dir='ltr'>ejus</span> <span class='ocrx_word' id='word_1_210' title='bbox 3530 1401 3644 1458; x_wconf 86' lang='lat' dir='ltr'>nisi</span> <span class='ocrx_word' id='word_1_211' title='bbox 3703 1417 3875 1459; x_wconf 90' lang='lat' dir='ltr'>mens</span> 
     </span>
    </p>
   </div>
   <div class='ocr_carea' id='block_1_30' title="bbox 2163 1486 3874 1563">
    <p class='ocr_par' dir='ltr' id='par_1_30' title="bbox 2163 1486 3874 1563">
     <span class='ocr_line' id='line_1_30' title="bbox 2163 1486 3874 1563; baseline 0.003 -19"><span class='ocrx_word' id='word_1_212' title='bbox 2163 1486 2459 1559; x_wconf 90' lang='lat' dir='ltr'>mundior,</span> <span class='ocrx_word' id='word_1_213' title='bbox 2497 1494 2552 1544; x_wconf 91' lang='lat' dir='ltr'>et</span> <span class='ocrx_word' id='word_1_214' title='bbox 2586 1503 2720 1560; x_wconf 58' lang='lat' dir='ltr'>quae</span> <span class='ocrx_word' id='word_1_215' title='bbox 2757 1487 2966 1545; x_wconf 91' lang='lat' dir='ltr'>mundi</span> <span class='ocrx_word' id='word_1_216' title='bbox 2998 1489 3174 1561; x_wconf 91' lang='lat' dir='ltr'>hujus</span> <span class='ocrx_word' id='word_1_217' title='bbox 3211 1488 3548 1561; x_wconf 88' lang='lat' dir='ltr'>sapientiam</span> <span class='ocrx_word' id='word_1_218' title='bbox 3589 1491 3874 1563; x_wconf 85' lang='lat' dir='ltr'>sapientia</span> 
     </span>
    </p>
   </div>
   <div class='ocr_carea' id='block_1_31' title="bbox 2162 1575 3876 1650">
    <p class='ocr_par' dir='ltr' id='par_1_31' title="bbox 2162 1575 3876 1650">
     <span class='ocr_line' id='line_1_31' title="bbox 2162 1575 3876 1650; baseline 0.002 -16"><span class='ocrx_word' id='word_1_219' title='bbox 2162 1577 2522 1649; x_wconf 87' lang='lat' dir='ltr'>supervaleat</span> <span class='ocrx_word' id='word_1_220' title='bbox 2579 1578 2938 1650; x_wconf 87' lang='lat' dir='ltr'>angelorum.</span> <span class='ocrx_word' id='word_1_221' title='bbox 3010 1575 3150 1633; x_wconf 87' lang='lat'>136</span> <span class='ocrx_word' id='word_1_222' title='bbox 3212 1579 3335 1638; x_wconf 74' lang='lat' dir='ltr'>Non</span> <span class='ocrx_word' id='word_1_223' title='bbox 3395 1579 3711 1638; x_wconf 89' lang='lat' dir='ltr'>attenditur</span> <span class='ocrx_word' id='word_1_224' title='bbox 3776 1581 3876 1638; x_wconf 88' lang='lat' dir='ltr'>hic</span> 
     </span>
    </p>
   </div>
   <div class='ocr_carea' id='block_1_32' title="bbox 2163 1667 3874 1741">
    <p class='ocr_par' dir='ltr' id='par_1_32' title="bbox 2163 1667 3874 1741">
     <span class='ocr_line' id='line_1_32' title="bbox 2163 1667 3874 1741; baseline 0.002 -17"><span class='ocrx_word' id='word_1_225' title='bbox 2163 1667 2468 1738; x_wconf 91' lang='lat' dir='ltr'>nascentis,</span> <span class='ocrx_word' id='word_1_226' title='bbox 2503 1668 2593 1726; x_wconf 90' lang='lat' dir='ltr'>vel</span> <span class='ocrx_word' id='word_1_227' title='bbox 2642 1669 2971 1727; x_wconf 91' lang='lat' dir='ltr'>itinerantis</span> <span class='ocrx_word' id='word_1_228' title='bbox 3011 1669 3110 1727; x_wconf 88' lang='lat' dir='ltr'>Dei</span> <span class='ocrx_word' id='word_1_229' title='bbox 3149 1669 3443 1728; x_wconf 88' lang='lat' dir='ltr'>cumulata</span> <span class='ocrx_word' id='word_1_230' title='bbox 3479 1670 3725 1741; x_wconf 87' lang='lat' dir='ltr'>devotio,</span> <span class='ocrx_word' id='word_1_231' title='bbox 3768 1670 3874 1728; x_wconf 85' lang='lat' dir='ltr'>sed</span> 
     </span>
    </p>
   </div>
   <div class='ocr_carea' id='block_1_33' title="bbox 451 1752 3872 1838">
    <p class='ocr_par' dir='ltr' id='par_1_33' title="bbox 451 1752 3872 1838">
     <span class='ocr_line' id='line_1_33' title="bbox 451 1752 3872 1838; baseline 0 -22"><span class='ocrx_word' id='word_1_232' title='bbox 451 1757 592 1816; x_wconf 86' lang='lat' dir='ltr'>Tres</span> <span class='ocrx_word' id='word_1_233' title='bbox 635 1763 775 1815; x_wconf 88' lang='lat' dir='ltr'>sunt</span> <span class='ocrx_word' id='word_1_234' title='bbox 815 1756 1026 1828; x_wconf 89' lang='lat' dir='ltr'>gradus</span> <span class='ocrx_word' id='word_1_235' title='bbox 1054 1757 1110 1813; x_wconf 93' lang='lat' dir='ltr'>in</span> <span class='ocrx_word' id='word_1_236' title='bbox 1156 1772 1351 1814; x_wconf 86' lang='lat' dir='ltr'>amore</span> <span class='ocrx_word' id='word_1_237' title='bbox 1393 1755 1515 1825; x_wconf 89' lang='lat' dir='ltr'>Dei,</span> <span class='ocrx_word' id='word_1_238' title='bbox 1548 1771 1800 1829; x_wconf 92' lang='lat' dir='ltr'>quorum</span> <span class='ocrx_word' id='word_1_239' title='bbox 1830 1757 1901 1814; x_wconf 89' lang='lat' dir='ltr'>ad</span> <span class='ocrx_word' id='word_1_240' title='bbox 1937 1756 2136 1838; x_wconf 83' lang='lat' dir='ltr'>alte-B</span> <span class='ocrx_word' id='word_1_241' title='bbox 2164 1752 2418 1812; x_wconf 89' lang='lat' dir='ltr'>Verbum</span> <span class='ocrx_word' id='word_1_242' title='bbox 2468 1755 2527 1812; x_wconf 91' lang='lat' dir='ltr'>in</span> <span class='ocrx_word' id='word_1_243' title='bbox 2570 1755 2851 1829; x_wconf 90' lang='lat' dir='ltr'>principio</span> <span class='ocrx_word' id='word_1_244' title='bbox 2900 1757 3051 1829; x_wconf 90' lang='lat' dir='ltr'>apud</span> <span class='ocrx_word' id='word_1_245' title='bbox 3090 1757 3274 1814; x_wconf 91' lang='lat' dir='ltr'>Deum</span> <span class='ocrx_word' id='word_1_246' title='bbox 3314 1761 3490 1826; x_wconf 86' lang='lat' dir='ltr'>(Joan.</span> <span class='ocrx_word' id='word_1_247' title='bbox 3540 1763 3604 1826; x_wconf 87' lang='lat'>1).</span> <span class='ocrx_word' id='word_1_248' title='bbox 3654 1758 3872 1817; x_wconf 82' lang='lat' dir='ltr'>Recor-</span> 
     </span>
    </p>
   </div>
   <div class='ocr_carea' id='block_1_34' title="bbox 377 1843 2078 1916">
    <p class='ocr_par' dir='ltr' id='par_1_34' title="bbox 377 1843 2078 1916">
     <span class='ocr_line' id='line_1_34' title="bbox 377 1843 2078 1916; baseline -0.002 -12"><span class='ocrx_word' id='word_1_249' title='bbox 377 1860 508 1904; x_wconf 88' lang='lat' dir='ltr'>rum</span> <span class='ocrx_word' id='word_1_250' title='bbox 559 1845 684 1902; x_wconf 91' lang='lat' dir='ltr'>sine</span> <span class='ocrx_word' id='word_1_251' title='bbox 720 1844 897 1902; x_wconf 88' lang='lat' dir='ltr'>altero</span> <span class='ocrx_word' id='word_1_252' title='bbox 942 1843 1344 1914; x_wconf 86' lang='lat' dir='ltr'>conscendere,</span> <span class='ocrx_word' id='word_1_253' title='bbox 1387 1849 1490 1902; x_wconf 88' lang='lat' dir='ltr'>aut</span> <span class='ocrx_word' id='word_1_254' title='bbox 1531 1859 1734 1916; x_wconf 89' lang='lat' dir='ltr'>parum</span> <span class='ocrx_word' id='word_1_255' title='bbox 1769 1844 1940 1914; x_wconf 90' lang='lat' dir='ltr'>valet,</span> <span class='ocrx_word' id='word_1_256' title='bbox 1980 1851 2078 1902; x_wconf 88' lang='lat' dir='ltr'>aut</span> 
     </span>
    </p>
   </div>
   <div class='ocr_carea' id='block_1_35' title="bbox 376 1930 2080 2005">
    <p class='ocr_par' dir='ltr' id='par_1_35' title="bbox 376 1930 2080 2005">
     <span class='ocr_line' id='line_1_35' title="bbox 376 1930 2080 2005; baseline -0.001 -15"><span class='ocrx_word' id='word_1_257' title='bbox 376 1932 545 1991; x_wconf 89' lang='lat' dir='ltr'>nihil.</span> <span class='ocrx_word' id='word_1_258' title='bbox 596 1932 860 1991; x_wconf 86' lang='lat' dir='ltr'>Cucurrit</span> <span class='ocrx_word' id='word_1_259' title='bbox 901 1948 966 1990; x_wconf 80' lang='lat' dir='ltr'>eo</span> <span class='ocrx_word' id='word_1_260' title='bbox 1018 1932 1324 2005; x_wconf 87' lang='lat' dir='ltr'>Apostolus</span> <span class='ocrx_word' id='word_1_261' title='bbox 1368 1932 1508 2005; x_wconf 91' lang='lat' dir='ltr'>pede</span> <span class='ocrx_word' id='word_1_262' title='bbox 1551 1930 1852 2000; x_wconf 90' lang='lat' dir='ltr'>velociore,</span> <span class='ocrx_word' id='word_1_263' title='bbox 1893 1931 2080 1989; x_wconf 92' lang='lat' dir='ltr'>donec</span> 
     </span>
    </p>
   </div>
   <div class='ocr_carea' id='block_1_36' title="bbox 373 2020 2074 2094">
    <p class='ocr_par' dir='ltr' id='par_1_36' title="bbox 373 2020 2074 2094">
     <span class='ocr_line' id='line_1_36' title="bbox 373 2020 2074 2094; baseline -0.001 -16"><span class='ocrx_word' id='word_1_264' title='bbox 373 2021 435 2078; x_wconf 91' lang='lat' dir='ltr'>in</span> <span class='ocrx_word' id='word_1_265' title='bbox 483 2021 628 2080; x_wconf 85' lang='lat' dir='ltr'>tertii</span> <span class='ocrx_word' id='word_1_266' title='bbox 669 2020 999 2079; x_wconf 88' lang='lat' dir='ltr'>summitate</span> <span class='ocrx_word' id='word_1_267' title='bbox 1037 2020 1372 2094; x_wconf 82' lang='lat' dir='ltr'>repositum,</span> <span class='ocrx_word' id='word_1_268' title='bbox 1413 2022 1482 2077; x_wconf 92' lang='lat' dir='ltr'>ad</span> <span class='ocrx_word' id='word_1_269' title='bbox 1533 2021 1761 2079; x_wconf 66' lang='lat' dir='ltr'>caeleste</span> <span class='ocrx_word' id='word_1_270' title='bbox 1795 2020 2074 2094; x_wconf 89' lang='lat' dir='ltr'>palatium</span> 
     </span>
    </p>
   </div>
   <div class='ocr_carea' id='block_1_37' title="bbox 372 2109 2076 2182">
    <p class='ocr_par' dir='ltr' id='par_1_37' title="bbox 372 2109 2076 2182">
     <span class='ocr_line' id='line_1_37' title="bbox 372 2109 2076 2182; baseline -0.001 -14"><span class='ocrx_word' id='word_1_271' title='bbox 372 2110 642 2168; x_wconf 89' lang='lat' dir='ltr'>evolaret.</span> <span class='ocrx_word' id='word_1_272' title='bbox 674 2110 974 2168; x_wconf 88' lang='lat' dir='ltr'>Amandus</span> <span class='ocrx_word' id='word_1_273' title='bbox 996 2109 1152 2166; x_wconf 92' lang='lat' dir='ltr'>enim</span> <span class='ocrx_word' id='word_1_274' title='bbox 1193 2118 1275 2167; x_wconf 89' lang='lat' dir='ltr'>est</span> <span class='ocrx_word' id='word_1_275' title='bbox 1307 2109 1458 2167; x_wconf 87' lang='lat' dir='ltr'>Deus</span> <span class='ocrx_word' id='word_1_276' title='bbox 1486 2109 1750 2178; x_wconf 87' lang='lat' dir='ltr'>dulciter,</span> <span class='ocrx_word' id='word_1_277' title='bbox 1786 2109 2076 2182; x_wconf 88' lang='lat' dir='ltr'>sapienter</span> 
     </span>
    </p>
   </div>
   <div class='ocr_carea' id='block_1_38' title="bbox 369 2201 2076 2276">
    <p class='ocr_par' dir='ltr' id='par_1_38' title="bbox 369 2201 2076 2276">
     <span class='ocr_line' id='line_1_38' title="bbox 369 2201 2076 2276; baseline -0.001 -16"><span class='ocrx_word' id='word_1_278' title='bbox 369 2209 423 2260; x_wconf 92' lang='lat' dir='ltr'>et</span> <span class='ocrx_word' id='word_1_279' title='bbox 460 2202 696 2262; x_wconf 79' lang='lat' dir='ltr'>fortiter.</span> <span class='ocrx_word' id='word_1_280' title='bbox 728 2201 839 2260; x_wconf 90' lang='lat' dir='ltr'>Sed</span> <span class='ocrx_word' id='word_1_281' title='bbox 865 2202 984 2276; x_wconf 91' lang='lat' dir='ltr'>jam</span> <span class='ocrx_word' id='word_1_282' title='bbox 1009 2202 1310 2262; x_wconf 89' lang='lat' dir='ltr'>videamus</span> <span class='ocrx_word' id='word_1_283' title='bbox 1337 2202 1476 2276; x_wconf 92' lang='lat' dir='ltr'>quid</span> <span class='ocrx_word' id='word_1_284' title='bbox 1510 2203 1584 2258; x_wconf 92' lang='lat' dir='ltr'>sit</span> <span class='ocrx_word' id='word_1_285' title='bbox 1612 2201 1858 2260; x_wconf 89' lang='lat' dir='ltr'>dulciter</span> <span class='ocrx_word' id='word_1_286' title='bbox 1883 2216 2076 2259; x_wconf 88' lang='lat' dir='ltr'>amare</span> 
     </span>
    </p>
   </div>
   <div class='ocr_carea' id='block_1_39' title="bbox 370 2285 2076 2361">
    <p class='ocr_par' dir='ltr' id='par_1_39' title="bbox 370 2285 2076 2361">
     <span class='ocr_line' id='line_1_39' title="bbox 370 2285 2076 2361; baseline -0.004 -11"><span class='ocrx_word' id='word_1_287' title='bbox 370 2291 574 2350; x_wconf 91' lang='lat' dir='ltr'>Deum.</span> <span class='ocrx_word' id='word_1_288' title='bbox 621 2289 819 2350; x_wconf 91' lang='lat' dir='ltr'>Dulcis</span> <span class='ocrx_word' id='word_1_289' title='bbox 858 2291 1013 2348; x_wconf 88' lang='lat' dir='ltr'>enim</span> <span class='ocrx_word' id='word_1_290' title='bbox 1046 2297 1150 2360; x_wconf 89' lang='lat' dir='ltr'>est,</span> <span class='ocrx_word' id='word_1_291' title='bbox 1184 2298 1237 2347; x_wconf 90' lang='lat' dir='ltr'>et</span> <span class='ocrx_word' id='word_1_292' title='bbox 1268 2289 1514 2348; x_wconf 87' lang='lat' dir='ltr'>dulciter</span> <span class='ocrx_word' id='word_1_293' title='bbox 1540 2287 1703 2361; x_wconf 87' lang='lat' dir='ltr'>diligi</span> <span class='ocrx_word' id='word_1_294' title='bbox 1745 2287 1929 2350; x_wconf 89' lang='lat' dir='ltr'>debet.</span> <span class='ocrx_word' id='word_1_295' title='bbox 1973 2285 2076 2360; x_wconf 91' lang='lat' dir='ltr'>qui</span> 
     </span>
    </p>
   </div>
   <div class='ocr_carea' id='block_1_40' title="bbox 380 2379 2077 2451">
    <p class='ocr_par' dir='ltr' id='par_1_40' title="bbox 380 2379 2077 2451">
     <span class='ocr_line' id='line_1_40' title="bbox 380 2379 2077 2451; baseline -0.003 -10"><span class='ocrx_word' id='word_1_296' title='bbox 380 2382 814 2441; x_wconf 88' lang='lat' dir='ltr'>multitudinem</span> <span class='ocrx_word' id='word_1_297' title='bbox 848 2381 1172 2440; x_wconf 90' lang='lat' dir='ltr'>dulcedinis</span> <span class='ocrx_word' id='word_1_298' title='bbox 1201 2397 1342 2451; x_wconf 65' lang='lat' dir='ltr'>suae,</span> <span class='ocrx_word' id='word_1_299' title='bbox 1376 2380 1467 2438; x_wconf 90' lang='lat' dir='ltr'>vel</span> <span class='ocrx_word' id='word_1_300' title='bbox 1495 2379 1845 2444; x_wconf 88' lang='lat' dir='ltr'>amantibus,</span> <span class='ocrx_word' id='word_1_301' title='bbox 1881 2379 1970 2438; x_wconf 90' lang='lat' dir='ltr'>vel</span> <span class='ocrx_word' id='word_1_302' title='bbox 2007 2380 2077 2437; x_wconf 86' lang='lat' dir='ltr'>ti-</span> 
     </span>
    </p>
   </div>
   <div class='ocr_carea' id='block_1_41' title="bbox 371 2467 2075 2530">
    <p class='ocr_par' dir='ltr' id='par_1_41' title="bbox 371 2467 2075 2530">
     <span class='ocr_line' id='line_1_41' title="bbox 371 2467 2075 2530; baseline -0.002 -2"><span class='ocrx_word' id='word_1_303' title='bbox 371 2471 664 2530; x_wconf 89' lang='lat' dir='ltr'>mentibus</span> <span class='ocrx_word' id='word_1_304' title='bbox 701 2486 761 2528; x_wconf 91' lang='lat' dir='ltr'>se</span> <span class='ocrx_word' id='word_1_305' title='bbox 806 2470 1132 2528; x_wconf 90' lang='lat' dir='ltr'>ministrare</span> <span class='ocrx_word' id='word_1_306' title='bbox 1180 2486 1297 2528; x_wconf 89' lang='lat' dir='ltr'>non</span> <span class='ocrx_word' id='word_1_307' title='bbox 1335 2475 1532 2527; x_wconf 86' lang='lat' dir='ltr'>cessat.</span> <span class='ocrx_word' id='word_1_308' title='bbox 1576 2469 1820 2525; x_wconf 90' lang='lat' dir='ltr'>Amatur</span> <span class='ocrx_word' id='word_1_309' title='bbox 1848 2468 1905 2524; x_wconf 94' lang='lat' dir='ltr'>in</span> <span class='ocrx_word' id='word_1_310' title='bbox 1943 2467 2075 2526; x_wconf 87' lang='lat' dir='ltr'>dul-</span> 
     </span>
    </p>
   </div>
   <div class='ocr_carea' id='block_1_42' title="bbox 371 2559 2076 2632">
    <p class='ocr_par' dir='ltr' id='par_1_42' title="bbox 371 2559 2076 2632">
     <span class='ocr_line' id='line_1_42' title="bbox 371 2559 2076 2632; baseline -0.004 -10"><span class='ocrx_word' id='word_1_311' title='bbox 371 2563 592 2632; x_wconf 89' lang='lat' dir='ltr'>cedine,</span> <span class='ocrx_word' id='word_1_312' title='bbox 635 2578 768 2621; x_wconf 91' lang='lat' dir='ltr'>cum</span> <span class='ocrx_word' id='word_1_313' title='bbox 822 2569 1049 2620; x_wconf 90' lang='lat' dir='ltr'>amatur</span> <span class='ocrx_word' id='word_1_314' title='bbox 1092 2564 1154 2620; x_wconf 89' lang='lat' dir='ltr'>in</span> <span class='ocrx_word' id='word_1_315' title='bbox 1197 2577 1406 2626; x_wconf 85' lang='lat' dir='ltr'>carne;</span> <span class='ocrx_word' id='word_1_316' title='bbox 1450 2575 1583 2617; x_wconf 92' lang='lat' dir='ltr'>cum</span> <span class='ocrx_word' id='word_1_317' title='bbox 1625 2559 1916 2617; x_wconf 88' lang='lat' dir='ltr'>nescimus</span> <span class='ocrx_word' id='word_1_318' title='bbox 1963 2559 2076 2616; x_wconf 89' lang='lat' dir='ltr'>nisi</span> 
     </span>
    </p>
   </div>
   <div class='ocr_carea' id='block_1_43' title="bbox 372 2651 2075 2720">
    <p class='ocr_par' dir='ltr' id='par_1_43' title="bbox 372 2651 2075 2720">
     <span class='ocr_line' id='line_1_43' title="bbox 372 2651 2075 2720; baseline -0.002 -11"><span class='ocrx_word' id='word_1_319' title='bbox 372 2651 667 2710; x_wconf 88' lang='lat' dir='ltr'>Christum</span> <span class='ocrx_word' id='word_1_320' title='bbox 701 2651 920 2720; x_wconf 87' lang='lat' dir='ltr'>Jesum,</span> <span class='ocrx_word' id='word_1_321' title='bbox 951 2659 1005 2710; x_wconf 90' lang='lat' dir='ltr'>et</span> <span class='ocrx_word' id='word_1_322' title='bbox 1041 2654 1197 2710; x_wconf 92' lang='lat' dir='ltr'>hunc</span> <span class='ocrx_word' id='word_1_323' title='bbox 1231 2651 1578 2709; x_wconf 90' lang='lat' dir='ltr'>cruciﬁxum</span> <span class='ocrx_word' id='word_1_324' title='bbox 1608 2667 1620 2718; x_wconf 90' lang='lat'>;</span> <span class='ocrx_word' id='word_1_325' title='bbox 1648 2664 1780 2707; x_wconf 90' lang='lat' dir='ltr'>cum</span> <span class='ocrx_word' id='word_1_326' title='bbox 1815 2655 1926 2706; x_wconf 89' lang='lat' dir='ltr'>tota</span> <span class='ocrx_word' id='word_1_327' title='bbox 1953 2664 2075 2706; x_wconf 91' lang='lat' dir='ltr'>car-</span> 
     </span>
    </p>
   </div>
   <div class='ocr_carea' id='block_1_44' title="bbox 371 2737 2077 2814">
    <p class='ocr_par' dir='ltr' id='par_1_44' title="bbox 371 2737 2077 2814">
     <span class='ocr_line' id='line_1_44' title="bbox 371 2737 2077 2814; baseline -0.004 -16"><span class='ocrx_word' id='word_1_328' title='bbox 371 2741 464 2798; x_wconf 89' lang='lat' dir='ltr'>nis</span> <span class='ocrx_word' id='word_1_329' title='bbox 501 2741 626 2814; x_wconf 88' lang='lat' dir='ltr'>ejus</span> <span class='ocrx_word' id='word_1_330' title='bbox 668 2741 989 2814; x_wconf 80' lang='lat' dir='ltr'>frequentia</span> <span class='ocrx_word' id='word_1_331' title='bbox 1022 2739 1308 2812; x_wconf 89' lang='lat' dir='ltr'>frequenti</span> <span class='ocrx_word' id='word_1_332' title='bbox 1346 2738 1624 2796; x_wconf 89' lang='lat' dir='ltr'>memoria</span> <span class='ocrx_word' id='word_1_333' title='bbox 1669 2737 1987 2804; x_wconf 87' lang='lat' dir='ltr'>retinetur;</span> <span class='ocrx_word' id='word_1_334' title='bbox 2022 2743 2077 2792; x_wconf 91' lang='lat' dir='ltr'>et</span> 
     </span>
    </p>
   </div>
   <div class='ocr_carea' id='block_1_45' title="bbox 2160 1842 3872 1918">
    <p class='ocr_par' dir='ltr' id='par_1_45' title="bbox 2160 1842 3872 1918">
     <span class='ocr_line' id='line_1_45' title="bbox 2160 1842 3872 1918; baseline 0.004 -20"><span class='ocrx_word' id='word_1_335' title='bbox 2160 1842 2295 1900; x_wconf 89' lang='lat' dir='ltr'>dare</span> <span class='ocrx_word' id='word_1_336' title='bbox 2326 1842 2543 1902; x_wconf 90' lang='lat' dir='ltr'>Filium</span> <span class='ocrx_word' id='word_1_337' title='bbox 2573 1845 2672 1902; x_wconf 90' lang='lat' dir='ltr'>Dei</span> <span class='ocrx_word' id='word_1_338' title='bbox 2703 1861 2833 1904; x_wconf 92' lang='lat' dir='ltr'>cum</span> <span class='ocrx_word' id='word_1_339' title='bbox 2875 1845 3041 1904; x_wconf 89' lang='lat' dir='ltr'>Patre</span> <span class='ocrx_word' id='word_1_340' title='bbox 3070 1845 3266 1904; x_wconf 89' lang='lat' dir='ltr'>omnia</span> <span class='ocrx_word' id='word_1_341' title='bbox 3306 1846 3700 1918; x_wconf 88' lang='lat' dir='ltr'>fabricantem,</span> <span class='ocrx_word' id='word_1_342' title='bbox 3741 1864 3872 1905; x_wconf 50' lang='lat' dir='ltr'>creo</span> 
     </span>
    </p>
   </div>
   <div class='ocr_carea' id='block_1_46' title="bbox 2161 1933 3874 2008">
    <p class='ocr_par' dir='ltr' id='par_1_46' title="bbox 2161 1933 3874 2008">
     <span class='ocr_line' id='line_1_46' title="bbox 2161 1933 3874 2008; baseline 0.002 -18"><span class='ocrx_word' id='word_1_343' title='bbox 2161 1940 2352 1991; x_wconf 89' lang='lat' dir='ltr'>antem</span> <span class='ocrx_word' id='word_1_344' title='bbox 2411 1933 2665 2008; x_wconf 88' lang='lat' dir='ltr'>angelos,</span> <span class='ocrx_word' id='word_1_345' title='bbox 2731 1934 3014 1993; x_wconf 90' lang='lat' dir='ltr'>elementa</span> <span class='ocrx_word' id='word_1_346' title='bbox 3058 1936 3420 2008; x_wconf 87' lang='lat' dir='ltr'>jungentem,</span> <span class='ocrx_word' id='word_1_347' title='bbox 3467 1936 3874 2008; x_wconf 88' lang='lat' dir='ltr'>disponentem</span> 
     </span>
    </p>
   </div>
   <div class='ocr_carea' id='block_1_47' title="bbox 2159 2022 3871 2099">
    <p class='ocr_par' dir='ltr' id='par_1_47' title="bbox 2159 2022 3871 2099">
     <span class='ocr_line' id='line_1_47' title="bbox 2159 2022 3871 2099; baseline 0.002 -20"><span class='ocrx_word' id='word_1_348' title='bbox 2159 2022 2470 2090; x_wconf 89' lang='lat' dir='ltr'>mundum,</span> <span class='ocrx_word' id='word_1_349' title='bbox 2529 2023 2724 2081; x_wconf 90' lang='lat' dir='ltr'>omnia</span> <span class='ocrx_word' id='word_1_350' title='bbox 2775 2024 3234 2096; x_wconf 89' lang='lat' dir='ltr'>gubernantem;</span> <span class='ocrx_word' id='word_1_351' title='bbox 3273 2031 3328 2081; x_wconf 90' lang='lat' dir='ltr'>et</span> <span class='ocrx_word' id='word_1_352' title='bbox 3373 2039 3644 2094; x_wconf 84' lang='lat' dir='ltr'>cognosce</span> <span class='ocrx_word' id='word_1_353' title='bbox 3691 2040 3871 2099; x_wconf 90' lang='lat' dir='ltr'>quam</span> 
     </span>
    </p>
   </div>
   <div class='ocr_carea' id='block_1_48' title="bbox 2159 2109 3874 2184">
    <p class='ocr_par' dir='ltr' id='par_1_48' title="bbox 2159 2109 3874 2184">
     <span class='ocr_line' id='line_1_48' title="bbox 2159 2109 3874 2184; baseline 0.002 -18"><span class='ocrx_word' id='word_1_354' title='bbox 2159 2109 2445 2167; x_wconf 85' lang='lat' dir='ltr'>excelsior</span> <span class='ocrx_word' id='word_1_355' title='bbox 2481 2110 2553 2167; x_wconf 88' lang='lat' dir='ltr'>sit</span> <span class='ocrx_word' id='word_1_356' title='bbox 2593 2110 2700 2168; x_wconf 91' lang='lat' dir='ltr'>ista</span> <span class='ocrx_word' id='word_1_357' title='bbox 2739 2111 2990 2184; x_wconf 86' lang='lat' dir='ltr'>cognitio</span> <span class='ocrx_word' id='word_1_358' title='bbox 3029 2126 3204 2184; x_wconf 90' lang='lat' dir='ltr'>quam</span> <span class='ocrx_word' id='word_1_359' title='bbox 3237 2110 3354 2168; x_wconf 92' lang='lat' dir='ltr'>illa.</span> <span class='ocrx_word' id='word_1_360' title='bbox 3388 2109 3620 2170; x_wconf 90' lang='lat' dir='ltr'>Intuere</span> <span class='ocrx_word' id='word_1_361' title='bbox 3661 2111 3874 2170; x_wconf 74' lang='lat' dir='ltr'>ineffa-</span> 
     </span>
    </p>
   </div>
   <div class='ocr_carea' id='block_1_49' title="bbox 2160 2200 3874 2276">
    <p class='ocr_par' dir='ltr' id='par_1_49' title="bbox 2160 2200 3874 2276">
     <span class='ocr_line' id='line_1_49' title="bbox 2160 2200 3874 2276; baseline 0.001 -19"><span class='ocrx_word' id='word_1_362' title='bbox 2160 2200 2334 2258; x_wconf 92' lang='lat' dir='ltr'>bilem</span> <span class='ocrx_word' id='word_1_363' title='bbox 2383 2200 2568 2273; x_wconf 89' lang='lat' dir='ltr'>ipsius</span> <span class='ocrx_word' id='word_1_364' title='bbox 2618 2201 2967 2274; x_wconf 88' lang='lat' dir='ltr'>genituram,</span> <span class='ocrx_word' id='word_1_365' title='bbox 3021 2208 3078 2259; x_wconf 90' lang='lat' dir='ltr'>et</span> <span class='ocrx_word' id='word_1_366' title='bbox 3128 2200 3389 2274; x_wconf 85' lang='lat' dir='ltr'>genitum</span> <span class='ocrx_word' id='word_1_367' title='bbox 3436 2202 3698 2276; x_wconf 88' lang='lat' dir='ltr'>gignenti</span> <span class='ocrx_word' id='word_1_368' title='bbox 3750 2217 3874 2259; x_wconf 90' lang='lat' dir='ltr'>non</span> 
     </span>
    </p>
   </div>
   <div class='ocr_carea' id='block_1_50' title="bbox 2161 2291 3876 2365">
    <p class='ocr_par' dir='ltr' id='par_1_50' title="bbox 2161 2291 3876 2365">
     <span class='ocr_line' id='line_1_50' title="bbox 2161 2291 3876 2365; baseline 0.001 -17"><span class='ocrx_word' id='word_1_369' title='bbox 2161 2291 2546 2363; x_wconf 88' lang='lat' dir='ltr'>dissimilem;</span> <span class='ocrx_word' id='word_1_370' title='bbox 2585 2308 2691 2349; x_wconf 93' lang='lat' dir='ltr'>nec</span> <span class='ocrx_word' id='word_1_371' title='bbox 2739 2292 2987 2365; x_wconf 87' lang='lat' dir='ltr'>priorem</span> <span class='ocrx_word' id='word_1_372' title='bbox 3035 2293 3258 2351; x_wconf 89' lang='lat' dir='ltr'>Patrem</span> <span class='ocrx_word' id='word_1_373' title='bbox 3305 2309 3476 2365; x_wconf 90' lang='lat' dir='ltr'>quam</span> <span class='ocrx_word' id='word_1_374' title='bbox 3532 2291 3784 2361; x_wconf 87' lang='lat' dir='ltr'>Filium;</span> <span class='ocrx_word' id='word_1_375' title='bbox 3820 2300 3876 2350; x_wconf 90' lang='lat' dir='ltr'>et</span> 
     </span>
    </p>
   </div>
   <div class='ocr_carea' id='block_1_51' title="bbox 2168 2382 3870 2458">
    <p class='ocr_par' dir='ltr' id='par_1_51' title="bbox 2168 2382 3870 2458">
     <span class='ocr_line' id='line_1_51' title="bbox 2168 2382 3870 2458; baseline 0.001 -19"><span class='ocrx_word' id='word_1_376' title='bbox 2168 2389 2304 2439; x_wconf 90' lang='lat' dir='ltr'>tunc</span> <span class='ocrx_word' id='word_1_377' title='bbox 2333 2382 2622 2455; x_wconf 88' lang='lat' dir='ltr'>intelliges</span> <span class='ocrx_word' id='word_1_378' title='bbox 2655 2393 2870 2458; x_wconf 90' lang='lat' dir='ltr'>quanta</span> <span class='ocrx_word' id='word_1_379' title='bbox 2895 2384 3216 2441; x_wconf 78' lang='lat' dir='ltr'>differentia</span> <span class='ocrx_word' id='word_1_380' title='bbox 3249 2385 3604 2442; x_wconf 86' lang='lat' dir='ltr'>nativitatem</span> <span class='ocrx_word' id='word_1_381' title='bbox 3637 2392 3870 2442; x_wconf 87' lang='lat' dir='ltr'>utram-</span> 
     </span>
    </p>
   </div>
   <div class='ocr_carea' id='block_1_52' title="bbox 2162 2472 3869 2547">
    <p class='ocr_par' dir='ltr' id='par_1_52' title="bbox 2162 2472 3869 2547">
     <span class='ocr_line' id='line_1_52' title="bbox 2162 2472 3869 2547; baseline -0.001 -15"><span class='ocrx_word' id='word_1_382' title='bbox 2162 2489 2276 2546; x_wconf 88' lang='lat' dir='ltr'>que</span> <span class='ocrx_word' id='word_1_383' title='bbox 2303 2472 2634 2546; x_wconf 89' lang='lat' dir='ltr'>disjungat;</span> <span class='ocrx_word' id='word_1_384' title='bbox 2666 2489 2796 2531; x_wconf 90' lang='lat' dir='ltr'>cum</span> <span class='ocrx_word' id='word_1_385' title='bbox 2831 2473 2987 2531; x_wconf 93' lang='lat' dir='ltr'>aliud</span> <span class='ocrx_word' id='word_1_386' title='bbox 3021 2474 3094 2531; x_wconf 91' lang='lat' dir='ltr'>sit</span> <span class='ocrx_word' id='word_1_387' title='bbox 3125 2474 3281 2531; x_wconf 91' lang='lat' dir='ltr'>nasci</span> <span class='ocrx_word' id='word_1_388' title='bbox 3307 2473 3367 2530; x_wconf 90' lang='lat' dir='ltr'>in</span> <span class='ocrx_word' id='word_1_389' title='bbox 3394 2472 3594 2547; x_wconf 86' lang='lat' dir='ltr'>gloria,</span> <span class='ocrx_word' id='word_1_390' title='bbox 3618 2474 3780 2532; x_wconf 89' lang='lat' dir='ltr'>aliud</span> <span class='ocrx_word' id='word_1_391' title='bbox 3811 2477 3869 2531; x_wconf 92' lang='lat' dir='ltr'>in</span> 
     </span>
    </p>
   </div>
   <div class='ocr_carea' id='block_1_53' title="bbox 2162 2559 3878 2636">
    <p class='ocr_par' dir='ltr' id='par_1_53' title="bbox 2162 2559 3878 2636">
     <span class='ocr_line' id='line_1_53' title="bbox 2162 2559 3878 2636; baseline -0.001 -17"><span class='ocrx_word' id='word_1_392' title='bbox 2162 2560 2429 2630; x_wconf 91' lang='lat' dir='ltr'>miseria;</span> <span class='ocrx_word' id='word_1_393' title='bbox 2490 2559 2650 2618; x_wconf 91' lang='lat' dir='ltr'>aliud</span> <span class='ocrx_word' id='word_1_394' title='bbox 2711 2560 2994 2636; x_wconf 65' lang='lat' dir='ltr'>aequalem</span> <span class='ocrx_word' id='word_1_395' title='bbox 3064 2563 3199 2632; x_wconf 90' lang='lat' dir='ltr'>Deo,</span> <span class='ocrx_word' id='word_1_396' title='bbox 3252 2561 3412 2620; x_wconf 90' lang='lat' dir='ltr'>aliud</span> <span class='ocrx_word' id='word_1_397' title='bbox 3469 2562 3691 2635; x_wconf 89' lang='lat' dir='ltr'>angelis</span> <span class='ocrx_word' id='word_1_398' title='bbox 3749 2576 3878 2618; x_wconf 81' lang='lat' dir='ltr'>esse</span> 
     </span>
    </p>
   </div>
   <div class='ocr_carea' id='block_1_54' title="bbox 2161 2649 3879 2724">
    <p class='ocr_par' dir='ltr' id='par_1_54' title="bbox 2161 2649 3879 2724">
     <span class='ocr_line' id='line_1_54' title="bbox 2161 2649 3879 2724; baseline 0.001 -16"><span class='ocrx_word' id='word_1_399' title='bbox 2161 2652 2468 2708; x_wconf 86' lang='lat' dir='ltr'>minorem.</span> <span class='ocrx_word' id='word_1_400' title='bbox 2515 2649 2651 2707; x_wconf 77' lang='lat' dir='ltr'>Hzec</span> <span class='ocrx_word' id='word_1_401' title='bbox 2699 2657 2785 2706; x_wconf 90' lang='lat' dir='ltr'>est</span> <span class='ocrx_word' id='word_1_402' title='bbox 2827 2650 3106 2724; x_wconf 86' lang='lat' dir='ltr'>sapientia</span> <span class='ocrx_word' id='word_1_403' title='bbox 3145 2650 3479 2723; x_wconf 88' lang='lat' dir='ltr'>singularis,</span> <span class='ocrx_word' id='word_1_404' title='bbox 3531 2651 3879 2724; x_wconf 86' lang='lat' dir='ltr'>supergredi</span> 
     </span>
    </p>
   </div>
   <div class='ocr_carea' id='block_1_55' title="bbox 2160 2737 3879 2811">
    <p class='ocr_par' dir='ltr' id='par_1_55' title="bbox 2160 2737 3879 2811">
     <span class='ocr_line' id='line_1_55' title="bbox 2160 2737 3879 2811; baseline 0.001 -17"><span class='ocrx_word' id='word_1_405' title='bbox 2160 2737 2416 2810; x_wconf 92' lang='lat' dir='ltr'>corporis</span> <span class='ocrx_word' id='word_1_406' title='bbox 2454 2744 2508 2794; x_wconf 91' lang='lat' dir='ltr'>et</span> <span class='ocrx_word' id='word_1_407' title='bbox 2556 2753 2865 2811; x_wconf 92' lang='lat' dir='ltr'>corporum</span> <span class='ocrx_word' id='word_1_408' title='bbox 2912 2738 3243 2810; x_wconf 86' lang='lat' dir='ltr'>obstacula;</span> <span class='ocrx_word' id='word_1_409' title='bbox 3296 2746 3350 2796; x_wconf 90' lang='lat' dir='ltr'>et</span> <span class='ocrx_word' id='word_1_410' title='bbox 3400 2739 3462 2796; x_wconf 90' lang='lat' dir='ltr'>in</span> <span class='ocrx_word' id='word_1_411' title='bbox 3513 2739 3673 2797; x_wconf 91' lang='lat' dir='ltr'>illius</span> <span class='ocrx_word' id='word_1_412' title='bbox 3729 2739 3879 2798; x_wconf 89' lang='lat' dir='ltr'>lucis</span> 
     </span>
    </p>
   </div>
   <div class='ocr_carea' id='block_1_56' title="bbox 368 2823 3874 2898">
    <p class='ocr_par' dir='ltr' id='par_1_56' title="bbox 368 2823 3874 2898">
     <span class='ocr_line' id='line_1_56' title="bbox 368 2823 3874 2898; baseline 0 -12"><span class='ocrx_word' id='word_1_413' title='bbox 368 2844 496 2886; x_wconf 91' lang='lat' dir='ltr'>ossa</span> <span class='ocrx_word' id='word_1_414' title='bbox 550 2835 745 2886; x_wconf 89' lang='lat' dir='ltr'>nostra</span> <span class='ocrx_word' id='word_1_415' title='bbox 786 2826 1126 2886; x_wconf 87' lang='lat' dir='ltr'>medullitus</span> <span class='ocrx_word' id='word_1_416' title='bbox 1168 2828 1419 2886; x_wconf 89' lang='lat' dir='ltr'>concutit</span> <span class='ocrx_word' id='word_1_417' title='bbox 1467 2833 1640 2884; x_wconf 70' lang='lat' dir='ltr'>tantm</span> <span class='ocrx_word' id='word_1_418' title='bbox 1696 2825 2083 2883; x_wconf 91' lang='lat' dir='ltr'>miserationis</span> <span class='ocrx_word' id='word_1_419' title='bbox 2166 2825 2434 2884; x_wconf 90' lang='lat' dir='ltr'>subsilire</span> <span class='ocrx_word' id='word_1_420' title='bbox 2466 2823 2853 2898; x_wconf 90' lang='lat' dir='ltr'>splendorem,</span> <span class='ocrx_word' id='word_1_421' title='bbox 2885 2827 2986 2884; x_wconf 92' lang='lat' dir='ltr'>ubi</span> <span class='ocrx_word' id='word_1_422' title='bbox 3025 2826 3223 2885; x_wconf 91' lang='lat' dir='ltr'>lumen</span> <span class='ocrx_word' id='word_1_423' title='bbox 3264 2828 3493 2886; x_wconf 90' lang='lat' dir='ltr'>videtur</span> <span class='ocrx_word' id='word_1_424' title='bbox 3527 2828 3590 2885; x_wconf 90' lang='lat' dir='ltr'>in</span> <span class='ocrx_word' id='word_1_425' title='bbox 3625 2828 3874 2897; x_wconf 81' lang='lat' dir='ltr'>lumine,</span> 
     </span>
    </p>
   </div>
   <div class='ocr_carea' id='block_1_57' title="bbox 373 2913 3874 2990">
    <p class='ocr_par' dir='ltr' id='par_1_57' title="bbox 373 2913 3874 2990">
     <span class='ocr_line' id='line_1_57' title="bbox 373 2913 3874 2990; baseline -0.001 -15"><span class='ocrx_word' id='word_1_426' title='bbox 373 2917 650 2990; x_wconf 86' lang='lat' dir='ltr'>dignatio.</span> <span class='ocrx_word' id='word_1_427' title='bbox 688 2917 834 2974; x_wconf 91' lang='lat' dir='ltr'>Cum</span> <span class='ocrx_word' id='word_1_428' title='bbox 872 2915 1027 2974; x_wconf 90' lang='lat' dir='ltr'>enim</span> <span class='ocrx_word' id='word_1_429' title='bbox 1064 2916 1432 2973; x_wconf 86' lang='lat' dir='ltr'>recordamur</span> <span class='ocrx_word' id='word_1_430' title='bbox 1472 2915 1684 2987; x_wconf 83' lang='lat' dir='ltr'>Regem</span> <span class='ocrx_word' id='word_1_431' title='bbox 1716 2915 1915 2987; x_wconf 63' lang='lat' dir='ltr'>gloria:</span> <span class='ocrx_word' id='word_1_432' title='bbox 1951 2930 2082 2988; x_wconf 90' lang='lat' dir='ltr'>par-</span> <span class='ocrx_word' id='word_1_433' title='bbox 2166 2921 2220 2970; x_wconf 90' lang='lat' dir='ltr'>et</span> <span class='ocrx_word' id='word_1_434' title='bbox 2258 2913 2411 2970; x_wconf 89' lang='lat' dir='ltr'>Deus</span> <span class='ocrx_word' id='word_1_435' title='bbox 2458 2927 2574 2970; x_wconf 90' lang='lat' dir='ltr'>non</span> <span class='ocrx_word' id='word_1_436' title='bbox 2621 2913 2899 2986; x_wconf 86' lang='lat' dir='ltr'>serviens,</span> <span class='ocrx_word' id='word_1_437' title='bbox 2942 2916 3039 2973; x_wconf 88' lang='lat' dir='ltr'>sed</span> <span class='ocrx_word' id='word_1_438' title='bbox 3089 2914 3377 2988; x_wconf 89' lang='lat' dir='ltr'>imperans</span> <span class='ocrx_word' id='word_1_439' title='bbox 3421 2913 3874 2972; x_wconf 87' lang='lat' dir='ltr'>demonstratur.</span> 
     </span>
    </p>
   </div>
   <div class='ocr_carea' id='block_1_58' title="bbox 372 3000 3874 3080">
    <p class='ocr_par' dir='ltr' id='par_1_58' title="bbox 372 3000 3874 3080">
     <span class='ocr_line' id='line_1_58' title="bbox 372 3000 3874 3080; baseline -0.003 -12"><span class='ocrx_word' id='word_1_440' title='bbox 372 3008 496 3068; x_wconf 89' lang='lat' dir='ltr'>vuli</span> <span class='ocrx_word' id='word_1_441' title='bbox 538 3007 825 3080; x_wconf 89' lang='lat' dir='ltr'>vagientis</span> <span class='ocrx_word' id='word_1_442' title='bbox 863 3006 1148 3064; x_wconf 88' lang='lat' dir='ltr'>sustinere</span> <span class='ocrx_word' id='word_1_443' title='bbox 1181 3006 1464 3074; x_wconf 91' lang='lat' dir='ltr'>miserias,</span> <span class='ocrx_word' id='word_1_444' title='bbox 1507 3019 1834 3077; x_wconf 89' lang='lat' dir='ltr'>pannorum</span> <span class='ocrx_word' id='word_1_445' title='bbox 1874 3003 2080 3061; x_wconf 90' lang='lat' dir='ltr'>vilium</span> <span class='ocrx_word' id='word_1_446' title='bbox 2168 3000 2333 3058; x_wconf 82' lang='lat' dir='ltr'>Felix</span> <span class='ocrx_word' id='word_1_447' title='bbox 2349 3001 2546 3058; x_wconf 88' lang='lat' dir='ltr'>anima</span> <span class='ocrx_word' id='word_1_448' title='bbox 2570 3017 2721 3074; x_wconf 66' lang='lat' dir='ltr'>quae,</span> <span class='ocrx_word' id='word_1_449' title='bbox 2753 3002 3076 3062; x_wconf 77' lang='lat' dir='ltr'>faeculentae</span> <span class='ocrx_word' id='word_1_450' title='bbox 3100 3004 3288 3062; x_wconf 90' lang='lat' dir='ltr'>carnis</span> <span class='ocrx_word' id='word_1_451' title='bbox 3324 3009 3588 3076; x_wconf 89' lang='lat' dir='ltr'>superata</span> <span class='ocrx_word' id='word_1_452' title='bbox 3610 3003 3874 3069; x_wconf 85' lang='lat' dir='ltr'>materia,</span> 
     </span>
    </p>
   </div>
   <div class='ocr_carea' id='block_1_59' title="bbox 374 3090 3879 3168">
    <p class='ocr_par' dir='ltr' id='par_1_59' title="bbox 374 3090 3879 3168">
     <span class='ocr_line' id='line_1_59' title="bbox 374 3090 3879 3168; baseline -0.002 -13"><span class='ocrx_word' id='word_1_453' title='bbox 374 3096 594 3155; x_wconf 91' lang='lat' dir='ltr'>vilitate</span> <span class='ocrx_word' id='word_1_454' title='bbox 633 3092 881 3161; x_wconf 87' lang='lat' dir='ltr'>devolvi,</span> <span class='ocrx_word' id='word_1_455' title='bbox 921 3094 1218 3167; x_wconf 90' lang='lat' dir='ltr'>fatigatum</span> <span class='ocrx_word' id='word_1_456' title='bbox 1269 3109 1342 3151; x_wconf 88' lang='lat' dir='ltr'>ex</span> <span class='ocrx_word' id='word_1_457' title='bbox 1379 3093 1584 3150; x_wconf 90' lang='lat' dir='ltr'>itinere</span> <span class='ocrx_word' id='word_1_458' title='bbox 1629 3092 1896 3162; x_wconf 88' lang='lat' dir='ltr'>residere,</span> <span class='ocrx_word' id='word_1_459' title='bbox 1943 3091 2085 3149; x_wconf 89' lang='lat' dir='ltr'>Pha-</span> <span class='ocrx_word' id='word_1_460' title='bbox 2108 3090 2229 3168; x_wconf 72' lang='lat' dir='ltr'>r,in</span> <span class='ocrx_word' id='word_1_461' title='bbox 2266 3091 2445 3164; x_wconf 89' lang='lat' dir='ltr'>hujus</span> <span class='ocrx_word' id='word_1_462' title='bbox 2494 3091 2795 3164; x_wconf 68' lang='lat' dir='ltr'>sapientize</span> <span class='ocrx_word' id='word_1_463' title='bbox 2845 3092 3072 3160; x_wconf 79' lang='lat' dir='ltr'>lumine</span> <span class='ocrx_word' id='word_1_464' title='bbox 3114 3093 3464 3168; x_wconf 87' lang='lat' dir='ltr'>requiescit!</span> <span class='ocrx_word' id='word_1_465' title='bbox 3522 3092 3624 3150; x_wconf 85' lang='lat' dir='ltr'>Vis</span> <span class='ocrx_word' id='word_1_466' title='bbox 3672 3093 3879 3150; x_wconf 86' lang='lat' dir='ltr'>videre</span> 
     </span>
    </p>
   </div>
   <div class='ocr_carea' id='block_1_60' title="bbox 372 3179 3878 3257">
    <p class='ocr_par' dir='ltr' id='par_1_60' title="bbox 372 3179 3878 3257">
     <span class='ocr_line' id='line_1_60' title="bbox 372 3179 3878 3257; baseline -0.001 -14"><span class='ocrx_word' id='word_1_467' title='bbox 372 3184 678 3243; x_wconf 71' lang='lat' dir='ltr'>risaaorum</span> <span class='ocrx_word' id='word_1_468' title='bbox 706 3183 1028 3257; x_wconf 90' lang='lat' dir='ltr'>opprobria,</span> <span class='ocrx_word' id='word_1_469' title='bbox 1057 3182 1318 3240; x_wconf 90' lang='lat' dir='ltr'>convicia</span> <span class='ocrx_word' id='word_1_470' title='bbox 1341 3183 1680 3241; x_wconf 62' lang='lat' dir='ltr'>Judaeorum</span> <span class='ocrx_word' id='word_1_471' title='bbox 1709 3197 1848 3240; x_wconf 89' lang='lat' dir='ltr'>aure</span> <span class='ocrx_word' id='word_1_472' title='bbox 1871 3181 2087 3254; x_wconf 86' lang='lat' dir='ltr'>patien-</span> <span class='ocrx_word' id='word_1_473' title='bbox 2110 3179 2152 3196; x_wconf 65' lang='grc' dir='ltr'>υ</span> <span class='ocrx_word' id='word_1_474' title='bbox 2171 3179 2443 3248; x_wconf 83' lang='lat' dir='ltr'>Paulum,</span> <span class='ocrx_word' id='word_1_475' title='bbox 2507 3181 2793 3252; x_wconf 90' lang='lat' dir='ltr'>quomodo</span> <span class='ocrx_word' id='word_1_476' title='bbox 2847 3197 2879 3238; x_wconf 92' lang='lat' dir='ltr'>a</span> <span class='ocrx_word' id='word_1_477' title='bbox 2940 3183 3126 3253; x_wconf 90' lang='lat' dir='ltr'>primo</span> <span class='ocrx_word' id='word_1_478' title='bbox 3180 3182 3363 3255; x_wconf 91' lang='lat' dir='ltr'>gradu</span> <span class='ocrx_word' id='word_1_479' title='bbox 3418 3181 3488 3239; x_wconf 88' lang='lat' dir='ltr'>ad</span> <span class='ocrx_word' id='word_1_480' title='bbox 3552 3181 3878 3239; x_wconf 87' lang='lat' dir='ltr'>secundum</span> 
     </span>
    </p>
   </div>
   <div class='ocr_carea' id='block_1_61' title="bbox 375 3267 3880 3346">
    <p class='ocr_par' dir='ltr' id='par_1_61' title="bbox 375 3267 3880 3346">
     <span class='ocr_line' id='line_1_61' title="bbox 375 3267 3880 3346; baseline -0.001 -14"><span class='ocrx_word' id='word_1_481' title='bbox 375 3274 597 3332; x_wconf 76' lang='lat' dir='ltr'>tissime</span> <span class='ocrx_word' id='word_1_482' title='bbox 621 3272 1002 3346; x_wconf 88' lang='lat' dir='ltr'>pertransire;</span> <span class='ocrx_word' id='word_1_483' title='bbox 1031 3270 1299 3343; x_wconf 88' lang='lat' dir='ltr'>nunquid</span> <span class='ocrx_word' id='word_1_484' title='bbox 1330 3286 1445 3328; x_wconf 93' lang='lat' dir='ltr'>non</span> <span class='ocrx_word' id='word_1_485' title='bbox 1473 3269 1784 3344; x_wconf 89' lang='lat' dir='ltr'>compungi</span> <span class='ocrx_word' id='word_1_486' title='bbox 1809 3267 2087 3326; x_wconf 89' lang='lat' dir='ltr'>debemus</span> <span class='ocrx_word' id='word_1_487' title='bbox 2167 3270 2490 3337; x_wconf 77' lang='lat' dir='ltr'>ascenderit</span> <span class='ocrx_word' id='word_1_488' title='bbox 2512 3273 2536 3326; x_wconf 76' lang='lat'>‘2</span> <span class='ocrx_word' id='word_1_489' title='bbox 2563 3269 2705 3328; x_wconf 91' lang='lat' dir='ltr'>Cum</span> <span class='ocrx_word' id='word_1_490' title='bbox 2737 3271 2979 3331; x_wconf 82' lang='lat' dir='ltr'>dixisset</span> <span class='ocrx_word' id='word_1_491' title='bbox 3013 3292 3024 3330; x_wconf 90' lang='lat'>:</span> <span class='ocrx_word' id='word_1_492' title='bbox 3059 3294 3086 3325; x_wconf 87' lang='grc'>‹‹</span> <span class='ocrx_word' id='word_1_493' title='bbox 3120 3271 3263 3330; x_wconf 84' lang='lat' dir='ltr'>Mihi</span> <span class='ocrx_word' id='word_1_494' title='bbox 3290 3272 3439 3330; x_wconf 89' lang='lat' dir='ltr'>absit</span> <span class='ocrx_word' id='word_1_495' title='bbox 3469 3271 3728 3346; x_wconf 89' lang='lat' dir='ltr'>gloriari,</span> <span class='ocrx_word' id='word_1_496' title='bbox 3759 3271 3880 3329; x_wconf 88' lang='lat' dir='ltr'>nisi</span> 
     </span>
    </p>
   </div>
   <div class='ocr_carea' id='block_1_62' title="bbox 371 3357 3879 3436">
    <p class='ocr_par' dir='ltr' id='par_1_62' title="bbox 371 3357 3879 3436">
     <span class='ocr_line' id='line_1_62' title="bbox 371 3357 3879 3436; baseline -0.001 -13"><span class='ocrx_word' id='word_1_497' title='bbox 371 3365 443 3423; x_wconf 91' lang='lat' dir='ltr'>ad</span> <span class='ocrx_word' id='word_1_498' title='bbox 474 3368 644 3422; x_wconf 73' lang='lat' dir='ltr'>tantaa</span> <span class='ocrx_word' id='word_1_499' title='bbox 661 3361 888 3436; x_wconf 90' lang='lat' dir='ltr'>pietatis</span> <span class='ocrx_word' id='word_1_500' title='bbox 916 3359 1237 3420; x_wconf 85' lang='lat' dir='ltr'>intuitum?</span> <span class='ocrx_word' id='word_1_501' title='bbox 1263 3359 1802 3418; x_wconf 90' lang='lat' dir='ltr'>ConsideraFilium</span> <span class='ocrx_word' id='word_1_502' title='bbox 1832 3357 2086 3431; x_wconf 87' lang='lat' dir='ltr'>Virginis</span> <span class='ocrx_word' id='word_1_503' title='bbox 2171 3358 2226 3415; x_wconf 90' lang='lat' dir='ltr'>in</span> <span class='ocrx_word' id='word_1_504' title='bbox 2278 3375 2448 3417; x_wconf 88' lang='lat' dir='ltr'>cruce</span> <span class='ocrx_word' id='word_1_505' title='bbox 2494 3359 2726 3416; x_wconf 84' lang='lat' dir='ltr'>Domini</span> <span class='ocrx_word' id='word_1_506' title='bbox 2777 3361 2954 3418; x_wconf 88' lang='lat' dir='ltr'>nostri</span> <span class='ocrx_word' id='word_1_507' title='bbox 3009 3361 3148 3421; x_wconf 85' lang='lat' dir='ltr'>Jesu</span> <span class='ocrx_word' id='word_1_508' title='bbox 3192 3362 3445 3420; x_wconf 85' lang='lat' dir='ltr'>Christi!</span> <span class='ocrx_word' id='word_1_509' title='bbox 3515 3383 3542 3413; x_wconf 70' lang='grc' dir='ltr'>ι)</span> <span class='ocrx_word' id='word_1_510' title='bbox 3583 3364 3730 3430; x_wconf 80' lang='lat' dir='ltr'>(Gal.</span> <span class='ocrx_word' id='word_1_511' title='bbox 3766 3367 3879 3427; x_wconf 78' lang='lat' dir='ltr'>VI.)</span> 
     </span>
    </p>
   </div>
   <div class='ocr_carea' id='block_1_63' title="bbox 375 3448 3882 3525">
    <p class='ocr_par' dir='ltr' id='par_1_63' title="bbox 375 3448 3882 3525">
     <span class='ocr_line' id='line_1_63' title="bbox 375 3448 3882 3525; baseline -0.001 -14"><span class='ocrx_word' id='word_1_512' title='bbox 375 3453 589 3512; x_wconf 90' lang='lat' dir='ltr'>illitum</span> <span class='ocrx_word' id='word_1_513' title='bbox 650 3451 834 3525; x_wconf 90' lang='lat' dir='ltr'>sputis</span> <span class='ocrx_word' id='word_1_514' title='bbox 863 3494 878 3522; x_wconf 95' lang='lat'>,</span> <span class='ocrx_word' id='word_1_515' title='bbox 942 3450 1188 3508; x_wconf 87' lang='lat' dir='ltr'>lividum</span> <span class='ocrx_word' id='word_1_516' title='bbox 1238 3449 1424 3522; x_wconf 90' lang='lat' dir='ltr'>plagis</span> <span class='ocrx_word' id='word_1_517' title='bbox 1457 3498 1467 3518; x_wconf 93' lang='lat'>,</span> <span class='ocrx_word' id='word_1_518' title='bbox 1531 3448 1710 3506; x_wconf 87' lang='lat' dir='ltr'>clavis</span> <span class='ocrx_word' id='word_1_519' title='bbox 1761 3448 2080 3506; x_wconf 88' lang='lat' dir='ltr'>conﬁxum.</span> <span class='ocrx_word' id='word_1_520' title='bbox 2169 3449 2533 3522; x_wconf 89' lang='lat' dir='ltr'>scripsitalio</span> <span class='ocrx_word' id='word_1_521' title='bbox 2561 3450 2684 3509; x_wconf 92' lang='lat' dir='ltr'>loco</span> <span class='ocrx_word' id='word_1_522' title='bbox 2717 3471 2729 3507; x_wconf 91' lang='lat'>:</span> <span class='ocrx_word' id='word_1_523' title='bbox 2774 3474 2794 3500; x_wconf 75' lang='grc' dir='ltr'><strong><em>α</em></strong></span> <span class='ocrx_word' id='word_1_524' title='bbox 2827 3450 2948 3508; x_wconf 90' lang='lat' dir='ltr'>Etsi</span> <span class='ocrx_word' id='word_1_525' title='bbox 2981 3465 3330 3510; x_wconf 87' lang='lat' dir='ltr'>noveramus</span> <span class='ocrx_word' id='word_1_526' title='bbox 3352 3451 3644 3510; x_wconf 88' lang='lat' dir='ltr'>Christum</span> <span class='ocrx_word' id='word_1_527' title='bbox 3673 3467 3882 3510; x_wconf 85' lang='lat' dir='ltr'>secun-</span> 
     </span>
    </p>
   </div>
   <div class='ocr_carea' id='block_1_64' title="bbox 375 3533 3875 3612">
    <p class='ocr_par' dir='ltr' id='par_1_64' title="bbox 375 3533 3875 3612">
     <span class='ocr_line' id='line_1_64' title="bbox 375 3533 3875 3612; baseline -0.002 -13"><span class='ocrx_word' id='word_1_528' title='bbox 375 3540 620 3599; x_wconf 85' lang='lat' dir='ltr'>Attende</span> <span class='ocrx_word' id='word_1_529' title='bbox 661 3547 939 3597; x_wconf 88' lang='lat' dir='ltr'>rectorem</span> <span class='ocrx_word' id='word_1_530' title='bbox 987 3537 1117 3596; x_wconf 66' lang='lat' dir='ltr'>caeli</span> <span class='ocrx_word' id='word_1_531' title='bbox 1159 3543 1403 3595; x_wconf 90' lang='lat' dir='ltr'>stantem</span> <span class='ocrx_word' id='word_1_532' title='bbox 1455 3537 1514 3594; x_wconf 93' lang='lat' dir='ltr'>in</span> <span class='ocrx_word' id='word_1_533' title='bbox 1555 3551 1744 3606; x_wconf 93' lang='lat' dir='ltr'>cruce,</span> <span class='ocrx_word' id='word_1_534' title='bbox 1804 3533 2084 3608; x_wconf 90' lang='lat' dir='ltr'>pallidum</span> <span class='ocrx_word' id='word_1_535' title='bbox 2168 3536 2307 3596; x_wconf 90' lang='lat' dir='ltr'>dum</span> <span class='ocrx_word' id='word_1_536' title='bbox 2335 3553 2590 3607; x_wconf 91' lang='lat' dir='ltr'>carnem,</span> <span class='ocrx_word' id='word_1_537' title='bbox 2612 3538 2708 3596; x_wconf 91' lang='lat' dir='ltr'>sed</span> <span class='ocrx_word' id='word_1_538' title='bbox 2737 3553 2892 3596; x_wconf 90' lang='lat' dir='ltr'>nunc</span> <span class='ocrx_word' id='word_1_539' title='bbox 2915 3539 3034 3611; x_wconf 89' lang='lat' dir='ltr'>jam</span> <span class='ocrx_word' id='word_1_540' title='bbox 3065 3554 3181 3596; x_wconf 91' lang='lat' dir='ltr'>non</span> <span class='ocrx_word' id='word_1_541' title='bbox 3205 3540 3475 3598; x_wconf 86' lang='lat' dir='ltr'>novimus</span> <span class='ocrx_word' id='word_1_542' title='bbox 3501 3544 3570 3612; x_wconf 85' lang='grc' dir='ltr'>(Π</span> <span class='ocrx_word' id='word_1_543' title='bbox 3591 3542 3714 3598; x_wconf 86' lang='lat' dir='ltr'>Cor.</span> <span class='ocrx_word' id='word_1_544' title='bbox 3739 3544 3821 3612; x_wconf 68' lang='grc' dir='ltr'>ν).</span> <span class='ocrx_word' id='word_1_545' title='bbox 3847 3561 3875 3591; x_wconf 71' lang='grc' dir='ltr'>ι»</span> 
     </span>
    </p>
   </div>
   <div class='ocr_carea' id='block_1_65' title="bbox 373 3624 3881 3704">
    <p class='ocr_par' dir='ltr' id='par_1_65' title="bbox 373 3624 3881 3704">
     <span class='ocr_line' id='line_1_65' title="bbox 373 3624 3881 3704; baseline 0.001 -17"><span class='ocrx_word' id='word_1_546' title='bbox 373 3636 574 3698; x_wconf 90' lang='lat' dir='ltr'>morte,</span> <span class='ocrx_word' id='word_1_547' title='bbox 626 3643 796 3686; x_wconf 91' lang='lat' dir='ltr'>carne</span> <span class='ocrx_word' id='word_1_548' title='bbox 843 3629 1187 3687; x_wconf 84' lang='lat' dir='ltr'>deformem.</span> <span class='ocrx_word' id='word_1_549' title='bbox 1229 3626 1311 3683; x_wconf 88' lang='lat' dir='ltr'>Ne</span> <span class='ocrx_word' id='word_1_550' title='bbox 1369 3633 1728 3699; x_wconf 90' lang='lat' dir='ltr'>pertranseas</span> <span class='ocrx_word' id='word_1_551' title='bbox 1766 3624 2084 3682; x_wconf 88' lang='lat' dir='ltr'>Dominum</span> <span class='ocrx_word' id='word_1_552' title='bbox 2168 3628 2276 3686; x_wconf 91' lang='lat' dir='ltr'>Hic</span> <span class='ocrx_word' id='word_1_553' title='bbox 2308 3629 2546 3687; x_wconf 81' lang='lat' dir='ltr'>affectus</span> <span class='ocrx_word' id='word_1_554' title='bbox 2579 3627 2877 3701; x_wconf 88' lang='lat' dir='ltr'>sapientiae</span> <span class='ocrx_word' id='word_1_555' title='bbox 2915 3629 3070 3687; x_wconf 91' lang='lat' dir='ltr'>sedet</span> <span class='ocrx_word' id='word_1_556' title='bbox 3101 3630 3163 3686; x_wconf 91' lang='lat' dir='ltr'>in</span> <span class='ocrx_word' id='word_1_557' title='bbox 3206 3630 3420 3701; x_wconf 86' lang='lat' dir='ltr'>anima,</span> <span class='ocrx_word' id='word_1_558' title='bbox 3457 3647 3589 3704; x_wconf 75' lang='lat' dir='ltr'>quae</span> <span class='ocrx_word' id='word_1_559' title='bbox 3628 3631 3751 3689; x_wconf 89' lang='lat' dir='ltr'>sola</span> <span class='ocrx_word' id='word_1_560' title='bbox 3784 3648 3881 3690; x_wconf 82' lang='lat' dir='ltr'>ra-</span> 
     </span>
    </p>
   </div>
   <div class='ocr_carea' id='block_1_66' title="bbox 374 3712 3879 3794">
    <p class='ocr_par' dir='ltr' id='par_1_66' title="bbox 374 3712 3879 3794">
     <span class='ocr_line' id='line_1_66' title="bbox 374 3712 3879 3794; baseline 0.001 -19"><span class='ocrx_word' id='word_1_561' title='bbox 374 3717 738 3790; x_wconf 86' lang='lat' dir='ltr'>angelorum,</span> <span class='ocrx_word' id='word_1_562' title='bbox 804 3718 1019 3774; x_wconf 89' lang='lat' dir='ltr'>factum</span> <span class='ocrx_word' id='word_1_563' title='bbox 1073 3715 1444 3790; x_wconf 85' lang='lat' dir='ltr'>opprobrium</span> <span class='ocrx_word' id='word_1_564' title='bbox 1504 3715 1831 3782; x_wconf 85' lang='lat' dir='ltr'>hominum,</span> <span class='ocrx_word' id='word_1_565' title='bbox 1890 3712 2081 3770; x_wconf 80' lang='lat' dir='ltr'>Virum</span> <span class='ocrx_word' id='word_1_566' title='bbox 2168 3721 2340 3778; x_wconf 88' lang='lat' dir='ltr'>tionis</span> <span class='ocrx_word' id='word_1_567' title='bbox 2386 3736 2566 3792; x_wconf 89' lang='lat' dir='ltr'>capax</span> <span class='ocrx_word' id='word_1_568' title='bbox 2608 3727 2728 3790; x_wconf 91' lang='lat' dir='ltr'>est;</span> <span class='ocrx_word' id='word_1_569' title='bbox 2775 3721 3312 3794; x_wconf 88' lang='lat' dir='ltr'>incorporeumque,</span> <span class='ocrx_word' id='word_1_570' title='bbox 3346 3729 3402 3779; x_wconf 88' lang='lat' dir='ltr'>et</span> <span class='ocrx_word' id='word_1_571' title='bbox 3439 3722 3879 3780; x_wconf 85' lang='lat' dir='ltr'>incircumscri-</span> 
     </span>
    </p>
   </div>
   <div class='ocr_carea' id='block_1_67' title="bbox 381 3804 3880 3883">
    <p class='ocr_par' dir='ltr' id='par_1_67' title="bbox 381 3804 3880 3883">
     <span class='ocr_line' id='line_1_67' title="bbox 381 3804 3880 3883; baseline 0.001 -19"><span class='ocrx_word' id='word_1_572' title='bbox 381 3807 665 3874; x_wconf 89' lang='lat' dir='ltr'>dolorum,</span> <span class='ocrx_word' id='word_1_573' title='bbox 697 3811 750 3863; x_wconf 90' lang='lat' dir='ltr'>et</span> <span class='ocrx_word' id='word_1_574' title='bbox 789 3805 1067 3863; x_wconf 88' lang='lat' dir='ltr'>scientem</span> <span class='ocrx_word' id='word_1_575' title='bbox 1098 3805 1483 3874; x_wconf 80' lang='lat' dir='ltr'>infirmitates,</span> <span class='ocrx_word' id='word_1_576' title='bbox 1516 3804 1711 3862; x_wconf 90' lang='lat' dir='ltr'>virum</span> <span class='ocrx_word' id='word_1_577' title='bbox 1746 3817 2080 3876; x_wconf 89' lang='lat' dir='ltr'>percussum</span> <span class='ocrx_word' id='word_1_578' title='bbox 2172 3816 2335 3883; x_wconf 83' lang='lat' dir='ltr'>ptum</span> <span class='ocrx_word' id='word_1_579' title='bbox 2371 3808 2639 3881; x_wconf 88' lang='lat' dir='ltr'>spiritum</span> <span class='ocrx_word' id='word_1_580' title='bbox 2681 3808 2966 3867; x_wconf 90' lang='lat' dir='ltr'>indefessa</span> <span class='ocrx_word' id='word_1_581' title='bbox 2994 3809 3365 3869; x_wconf 89' lang='lat' dir='ltr'>meditatione</span> <span class='ocrx_word' id='word_1_582' title='bbox 3393 3817 3735 3883; x_wconf 89' lang='lat' dir='ltr'>prospectat.</span> <span class='ocrx_word' id='word_1_583' title='bbox 3769 3810 3880 3868; x_wconf 90' lang='lat' dir='ltr'>Hic</span> 
     </span>
    </p>
   </div>
   <div class='ocr_carea' id='block_1_68' title="bbox 376 3889 3875 3972">
    <p class='ocr_par' dir='ltr' id='par_1_68' title="bbox 376 3889 3875 3972">
     <span class='ocr_line' id='line_1_68' title="bbox 376 3889 3875 3972; baseline 0.001 -21"><span class='ocrx_word' id='word_1_584' title='bbox 376 3912 410 3954; x_wconf 90' lang='lat' dir='ltr'>a</span> <span class='ocrx_word' id='word_1_585' title='bbox 454 3895 571 3953; x_wconf 90' lang='lat' dir='ltr'>Deo</span> <span class='ocrx_word' id='word_1_586' title='bbox 608 3902 663 3952; x_wconf 90' lang='lat' dir='ltr'>et</span> <span class='ocrx_word' id='word_1_587' title='bbox 711 3894 1107 3963; x_wconf 87' lang='lat' dir='ltr'>humiliatum,</span> <span class='ocrx_word' id='word_1_588' title='bbox 1156 3893 1349 3950; x_wconf 88' lang='lat' dir='ltr'>virum</span> <span class='ocrx_word' id='word_1_589' title='bbox 1393 3892 1683 3965; x_wconf 86' lang='lat' dir='ltr'>leprosum</span> <span class='ocrx_word' id='word_1_590' title='bbox 1722 3898 1776 3946; x_wconf 80' lang='lat' dir='ltr'>et</span> <span class='ocrx_word' id='word_1_591' title='bbox 1814 3889 2088 3947; x_wconf 81' lang='lat' dir='ltr'>omnibus</span> <span class='ocrx_word' id='word_1_592' title='bbox 2171 3897 2434 3969; x_wconf 90' lang='lat' dir='ltr'>diligitur</span> <span class='ocrx_word' id='word_1_593' title='bbox 2464 3896 2618 3954; x_wconf 88' lang='lat' dir='ltr'>Deus</span> <span class='ocrx_word' id='word_1_594' title='bbox 2647 3913 2722 3954; x_wconf 89' lang='lat' dir='ltr'>ex</span> <span class='ocrx_word' id='word_1_595' title='bbox 2754 3903 2866 3955; x_wconf 88' lang='lat' dir='ltr'>tota</span> <span class='ocrx_word' id='word_1_596' title='bbox 2892 3897 3103 3967; x_wconf 89' lang='lat' dir='ltr'>anima,</span> <span class='ocrx_word' id='word_1_597' title='bbox 3134 3897 3192 3956; x_wconf 90' lang='lat' dir='ltr'>id</span> <span class='ocrx_word' id='word_1_598' title='bbox 3222 3903 3306 3956; x_wconf 91' lang='lat' dir='ltr'>est</span> <span class='ocrx_word' id='word_1_599' title='bbox 3334 3914 3406 3956; x_wconf 91' lang='lat' dir='ltr'>ex</span> <span class='ocrx_word' id='word_1_600' title='bbox 3433 3904 3544 3956; x_wconf 88' lang='lat' dir='ltr'>tota</span> <span class='ocrx_word' id='word_1_601' title='bbox 3569 3899 3875 3972; x_wconf 88' lang='lat' dir='ltr'>sapientia,</span> 
     </span>
    </p>
   </div>
   <div class='ocr_carea' id='block_1_69' title="bbox 381 3978 3878 4060">
    <p class='ocr_par' dir='ltr' id='par_1_69' title="bbox 381 3978 3878 4060">
     <span class='ocr_line' id='line_1_69' title="bbox 381 3978 3878 4060; baseline -0.003 -15"><span class='ocrx_word' id='word_1_602' title='bbox 381 3985 710 4059; x_wconf 86' lang='lat' dir='ltr'>expositum</span> <span class='ocrx_word' id='word_1_603' title='bbox 766 3983 1145 4042; x_wconf 88' lang='lat' dir='ltr'>detrimentis.</span> <span class='ocrx_word' id='word_1_604' title='bbox 1212 3983 1350 4040; x_wconf 82' lang='lat' dir='ltr'>Haec</span> <span class='ocrx_word' id='word_1_605' title='bbox 1420 3981 1734 4040; x_wconf 88' lang='lat' dir='ltr'>recordatio</span> <span class='ocrx_word' id='word_1_606' title='bbox 1795 3978 2091 4038; x_wconf 89' lang='lat' dir='ltr'>succendit</span> <span class='ocrx_word' id='word_1_607' title='bbox 2170 3985 2275 4060; x_wconf 81' lang='lat' dir='ltr'>qui</span> <span class='ocrx_word' id='word_1_608' title='bbox 2338 3985 2502 4057; x_wconf 77' lang='lat' dir='ltr'>prius</span> <span class='ocrx_word' id='word_1_609' title='bbox 2565 4000 2636 4042; x_wconf 80' lang='lat' dir='ltr'>ex</span> <span class='ocrx_word' id='word_1_610' title='bbox 2699 3990 2811 4043; x_wconf 79' lang='lat' dir='ltr'>toto</span> <span class='ocrx_word' id='word_1_611' title='bbox 2878 3985 3067 4056; x_wconf 72' lang='lat' dir='ltr'>corde,</span> <span class='ocrx_word' id='word_1_612' title='bbox 3132 3985 3189 4044; x_wconf 82' lang='lat' dir='ltr'>id</span> <span class='ocrx_word' id='word_1_613' title='bbox 3248 3994 3332 4045; x_wconf 73' lang='lat' dir='ltr'>est</span> <span class='ocrx_word' id='word_1_614' title='bbox 3410 4002 3484 4045; x_wconf 74' lang='lat' dir='ltr'>ex</span> <span class='ocrx_word' id='word_1_615' title='bbox 3543 3986 3878 4055; x_wconf 68' lang='grc' dir='ltr'>άυιεεάίιιε,</span> 
     </span>
    </p>
   </div>
   <div class='ocr_carea' id='block_1_70' title="bbox 392 4069 2090 4148">
    <p class='ocr_par' dir='ltr' id='par_1_70' title="bbox 392 4069 2090 4148">
     <span class='ocr_line' id='line_1_70' title="bbox 392 4069 2090 4148; baseline -0.004 -17"><span class='ocrx_word' id='word_1_616' title='bbox 392 4089 504 4144; x_wconf 93' lang='lat' dir='ltr'>cor,</span> <span class='ocrx_word' id='word_1_617' title='bbox 538 4080 737 4148; x_wconf 90' lang='lat' dir='ltr'>pectus</span> <span class='ocrx_word' id='word_1_618' title='bbox 765 4071 976 4141; x_wconf 89' lang='lat' dir='ltr'>adurit,</span> <span class='ocrx_word' id='word_1_619' title='bbox 1013 4071 1290 4129; x_wconf 86' lang='lat' dir='ltr'>interiora</span> <span class='ocrx_word' id='word_1_620' title='bbox 1321 4070 1663 4144; x_wconf 89' lang='lat' dir='ltr'>depascitur.</span> <span class='ocrx_word' id='word_1_621' title='bbox 1692 4069 1848 4126; x_wconf 90' lang='lat' dir='ltr'>Talis</span> <span class='ocrx_word' id='word_1_622' title='bbox 1877 4082 2090 4126; x_wconf 92' lang='lat' dir='ltr'>memo-</span> 
     </span>
    </p>
   </div>
   <div class='ocr_carea' id='block_1_71' title="bbox 386 4159 2084 4236">
    <p class='ocr_par' dir='ltr' id='par_1_71' title="bbox 386 4159 2084 4236">
     <span class='ocr_line' id='line_1_71' title="bbox 386 4159 2084 4236; baseline -0.004 -13"><span class='ocrx_word' id='word_1_623' title='bbox 386 4162 684 4223; x_wconf 46' lang='lat' dir='ltr'>ria‘elicit</span> <span class='ocrx_word' id='word_1_624' title='bbox 742 4162 1044 4236; x_wconf 75' lang='lat' dir='ltr'>lacrymas,</span> <span class='ocrx_word' id='word_1_625' title='bbox 1101 4161 1384 4219; x_wconf 75' lang='lat' dir='ltr'>suffundit</span> <span class='ocrx_word' id='word_1_626' title='bbox 1437 4161 1652 4231; x_wconf 91' lang='lat' dir='ltr'>oculos,</span> <span class='ocrx_word' id='word_1_627' title='bbox 1714 4159 1915 4219; x_wconf 90' lang='lat' dir='ltr'>vultus</span> <span class='ocrx_word' id='word_1_628' title='bbox 1973 4160 2084 4217; x_wconf 91' lang='lat' dir='ltr'>hu-</span> 
     </span>
    </p>
   </div>
   <div class='ocr_carea' id='block_1_72' title="bbox 382 4253 606 4310">
    <p class='ocr_par' dir='ltr' id='par_1_72' title="bbox 382 4253 606 4310">
     <span class='ocr_line' id='line_1_72' title="bbox 382 4253 606 4310; baseline -0.027 0"><span class='ocrx_word' id='word_1_629' title='bbox 382 4253 606 4310; x_wconf 90' lang='lat' dir='ltr'>mectat.</span> 
     </span>
    </p>
   </div>
   <div class='ocr_carea' id='block_1_73' title="bbox 455 4333 2084 4408">
    <p class='ocr_par' dir='ltr' id='par_1_73' title="bbox 455 4333 2084 4408">
     <span class='ocr_line' id='line_1_73' title="bbox 455 4333 2084 4408; baseline -0.004 -9"><span class='ocrx_word' id='word_1_630' title='bbox 455 4337 617 4401; x_wconf 87' lang='lat' dir='ltr'>Circa</span> <span class='ocrx_word' id='word_1_631' title='bbox 658 4336 825 4393; x_wconf 90' lang='lat' dir='ltr'>hunc</span> <span class='ocrx_word' id='word_1_632' title='bbox 854 4335 970 4392; x_wconf 84' lang='lat' dir='ltr'>fere</span> <span class='ocrx_word' id='word_1_633' title='bbox 998 4333 1245 4408; x_wconf 87' lang='lat' dir='ltr'>gradum</span> <span class='ocrx_word' id='word_1_634' title='bbox 1275 4334 1606 4392; x_wconf 90' lang='lat' dir='ltr'>obvolvitur</span> <span class='ocrx_word' id='word_1_635' title='bbox 1635 4335 1826 4393; x_wconf 90' lang='lat' dir='ltr'>omnis</span> <span class='ocrx_word' id='word_1_636' title='bbox 1852 4333 2084 4407; x_wconf 88' lang='lat' dir='ltr'>religio-</span> 
     </span>
    </p>
   </div>
   <div class='ocr_carea' id='block_1_74' title="bbox 391 4422 2083 4498">
    <p class='ocr_par' dir='ltr' id='par_1_74' title="bbox 391 4422 2083 4498">
     <span class='ocr_line' id='line_1_74' title="bbox 391 4422 2083 4498; baseline -0.003 -12"><span class='ocrx_word' id='word_1_637' title='bbox 391 4442 587 4487; x_wconf 89' lang='lat' dir='ltr'>sorum</span> <span class='ocrx_word' id='word_1_638' title='bbox 625 4422 922 4495; x_wconf 88' lang='lat' dir='ltr'>instantia,</span> <span class='ocrx_word' id='word_1_639' title='bbox 953 4439 1196 4497; x_wconf 87' lang='lat' dir='ltr'>raraque</span> <span class='ocrx_word' id='word_1_640' title='bbox 1217 4423 1342 4482; x_wconf 89' lang='lat' dir='ltr'>avis</span> <span class='ocrx_word' id='word_1_641' title='bbox 1371 4423 1431 4481; x_wconf 91' lang='lat' dir='ltr'>in</span> <span class='ocrx_word' id='word_1_642' title='bbox 1464 4423 1628 4482; x_wconf 74' lang='lat' dir='ltr'>terris</span> <span class='ocrx_word' id='word_1_643' title='bbox 1656 4430 1760 4494; x_wconf 89' lang='lat' dir='ltr'>est,</span> <span class='ocrx_word' id='word_1_644' title='bbox 1790 4439 1923 4498; x_wconf 61' lang='lat' dir='ltr'>quae</span> <span class='ocrx_word' id='word_1_645' title='bbox 1953 4439 2083 4496; x_wconf 87' lang='lat' dir='ltr'>pos-</span> 
     </span>
    </p>
   </div>
   <div class='ocr_carea' id='block_1_75' title="bbox 387 4499 2152 4588">
    <p class='ocr_par' dir='ltr' id='par_1_75' title="bbox 387 4499 2152 4588">
     <span class='ocr_line' id='line_1_75' title="bbox 387 4499 2152 4588; baseline -0.004 -11"><span class='ocrx_word' id='word_1_646' title='bbox 387 4518 461 4576; x_wconf 88' lang='lat' dir='ltr'>sit</span> <span class='ocrx_word' id='word_1_647' title='bbox 514 4517 670 4576; x_wconf 83' lang='lat' dir='ltr'>liunc</span> <span class='ocrx_word' id='word_1_648' title='bbox 716 4515 960 4572; x_wconf 89' lang='lat' dir='ltr'>transire</span> <span class='ocrx_word' id='word_1_649' title='bbox 1005 4514 1338 4588; x_wconf 88' lang='lat' dir='ltr'>profectum.</span> <span class='ocrx_word' id='word_1_650' title='bbox 1382 4515 1546 4571; x_wconf 82' lang='lat' dir='ltr'>Astat</span> <span class='ocrx_word' id='word_1_651' title='bbox 1584 4513 1740 4572; x_wconf 90' lang='lat' dir='ltr'>enim</span> <span class='ocrx_word' id='word_1_652' title='bbox 1790 4499 2152 4571; x_wconf 88' lang='lat' dir='ltr'>orantibusD</span> 
     </span>
    </p>
   </div>
   <div class='ocr_carea' id='block_1_76' title="bbox 392 4602 2089 4678">
    <p class='ocr_par' dir='ltr' id='par_1_76' title="bbox 392 4602 2089 4678">
     <span class='ocr_line' id='line_1_76' title="bbox 392 4602 2089 4678; baseline -0.004 -14"><span class='ocrx_word' id='word_1_653' title='bbox 392 4605 483 4664; x_wconf 89' lang='lat' dir='ltr'>vel</span> <span class='ocrx_word' id='word_1_654' title='bbox 512 4605 702 4678; x_wconf 87' lang='lat' dir='ltr'>imago</span> <span class='ocrx_word' id='word_1_655' title='bbox 741 4604 1027 4662; x_wconf 90' lang='lat' dir='ltr'>nascentis</span> <span class='ocrx_word' id='word_1_656' title='bbox 1065 4603 1190 4674; x_wconf 91' lang='lat' dir='ltr'>Dei,</span> <span class='ocrx_word' id='word_1_657' title='bbox 1231 4602 1318 4661; x_wconf 91' lang='lat' dir='ltr'>vel</span> <span class='ocrx_word' id='word_1_658' title='bbox 1351 4603 1652 4676; x_wconf 86' lang='lat' dir='ltr'>pendentis</span> <span class='ocrx_word' id='word_1_659' title='bbox 1687 4602 1746 4658; x_wconf 92' lang='lat' dir='ltr'>in</span> <span class='ocrx_word' id='word_1_660' title='bbox 1786 4617 1972 4671; x_wconf 90' lang='lat' dir='ltr'>cruce,</span> <span class='ocrx_word' id='word_1_661' title='bbox 2006 4609 2089 4659; x_wconf 91' lang='lat' dir='ltr'>te-</span> 
     </span>
    </p>
   </div>
   <div class='ocr_carea' id='block_1_77' title="bbox 390 4691 2089 4770">
    <p class='ocr_par' dir='ltr' id='par_1_77' title="bbox 390 4691 2089 4770">
     <span class='ocr_line' id='line_1_77' title="bbox 390 4691 2089 4770; baseline -0.003 -18"><span class='ocrx_word' id='word_1_662' title='bbox 390 4702 603 4770; x_wconf 90' lang='lat' dir='ltr'>netque</span> <span class='ocrx_word' id='word_1_663' title='bbox 632 4693 846 4752; x_wconf 89' lang='lat' dir='ltr'>mentis</span> <span class='ocrx_word' id='word_1_664' title='bbox 873 4692 1139 4751; x_wconf 74' lang='lat' dir='ltr'>affectum</span> <span class='ocrx_word' id='word_1_665' title='bbox 1170 4692 1524 4751; x_wconf 89' lang='lat' dir='ltr'>incalescens</span> <span class='ocrx_word' id='word_1_666' title='bbox 1549 4691 1789 4752; x_wconf 82' lang='lat' dir='ltr'>affectio.</span> <span class='ocrx_word' id='word_1_667' title='bbox 1820 4699 1874 4748; x_wconf 91' lang='lat' dir='ltr'>et</span> <span class='ocrx_word' id='word_1_668' title='bbox 1907 4691 1978 4748; x_wconf 91' lang='lat' dir='ltr'>ad</span> <span class='ocrx_word' id='word_1_669' title='bbox 2005 4692 2089 4750; x_wconf 90' lang='lat' dir='ltr'>ul-</span> 
     </span>
    </p>
   </div>
   <div class='ocr_carea' id='block_1_78' title="bbox 385 4778 2091 4854">
    <p class='ocr_par' dir='ltr' id='par_1_78' title="bbox 385 4778 2091 4854">
     <span class='ocr_line' id='line_1_78' title="bbox 385 4778 2091 4854; baseline -0.004 -12"><span class='ocrx_word' id='word_1_670' title='bbox 385 4784 595 4842; x_wconf 87' lang='lat' dir='ltr'>teriora</span> <span class='ocrx_word' id='word_1_671' title='bbox 621 4782 725 4840; x_wconf 89' lang='lat' dir='ltr'>vix</span> <span class='ocrx_word' id='word_1_672' title='bbox 763 4781 1041 4854; x_wconf 89' lang='lat' dir='ltr'>permittit</span> <span class='ocrx_word' id='word_1_673' title='bbox 1066 4795 1391 4838; x_wconf 83' lang='lat' dir='ltr'>excurrere.</span> <span class='ocrx_word' id='word_1_674' title='bbox 1429 4780 1493 4836; x_wconf 91' lang='lat' dir='ltr'>In</span> <span class='ocrx_word' id='word_1_675' title='bbox 1535 4781 1644 4838; x_wconf 91' lang='lat' dir='ltr'>hoc</span> <span class='ocrx_word' id='word_1_676' title='bbox 1667 4780 1849 4853; x_wconf 88' lang='lat' dir='ltr'>gradu</span> <span class='ocrx_word' id='word_1_677' title='bbox 1890 4778 2091 4836; x_wconf 90' lang='lat' dir='ltr'>Petrus</span> 
     </span>
    </p>
   </div>
   <div class='ocr_carea' id='block_1_79' title="bbox 383 4868 2092 4948">
    <p class='ocr_par' dir='ltr' id='par_1_79' title="bbox 383 4868 2092 4948">
     <span class='ocr_line' id='line_1_79' title="bbox 383 4868 2092 4948; baseline -0.005 -16"><span class='ocrx_word' id='word_1_678' title='bbox 383 4873 711 4948; x_wconf 89' lang='lat' dir='ltr'>impressus</span> <span class='ocrx_word' id='word_1_679' title='bbox 747 4868 1113 4938; x_wconf 90' lang='lat' dir='ltr'>consistebat,</span> <span class='ocrx_word' id='word_1_680' title='bbox 1150 4884 1280 4926; x_wconf 93' lang='lat' dir='ltr'>cum</span> <span class='ocrx_word' id='word_1_681' title='bbox 1320 4883 1570 4935; x_wconf 91' lang='lat' dir='ltr'>carnem,</span> <span class='ocrx_word' id='word_1_682' title='bbox 1615 4876 1669 4924; x_wconf 88' lang='lat' dir='ltr'>et</span> <span class='ocrx_word' id='word_1_683' title='bbox 1706 4868 2092 4925; x_wconf 89' lang='lat' dir='ltr'>conversatio-</span> 
     </span>
    </p>
   </div>
   <div class='ocr_carea' id='block_1_80' title="bbox 392 4959 2089 5034">
    <p class='ocr_par' dir='ltr' id='par_1_80' title="bbox 392 4959 2089 5034">
     <span class='ocr_line' id='line_1_80' title="bbox 392 4959 2089 5034; baseline -0.004 -9"><span class='ocrx_word' id='word_1_684' title='bbox 392 4981 528 5025; x_wconf 87' lang='lat' dir='ltr'>nem</span> <span class='ocrx_word' id='word_1_685' title='bbox 586 4966 724 5025; x_wconf 90' lang='lat' dir='ltr'>Jesu</span> <span class='ocrx_word' id='word_1_686' title='bbox 773 4963 987 5022; x_wconf 87' lang='lat' dir='ltr'>Christi</span> <span class='ocrx_word' id='word_1_687' title='bbox 1042 4961 1347 5020; x_wconf 89' lang='lat' dir='ltr'>tenerrime</span> <span class='ocrx_word' id='word_1_688' title='bbox 1417 4961 1685 5034; x_wconf 89' lang='lat' dir='ltr'>diligens,</span> <span class='ocrx_word' id='word_1_689' title='bbox 1740 4959 2089 5018; x_wconf 89' lang='lat' dir='ltr'>Salvatorem</span> 
     </span>
    </p>
   </div>
   <div class='ocr_carea' id='block_1_81' title="bbox 391 5047 2088 5122">
    <p class='ocr_par' dir='ltr' id='par_1_81' title="bbox 391 5047 2088 5122">
     <span class='ocr_line' id='line_1_81' title="bbox 391 5047 2088 5122; baseline -0.004 -9"><span class='ocrx_word' id='word_1_690' title='bbox 391 5055 565 5114; x_wconf 89' lang='lat' dir='ltr'>etiam</span> <span class='ocrx_word' id='word_1_691' title='bbox 593 5071 625 5111; x_wconf 87' lang='lat' dir='ltr'>a</span> <span class='ocrx_word' id='word_1_692' title='bbox 645 5053 962 5111; x_wconf 87' lang='lat' dir='ltr'>salvatione</span> <span class='ocrx_word' id='word_1_693' title='bbox 982 5049 1211 5122; x_wconf 87' lang='lat' dir='ltr'>generis</span> <span class='ocrx_word' id='word_1_694' title='bbox 1237 5050 1479 5107; x_wconf 88' lang='lat' dir='ltr'>humani</span> <span class='ocrx_word' id='word_1_695' title='bbox 1500 5049 1827 5118; x_wconf 90' lang='lat' dir='ltr'>retraheret,</span> <span class='ocrx_word' id='word_1_696' title='bbox 1853 5047 2088 5107; x_wconf 89' lang='lat' dir='ltr'>dicens:</span> 
     </span>
    </p>
   </div>
   <div class='ocr_carea' id='block_1_82' title="bbox 395 5137 2091 5216">
    <p class='ocr_par' dir='ltr' id='par_1_82' title="bbox 395 5137 2091 5216">
     <span class='ocr_line' id='line_1_82' title="bbox 395 5137 2091 5216; baseline 0.001 -22"><span class='ocrx_word' id='word_1_697' title='bbox 395 5165 422 5194; x_wconf 76' lang='grc' dir='ltr'><strong>α</strong></span> <span class='ocrx_word' id='word_1_698' title='bbox 448 5142 738 5216; x_wconf 84' lang='lat' dir='ltr'>Propitius</span> <span class='ocrx_word' id='word_1_699' title='bbox 763 5147 902 5210; x_wconf 88' lang='lat' dir='ltr'>esto,</span> <span class='ocrx_word' id='word_1_700' title='bbox 935 5138 1202 5207; x_wconf 89' lang='lat' dir='ltr'>Domine,</span> <span class='ocrx_word' id='word_1_701' title='bbox 1226 5137 1328 5195; x_wconf 93' lang='lat' dir='ltr'>tibi</span> <span class='ocrx_word' id='word_1_702' title='bbox 1358 5137 1490 5208; x_wconf 90' lang='lat' dir='ltr'>ipsi,</span> <span class='ocrx_word' id='word_1_703' title='bbox 1513 5153 1586 5194; x_wconf 92' lang='lat' dir='ltr'>ne</span> <span class='ocrx_word' id='word_1_704' title='bbox 1616 5137 1714 5194; x_wconf 88' lang='lat' dir='ltr'>ﬁat</span> <span class='ocrx_word' id='word_1_705' title='bbox 1740 5138 1845 5194; x_wconf 89' lang='lat' dir='ltr'>hoc</span> <span class='ocrx_word' id='word_1_706' title='bbox 1875 5141 2091 5208; x_wconf 67' lang='lat' dir='ltr'>(Matth.</span> 
     </span>
    </p>
   </div>
   <div class='ocr_carea' id='block_1_83' title="bbox 388 5227 2090 5303">
    <p class='ocr_par' dir='ltr' id='par_1_83' title="bbox 388 5227 2090 5303">
     <span class='ocr_line' id='line_1_83' title="bbox 388 5227 2090 5303; baseline -0.003 -13"><span class='ocrx_word' id='word_1_707' title='bbox 388 5241 534 5303; x_wconf 76' lang='lat' dir='ltr'><strong>XVI).</strong></span> <span class='ocrx_word' id='word_1_708' title='bbox 565 5257 592 5280; x_wconf 70' lang='grc' dir='ltr'>ι»</span> <span class='ocrx_word' id='word_1_709' title='bbox 630 5232 735 5290; x_wconf 85' lang='lat' dir='ltr'>Cui</span> <span class='ocrx_word' id='word_1_710' title='bbox 779 5230 1062 5288; x_wconf 92' lang='lat' dir='ltr'>Dominus</span> <span class='ocrx_word' id='word_1_711' title='bbox 1095 5251 1106 5285; x_wconf 94' lang='lat'>:</span> <span class='ocrx_word' id='word_1_712' title='bbox 1158 5251 1184 5278; x_wconf 81' lang='grc' dir='ltr'><strong>α</strong></span> <span class='ocrx_word' id='word_1_713' title='bbox 1219 5227 1391 5296; x_wconf 90' lang='lat' dir='ltr'>Vade,</span> <span class='ocrx_word' id='word_1_714' title='bbox 1431 5227 1639 5300; x_wconf 88' lang='lat' dir='ltr'>inquit,</span> <span class='ocrx_word' id='word_1_715' title='bbox 1684 5235 1808 5300; x_wconf 91' lang='lat' dir='ltr'>post</span> <span class='ocrx_word' id='word_1_716' title='bbox 1839 5244 1949 5297; x_wconf 90' lang='lat' dir='ltr'>me,</span> <span class='ocrx_word' id='word_1_717' title='bbox 1985 5227 2090 5286; x_wconf 91' lang='lat' dir='ltr'>Sa-</span> 
     </span>
    </p>
   </div>
   <div class='ocr_carea' id='block_1_84' title="bbox 391 5316 2088 5392">
    <p class='ocr_par' dir='ltr' id='par_1_84' title="bbox 391 5316 2088 5392">
     <span class='ocr_line' id='line_1_84' title="bbox 391 5316 2088 5392; baseline -0.002 -16"><span class='ocrx_word' id='word_1_718' title='bbox 391 5326 543 5390; x_wconf 89' lang='lat' dir='ltr'>tana,</span> <span class='ocrx_word' id='word_1_719' title='bbox 574 5320 712 5392; x_wconf 90' lang='lat' dir='ltr'>quia</span> <span class='ocrx_word' id='word_1_720' title='bbox 750 5333 866 5376; x_wconf 91' lang='lat' dir='ltr'>non</span> <span class='ocrx_word' id='word_1_721' title='bbox 909 5317 1062 5391; x_wconf 92' lang='lat' dir='ltr'>sapis</span> <span class='ocrx_word' id='word_1_722' title='bbox 1100 5333 1232 5390; x_wconf 65' lang='lat' dir='ltr'>quas</span> <span class='ocrx_word' id='word_1_723' title='bbox 1266 5316 1368 5375; x_wconf 92' lang='lat' dir='ltr'>Dei</span> <span class='ocrx_word' id='word_1_724' title='bbox 1411 5323 1572 5385; x_wconf 87' lang='lat' dir='ltr'>sunt;</span> <span class='ocrx_word' id='word_1_725' title='bbox 1611 5337 1638 5369; x_wconf 80' lang='grc'><strong>››</strong></span> <span class='ocrx_word' id='word_1_726' title='bbox 1669 5317 1908 5389; x_wconf 90' lang='lat' dir='ltr'>culpans</span> <span class='ocrx_word' id='word_1_727' title='bbox 1950 5331 2088 5374; x_wconf 90' lang='lat' dir='ltr'>con-</span> 
     </span>
    </p>
   </div>
   <div class='ocr_carea' id='block_1_85' title="bbox 396 5404 2092 5478">
    <p class='ocr_par' dir='ltr' id='par_1_85' title="bbox 396 5404 2092 5478">
     <span class='ocr_line' id='line_1_85' title="bbox 396 5404 2092 5478; baseline -0.002 -13"><span class='ocrx_word' id='word_1_728' title='bbox 396 5408 618 5478; x_wconf 89' lang='lat' dir='ltr'>silium,</span> <span class='ocrx_word' id='word_1_729' title='bbox 665 5424 780 5466; x_wconf 92' lang='lat' dir='ltr'>non</span> <span class='ocrx_word' id='word_1_730' title='bbox 821 5408 1108 5466; x_wconf 78' lang='lat' dir='ltr'>affectum.</span> <span class='ocrx_word' id='word_1_731' title='bbox 1151 5405 1432 5478; x_wconf 87' lang='lat' dir='ltr'>Diligehat</span> <span class='ocrx_word' id='word_1_732' title='bbox 1475 5405 1630 5461; x_wconf 89' lang='lat' dir='ltr'>enim</span> <span class='ocrx_word' id='word_1_733' title='bbox 1670 5404 1935 5470; x_wconf 89' lang='lat' dir='ltr'>dulciter,</span> <span class='ocrx_word' id='word_1_734' title='bbox 1976 5419 2092 5462; x_wconf 90' lang='lat' dir='ltr'>non</span> 
     </span>
    </p>
   </div>
   <div class='ocr_carea' id='block_1_86' title="bbox 403 5491 2092 5567">
    <p class='ocr_par' dir='ltr' id='par_1_86' title="bbox 403 5491 2092 5567">
     <span class='ocr_line' id='line_1_86' title="bbox 403 5491 2092 5567; baseline -0.002 -15"><span class='ocrx_word' id='word_1_735' title='bbox 403 5500 590 5552; x_wconf 87' lang='lat' dir='ltr'>tamen</span> <span class='ocrx_word' id='word_1_736' title='bbox 619 5495 936 5567; x_wconf 84' lang='lat' dir='ltr'>sapienter;</span> <span class='ocrx_word' id='word_1_737' title='bbox 958 5493 1248 5567; x_wconf 92' lang='lat' dir='ltr'>quomodo</span> <span class='ocrx_word' id='word_1_738' title='bbox 1267 5492 1424 5549; x_wconf 89' lang='lat' dir='ltr'>enim</span> <span class='ocrx_word' id='word_1_739' title='bbox 1451 5491 2092 5566; x_wconf 76' lang='lat' dir='ltr'>sapienter,quimundi</span> 
     </span>
    </p>
   </div>
   <div class='ocr_carea' id='block_1_87' title="bbox 393 5579 2092 5656">
    <p class='ocr_par' dir='ltr' id='par_1_87' title="bbox 393 5579 2092 5656">
     <span class='ocr_line' id='line_1_87' title="bbox 393 5579 2092 5656; baseline -0.002 -12"><span class='ocrx_word' id='word_1_740' title='bbox 393 5583 850 5656; x_wconf 83' lang='lat' dir='ltr'>redemptionem</span> <span class='ocrx_word' id='word_1_741' title='bbox 884 5590 940 5641; x_wconf 91' lang='lat' dir='ltr'>et</span> <span class='ocrx_word' id='word_1_742' title='bbox 976 5581 1080 5641; x_wconf 87' lang='lat' dir='ltr'>Dei</span> <span class='ocrx_word' id='word_1_743' title='bbox 1112 5579 1532 5654; x_wconf 85' lang='lat' dir='ltr'>providentiam</span> <span class='ocrx_word' id='word_1_744' title='bbox 1571 5581 1861 5640; x_wconf 84' lang='lat' dir='ltr'>nitebatur</span> <span class='ocrx_word' id='word_1_745' title='bbox 1894 5580 2092 5640; x_wconf 81' lang='lat' dir='ltr'>exclu-</span> 
     </span>
    </p>
   </div>
   <div class='ocr_carea' id='block_1_88' title="bbox 2170 4074 2537 4146">
    <p class='ocr_par' dir='ltr' id='par_1_88' title="bbox 2170 4074 2537 4146">
     <span class='ocr_line' id='line_1_88' title="bbox 2170 4074 2537 4146; baseline -0.005 -14"><span class='ocrx_word' id='word_1_746' title='bbox 2170 4074 2537 4146; x_wconf 86' lang='lat' dir='ltr'>diligebatur.</span> 
     </span>
    </p>
   </div>
   <div class='ocr_carea' id='block_1_89' title="bbox 2241 4166 3878 4239">
    <p class='ocr_par' dir='ltr' id='par_1_89' title="bbox 2241 4166 3878 4239">
     <span class='ocr_line' id='line_1_89' title="bbox 2241 4166 3878 4239; baseline 0.001 -16"><span class='ocrx_word' id='word_1_747' title='bbox 2241 4166 2469 4224; x_wconf 87' lang='lat' dir='ltr'>Tertius</span> <span class='ocrx_word' id='word_1_748' title='bbox 2505 4166 2720 4239; x_wconf 88' lang='lat' dir='ltr'>gradus</span> <span class='ocrx_word' id='word_1_749' title='bbox 2767 4173 2869 4238; x_wconf 92' lang='lat' dir='ltr'>est,</span> <span class='ocrx_word' id='word_1_750' title='bbox 2904 4182 3096 4224; x_wconf 90' lang='lat' dir='ltr'>amare</span> <span class='ocrx_word' id='word_1_751' title='bbox 3129 4167 3364 4235; x_wconf 87' lang='lat' dir='ltr'>fortiter,</span> <span class='ocrx_word' id='word_1_752' title='bbox 3402 4168 3458 4225; x_wconf 90' lang='lat' dir='ltr'>id</span> <span class='ocrx_word' id='word_1_753' title='bbox 3491 4175 3595 4238; x_wconf 87' lang='lat' dir='ltr'>est,</span> <span class='ocrx_word' id='word_1_754' title='bbox 3627 4184 3701 4226; x_wconf 90' lang='lat' dir='ltr'>ex</span> <span class='ocrx_word' id='word_1_755' title='bbox 3748 4183 3878 4225; x_wconf 84' lang='lat' dir='ltr'>om-</span> 
     </span>
    </p>
   </div>
   <div class='ocr_carea' id='block_1_90' title="bbox 2168 4253 3881 4328">
    <p class='ocr_par' dir='ltr' id='par_1_90' title="bbox 2168 4253 3881 4328">
     <span class='ocr_line' id='line_1_90' title="bbox 2168 4253 3881 4328; baseline -0.001 -15"><span class='ocrx_word' id='word_1_756' title='bbox 2168 4255 2344 4313; x_wconf 91' lang='lat' dir='ltr'>nibus</span> <span class='ocrx_word' id='word_1_757' title='bbox 2406 4254 2644 4312; x_wconf 88' lang='lat' dir='ltr'>viribus.</span> <span class='ocrx_word' id='word_1_758' title='bbox 2710 4253 2953 4312; x_wconf 89' lang='lat' dir='ltr'>Fortiter</span> <span class='ocrx_word' id='word_1_759' title='bbox 3010 4253 3200 4326; x_wconf 90' lang='lat' dir='ltr'>diligit</span> <span class='ocrx_word' id='word_1_760' title='bbox 3269 4255 3391 4328; x_wconf 89' lang='lat' dir='ltr'>qui,</span> <span class='ocrx_word' id='word_1_761' title='bbox 3451 4271 3586 4314; x_wconf 82' lang='lat' dir='ltr'>cum</span> <span class='ocrx_word' id='word_1_762' title='bbox 3646 4270 3881 4314; x_wconf 86' lang='lat' dir='ltr'>necesse</span> 
     </span>
    </p>
   </div>
   <div class='ocr_carea' id='block_1_91' title="bbox 2171 4340 3882 4416">
    <p class='ocr_par' dir='ltr' id='par_1_91' title="bbox 2171 4340 3882 4416">
     <span class='ocr_line' id='line_1_91' title="bbox 2171 4340 3882 4416; baseline 0 -14"><span class='ocrx_word' id='word_1_763' title='bbox 2171 4343 2361 4414; x_wconf 90' lang='lat' dir='ltr'>fuerit,</span> <span class='ocrx_word' id='word_1_764' title='bbox 2413 4358 2514 4416; x_wconf 94' lang='lat' dir='ltr'>pro</span> <span class='ocrx_word' id='word_1_765' title='bbox 2569 4340 2882 4402; x_wconf 88' lang='lat' dir='ltr'>Salvatoris</span> <span class='ocrx_word' id='word_1_766' title='bbox 2933 4344 3046 4401; x_wconf 87' lang='lat' dir='ltr'>ﬁde</span> <span class='ocrx_word' id='word_1_767' title='bbox 3092 4359 3296 4416; x_wconf 91' lang='lat' dir='ltr'>corpus</span> <span class='ocrx_word' id='word_1_768' title='bbox 3341 4352 3396 4403; x_wconf 90' lang='lat' dir='ltr'>et</span> <span class='ocrx_word' id='word_1_769' title='bbox 3446 4346 3705 4403; x_wconf 88' lang='lat' dir='ltr'>animam</span> <span class='ocrx_word' id='word_1_770' title='bbox 3759 4352 3882 4403; x_wconf 89' lang='lat' dir='ltr'>tor—</span> 
     </span>
    </p>
   </div>
   <div class='ocr_carea' id='block_1_92' title="bbox 2172 4431 3879 4505">
    <p class='ocr_par' dir='ltr' id='par_1_92' title="bbox 2172 4431 3879 4505">
     <span class='ocr_line' id='line_1_92' title="bbox 2172 4431 3879 4505; baseline -0.001 -15"><span class='ocrx_word' id='word_1_771' title='bbox 2172 4432 2381 4490; x_wconf 90' lang='lat' dir='ltr'>mentis</span> <span class='ocrx_word' id='word_1_772' title='bbox 2415 4431 2673 4504; x_wconf 85' lang='lat' dir='ltr'>exponit.</span> <span class='ocrx_word' id='word_1_773' title='bbox 2716 4431 2826 4489; x_wconf 90' lang='lat' dir='ltr'>Hic</span> <span class='ocrx_word' id='word_1_774' title='bbox 2860 4438 2945 4489; x_wconf 91' lang='lat' dir='ltr'>est</span> <span class='ocrx_word' id='word_1_775' title='bbox 2981 4432 3200 4490; x_wconf 91' lang='lat' dir='ltr'>fructus</span> <span class='ocrx_word' id='word_1_776' title='bbox 3237 4434 3445 4505; x_wconf 88' lang='lat' dir='ltr'>operis,</span> <span class='ocrx_word' id='word_1_777' title='bbox 3479 4433 3695 4492; x_wconf 89' lang='lat' dir='ltr'>laboris</span> <span class='ocrx_word' id='word_1_778' title='bbox 3729 4447 3879 4491; x_wconf 90' lang='lat' dir='ltr'>con-</span> 
     </span>
    </p>
   </div>
   <div class='ocr_carea' id='block_1_93' title="bbox 2171 4519 3882 4595">
    <p class='ocr_par' dir='ltr' id='par_1_93' title="bbox 2171 4519 3882 4595">
     <span class='ocr_line' id='line_1_93' title="bbox 2171 4519 3882 4595; baseline -0.002 -15"><span class='ocrx_word' id='word_1_779' title='bbox 2171 4520 2502 4591; x_wconf 90' lang='lat' dir='ltr'>summatio,</span> <span class='ocrx_word' id='word_1_780' title='bbox 2535 4519 2794 4592; x_wconf 89' lang='lat' dir='ltr'>probatio</span> <span class='ocrx_word' id='word_1_781' title='bbox 2833 4519 3175 4578; x_wconf 88' lang='lat' dir='ltr'>dilectionis.</span> <span class='ocrx_word' id='word_1_782' title='bbox 3211 4521 3289 4578; x_wconf 94' lang='lat' dir='ltr'>De</span> <span class='ocrx_word' id='word_1_783' title='bbox 3325 4523 3510 4595; x_wconf 89' lang='lat' dir='ltr'>gradu</span> <span class='ocrx_word' id='word_1_784' title='bbox 3546 4522 3703 4581; x_wconf 90' lang='lat' dir='ltr'>enim</span> <span class='ocrx_word' id='word_1_785' title='bbox 3740 4521 3882 4579; x_wconf 92' lang='lat' dir='ltr'>dul-</span> 
     </span>
    </p>
   </div>
   <div class='ocr_carea' id='block_1_94' title="bbox 2170 4609 3884 4684">
    <p class='ocr_par' dir='ltr' id='par_1_94' title="bbox 2170 4609 3884 4684">
     <span class='ocr_line' id='line_1_94' title="bbox 2170 4609 3884 4684; baseline -0.001 -16"><span class='ocrx_word' id='word_1_786' title='bbox 2170 4610 2390 4668; x_wconf 87' lang='lat' dir='ltr'>cedinis</span> <span class='ocrx_word' id='word_1_787' title='bbox 2441 4609 2511 4666; x_wconf 93' lang='lat' dir='ltr'>ad</span> <span class='ocrx_word' id='word_1_788' title='bbox 2571 4609 2871 4681; x_wconf 67' lang='lat' dir='ltr'>sapientiae</span> <span class='ocrx_word' id='word_1_789' title='bbox 2909 4609 3155 4682; x_wconf 89' lang='lat' dir='ltr'>gradum</span> <span class='ocrx_word' id='word_1_790' title='bbox 3203 4611 3535 4668; x_wconf 89' lang='lat' dir='ltr'>ascenderat</span> <span class='ocrx_word' id='word_1_791' title='bbox 3583 4610 3884 4684; x_wconf 87' lang='lat' dir='ltr'>apostolus</span> 
     </span>
    </p>
   </div>
   <div class='ocr_carea' id='block_1_95' title="bbox 2173 4696 3885 4780">
    <p class='ocr_par' dir='ltr' id='par_1_95' title="bbox 2173 4696 3885 4780">
     <span class='ocr_line' id='line_1_95' title="bbox 2173 4696 3885 4780; baseline -0.001 -25"><span class='ocrx_word' id='word_1_792' title='bbox 2173 4696 2402 4768; x_wconf 86' lang='lat' dir='ltr'>Petrus,</span> <span class='ocrx_word' id='word_1_793' title='bbox 2433 4712 2566 4755; x_wconf 91' lang='lat' dir='ltr'>cum</span> <span class='ocrx_word' id='word_1_794' title='bbox 2613 4696 2824 4753; x_wconf 90' lang='lat' dir='ltr'>diceret</span> <span class='ocrx_word' id='word_1_795' title='bbox 2857 4715 2869 4753; x_wconf 92' lang='lat'><strong>:</strong></span> <span class='ocrx_word' id='word_1_796' title='bbox 2905 4722 2930 4746; x_wconf 88' lang='grc'>‹‹</span> <span class='ocrx_word' id='word_1_797' title='bbox 2972 4697 3246 4754; x_wconf 85' lang='lat' dir='ltr'>Animam</span> <span class='ocrx_word' id='word_1_798' title='bbox 3280 4713 3465 4756; x_wconf 91' lang='lat' dir='ltr'>meam</span> <span class='ocrx_word' id='word_1_799' title='bbox 3499 4713 3652 4780; x_wconf 74' lang='lat' dir='ltr'>pono</span> <span class='ocrx_word' id='word_1_800' title='bbox 3681 4713 3783 4770; x_wconf 90' lang='lat' dir='ltr'>pro</span> <span class='ocrx_word' id='word_1_801' title='bbox 3829 4705 3885 4755; x_wconf 91' lang='lat' dir='ltr'>te</span> 
     </span>
    </p>
   </div>
   <div class='ocr_carea' id='block_1_96' title="bbox 2175 4783 3887 4861">
    <p class='ocr_par' dir='ltr' id='par_1_96' title="bbox 2175 4783 3887 4861">
     <span class='ocr_line' id='line_1_96' title="bbox 2175 4783 3887 4861; baseline 0.001 -20"><span class='ocrx_word' id='word_1_802' title='bbox 2175 4788 2399 4851; x_wconf 82' lang='lat' dir='ltr'>(Matth.</span> <span class='ocrx_word' id='word_1_803' title='bbox 2459 4788 2657 4852; x_wconf 82' lang='lat' dir='ltr'>XXVI).</span> <span class='ocrx_word' id='word_1_804' title='bbox 2699 4807 2725 4831; x_wconf 88' lang='grc'>››</span> <span class='ocrx_word' id='word_1_805' title='bbox 2779 4783 2936 4841; x_wconf 89' lang='lat' dir='ltr'>Nihil</span> <span class='ocrx_word' id='word_1_806' title='bbox 3015 4785 3329 4856; x_wconf 88' lang='lat' dir='ltr'>sapientius</span> <span class='ocrx_word' id='word_1_807' title='bbox 3405 4802 3595 4861; x_wconf 88' lang='lat' dir='ltr'>neque</span> <span class='ocrx_word' id='word_1_808' title='bbox 3676 4785 3887 4842; x_wconf 86' lang='lat' dir='ltr'>fortius</span> 
     </span>
    </p>
   </div>
   <div class='ocr_carea' id='block_1_97' title="bbox 2173 4871 3888 4948">
    <p class='ocr_par' dir='ltr' id='par_1_97' title="bbox 2173 4871 3888 4948">
     <span class='ocr_line' id='line_1_97' title="bbox 2173 4871 3888 4948; baseline 0.001 -18"><span class='ocrx_word' id='word_1_809' title='bbox 2173 4888 2347 4945; x_wconf 91' lang='lat' dir='ltr'>quam</span> <span class='ocrx_word' id='word_1_810' title='bbox 2381 4896 2393 4930; x_wconf 88' lang='lat'><strong>:</strong></span> <span class='ocrx_word' id='word_1_811' title='bbox 2431 4899 2457 4920; x_wconf 90' lang='grc'>‹‹</span> <span class='ocrx_word' id='word_1_812' title='bbox 2485 4871 2759 4930; x_wconf 88' lang='lat' dir='ltr'>Animam</span> <span class='ocrx_word' id='word_1_813' title='bbox 2789 4887 2940 4944; x_wconf 93' lang='lat' dir='ltr'>pono</span> <span class='ocrx_word' id='word_1_814' title='bbox 2978 4887 3079 4944; x_wconf 91' lang='lat' dir='ltr'>pro</span> <span class='ocrx_word' id='word_1_815' title='bbox 3120 4881 3210 4942; x_wconf 91' lang='lat' dir='ltr'>te;</span> <span class='ocrx_word' id='word_1_816' title='bbox 3258 4898 3284 4922; x_wconf 75' lang='grc' dir='ltr'>ιι</span> <span class='ocrx_word' id='word_1_817' title='bbox 3323 4874 3470 4930; x_wconf 91' lang='lat' dir='ltr'>nihil</span> <span class='ocrx_word' id='word_1_818' title='bbox 3503 4875 3888 4948; x_wconf 88' lang='lat' dir='ltr'>insipientius</span> 
     </span>
    </p>
   </div>
   <div class='ocr_carea' id='block_1_98' title="bbox 2174 4961 3890 5038">
    <p class='ocr_par' dir='ltr' id='par_1_98' title="bbox 2174 4961 3890 5038">
     <span class='ocr_line' id='line_1_98' title="bbox 2174 4961 3890 5038; baseline 0.001 -19"><span class='ocrx_word' id='word_1_819' title='bbox 2174 4978 2364 5035; x_wconf 91' lang='lat' dir='ltr'>neque</span> <span class='ocrx_word' id='word_1_820' title='bbox 2411 4961 2662 5020; x_wconf 89' lang='lat' dir='ltr'>debilius</span> <span class='ocrx_word' id='word_1_821' title='bbox 2713 4975 2938 5034; x_wconf 88' lang='lat' dir='ltr'>quam:</span> <span class='ocrx_word' id='word_1_822' title='bbox 3003 4961 3257 5036; x_wconf 85' lang='lat' dir='ltr'>«Neque</span> <span class='ocrx_word' id='word_1_823' title='bbox 3311 4963 3446 5033; x_wconf 88' lang='lat' dir='ltr'>scio,</span> <span class='ocrx_word' id='word_1_824' title='bbox 3502 4980 3695 5038; x_wconf 91' lang='lat' dir='ltr'>neque</span> <span class='ocrx_word' id='word_1_825' title='bbox 3739 4965 3890 5021; x_wconf 82' lang='lat' dir='ltr'>novi</span> 
     </span>
    </p>
   </div>
   <div class='ocr_carea' id='block_1_99' title="bbox 2176 5048 3886 5125">
    <p class='ocr_par' dir='ltr' id='par_1_99' title="bbox 2176 5048 3886 5125">
     <span class='ocr_line' id='line_1_99' title="bbox 2176 5048 3886 5125; baseline -0.001 -15"><span class='ocrx_word' id='word_1_826' title='bbox 2176 5051 2314 5125; x_wconf 91' lang='lat' dir='ltr'>quid</span> <span class='ocrx_word' id='word_1_827' title='bbox 2349 5051 2504 5109; x_wconf 90' lang='lat' dir='ltr'>dicas</span> <span class='ocrx_word' id='word_1_828' title='bbox 2534 5053 2708 5122; x_wconf 85' lang='lat' dir='ltr'>(Joan.</span> <span class='ocrx_word' id='word_1_829' title='bbox 2751 5051 2875 5121; x_wconf 78' lang='lat' dir='ltr'>xv).</span> <span class='ocrx_word' id='word_1_830' title='bbox 2923 5071 2944 5100; x_wconf 74' lang='grc' dir='ltr'><strong><em>ι</em></strong></span> <span class='ocrx_word' id='word_1_831' title='bbox 2984 5048 3239 5108; x_wconf 90' lang='lat' dir='ltr'>Profecto</span> <span class='ocrx_word' id='word_1_832' title='bbox 3265 5051 3386 5122; x_wconf 91' lang='lat' dir='ltr'>jam</span> <span class='ocrx_word' id='word_1_833' title='bbox 3427 5051 3703 5123; x_wconf 88' lang='lat' dir='ltr'>diligebat</span> <span class='ocrx_word' id='word_1_834' title='bbox 3739 5051 3886 5109; x_wconf 88' lang='lat' dir='ltr'>dul-</span> 
     </span>
    </p>
   </div>
   <div class='ocr_carea' id='block_1_100' title="bbox 2175 5135 3886 5211">
    <p class='ocr_par' dir='ltr' id='par_1_100' title="bbox 2175 5135 3886 5211">
     <span class='ocr_line' id='line_1_100' title="bbox 2175 5135 3886 5211; baseline 0 -16"><span class='ocrx_word' id='word_1_835' title='bbox 2175 5138 2332 5206; x_wconf 90' lang='lat' dir='ltr'>citer,</span> <span class='ocrx_word' id='word_1_836' title='bbox 2371 5137 2491 5210; x_wconf 90' lang='lat' dir='ltr'>jam</span> <span class='ocrx_word' id='word_1_837' title='bbox 2537 5136 2858 5209; x_wconf 86' lang='lat' dir='ltr'>sapienter;</span> <span class='ocrx_word' id='word_1_838' title='bbox 2898 5135 2995 5190; x_wconf 90' lang='lat' dir='ltr'>sed</span> <span class='ocrx_word' id='word_1_839' title='bbox 3052 5141 3366 5209; x_wconf 89' lang='lat' dir='ltr'>utrumque</span> <span class='ocrx_word' id='word_1_840' title='bbox 3415 5137 3678 5211; x_wconf 89' lang='lat' dir='ltr'>perdidit,</span> <span class='ocrx_word' id='word_1_841' title='bbox 3738 5153 3886 5195; x_wconf 88' lang='lat' dir='ltr'>cum</span> 
     </span>
    </p>
   </div>
   <div class='ocr_carea' id='block_1_101' title="bbox 2177 5223 3893 5291">
    <p class='ocr_par' dir='ltr' id='par_1_101' title="bbox 2177 5223 3893 5291">
     <span class='ocr_line' id='line_1_101' title="bbox 2177 5223 3893 5291; baseline 0.001 -6"><span class='ocrx_word' id='word_1_842' title='bbox 2177 5227 2397 5286; x_wconf 88' lang='lat' dir='ltr'>fortiter</span> <span class='ocrx_word' id='word_1_843' title='bbox 2456 5240 2571 5284; x_wconf 92' lang='lat' dir='ltr'>non</span> <span class='ocrx_word' id='word_1_844' title='bbox 2624 5223 2879 5291; x_wconf 85' lang='lat' dir='ltr'>dilexit;</span> <span class='ocrx_word' id='word_1_845' title='bbox 2938 5238 3069 5280; x_wconf 90' lang='lat' dir='ltr'>cum</span> <span class='ocrx_word' id='word_1_846' title='bbox 3125 5223 3198 5280; x_wconf 90' lang='lat' dir='ltr'>ad</span> <span class='ocrx_word' id='word_1_847' title='bbox 3254 5240 3455 5283; x_wconf 89' lang='lat' dir='ltr'>vocem</span> <span class='ocrx_word' id='word_1_848' title='bbox 3514 5226 3893 5286; x_wconf 61' lang='lat' dir='ltr'>mulierculae</span> 
     </span>
    </p>
   </div>
   <div class='ocr_carea' id='block_1_102' title="bbox 2175 5310 3893 5384">
    <p class='ocr_par' dir='ltr' id='par_1_102' title="bbox 2175 5310 3893 5384">
     <span class='ocr_line' id='line_1_102' title="bbox 2175 5310 3893 5384; baseline -0.002 -12"><span class='ocrx_word' id='word_1_849' title='bbox 2175 5313 2484 5372; x_wconf 90' lang='lat' dir='ltr'>Dominum</span> <span class='ocrx_word' id='word_1_850' title='bbox 2524 5318 2580 5370; x_wconf 89' lang='lat' dir='ltr'>et</span> <span class='ocrx_word' id='word_1_851' title='bbox 2628 5310 2965 5384; x_wconf 90' lang='lat' dir='ltr'>Magistrum</span> <span class='ocrx_word' id='word_1_852' title='bbox 3014 5325 3188 5367; x_wconf 91' lang='lat' dir='ltr'>suum</span> <span class='ocrx_word' id='word_1_853' title='bbox 3229 5311 3492 5368; x_wconf 89' lang='lat' dir='ltr'>celeriter</span> <span class='ocrx_word' id='word_1_854' title='bbox 3545 5312 3893 5382; x_wconf 81' lang='lat' dir='ltr'>abnegavit.</span> 
     </span>
    </p>
   </div>
   <div class='ocr_carea' id='block_1_103' title="bbox 2178 5397 3894 5473">
    <p class='ocr_par' dir='ltr' id='par_1_103' title="bbox 2178 5397 3894 5473">
     <span class='ocr_line' id='line_1_103' title="bbox 2178 5397 3894 5473; baseline -0.002 -11"><span class='ocrx_word' id='word_1_855' title='bbox 2178 5401 2290 5462; x_wconf 91' lang='lat' dir='ltr'>Sed</span> <span class='ocrx_word' id='word_1_856' title='bbox 2333 5417 2464 5460; x_wconf 91' lang='lat' dir='ltr'>cum</span> <span class='ocrx_word' id='word_1_857' title='bbox 2497 5400 2644 5458; x_wconf 91' lang='lat' dir='ltr'>mori</span> <span class='ocrx_word' id='word_1_858' title='bbox 2671 5414 2773 5473; x_wconf 91' lang='lat' dir='ltr'>pro</span> <span class='ocrx_word' id='word_1_859' title='bbox 2812 5397 3036 5456; x_wconf 87' lang='lat' dir='ltr'>Christo</span> <span class='ocrx_word' id='word_1_860' title='bbox 3071 5397 3378 5470; x_wconf 90' lang='lat' dir='ltr'>disposuit,</span> <span class='ocrx_word' id='word_1_861' title='bbox 3419 5399 3625 5457; x_wconf 88' lang='lat' dir='ltr'>dilexit</span> <span class='ocrx_word' id='word_1_862' title='bbox 3655 5399 3894 5471; x_wconf 86' lang='lat' dir='ltr'>nimis;</span> 
     </span>
    </p>
   </div>
   <div class='ocr_carea' id='block_1_104' title="bbox 2177 5487 3898 5566">
    <p class='ocr_par' dir='ltr' id='par_1_104' title="bbox 2177 5487 3898 5566">
     <span class='ocr_line' id='line_1_104' title="bbox 2177 5487 3898 5566; baseline -0.002 -17"><span class='ocrx_word' id='word_1_863' title='bbox 2177 5492 2317 5566; x_wconf 90' lang='lat' dir='ltr'>quia</span> <span class='ocrx_word' id='word_1_864' title='bbox 2345 5516 2371 5540; x_wconf 82' lang='lat'>«</span> <span class='ocrx_word' id='word_1_865' title='bbox 2407 5490 2687 5562; x_wconf 89' lang='lat' dir='ltr'>majorem</span> <span class='ocrx_word' id='word_1_866' title='bbox 2719 5489 2825 5546; x_wconf 89' lang='lat' dir='ltr'>hac</span> <span class='ocrx_word' id='word_1_867' title='bbox 2870 5487 3234 5545; x_wconf 90' lang='lat' dir='ltr'>dilectionem</span> <span class='ocrx_word' id='word_1_868' title='bbox 3281 5500 3451 5545; x_wconf 92' lang='lat' dir='ltr'>nemo</span> <span class='ocrx_word' id='word_1_869' title='bbox 3482 5487 3663 5557; x_wconf 89' lang='lat' dir='ltr'>habet,</span> <span class='ocrx_word' id='word_1_870' title='bbox 3696 5501 3898 5559; x_wconf 86' lang='lat' dir='ltr'>quam</span> 
     </span>
    </p>
   </div>
   <div class='ocr_carea' id='block_1_105' title="bbox 2176 5569 3895 5649">
    <p class='ocr_par' dir='ltr' id='par_1_105' title="bbox 2176 5569 3895 5649">
     <span class='ocr_line' id='line_1_105' title="bbox 2176 5569 3895 5649; baseline -0.006 -10"><span class='ocrx_word' id='word_1_871' title='bbox 2176 5587 2242 5640; x_wconf 90' lang='lat' dir='ltr'>ut</span> <span class='ocrx_word' id='word_1_872' title='bbox 2269 5569 2526 5639; x_wconf 84' lang='lat' dir='ltr'>animam</span> <span class='ocrx_word' id='word_1_873' title='bbox 2556 5593 2725 5638; x_wconf 89' lang='lat' dir='ltr'>suam</span> <span class='ocrx_word' id='word_1_874' title='bbox 2751 5581 2922 5649; x_wconf 89' lang='lat' dir='ltr'>ponat</span> <span class='ocrx_word' id='word_1_875' title='bbox 2947 5574 3080 5648; x_wconf 90' lang='lat' dir='ltr'>quis</span> <span class='ocrx_word' id='word_1_876' title='bbox 3104 5589 3207 5647; x_wconf 87' lang='lat' dir='ltr'>pro</span> <span class='ocrx_word' id='word_1_877' title='bbox 3229 5574 3436 5634; x_wconf 91' lang='lat' dir='ltr'>amicis</span> <span class='ocrx_word' id='word_1_878' title='bbox 3462 5575 3583 5635; x_wconf 88' lang='lat' dir='ltr'>suis</span> <span class='ocrx_word' id='word_1_879' title='bbox 3606 5575 3836 5644; x_wconf 69' lang='lat' dir='ltr'>(Ib-id.).</span> <span class='ocrx_word' id='word_1_880' title='bbox 3870 5601 3895 5629; x_wconf 77' lang='grc' dir='ltr'>ι</span> 
     </span>
    </p>
   </div>
  </div>
