4070 6198
55 99 353 185 τ.

208 375 315 440 6ἱ9

1697 372 1947 437 SERMO
1984 374 2220 437 XXVII.

3604 389 3715 449 650

205 501 441 561 Aﬂixus
493 501 684 573 cruci,
744 515 780 557 a
834 497 948 557 ﬁde
977 499 1254 586 separari
1316 514 1430 558 non
1486 502 1691 575 potuit.
1747 501 1921 560 Vides
1938 502 2119 564 Aolei
2165 504 2452 577 liquorem
2500 506 2764 580 effundit,
2800 508 2926 567 sine
2970 525 3087 584 quo
3136 525 3243 569 nec
3280 513 3455 586 regia,
3492 531 3599 573 nec
3622 531 3714 575 sa-

208 603 348 663 ergo
390 586 827 661 quomodo-tres
855 584 1071 660 gradus
1107 585 1206 643 isti
1246 586 1415 645 trina
1445 588 1587 662 legis
1627 587 1924 647 dilectioni

206 676 577 736 conveniant.
634 675 834 748 Itaque
879 690 1147 733 amemus
1200 674 1477 746 dulciter,
1533 676 1821 751 sapienter
1869 683 1926 735 et

210 763 454 833 fortiter,
477 769 540 822 ut
559 764 631 822 ad
654 762 990 836 Magistrum
1016 761 1168 821 Petri
1190 763 1599 824 intercessione
1624 768 1925 839 pervenire

212 853 532 925 valeamus,
564 854 668 928 qui
697 859 781 912 est
814 851 1151 911 benedictus
1180 852 1242 911 in
1273 854 1502 912 sacula.
1536 855 1745 913 Amen.

786 962 807 983 ⁸
842 958 1089 1019 SERMO
1114 960 1348 1019 XXVII.

217 1045 292 1092 DE
331 1044 570 1092 SANC‘I'IS
611 1044 920 1091 APOSTOLIS
963 1044 1148 1092 PETRO
1201 1045 1272 1091 ET
1318 1044 1507 1092 PAULO
1550 1038 1730 1103 (XXIX
1771 1038 1929 1107 JUN.)

287 1120 582 1179 Hodierna
615 1120 758 1189 dies,
799 1118 1181 1190 dilectissimi,
1220 1120 1375 1179 clara
1409 1129 1495 1180 est
1532 1129 1587 1181 et
1626 1123 1924 1194 solemnis,

214 1208 670 1281 universamque
714 1214 1037 1267 creaturam
1089 1224 1194 1268 suo
1236 1208 1459 1268 lumine
1507 1212 1821 1271 sanctiﬁcat
1873 1220 1929 1271 et

213 1296 496 1356 infundit.
536 1298 663 1356 Non
691 1299 849 1356 enim
877 1304 963 1355 est
1003 1296 1194 1369 ignota
1233 1297 1530 1371 festivitas,
1563 1300 1653 1358 vel
1680 1300 1928 1376 alicujus

214 1384 581 1444 obscuritatis
652 1385 905 1444 tenebris
972 1386 1268 1455 otl'uscata,
1328 1387 1427 1444 sed
1479 1388 1552 1445 ab
1599 1396 1730 1447 ortu
1789 1390 1928 1448 solis

213 1486 403 1546 usque
458 1473 530 1531 ad
566 1488 834 1531 occasum
882 1474 983 1532 toti
1028 1472 1257 1546 cognita
1294 1475 1537 1547 mundo,
1579 1476 1720 1549 ipsis
1753 1478 1928 1537 etiam

214 1560 378 1620 caelis
423 1560 578 1619 clara
631 1560 756 1621 luce
811 1562 1096 1621 relucens.
1157 1563 1286 1623 Duo
1334 1565 1489 1622 enim
1540 1566 1931 1639 apostolorum

217 1649 557 1724 principes,‘
600 1648 872 1708 Ecclesia
952 1650 1285 1724 luminaria,
1344 1658 1625 1728 martyres
1690 1656 1928 1727 summi,

218 1738 364 1810 legis
410 1738 690 1810 doctores,
720 1739 894 1798 amici
944 1739 1159 1813 sponsi,
1190 1740 1348 1800 oculi
1380 1757 1628 1815 sponsa,
1678 1751 1932 1817 pastores

2006 594 2303 654 cerdotalis
2341 602 2561 655 constat
2608 599 2932 658 auctoritas.
2974 599 3177 659 Oleum
3225 608 3423 662 autem
3470 614 3718 680 quatuor

2006 682 2177 742 habet
2228 708 2242 742 :
2287 693 2620 759 supernatat
2663 688 2935 747 omnibus
2999 689 3343 762 liquoribus,
3400 688 3716 766 illuminat,

2007 771 2186 843 pascit
2250 780 2308 832 et
2381 777 2567 850 ungit.
2630 777 2972 852 Cuicunque
3037 780 3190 838 enim
3258 782 3466 855 liquori
3522 784 3717 843 oleum

2008 873 2380 936 superponas,
2411 865 2602 923 statim
2651 866 2762 924 sibi
2813 869 3127 941 superioris
3168 864 3277 928 loci
3323 872 3578 931 vindicat
3615 891 3721 948 po-

2008 950 2267 1008 testatem
2292 970 2309 1021 ;
2340 952 2420 1010 ita
2453 960 2508 1011 et
2538 953 2926 1014 misericordia
2964 956 3066 1015 Dei
3097 960 3372 1019 omnibus
3410 962 3536 1036 ejus
3581 980 3719 1037 ope-

2009 1044 2173 1103 ribus
2197 1042 2519 1116 prafertur,
2547 1044 2847 1105 Psalmista
2877 1055 3134 1120 testante,
3160 1052 3263 1122 qui
3294 1052 3432 1111 dicit
3460 1078 3473 1111 :
3510 1079 3533 1104 α
3557 1054 3721 1114 Mise-

2010 1132 2261 1190 rationes
2297 1132 2424 1206 ejus
2459 1149 2630 1207 super
2661 1136 2857 1194 omnia
2883 1152 3054 1211 opera
3081 1139 3210 1212 ejus
3244 1144 3407 1210 (Psal.
3441 1146 3658 1219 CXLIV).
3694 1171 3715 1195 ι

2012 1221 2327 1290 Miscrator,
2385 1228 2439 1279 et
2495 1221 2840 1296 misericors,
2894 1226 3140 1299 patiens,
3195 1229 3352 1286 mitis
3418 1232 3605 1299 corde,
3670 1241 3726 1289 et

2013 1312 2208 1371 suavis
2235 1309 2546 1381 universis,
2581 1311 2861 1371 Dominus
2892 1315 3238 1388 pradicatur
3270 1322 3430 1390 (Psal.
3482 1332 3718 1391 LXXXV,

2012 1402 2197 1471 CXIV).
2230 1399 2329 1457 Est
2374 1406 2567 1457 autem
2618 1407 2674 1458 et
2704 1400 2897 1474 justus
2946 1408 3110 1475 (Psal.
3154 1410 3237 1478 X),
3279 1408 3376 1465 sed
3415 1424 3723 1483 nunquam

2014 1491 2264 1550 multum
2280 1490 2475 1563 justus
2506 1490 2715 1563 legitur
2747 1492 2805 1549 in
2831 1491 3146 1566 Scriptura,
3172 1496 3322 1555 sicut
3348 1496 3595 1556 multum
3622 1498 3726 1555 mi-

2014 1581 2275 1641 sericors.
2314 1577 2410 1636 Vis
2431 1578 2625 1637 videre
2651 1582 2940 1652 quomodo
2968 1582 3238 1656 discipuli
3270 1592 3597 1657 sequuntur
3624 1586 3728 1644 Do-

2014 1671 2245 1729 minum
2274 1676 2329 1726 et
2357 1667 2695 1740 Magistrum
2725 1684 2898 1728 suum
2924 1667 2952 1728 ?
2986 1670 3195 1743 Aspice
3224 1680 3475 1745 quantus
3503 1674 3727 1747 pietatis

2014 1757 2253 1816 affectus
2289 1756 2679 1830 apostolorum
2709 1757 2957 1832 principi
2992 1773 3052 1815 se
3080 1757 3315 1832 infudit,
3347 1760 3580 1834 quando
3608 1762 3723 1819 cir-

217 1827 436 1903 gregis,
466 1826 674 1886 mundi
706 1828 991 1899 custodes,
1028 1829 1302 1889 hodierna
1330 1831 1426 1890 die
1465 1832 1717 1892 caelestia
1756 1848 1909 1907 regn:

2105 1826 2439 1903 msteter—unt
2477 1843 2647 1903 illum
2703 1826 2917 1903 omnes.
2950 1846 3160 1916 vidua,
3195 1826 3395 1907 ﬂentes
3433 1856 3489 1907 et
3532 1856 3724 1908 osten-

222 1916 375 2008 felici
427 1918 703 2008 martvgig
749 1919 1241 1988 conscenderunt;
1270 1920 1419 1979 alter
1464 1923 1729 1998 princeps
1768 1916 2219 1998 regni—demes
2261 1935 2486 1993 tunicas
2537 1939 2593 1991 et
2640 1941 2845 2003 vestes,
2886 1951 3029 2008 quas
3072 1938 3310 1996 faciebat
3349 1937 3470 1995 illis
3518 1938 3729 1995 Dorcas

222 2005 525 2076 calorum,
563 2004 705 2062 137
744 2008 890 2065 alter
931 2016 1131 2081 raptus
1168 2010 1239 2067 ad
1293 2011 1524 2069 tertium
1574 2014 1816 2083 calum;
1852 2014 1937 2072 al—

220 2100 307 2151 ter
348 2092 575 2153 Judais
625 2094 923 2168 praelatus,
961 2095 1108 2154 alter
1156 2098 1431 2171 gentibus
1465 2100 1677 2170 datus;
1724 2102 1785 2159 in
1824 2103 1943 2160 vita

221 2183 382 2255 socii,
412 2190 703 2243 consortes
749 2185 809 2243 in
864 2191 1065 2256 morte,
1095 2187 1157 2245 in
1200 2203 1412 2247 corona
1454 2205 1640 2263 pares,
1689 2193 1944 2267 aquales

224 2274 284 2331 in
318 2273 541 2345 gloria;
561 2274 789 2348 judices
824 2275 1002 2345 orbis,
1033 2276 1264 2335 Domini
1302 2279 1674 2339 confessores.

294 2362 656 2422 Admiranda
726 2380 961 2437 prorsus
1028 2364 1324 2439 dispositio
1394 2367 1832 2442 Redemptoris,
1889 2377 1947 2429 et

218 2451 441 2526 judicia
496 2452 600 2511 Dei
660 2453 906 2527 abyssus
946 2454 1128 2513 multa
1165 2458 1332 2525 (Psal.
1376 2461 1599 2528 XXXV),
1640 2474 1774 2517 cum
1814 2458 1948 2518 illos

226 2539 501 2599 Ecclesia
551 2556 672 2599 sua
722 2541 998 2615 prafecit,
1052 2542 1154 2616 qui
1218 2544 1302 2602 sic
1363 2545 1742 2605 criminaliter
1804 2547 1947 2622 lapsi

226 2639 388 2704 sunt,
429 2638 495 2691 ut
538 2631 597 2690 in
652 2639 1014 2706 peccatorum
1060 2634 1269 2694 ﬂuctus
1309 2634 1773 2696 absorberentur.
1802 2635 1948 2696 Cum

226 2721 465 2780 intueor
518 2721 749 2781 Petrum
776 2768 793 2792 ,
860 2737 1034 2796 quem
1089 2723 1215 2798 ipsa
1268 2740 1478 2785 manus
1533 2725 1951 2801 Omnipotentis

228 2810 395 2885 regni
454 2809 701 2870 calestis
745 2810 1009 2871 clavibus
1060 2813 1318 2885 investit,
1371 2815 1466 2875 cui
1523 2816 1691 2876 Pater
1737 2818 1954 2876 revelat

231 2897 367 2957 Filii
424 2900 824 2972 majestatem,
880 2917 1053 2973 super
1113 2918 1288 2976 quem
1342 2904 1625 2964 fundatur
1675 2906 1949 2979 Ecclesia,

231 2988 328 3047 cui
378 2994 626 3062 potestas
674 2988 895 3062 ligandi
946 2997 1003 3049 et
1054 2990 1319 3051 solvendi
1364 2993 1697 3053 conceditur
1728 2996 1949 3069 (Matth.

231 3078 386 3152 XVI),
441 3078 547 3151 qui
601 3078 774 3137 caelos
816 3080 1038 3139 claudit
1089 3088 1144 3140 et
1202 3082 1403 3155 aperit,
1445 3083 1600 3156 quod
1648 3084 1953 3142 cherubim

2022 2027 2169 2093 (Act.
2221 2027 2329 2093 IX).
2370 2021 2777 2083 Cirrumdatur
2814 2025 3188 2084 multitudine
3230 2042 3551 2101 pauperum
3590 2042 3727 2100 apo-

2023 2113 2305 2174 stolorum
2364 2114 2648 2188 princeps,
2699 2120 2755 2171 et
2810 2113 3048 2173 vocibus
3101 2115 3435 2189 lacrymosis
3481 2115 3731 2174 concuti-

2026 2210 2120 2262 tur
2193 2202 2526 2271 viduarum,
2607 2201 3106 2275 apostolicumque
3187 2212 3385 2274 pectus
3464 2202 3736 2277 irrumpit

2023 2292 2350 2351 clementia
2404 2291 2735 2349 multitudo.
2780 2291 2913 2350 Orat
2962 2293 3269 2365 Apostolus
3316 2300 3447 2351 ante
3500 2294 3733 2351 vultum

2026 2382 2248 2457 gloria,
2330 2396 2523 2439 coram
2601 2380 2848 2439 Domino
2934 2382 3285 2455 majestatis;
3367 2383 3735 2442 resuscitatur

2029 2470 2263 2540 mulier,
2321 2475 2373 2526 et
2434 2467 2659 2526 miseris
2732 2468 2992 2527 redditur
3065 2470 3473 2529 misericordia
3546 2472 3736 2545 propi—

2028 2561 2245 2620 natriX.
2295 2558 2434 2617 Hac
2474 2558 2867 2616 misericordia
2900 2557 3034 2616 facit
3076 2560 3307 2619 Petrum
3342 2560 3415 2618 ad
3460 2560 3738 2619 Hierusa-

2028 2649 2145 2708 lem
2207 2650 2267 2707 in
2341 2647 2709 2706 Antiochiam
2783 2662 3013 2706 currere
3072 2650 3214 2720 (Act.
3270 2649 3350 2722 X),
3406 2649 3479 2708 ab
3532 2649 3737 2707 Antio-

2032 2740 2163 2797 chia
2217 2733 2358 2792 138
2410 2742 2611 2795 venire
2664 2736 2928 2808 Romam,
2980 2737 3290 2811 pradicare
3328 2738 3570 2797 verbum
3617 2737 3739 2807 Dei,

2033 2825 2346 2886 subvenire
2378 2824 2796 2897 peccatoribus,
2829 2825 3074 2898 peccatis
3108 2840 3363 2899 parcere,
3414 2824 3744 2883 misericor-

2033 2916 2191 2975 diam
2217 2914 2648 2987 superexaltare
2674 2915 2916 2988 judicio.

2105 3004 2313 3078 Aspice
2374 3012 2430 3061 et
2486 3003 2756 3075 Paulum,
2810 3010 2866 3061 et
2928 3004 3186 3078 intelligo
3240 3020 3417 3079 quam
3468 3004 3746 3065 dulcioris

2035 3092 2450 3152 misericordia
2507 3094 2803 3152 cumulata
2871 3092 3216 3167 benignitas,
3275 3101 3451 3152 totam
3507 3095 3747 3168 apostoli

230 3174 298 3280 et,
368 3168 665 3280 seraphim
740 3170 956 3230 habere
1039 3187 1157 3230 non
1255 3172 1507 3280 legitur‘,
1582 3174 2294 3280 VGhemeDtel‘cmentem
2347 3198 2480 3241 vera
2534 3181 2930 3255 compassione
2986 3181 3376 3240 succenderat.
3431 3203 3453 3232 ι
3482 3181 3622 3252 Quis
3665 3184 3751 3239 in-

230 3257 509 3315 admiror.
566 3256 794 3316 Rursus
855 3273 991 3317 cum
1047 3260 1308 3339 reflecto.
1363 3260 1600 3332 oculos,
1654 3269 1709 3320 et
1782 3277 1945 3320 eum-

227 3344 364 3403 dem
406 3343 644 3403 Pelrum
682 3344 852 3404 video
889 3362 923 3403 a
965 3346 1137 3422 longe
1172 3348 1339 3422 sequi
1371 3347 1751 3419 Salvatorem,
1792 3355 1847 3407 et
1878 3349 1948 3407 ad

227 3436 417 3495 unius
449 3434 680 3493 ancilla
728 3450 929 3495 vocem
974 3437 1264 3510 detestari,
1293 3446 1348 3497 et
1373 3438 1573 3513 jurare
1608 3462 1629 3491 α
1666 3440 1803 3513 quia
1834 3455 1949 3498 non

229 3526 376 3584 novi
413 3526 735 3598 hominem,
763 3546 792 3578 ν
835 3526 1165 3601 ipsumque,
1206 3543 1381 3603 quem
1418 3528 1520 3587 Dei
1556 3529 1770 3588 Filium
1812 3544 1951 3588 con-

227 3613 425 3673 fessus
467 3614 672 3685 fuerat,
721 3615 939 3689 trepida
976 3616 1315 3691 fugitatione
1365 3616 1692 3692 relinquere
1731 3621 1949 3692 (Matth.

230 3714 419 3775 XXVI,
448 3707 580 3762 Luc.
609 3706 795 3774 XXII),
835 3703 1044 3762 timore
1092 3705 1405 3777 concutior,
1441 3706 1639 3765 dicens
1675 3722 1905 3765 mecum
1937 3726 1950 3765 :

238 3820 267 3845 α
321 3794 471 3865 Quis
511 3796 781 3870 cognovit
824 3811 1060 3856 sensum
1108 3797 1444 3856 Domini?»
1480 3800 1650 3869 (Rom.
1682 3799 1785 3869 XI.)
1808 3798 1954 3857 Cum

235 3884 492 3959 respicio
533 3884 780 3944 Paulum
815 3886 1034 3959 spirare
1072 3886 1260 3945 minas
1286 3894 1343 3946 et
1380 3888 1564 3946 cades
1600 3887 1667 3945 in
1701 3886 1956 3961 discipu-

236 3975 329 4035 los
383 3974 643 4043 Domini,
696 3974 920 4035 vinctos
969 3976 1199 4048 ducere,
1255 3977 1530 4038 damnare
1588 3979 1756 4037 morti
1809 3980 1954 4048 (Act.

234 4067 351 4135 IX),
384 4071 442 4124 et
499 4065 562 4123 in
612 4080 819 4139 corpus
874 4066 1147 4126 Ecclesia
1201 4074 1314 4128 tota
1362 4069 1807 4128 debacchatione
1845 4085 1956 4127 sa-

2037 3274 2320 3341 ﬁrmatur,
2372 3272 2583 3346 inquit,
2623 3279 2677 3330 et
2728 3289 2832 3345 ego
2892 3289 3010 3331 non
3066 3271 3380 3332 inﬁrmor?
3427 3273 3622 3344 Doleo,
3660 3274 3745 3330 in-

2037 3360 2184 3433 quit,
2229 3366 2283 3419 et
2332 3359 2501 3432 lugeo
2546 3375 2722 3433 super
2774 3375 2870 3418 eos
2917 3360 3019 3433 qui
3066 3369 3464 3432 peccaverunt,
3525 3367 3580 3418 et
3637 3376 3753 3418 non

2037 3455 2281 3521 egerunt
2335 3447 2735 3521 paenitentiam
2792 3453 2862 3519 (Il
2912 3452 3030 3506 Cor.
3090 3451 3193 3519 XI).
3232 3468 3259 3500 »
3318 3448 3489 3505 Beata
3532 3447 3749 3517 anima,

2039 3552 2172 3610 qua
2208 3537 2473 3596 omnium
2507 3537 2769 3595 miserias
2799 3553 2934 3596 suas
2963 3538 3190 3607 fecerat,
3223 3545 3288 3595 ut
3324 3551 3527 3594 omnes
3570 3535 3751 3593 lucri-

2039 3627 2270 3687 faceret.
2311 3626 2435 3684 Hoc
2476 3626 2686 3685 affectu
2730 3625 2961 3698 navigat
2998 3641 3176 3694 mare,
3225 3626 3406 3682 currit
3449 3625 3510 3682 in
3551 3623 3755 3681 Hieru-

2042 3719 2242 3790 salem,
2276 3717 2582 3792 lapidatur,
2632 3716 2990 3787 verberatur,
3028 3715 3343 3790 afﬂigitur;
3392 3714 3526 3773 inde
3574 3714 3755 3775 currit

2040 3808 2113 3866 ad
2152 3807 2450 3880 Ephesios,
2492 3806 2822 3865 Corinthios
2867 3804 3097 3880 quarit,
3131 3804 3338 3862 circuit
3368 3802 3752 3874 Colossenses,

2042 3897 2443 3971 Philippenses
2473 3895 2684 3965 visitat,
2718 3895 3026 3954 revertitur
3067 3894 3136 3951 ad
3177 3893 3487 3965 Romanos,
3525 3893 3754 3952 miseri-

2042 3985 2294 4044 cordiam
2343 3985 2578 4059 spargit,
2630 3984 2849 4058 ubique
2890 3983 3166 4042 diﬁ‘undit
3210 3983 3501 4055 pietatem,
3547 3988 3602 4041 et
3646 3999 3753 4041 coe-

2043 4074 2281 4134 lestium
2334 4074 2581 4132 seminat
2640 4072 2863 4131 semina
2911 4072 3278 4145 gaudiorum.
3344 4071 3546 4130 Cernis
3597 4085 3753 4144 ergo,

233 4153 390 4225 vire,
422 4153 574 4212 intra
619 4155 1026 4229 memetipsum
1072 4164 1388 4231 contremo,
1419 4158 1617 4217 dicens
1648 4181 1661 4216 :
1712 4182 1738 4208 α
1766 4158 1909 4217 Nesc

2105 4165 2183 4224 Iia
2222 4165 2374 4224 sicut
2410 4163 2606 4222 oleum
2654 4162 2925 4221 omnibus
2965 4162 3295 4236 liquoribus
3324 4160 3659 4233 antecellit;
3701 4169 3756 4220 et

233 4241 422 4300 homo
473 4253 670 4302 Ullum
712 4258 909 4302 amore
944 4259 1018 4302 ειη
1056 4246 1189 4303 οάἱο
1225 4246 1438 4321 dignus
1461 4246 1889 4316 Sit(Eccle-IX).
1928 4270 1954 4297 υ
2046 4255 2126 4315 sic
2184 4250 2492 4327 apostolica
2561 4249 2743 4325 pietas
2819 4251 3097 4310 omnibus
3161 4264 3364 4308 eorum
3434 4249 3757 4309 virtutibus

233 4331 392 4393 Cum
440 4332 681 4408 respicio
723 4334 991 4408 desuper,
1043 4342 1099 4393 et
1140 4336 1311 4395 video
1358 4352 1460 4395 vas
1495 4336 1792 4395 electionis
1827 4352 1960 4414 ρος-
2045 4344 2386 4403 antefertur.

224 4431 366 4484 tare
422 4441 635 4485 nomen
678 4426 890 4486 Christi
949 4442 1142 4487 coram
1188 4428 1477 4502 gentibus,
1520 4437 1575 4487 et
1622 4428 1879 4503 regibus,
1905 4434 1963 4488 et
2118 4430 2423 4491 Illumiuat
2468 4428 2687 4500 oleum,
2745 4427 3081 4486 illuminant
3131 4434 3186 4486 et
3239 4428 3503 4502 apostoli.
3549 4426 3756 4487 Recole

235 4514 386 4573 ﬁliis
425 4513 624 4581 Israel,
649 4513 720 4572 ad
760 4516 913 4574 tertii
954 4516 1089 4575 cali
1141 4524 1360 4578 secreta
1396 4518 1630 4592 raptari,
1662 4526 1718 4576 et
1756 4518 2027 4592 audire“
2051 4523 2228 4580 Actus
2277 4517 2688 4592 apostolorum,
2741 4522 2797 4574 et
2847 4515 2979 4574 vide
3029 4523 3245 4590 quanta
3316 4516 3444 4575 luce
3501 4516 3758 4589 fulgurat

235 4598 469 4662 arcana
510 4576 706 4672 verba,
735 4619 870 4677 qua
920 4620 1037 4664 non
1080 4605 1209 4665 licet
1252 4576 1482 4665 homini
1524 4576 1685 4681 loqui
1726 4610 1797 4680 (Π
1836 4576 2338 4683 Cor.Dapostolus
2388 4606 2610 4665 Petrus.
2647 4576 2688 4658 «⁷
2706 4605 2775 4662 In
2822 4576 3159 4677 plateis,‘ait
3210 4604 3525 4677 Scriptura,
3574 4576 3755 4677 pone-

240 4705 331 4763 XI,
379 4691 504 4764 XII),
534 4698 591 4751 et
623 4693 686 4751 in
720 4690 882 4751 illam
933 4693 1119 4769 ipsam
1170 4693 1516 4754 Trinitatem
1556 4695 1756 4755 oculos
1785 4696 1962 4770 ﬁgere
2045 4696 2261 4753 bantur
2291 4693 2514 4752 inﬁrmi
2544 4692 2606 4749 in
2644 4690 2871 4749 lectulis
2910 4698 2994 4761 ut,
3026 4690 3300 4748 veniente
3331 4691 3518 4760 Petro,
3554 4691 3755 4749 saltem

237 4782 541 4853 clariores,
585 4783 810 4857 gaudeo
862 4784 1106 4844 dicens:
1145 4810 1173 4835 κ
1208 4786 1319 4845 Hic
1368 4792 1454 4846 est
1509 4786 1618 4857 vir,
1679 4786 1782 4860 qui
1844 4801 1962 4845 non

237 4878 332 4932 est
358 4870 670 4931 derelictus
705 4889 741 4930 a
778 4872 1026 4932 Domino
1056 4876 1214 4949 (Sap.
1249 4878 1336 4945 X).
1366 4899 1394 4925 κ
1548 4877 1557 4886 ’

314 4958 474 5030 Quid
524 4966 612 5019 est
649 4962 803 5037 quod
852 4961 935 5020 sic
978 4962 1278 5035 labuntur,
1301 4963 1403 5039 qui
1428 4965 1828 5038 praticiuntur
1853 4963 1963 5023 Ec-

239 5050 492 5109 clesia?
541 5049 837 5125 Sapientia
889 5053 1144 5112 suaviter
1200 5053 1515 5127 disponens
1560 5055 1776 5128 omnia,
1839 5056 1965 5113 hac

243 5139 385 5198 ideo
406 5139 563 5211 fecit,
589 5145 658 5199 ut
696 5140 760 5199 in
812 5142 1019 5216 seipsis
1062 5142 1322 5216 pradicti
1368 5143 1659 5218 principes
1679 5146 1964 5205 discerent

245 5227 508 5304 qualiter
524 5226 657 5288 aliis
684 5230 948 5291 misereri
984 5231 1277 5291 deberent.

318 5315 523 5389 Hujus
560 5316 833 5377 virtutem
877 5320 1287 5380 misericordia
1340 5336 1596 5396 prasens
1642 5323 1966 5397 capitulum

245 5405 651 5467 demonstrare
693 5415 953 5468 conatur.
991 5429 1020 5463 α
1049 5408 1151 5467 Isti
1188 5415 1345 5481 sunt,
1380 5410 1594 5485 inquit,
1637 5412 1770 5470 dua
1794 5411 1966 5471 oliva

248 5495 451 5568 (Apoc.
511 5496 614 5570 XI).
671 5520 694 5549 ι
752 5497 941 5571 Digna
990 5513 1230 5573 prorsus
1276 5499 1625 5574 comparatio
1675 5500 1846 5561 oliva
1894 5501 1967 5560 ad

250 5586 565 5660 apostolos,
592 5602 701 5646 nec
735 5588 851 5646 alia
874 5587 1102 5662 dignior
1141 5594 1227 5648 est
1270 5587 1528 5648 inventa.
1575 5589 1765 5649 Arbor
1809 5591 1968 5649 enim

251 5676 367 5737 ista
410 5692 641 5752 semper
679 5676 886 5739 viridis
932 5683 1037 5749 est,
1095 5683 1153 5738 et
1190 5678 1363 5741 illum
1409 5678 1968 5742 excellentissimum

547 5791 808 5857 Prmon.
848 5792 1099 5857 CXLIV.

2046 4786 2254 4845 umbra
2311 4784 2470 4842 illius
2536 4782 2904 4843 obumbraret
2979 4796 3335 4857 quemquam
3389 4781 3647 4848 illorum,
3701 4790 3757 4841 et

2046 4875 2438 4936 liberarentur
2463 4873 2537 4932 ab
2574 4870 3012 4931 inﬁrmitatibus
3046 4871 3167 4930 suis
3196 4873 3337 4940 (Act.
3379 4876 3459 4937 V).
3492 4895 3517 4922 ιο
3546 4871 3753 4931 Oleum

2048 4965 2347 5025 inﬁnitum
2400 4961 2740 5022 admirabile
2788 4962 3008 5032 lumen,
3043 4967 3097 5020 et
3134 4961 3295 5020 omni
3326 4960 3446 5020 sole
3482 4961 3754 5032 lucidius,

2048 5056 2121 5115 ad
2188 5054 2456 5114 umbram
2512 5051 2806 5127 apostolici
2861 5051 3115 5124 corporis
3174 5051 3481 5124 languores
3533 5050 3755 5123 fugere,

2049 5144 2340 5205 discedere
2386 5142 2775 5213 inﬁrmitates,
2808 5147 2860 5198 et
2898 5155 3133 5199 omnem
3165 5140 3500 5198 morborum
3533 5139 3756 5197 instan-

2051 5234 2191 5292 tiam
2252 5230 2515 5290 inaudita
2564 5229 2877 5288 .velocitate
2928 5229 3135 5303 fugari.
3192 5230 3286 5287 An
3362 5243 3475 5286 non
3530 5228 3756 5301 copiosa

2051 5321 2296 5383 luminis
2337 5320 2699 5379 immensitas
2745 5318 2819 5376 ab
2862 5334 2961 5376 ore
3009 5317 3162 5376 Petri
3211 5317 3431 5391 largius
3473 5317 3754 5387 exsilivil,

2051 5428 2187 5474 cum
2219 5411 2300 5471 ait
2329 5409 2534 5470 claudo
2563 5432 2575 5467 :
2627 5434 2649 5459 ι
2681 5408 2749 5466 In
2786 5408 3021 5466 nomine
3050 5407 3187 5466 Jesu
3231 5406 3443 5485 Christi
3475 5407 3755 5466 Nazareni

2052 5519 2227 5576 surge
2268 5508 2325 5559 et
2365 5498 2601 5558 ambula
2625 5496 2655 5557 ?
2690 5522 2712 5550 ι
2758 5500 2905 5567 (Act.
2953 5502 3065 5567 In.)
3104 5496 3345 5571 Respice
3387 5496 3637 5557 Paulum
3688 5503 3761 5555 to-

2053 5596 2179 5652 tum
2231 5590 2531 5665 Illyricum
2585 5592 3001 5662 peragrantem,
3053 5586 3424 5645 suscitantem
3476 5592 3758 5655 mortuos,

2056 5682 2488 5744 subvertentem
2541 5678 2751 5754 templa
2790 5679 3052 5752 deorum,
3092 5685 3148 5738 et
3189 5679 3251 5738 in
3297 5678 3601 5752 splendore
3643 5678 3759 5737 hu-

3404 5795 3470 5854 2i
