4070 6198
282 320 384 381 651

279 445 376 519 jus
404 438 513 499 loci
547 434 721 495 totius
755 429 910 490 orbis
946 422 1284 485 illuminare
1312 417 1469 475 circu

283 513 481 594 Currit
504 526 737 593 Paulus,
764 527 818 579 et
842 515 1053 594 potenti
1087 513 1300 571 virtute
1330 521 1480 567 serm

287 641 420 700 qua;
447 623 507 679 in
545 613 796 677 tenebris
820 614 983 676 sunt;
1012 604 1202 663 clarus
1240 611 1527 665 sermone,
1560 605 1729 665 opere
1757 582 1984 651 clarior,

1033 694 1043 700 ‘
1248 689 1261 700 ‘
1339 687 1349 697 ⁸
1420 686 1429 695 ⁵
1502 699 1533 700 η
1553 699 1567 700 κ
1720 674 1937 700 ἵῖηὶ-υηιη

288 674 703 773 miraculorum
769 694 1161 758 coruscatione
1214 686 1591 748 clarissimus.
1651 701 1678 729 ιι
1720 674 1939 734 Habcte
1970 712 1986 742 ,

287 801 501 875 inquit,
563 797 809 854 formam
860 792 1137 851 nostram.
1192 787 1250 838 et
1302 775 1575 837 attendite
1626 782 1745 827 non
1799 762 1990 823 solum

287 856 708 964 quieaudistis,
745 878 845 937 sed
879 882 935 935 et
961 889 1094 950 quae
1124 868 1350 929 vidistis
1392 867 1454 922 in
1486 878 1578 920 me
1612 859 1781 957 (Phil.
1815 856 1986 964 ηυξ.»

286 941 577 1038 Donus'et
612 941 899 1045 perfectus
946 941 1239 1036 magister,
1274 956 1396 1045 qui
1418 953 1592 1029 ﬁdem
1633 948 1765 1045 facit
1800 941 1992 1001 verbis

287 1081 458 1141 opere
498 1062 736 1121 meliore
776 1056 926 1125 (111)
966 1054 1026 1112 in
1067 1051 1247 1124 hujus
1290 1044 1435 1104 lucis
1472 1037 1793 1099 clarissima
1836 1047 1993 1090 sere-

286 1123 464 1213 nitate
489 1123 795 1209 illuxerint
824 1123 1249 1203 coruscationes
1292 1141 1429 1203 tute,
1465 1130 1635 1197 Deus,
1670 1123 1795 1184 orbi
1824 1128 1993 1179 terrae

500 1240 731 1305 LXXVI).
774 1232 1069 1292 Commota
1109 1230 1214 1295 est,
1246 1229 1302 1282 et
1338 1214 1687 1280 contremuit
1732 1219 1881 1271 terra
1921 1209 1993 1267 ad

286 1346 487 1390 vocem
543 1325 922 1401 apotolorum,
976 1334 1110 1377 cum
1162 1315 1227 1372 in
1272 1324 1506 1371 omnem
1562 1313 1771 1364 terram
1816 1313 1996 1359 sonus

287 1435 491 1481 eorum
517 1415 700 1477 exivit
726 1414 900 1485 (Psal.
929 1410 1123 1475 XVIII).

359 1476 562 1570 Dleum
603 1476 805 1580 pascit,
844 1501 1088 1575 pascunt
1130 1498 1187 1553 et
1215 1486 1477 1580 apostoli.
1510 1480 1788 1577 Epistolae.
1812 1476 1993 1580 Petri,

288 1607 343 1658 et
389 1567 660 1657 sublimis
714 1567 818 1649 illa
849 1567 1206 1648 sermonum
1248 1577 1528 1643 doctrina,
1562 1567 1832 1658 nunquid
1877 1579 1997 1622 non

289 1655 635 1746 mirabiliter
668 1679 849 1754 pascit
879 1672 1195 1735 Ecclesiam
1228 1664 1382 1728 Dei?
1414 1660 1570 1754 Audi
1612 1657 1756 1754 quid
1794 1655 1996 1754 Salva-

404 1774 475 1832 de
501 1773 609 1830 hac
634 1744 757 1843 ipsa
780 1766 1040 1842 pastione
1079 1760 1231 1819 dicat
1262 1754 1316 1815 ei
1346 1773 1420 1843 :_«
1450 1753 1642 1815 Pasce,
1667 1744 1860 1843 inquit
1884 1749 1997 1800 ter—

289 1864 391 1932 tio,
442 1873 580 1918 oves
634 1833 801 1914 meas
852 1856 1030 1921 (Joan.
1082 1849 1241 1912 XXI).
1281 1866 1302 1893 -
1358 1840 1532 1932 Pasce
1584 1833 1780 1902 verbo,
1830 1843 1996 1904 pasce

287 1922 576 2020 exemplo,
633 1957 805 2017 pasce
845 1936 1123 1997 oratione.
1182 1931 1355 1989 Pasce
1412 1922 1611 1993 verbo,
1663 1926 1729 1977 ut
1793 1923 1995 1992 potens

286 2038 365 2097 sis
412 2010 705 2094 eiihortari
749 2031 807 2088 in
848 2026 1109 2086 doctrina
1151 2035 1309 2090 sana,
1349 2021 1407 2075 et
1452 2030 1570 2083 eos,
1614 2010 1715 2085 qui
1767 2011 1994 2065 contra-

285 2128 506 2197 dicunt,
546 2137 828 2198 arguere;
870 2132 1037 2192 pasce
1084 2108 1376 2183 exemplo,
1418 2111 1484 2164 ut
1529 2100 1683 2178 quod
1716 2096 1998 2173 praedicas

287 2232 446 2287 voce,
488 2186 659 2288 opere
706 2186 1037 2283 compleas;
1090 2216 1257 2277 pasce
1293 2196 1569 2263 oratione,
1612 2200 1681 2251 ut
1727 2205 1830 2265 pro
1876 2186 1997 2244 illis

288 2276 624 2375 iutercedas,
678 2276 924 2376 quorum
973 2276 1171 2353 anima
1218 2288 1323 2349 tibi
1365 2283 1672 2346 commissa
1723 2286 1827 2338 est.
1883 2276 1998 2334 Vas

289 2367 858 2455 electionis'Paulus
913 2385 1246 2462 apostolus,
1287 2380 1438 2449 vide,
1484 2372 1775 2462 quomodo
1816 2367 1999 2443 pascit

287 2487 573 2562 populum
636 2483 742 2542 Dei
811 2480 1175 2539 diversorum
1239 2470 1514 2531 varietate
1591 2461 1991 2523 ferculorum:

293 2549 322 2630 ξ(
360 2549 495 2645 Lac,
524 2572 736 2646 inquit,
762 2575 967 2643 potum
1006 2564 1139 2624 dedi
1182 2559 1369 2629 vobis,
1402 2571 1521 2646 non
1556 2566 1748 2612 escam
1793 2552 1846 2619 (Ι
1874 2549 1992 2605 Cor.

295 2668 427 2733 III);
464 2643 486 2713 ί
526 2643 909 2734 perfectorum
949 2658 1144 2712 autem
1182 2646 1403 2707 solidus
1440 2643 1605 2701 cibus
1637 2644 1741 2708 est,
1771 2649 1993 2700 eorum,

292 2752 394 2825 qui
437 2728 547 2823 pro
584 2745 997 2806 exercitatione
1037 2741 1468 2798 consummatos
1512 2728 1725 2787 habent
1772 2737 1995 2782 sensus.

289 2814 361 2895 Iit
401 2814 587 2894 alibi:
636 2854 663 2887 ‹‹
697 2832 852 2890 Facti
911 2829 1067 2897 estis,
1111 2825 1326 2898 quibus
1361 2822 1505 2879 lacte
1555 2831 1701 2889 opus
1746 2814 1840 2883 sit,
1881 2824 1999 2868 non

289 2924 474 2983 solido
518 2922 646 2981 cibo
698 2921 891 2995 (Hebr.
928 2918 1008 2975 Vl.
1044 2937 1065 2966 ι
1121 2912 1193 2969 Et
1236 2912 1450 2968 iterum
1506 2924 1612 2995 ἴωσι
1644 2900 1998 2975 Sapientiam

288 3012 585 3087 loquimur
610 2987 762 3069 inter
787 2990 1064 3082 perfectos
1097 3006 1144 3075 (Ι
1171 3003 1290 3061 Cor.
1324 2996 1407 3070 II).
1439 2992 1683 3087 {Vides
1712 2987 1998 3064 quomodo

288 3054 573 3087 ....,.........
611 3054 751 3069 μην.
827 3054 1063 3066 ,μην-ν-
1098 3054 1139 3075 κ-
1177 3054 1227 3061 --
1279 3054 1289 3058 -
1328 3054 1331 3055 ν
1374 3054 1383 3070 ,
1732 3054 1745 3064 .

286 3118 348 3161 se
375 3054 841 3172 contemperatet
861 3095 1203 3161 conformat,
1228 3088 1360 3146 illos
1375 3081 1636 3153 sublimi,
1668 3081 1774 3139 hos
1805 3084 1999 3137 tenera
2019 3065 2416 3172 apoteftawﬂl
2464 3054 2696 3114 mande“

2085 3151 2187 3172 .-με
2387 3151 2439 3172 ﬂ.
2484 3150 2674 3172 ..ηηη

286 3192 561 3251 imbuens
585 3185 896 3248 doctrina?

360 3280 539 3353 Ungit
589 3279 807 3344 oleum,
853 3276 1087 3348 ungunt
1141 3275 1196 3328 et
1242 3264 1504 3342 apostoli.
1556 3264 1647 3353 An
1678 3275 1810 3353 non
1856 3252 1997 3353 1.3.39

292 3343 499 3431 Petrus
549 3366 843 3441 apostolus
899 3343 1067 3435 ungit
1126 3372 1349 3428 omnes,
1398 3368 1532 3413 cum
1564 3350 1719 3441 dicit
1757 3368 1769 3406 :
1817 3366 1845 3400 α
1883 3343 2001 3403 Vos

289 3467 484 3519 autem
538 3439 722 3530 genus
794 3452 1065 3516 electum,
1124 3446 1318 3520 regale
1385 3439 1793 3506 sacerdotium,
1858 3449 2003 3508 gens

288 3554 502 3615 sancta,
545 3528 796 3619 populus
850 3535 1297 3614 acquisitionis;
1356 3539 1421 3592 ut
1482 3528 1723 3586 virtutes
1768 3538 2003 3583 annun-

295 3637 447 3695 tietis
471 3636 597 3708 ejus
623 3612 730 3708 qui
774 3631 847 3690 de
886 3612 1138 3688 tenebris
1166 3640 1270 3683 vos
1301 3621 1527 3681 vocavit
1562 3620 1624 3677 in
1658 3612 2005 3675 admirabile

294 3705 702 3785 lumen'suuim
733 3722 761 3782 ?
792 3744 816 3771 π
851 3722 923 3792 (ΙΙ
947 3722 1094 3775 Petr.
1127 3717 1191 3789 II)
1226 3710 1441 3772 Paulus
1457 3708 1631 3767 etiam
1657 3705 1783 3779 ipse
1808 3717 2005 3761 nonne

293 3814 574 3890 praecipit,
620 3812 819 3871 dicens
876 3828 888 3866 :
957 3832 984 3859 α
1044 3805 1105 3865 Si
1182 3803 1614 3877 praeoccupatus
1666 3794 1842 3854 fuerit
1906 3792 2007 3849 lio-

297 3924 391 3967 Ino
449 3906 511 3964 in
570 3904 766 3977 aliquo
817 3898 1045 3966 delicto,
1095 3909 1218 3963 vos,
1287 3892 1391 3968 qui
1468 3886 1799 3964 spirituales
1844 3881 2004 3951 estis,

295 3994 567 4055 instruite
595 3972 936 4064 hujusmodi
965 3984 1025 4043 in
1058 3980 1265 4056 spiritu
1295 3975 1600 4038 lenitatis?
1637 3996 1659 4027 ι
1703 3974 1853 4046 (Gal.
1898 3972 2006 4039 VI.)

898 306 958 365 S.
1002 298 1218 363 PETRI
1260 288 1580 354 DAMIANI
1619 283 1777 344 OPP.
1821 273 1995 339 PARS

2160 268 2189 328 U
2230 263 2481 327 TOMUS
2520 259 2594 320 ΙΙ.
2634 292 2703 302 -
2744 252 3160 354 ΞΕΒΜΟῌΕΞ.

1474 414 1622 471 itum
1649 410 1819 481 (Rom.
1852 399 2047 471 XV).A
2075 417 2096 445 ι
2131 391 2229 452 Isti
2242 396 2377 449 sunt
2401 388 2537 481 dum
2554 383 2727 480 olivre
2746 384 2937 478 (Apoc.
2952 381 3032 475 XI)
3062 400 3074 446 ;
3096 375 3287 481 nialibi
3315 375 3549 450 planius
3566 374 3777 448 aperit.

1484 465 1668 562 onum
1692 465 1989 555 illuminat
2065 481 2307 539 dicens:
2345 499 2372 530 ‹‹
2404 475 2481 533 Hi
2509 479 2646 532 sunt
2675 471 2785 529 viri
2811 465 3223 526 misericordiae
3251 466 3400 522 (Isai.
3434 465 3596 534 LVII).
3635 487 3663 511 ιο

3664 246 3778 308 652

2141 568 2415 646 Sequitur
2443 590 2456 624 :
2483 570 2554 623 Et
2576 566 2683 620 duo
2708 561 3040 619 candelabra
3065 560 3300 614 lucentia
3315 562 3442 613 ante
3462 559 3777 613 Dominum.

2068 643 2490 720 Candelabrum
2530 654 2714 713 tribus
2750 651 2997 727 pedibus
3042 647 3336 712 innititur,
3377 652 3429 704 et
3474 646 3531 703 in
3571 643 3784 703 altiora

2067 762 2440 820 consurgens,
2489 758 2723 802 cereum
2770 741 3146 813 superportat,
3185 742 3251 794 ut
3293 735 3396 807 qui
3441 732 3789 809 ingrediun-

2070 845 2168 898 tur
2205 837 2408 895 lumen
2438 832 2673 892 videant
2708 832 2860 899 (Luc.
2900 830 3028 897 XI);
3078 825 3157 882 ita
3197 828 3254 882 et
3296 821 3535 896 apostoli
3593 820 3787 879 tribus

2070 927 2385 995 virtutibus
2447 920 2764 980 innitentes
2795 963 2809 989 ,
2872 915 3202 989 operatione
3233 954 3248 982 ,
3318 908 3727 983 praedicatione
3765 951 3783 977 ,

2070 1015 2489 1076 miraculorum
2525 1008 2939 1076 coruscatione,
2981 1005 3178 1062 lumen
3220 1014 3422 1059 verum
3462 999 3785 1058 Dominum

2070 1109 2271 1168 Jesum
2309 1103 2603 1162 Christum
2637 1095 3098 1169 ingredientibus
3142 1092 3215 1150 ad
3252 1090 3427 1149 ﬁdem
3468 1095 3580 1147 tota
3606 1087 3787 1145 clari-

2074 1202 2185 1255 tate
2254 1192 2670 1253 monstrarunt.
2746 1185 2817 1243 Et
2886 1181 3319 1249 attendendum,
3385 1179 3543 1254 quod
3616 1177 3784 1247 dicit,

2076 1306 2105 1338 ‹ι
2136 1288 2269 1341 ante
2296 1279 2632 1339 Dominum.
2666 1298 2691 1325 ιο
2727 1272 3056 1347 Ηγροενιιω
3079 1269 3239 1328 enim
3266 1269 3479 1337 lucent,
3502 1281 3617 1324 non
3647 1272 3788 1322 ante

2075 1373 2409 1441 Dominum,
2469 1368 2570 1428 sed
2624 1370 2758 1424 ante
2816 1360 3143 1430 mundum;
3193 1364 3259 1417 ut
3326 1355 3636 1415 videantur
3706 1354 3787 1412 ab

2078 1460 2431 1521 hominibus.
2468 1452 2727 1531 Apostoli
2768 1465 2904 1509 vero
2941 1449 3225 1508 luxerunt
3258 1449 3392 1504 ante
3442 1443 3786 1516 Dominum,

2078 1551 2176 1610 sed
2220 1564 2336 1607 non
2388 1530 2531 1605 ante
2569 1539 2899 1607 mundum;
2951 1536 3089 1611 quia
3135 1533 3389 1619 ludibria
3440 1538 3500 1591 et
3542 1530 3787 1589 verbera

2078 1636 2323 1712 experti,
2374 1634 2596 1692 divinae
2646 1626 2928 1702 majestati
2982 1623 3344 1683 solummodo
3394 1621 3618 1695 placere
3667 1628 3787 1679 stu—

2020 1709 2355 1806 Bduerunt.
2385 1723 2551 1794 Quod
2588 1720 2701 1796 ipsi
2748 1720 2865 1777 sint
2894 1716 3028 1774 duae
3073 1713 3266 1781 olivae,
3297 1717 3352 1769 et
3400 1711 3518 1770 duo
3567 1709 3787 1769 cande-

2075 1821 2237 1880 labra
2268 1813 2541 1884 lucentia,
2570 1818 2627 1870 et
2651 1816 2784 1868 ante
2812 1805 3151 1872 Dominum,
3176 1799 3479 1859 Zacharias
3507 1801 3790 1874 prOpheta

2074 1908 2378 1968 manifeste
2434 1903 2527 1960 his
2578 1897 2772 1957 verbis
2830 1893 3049 1963 innuit,
3100 1891 3299 1949 dicens
3347 1913 3360 1947 :
3425 1888 3588 1947 «Isti
3642 1893 3792 1946 sunt

2075 2000 2190 2057 duo
2236 1995 2347 2054 ﬁlii
2401 1990 2517 2052 olei
2559 1984 2905 2062 splendoris,
2944 1982 3047 2057 qui
3092 1980 3372 2038 assistunt
3421 1975 3790 2037 Dominatori

2075 2087 2368 2148 universa)
2419 2090 2586 2140 terra:
2636 2076 2805 2145 (Zach
2872 2079 2979 2140 IV).
3021 2093 3041 2122 ι
3094 2069 3241 2129 Sunt
3282 2067 3441 2126 enim
3488 2066 3596 2124 ﬁlii
3654 2065 3791 2136 olei,

2077 2174 2214 2251 quia
2281 2170 2399 2229 viri
2450 2173 2587 2227 sunt
2640 2159 3094 2227 misericordia;
3155 2161 3294 2215 sunt
3339 2161 3394 2213 et
3445 2154 3794 2229 splendoris,

2077 2244 2213 2338 quia
2239 2268 2377 2320 sunt
2399 2254 2745 2317 candelabra
2765 2249 3016 2310 lucentia
3036 2266 3052 2319 ;
3072 2246 3269 2305 lucent
3288 2251 3423 2303 ante
3448 2244 3791 2312 Dominum,

2077 2336 2216 2424 quia
2246 2349 2529 2408 assistunt
2562 2338 2925 2403 Dominatori
2955 2336 3249 2395 universae
3280 2339 3466 2392 terrae.

2508 2453 2523 2491 :
2600 2432 2816 2489 Habent
2889 2430 3211 2499 potestatem
3283 2421 3534 2478 claudere
3600 2404 3843 2474 calum,

2077 2509 2332 2587 nubibus.
2395 2521 2689 2585 Serenitas
2765 2516 2898 2576 caeli
2975 2512 3237 2572 nubibus
3306 2509 3640 2583 impeditur,
3719 2522 3798 2564 ne

2078 2618 2384 2683 videatur;
2437 2608 2758 2671 divinitatis
2807 2600 3215 2675 contemplatio
3282 2598 3527 2673 peccatis
3579 2594 3797 2654 nostris

2078 2704 2390 2771 clauditur,
2424 2715 2497 2758 ne
2538 2697 2808 2757 videatur
2849 2694 3021 2761 Deus,
3066 2688 3338 2762 propheta
3372 2691 3633 2755 testante,
3692 2684 3795 2758 qui

2079 2796 2218 2855 dicit
2249 2815 2261 2854 2
2301 2816 2321 2845 α
2358 2784 2685 2865 Opposuisti
2709 2783 2948 2853 nubem,
2975 2795 3049 2839 ne
3080 2783 3328 2837 transeat
3347 2777 3527 2835 oratio
3565 2779 3793 2845 (Τὴν-θη.

2080 2891 2255 2956 111).»
2314 2881 2512 2941 Nubes
2566 2874 2893 2950 opponitur,
2952 2885 3026 2928 ne
3084 2866 3264 2927 oratio
3320 2870 3599 2956 transeat,
3658 2880 3799 2923 cum

2080 2951 2306 3048 peccata
2341 2975 2535 3028 nostra
2573 2969 2841 3039 separant
2881 2961 3033 3018 inter
3077 2972 3183 3048 nos
3222 2962 3277 3013 et
3318 2954 3522 3014 Deum.
3566 2951 3804 3011 Habent

2698 3069 2731 3111 e
2770 3048 2982 3109 coelum
3022 3044 3301 3114 nubibus,
3338 3041 3397 3100 id
3446 3047 3553 3107 est,
3592 3056 3797 3114 pecca-

2084 3130 2325 3218 toribus,
2384 3151 2440 3204 et
2484 3150 2677 3219 portas
2718 3139 2845 3214 ejus
2882 3134 3150 3194 ﬁdelibus
3191 3132 3431 3205 aperire.
3484 3130 3629 3188 Mira
3681 3146 3798 3203 res,

2085 3248 2140 3300 et
2179 3238 2339 3298 omni
2378 3243 2611 3308 stupore
2647 3228 3008 3305 dignissima,
3057 3223 3130 3282 ad
3176 3222 3485 3281 hominum
3534 3221 3800 3295 linguam

2085 3331 2297 3402 claudi,
2323 3336 2379 3389 et
2405 3326 2617 3403 aperiri
2643 3319 2965 3382 caelestium
2992 3313 3202 3390 palatia
3226 3311 3601 3372 mansionum
3623 3310 3797 3381 (112).

2087 3425 2297 3482 Amen.

2703 3520 2843 3577 140
2886 3511 3181 3575 JULIUS.

2088 3622 2280 3684 XVII.
2316 3619 2539 3682 Sermo
2577 3616 2655 3679 de
2687 3613 2759 3677 S.
2804 3611 3018 3675 Aleaio
3047 3610 3424 3691 confessam.

2088 3704 2276 3765 XXII.
2318 3699 2545 3763 Sermo
2572 3697 2648 3759 de
2674 3694 2746 3758 S.
2780 3693 2991 3755 Maria
3020 3690 3438 3769 Magdalena.

2090 3783 2309 3845 XXIII.
2383 3777 2612 3842 Sermo
2670 3775 2704 3836 Ι
2768 3776 2846 3837 de
2917 3771 3005 3835 S.‘
3057 3770 3441 3851 Apollinare
3514 3770 3806 3850 episcopo

2171 3862 2550 3924 Ravennate
2582 3865 2638 3919 et
2677 3862 2998 3935 martyre.

2172 3942 2401 4005 Sermo
2436 3937 2501 4000 II
2529 3938 2605 3999 de
2632 3935 2875 3999 eodem.

2172 4021 2398 4086 Sermo
2426 4018 2526 4081 III
2545 4019 2621 4080 de
2652 4015 2894 4078 eodem.

299 4085 466 4145 Oliva
522 4059 750 4154 semp-er
810 4081 895 4134 est
934 4071 1161 4142 viridis,
1196 4085 1302 4128 nec
1346 4067 1577 4142 frigoris
1624 4059 2010 4122 immensitate
2094 4059 3151 4175 ἀέυδννδῆχέέιορῇονο
3179 4098 3479 4169 martyre

299 4172 656 4249 percutitur;
711 4173 765 4225 et
810 4163 1202 4240 apostolorum
1268 4160 1413 4217 ﬁdes
1489 4159 1834 4215 inconcussa
1887 4165 2011 4223 per-

304 4237 493 4331 durat,
527 4272 634 4315 nec
669 4237 930 4327 unquam
974 4246 1276 4322 tyrannica
1305 4245 1463 4303 rabie
1503 4243 1688 4315 potuit
1726 4237 2008 4313 superari.

305 4349 376 4407 Et
414 4347 464 4404 si
513 4341 801 4417 impulsus
849 4345 934 4397 est
983 4336 1185 4395 Petrus
1230 4339 1293 4393 ut
1349 4333 1590 4401 caderet,
1651 4344 1768 4387 non
1821 4333 2007 4384 tamen

2094 4185 2306 4244 XXIX.
2336 4180 2561 4243 Sermo
2615 4175 2649 4239 Ι
2704 4175 2781 4236 de
2838 4170 2970 4237 SSC
3000 4173 3196 4236 Flora
3251 4180 3310 4235 et
3364 4170 3617 4234 Lucilla
3668 4172 3802 4232 vir-

2175 4256 2981 4342 ginibus_et_ma_rtg/ribus.

2174 4337 2398 4405 Sermo
2424 4338 2490 4401 II
2509 4338 2587 4400 de
2624 4337 2892 4399 eisdem.

306 4435 532 4507 cecidit,
588 4413 728 4507 quia
789 4428 1071 4520 Dominus
1126 4419 1381 4520 suscepit
1423 4433 1592 4520 'eum.
1648 4413 2073 4520 StupefactusD
2095 4425 2281 4485 xxx,
2318 4420 2542 4483 Sermo
2575 4417 2747 4481 de-S.
2780 4415 3012 4495 Ruﬁno
3038 4422 3353 4493 martyre.

308 4498 542 4600 quidem
599 4498 961 4578 momentum
1002 4510 1173 4571 hmsit
1221 4506 1533 4582 apostolus,
1573 4502 1673 4562 sed
1722 4500 1915 4559 statim
1950 4498 2013 4556 in

310 4587 527 4672 virtute
564 4608 699 4667 ﬁdei
745 4606 953 4676 rediit;
1005 4601 1127 4679 qui,
1168 4597 1509 4673 respiciente
1549 4592 1816 4663 Domino,
1857 4587 2017 4647 ﬂevit

299 4704 506 4762 “amare
543 4703 693 4772 (Luc.
740 4699 912 4767 XXII).
945 4694 1015 4751 Et
1056 4691 1106 4750 si
1153 4691 1227 4748 ad
1271 4696 1499 4761 tempus
1544 4696 1863 4743 concussus
1910 4683 2015 4748 est,

314 4806 431 4849 non
484 4763 674 4846 tamen
733 4763 903 4857 dejici
958 4778 1189 4853 potuit;
1236 4775 1375 4848 quia
1421 4769 1703 4831 sententia
1752 4763 2021 4824 Veritatis

2682 4552 2943 4626 SERMQ
2965 4550 3229 4610 XXVIII.

2362 4662 2436 4709 ne
2474 4661 2521 4706 s.
2555 4656 2774 4704 ALEXIO
2812 4654 3200 4725 courassone.
3243 4645 3393 4711 (XVII
3423 4636 3568 4709 IUL.)

2180 4754 2474 4814 Hodierna
2556 4748 2834 4809 festivitas
2862 4790 2879 4819 ,
2961 4744 3376 4817 dilectissimi,
3448 4758 3567 4802 non
3654 4739 3819 4799 modo

316 4878 526 4939 cassari
580 4888 694 4932 non
743 4833 980 4945 poterat,
1019 4867 1260 4925 dicens:
1294 4884 1323 4915 ‹‹
1357 4862 1476 4935 Ego
1507 4874 1611 4932 pro
1649 4864 1703 4915 te
1742 4853 2019 4927 rogavi,»
2110 4845 2174 4904 B.
2236 4842 2430 4902 Alexii
2479 4840 2552 4898 de
2609 4853 2727 4912 quo
2774 4835 3099 4911 specialiter
3141 4835 3352 4908 agitur,
3394 4848 3501 4890 nos
3554 4833 3819 4904 provomit

1737 4941 1781 4945 __
1840 4940 1875 4945 -.
2152 4934 2162 4945 .
2272 4932 2303 4945 ο.
2478 4928 2492 4945 ι
2534 4927 2550 4945 ι
2578 4943 2691 4945 ημκγ.
2739 4925 3132 4945 ...ι--.....ι---...-
3181 4922 3271 4945 --ΑΙ
3320 4922 3470 4945 :_......
3509 4919 3678 4945 ηιξ-..εκ
3724 4933 3788 4945 ..η

319 4969 505 5035 Petro,
538 4986 563 5012 «ι
595 4969 657 5020 ιιι
705 4919 819 5017 nim
857 4954 1085 5013 deﬁciat
1127 4951 1271 5008 ﬁdes
1304 4919 1638 5019 tuautlb‘id.)
1670 4964 1697 4997 »
1732 4919 2026 4999 Hodierna
2110 4932 2375 4992 alacriter
2412 4927 2699 4987 celebrare
2739 4925 3136 4998 triumphum;
3179 4922 3274 4982 sed
3318 4922 3474 4997 ipsos
3506 4919 3682 4978 etiam
3720 4933 3816 4991 ge-

2012 5031 2018 5035 .
2161 5025 2192 5035 ..
2420 5020 2430 5031 ε
2603 5018 2621 5035 1
2690 5016 2987 5035 nauatae,“
3071 5016 3236 5035 _.-|_:_
3292 5010 3561 5035 ....-.......:e
3633 5007 3783 5035 ..σηιξη

322 5010 616 5114 enim,dic
661 5044 1022 5117 crucifigitur
1071 5042 1293 5109 Petrus,
1349 5007 1565 5095 Paulus
1603 5007 1914 5106 gladiatur,
1946 5031 2029 5117 Aet
2113 5025 2331 5084 nitores
2380 5020 2507 5094 ejus
2555 5018 2627 5077 ad
2683 5016 2995 5077 salutiferae
3070 5016 3238 5074 nobis
3292 5010 3561 5087 proponit
3632 5007 3819 5068 :ediﬁ-

325 5144 506 5201 vitam
546 5142 772 5212 ponunt
809 5099 1059 5206 prro—itide
1088 5099 1325 5196 Christi,
1355 5129 1569 5183 utnon
1605 5099 1838 5178 deﬁciat
1884 5115 2029 5174 ﬁdes
2115 5112 2358 5173 cationis
2411 5108 2765 5182 exemplum.
2822 5106 2968 5164 Nam
3013 5120 3151 5164 cum
3208 5108 3289 5162 tot
3337 5099 3545 5175 opibus
3596 5105 3654 5157 et
3704 5105 3818 5155 tam

340 5188 506 5201 ’⁸’“¹¹⁵⁴“¹⁵⁶
550 5188 771 5212 ι’*“--·--
809 5188 898 5206 I'"
1309 5188 1322 5196 ι

329 5228 561 5291 Christi.
594 5227 696 5286 Isti
733 5233 871 5284 sunt
900 5236 1036 5295 ergo
1066 5221 1182 5279 duo
1222 5217 1334 5277 viri
1373 5214 1561 5283 olivae,
1605 5211 1716 5269 viri
1754 5208 2032 5268 habentes
2118 5199 2669 5277 incomparabilibus
2728 5197 3008 5255 referatur
3059 5194 3409 5253 exuberasse
3458 5188 3699 5261 divitiis,
3755 5192 3816 5245 ut

331 5321 528 5389 ﬁdem,
574 5314 976 5375 illuminantes
1027 5307 1289 5383 patriam,
1348 5307 1642 5378 pascentes
1693 5295 2031 5367 Ecclesiam,
2119 5309 2323 5353 eorum
2374 5286 2703 5363 conspectui
2758 5284 2863 5343 tria
2908 5283 3096 5342 millia
3140 5295 3454 5355 puerorum
3496 5280 3813 5337 reverenter

1874 5386 1913 5389 __
1958 5385 1968 5389 _
2221 5381 2230 5389 .
2274 5387 2281 5389 ι
2436 5384 2446 5389 -
2602 5376 2612 5385 ο
2700 5379 2710 5389 .
2765 5373 2778 5389 ι
2818 5372 2883 5389 ,1,
2912 5370 3099 5389 ,-,,2-:_
3150 5375 3491 5389 __,-___A--..
3538 5362 3789 5389 :_.l....::n

331 5362 528 5389 ιιυινιυ)
576 5362 975 5375 -ιιυυ-ι-ν---ν-
1028 5362 1289 5383 ιν---ηπίι
1349 5362 1368 5378 ι
2020 5362 2030 5367 -

328 5412 650 5485 peccatores
675 5407 979 5476 ungentes.
1003 5395 1167 5467 Quod
1191 5393 1369 5469 igitur
1391 5390 1686 5464 Scriptura
1708 5388 1835 5447 haec
1860 5385 2032 5445 dicit:
2121 5381 2474 5448 assisterent,
2512 5362 2617 5450 qui
2662 5379 2721 5433 et
2763 5370 3101 5432 holosericis
3142 5375 3492 5429 ornarentur
3538 5362 3812 5434 induviis,

399 5595 534 5665 (111)
553 5592 653 5647 Hic
670 5590 822 5644 deest
854 5583 1074 5649 aliquid.
2187 5566 2322 5632 (11‘2)
2350 5564 2601 5618 Videntur
2627 5560 2820 5616 deesse
2839 5555 3121 5610 nonnulla.
