4070 6198
214 399 317 464 653

1690 398 1940 464 SERMO
1976 398 2244 463 XXVIII.

3615 405 3719 464 654

215 534 271 588 et
321 527 518 587 aureis
577 542 641 585 se
723 524 1141 601 pracingerent
1218 526 1378 585 zonis
1407 569 1421 597 ,
1479 526 1737 600 quotidie
1808 528 2160 602 nonAigne
2206 531 2492 602 percepto,
2526 540 2627 598 per
2671 524 2898 584 caleste
2932 522 3287 587 desiderium
3332 529 3394 587 in
3432 528 3548 588 alta
3591 545 3719 591 sus-

214 616 515 676 cessabant
538 615 756 687 viduis,
788 631 855 674 ac
885 614 1144 689 pupillis,
1177 619 1232 672 et
1262 614 1621 688 quibuslibet
1660 614 1931 688 indigen-

218 704 376 764 tibus
430 710 798 779 sumptuosas
842 718 1043 777 parare
1094 718 1326 761 mensas
1378 702 1580 774 edulii,
1633 717 1770 760 eum
1820 701 1934 775 ipsi

217 792 396 850 semel
446 792 509 850 in
552 792 647 850 die
690 790 813 849 solo
857 806 1007 865 pane
1058 797 1114 849 et
1154 807 1305 865 aqua
1349 798 1538 851 essent
1590 791 1933 866 plerumque

172 952 189 961 ἡ
215 880 496 940 contenti.
536 879 670 938 Istis
698 880 895 953 igitur,
935 878 1180 953 aliisque
1218 879 1608 953 spiritualium
1650 880 1934 939 virtutum

218 972 463 1030 ﬂoribus
510 969 798 1041 adornati,
848 984 914 1028 ac
966 968 1080 1043 pia
1129 969 1585 1030 conversationis
1639 971 1934 1029 honestate

217 1059 540 1133 conspicui,
590 1058 733 1117 tales
771 1063 956 1130 erant,
994 1063 1057 1116 ut
1086 1058 1170 1117 eis
1207 1074 1440 1133 quoque
1480 1074 1597 1116 non
1644 1057 1933 1116 immerito

217 1154 521 1222 congruat,
572 1146 728 1221 quod
764 1145 836 1204 de
872 1146 1024 1204 beati
1076 1146 1322 1206 Joannis
1360 1146 1635 1221 Baptista
1675 1146 1934 1220 parenti-

218 1237 332 1295 bus
387 1236 723 1309 evangelica
790 1241 986 1294 narrat
1060 1236 1300 1295 historia
1354 1256 1368 1295 :
1425 1236 1733 1310 nimirum,
1797 1235 1936 1310 quia

223 1352 245 1380 ι
281 1333 448 1386 erant
473 1328 645 1385 ambo
678 1326 819 1399 justi
859 1333 992 1385 ante
1031 1327 1234 1398 Deum,
1275 1327 1608 1386 incedentes
1637 1328 1701 1385 in
1738 1327 1933 1385 omni-

219 1418 334 1477 bus
374 1416 666 1475 mandatis
704 1421 759 1474 et
789 1415 1305 1489 justiﬁcationibus
1350 1416 1586 1476 Domini
1639 1416 1766 1475 sine
1800 1431 1936 1490 que-

219 1507 344 1566 rela
373 1509 523 1581 (Luc.
569 1507 624 1578 I).
659 1529 687 1557 ιι
720 1505 978 1579 Dignum
1013 1506 1209 1582 itaque
1244 1506 1374 1576 fuit,
1407 1514 1470 1566 ut
1499 1506 1571 1565 de
1604 1513 1722 1565 tam
1756 1510 1933 1577 casto,

221 1603 343 1655 tam
414 1601 631 1666 sancto,
692 1600 808 1653 tam
874 1596 1128 1669 denique
1198 1596 1570 1655 immaculato
1645 1593 1937 1670 conjugali

221 1685 524 1760 pudicitia
563 1681 837 1753 thalamo,
879 1689 997 1741 tam
1027 1684 1303 1758 praclara
1331 1684 1556 1744 soboles
1581 1689 1933 1744 nasceretur.

227 1773 395 1832 Sicut
435 1788 537 1847 per
584 1771 927 1845 Prophetam
978 1770 1191 1830 dicitur
1250 1794 1265 1831 :
1327 1796 1355 1822 κ
1382 1771 1690 1830 Generatio
1750 1775 1936 1829 recto-

2023 617 2264 688 tollitur,
2288 615 2359 673 ad
2388 614 2755 689 perfectionis
2782 614 3030 672 interna
3055 615 3564 691 fastigium,§quasi
3590 618 3723 691 qui-

2022 703 2265 762 busdam
2307 701 2662 760 ascensionis
2692 700 2971 773 gradibus
3016 708 3406 773 promovetur.
3442 704 3606 763 Unde
3634 704 3727 763 vir

2021 793 2121 853 ille
2173 794 2405 853 sanctus
2460 792 2646 851 aiebat
2694 815 2707 848 :
2764 816 2789 840 ‹‹
2822 790 2930 848 Per
2979 790 3242 864 singulos
3301 791 3515 865 gradus
3571 809 3728 852 meos

2020 880 2408 957 pronuntiabo
2450 879 2619 938 illum
2666 881 2780 951 (Job
2809 880 3005 951 XXXI).
3041 902 3066 928 ι»
3110 880 3187 937 De
3234 879 3323 937 his
3351 880 3564 955 quippe
3601 899 3725 941 me-

2020 972 2265 1031 ritorum
2286 969 2560 1044 gradibus
2586 967 2815 1027 dicitur.
2849 991 2871 1020 ι
2898 967 3299 1027 Ambulabunt
3321 970 3392 1028 de
3421 970 3634 1029 virtute
3663 972 3723 1028 in

2019 1065 2296 1123 virtutem
2318 1063 2486 1132 (Psal.
2502 1064 2785 1127 LXXXIII).
2800 1085 2826 1108 »
2854 1059 2935 1117 De
2958 1059 3047 1117 his
3071 1058 3226 1117 idem
3250 1058 3548 1133 Propheta,
3582 1062 3723 1119 dum

2020 1158 2275 1211 sanctam
2316 1149 2739 1223 contemplatur
2781 1147 3120 1217 Ecclesiam,
3152 1147 3293 1205 dicit
3339 1171 3352 1205 :
3408 1173 3435 1198 «ι
3464 1148 3618 1208 De‘us
3662 1150 3723 1207 in

2018 1240 2292 1316 gradibus
2320 1239 2446 1313 ejus
2484 1239 2868 1311 dignoscetur,
2908 1237 3050 1294 dum
3096 1236 3368 1309 suscipiet
3396 1252 3523 1294 eam
3557 1238 3723 1311 (Psal.

2019 1331 2225 1402 XLVII).
2259 1353 2283 1380 ι
2342 1328 2460 1386 Nec
2513 1328 2672 1385 enim
2716 1331 2967 1401 repente,
3019 1324 3167 1383 sicut
3224 1324 3446 1383 dictum
3500 1333 3603 1396 est,
3652 1327 3726 1384 ad

2020 1436 2250 1480 summa
2279 1418 2642 1493 pertingitur,
2685 1416 2785 1475 sed
2814 1415 3089 1490 paulatim
3121 1431 3222 1488 per
3250 1416 3363 1489 pia
3405 1416 3728 1474 devotionis

2020 1517 2220 1572 votum
2251 1516 2308 1570 et
2333 1509 2516 1568 sancti
2550 1507 2763 1567 laboris
2798 1507 3141 1565 exercitium
3182 1506 3437 1565 humana
3464 1521 3627 1565 mens
3655 1505 3726 1563 ad

2021 1601 2303 1661 virtutum
2334 1599 2728 1675 spiritualium
2759 1596 3167 1656 celsitudinem
3192 1596 3546 1655 sublevatur.
3576 1595 3729 1652 Hinc

2021 1699 2126 1763 est,
2157 1692 2316 1768 quod
2352 1707 2453 1764 per
2489 1689 2758 1750 eumdem
2807 1689 3150 1762 Prophetam
3180 1686 3393 1745 dicitur
3425 1705 3438 1745 :
3480 1708 3503 1738 ι
3545 1685 3728 1744 Exer-

2021 1784 2228 1842 citatus
2294 1796 2450 1852 sum,
2508 1786 2564 1839 et
2627 1778 2831 1838 defecit
2897 1777 3189 1852 paulisper
3255 1775 3491 1850 spiritus
3564 1791 3729 1835 mens

224 1878 364 1922 rum
430 1860 1018 1955 benedicetur_(Psag.
1088 1866 1277 1955 cui).
1340 1885 1362 1912 η
1416 1861 1558 1921 Haec
1622 1866 1709 1920 est
1775 1859 2195 1955 enimB(PsaI.
2252 1875 2439 1941 van.
2474 1892 2496 1922 ι
2539 1867 2690 1939 Quid
2743 1873 2828 1925 est
2858 1867 3017 1925 enim
3052 1865 3231 1955 quod,
3266 1865 3394 1923 ait:
3446 1864 3732 1955 «spiritus

225 1950 526 2024 generatio
545 1950 938 2023 quarentium
968 1950 1286 2009 Dominum
1318 1955 1488 2021 (Psal.
1526 1956 1726 2020 XXIII).

304 2037 471 2097 Unde
516 2054 638 2108 vos,
691 2038 894 2096 fratres
941 2037 1079 2109 mei,
1112 2053 1233 2108 vos,
1289 2038 1554 2113 inquam,
1612 2053 1771 2097 nunc
1810 2054 1940 2111 spe-

222 2125 451 2185 cialiter
496 2125 781 2201 alloquor,
829 2125 933 2201 qui
980 2126 1229 2186 necdum
1279 2128 1597 2200 spiritualis
1640 2129 1774 2187 vita
1826 2127 1945 2186 cul-

226 2230 368 2273 men
409 2216 684 2288 aggressi,
730 2215 1113 2275 sacularibus
1158 2216 1349 2275 adhuc
1393 2217 1529 2275 estis
1578 2216 1801 2275 actibus
1841 2216 1941 2274 de-

226 2303 361 2375 diti,
412 2311 468 2361 et
505 2304 822 2379 conjugalis
859 2304 1080 2378 copula
1117 2305 1370 2365 vinculis
1409 2306 1668 2378 obligati,
1719 2305 1947 2379 pietatis

226 2410 295 2452 ac
350 2391 766 2452 misericordia
817 2393 1028 2453 studiis
1074 2394 1382 2467 vigilanter
1426 2393 1695 2465 insistite,
1746 2410 1943 2453 neces-

229 2482 387 2542 saria
430 2483 708 2543 fratribus
762 2484 1008 2557 penuria
1045 2483 1444 2543 laborantibus
1482 2483 1739 2563 subsidia
1770 2483 1946 2542 mini-

2025 1977 2211 2032 meus,
2246 1985 2273 2009 ››
2304 1959 2418 2018 nisi
2463 1959 2701 2032 spiritus
2746 1956 3014 2014 elationis
3042 1954 3069 2013 ?
3099 1954 3335 2028 spiritus
3373 1952 3619 2013 carnis?
3663 1955 3733 2013 Et

2026 2049 2165 2123 quia
2190 2064 2291 2122 per
2319 2047 2604 2106 occultam
2636 2044 2877 2118 gratiam
2916 2043 2983 2101 ad
3017 2058 3271 2101 amorem
3298 2042 3401 2101 Dei
3424 2049 3733 2116 temperata

2027 2138 2277 2212 desuper
2333 2152 2606 2194 mensura
2666 2132 3020 2207 proficimus,
3076 2148 3192 2207 quo
3243 2133 3426 2208 magis
3478 2133 3735 2206 quotidie

2029 2224 2267 2283 divinus
2295 2224 2359 2282 in
2391 2222 2555 2282 nobis
2582 2223 2819 2296 spiritus
2838 2220 3059 2291 crescit,
3093 2236 3160 2278 eo
3181 2221 3365 2294 magis
3390 2226 3599 2293 noster,
3628 2222 3739 2281 hoc

2030 2320 2134 2386 est,
2164 2311 2417 2373 carnalis
2452 2309 2723 2369 desiderii
2769 2308 3003 2385 spiritus
3044 2308 3257 2367 deficit.
3298 2308 3408 2379 Qui
3454 2309 3736 2367 nimirum

2032 2401 2266 2470 noxius,
2313 2407 2369 2457 et
2404 2398 2811 2457 abominabilis
2848 2397 3105 2471 spiritus,
3142 2398 3279 2473 quia
3342 2415 3458 2457 non
3492 2415 3525 2457 a
3574 2399 3742 2457 nobis

2033 2490 2225 2550 subito
2252 2488 2485 2563 penitus
2510 2492 2862 2559 amputatur,
2901 2501 3006 2543 nec
3035 2480 3316 2559 protinus,
3348 2493 3412 2544 ut
3439 2502 3740 2559 conamur,

228 2578 429 2645 strate,
458 2578 692 2643 castam,
726 2573 978 2631 sobriam
1002 2578 1059 2631 et
1088 2574 1390 2632 honestam
1425 2574 1625 2642 vitam,
1663 2573 1725 2630 in
1766 2587 1950 2646 quan-
2034 2577 2415 2648 abscinditur,
2446 2581 2595 2634 recte
2638 2574 2950 2649 paulisper,
2985 2574 3091 2635 hoc
3128 2580 3212 2633 est
3247 2576 3545 2649 paulatim,
3585 2577 3745 2635 dele~

233 2669 362 2723 tum
407 2668 597 2721 vester
636 2663 775 2721 ordo
819 2660 1014 2733 dictat,
1057 2661 1336 2719 exhibere
1381 2660 1733 2732 contendite,
1777 2667 1844 2719 ut
1876 2659 1950 2717 ad
2036 2666 2182 2725 cisse
2216 2666 2573 2739 perhibetur.
2607 2664 2775 2722 Tunc
2803 2669 2999 2721 autem
3028 2663 3090 2721 in
3129 2664 3314 2723 Deum
3358 2665 3527 2738 plene
3571 2666 3746 2739 proli-

229 2752 697 2813 conservandum
727 2750 1073 2826 posteritatis
1099 2758 1307 2810 vestra
1331 2768 1536 2825 genus,
1568 2751 1806 2825 dignam
1832 2750 1950 2810 Deo
2036 2753 2246 2824 cimus,
2280 2768 2415 2811 cum
2455 2750 2732 2810 veraciter
2769 2767 2804 2808 a
2842 2750 3009 2808 nobis
3046 2753 3429 2826 nosmetipsos
3473 2754 3749 2812 defecisse

239 2842 477 2902 valeatis
512 2841 766 2901 sobolem
800 2855 1115 2915 procreare.
1161 2840 1442 2911 Quamvis
1484 2841 1643 2900 enim
1687 2856 1824 2899 vera
1879 2839 1954 2897 sit
2040 2841 2344 2900 sentimus.
2380 2841 2523 2897 Hac
2552 2847 2746 2898 autem
2776 2842 3159 2900 crescentium
3186 2843 3428 2916 insuper
3466 2842 3751 2901 virtutum

235 2929 344 2989 illa
374 2932 671 3004 propheta
704 2929 1011 3001 sententia,
1051 2943 1169 3005 qua
1206 2929 1418 2989 dicitur
1448 2949 1462 2987 :
1498 2951 1526 2984 α
1552 2932 1787 3002 Anima,
1817 2946 1953 3004 qua
2042 2932 2280 3003 sensim,
2316 2937 2489 3003 atque
2529 2944 2753 2988 morose
2802 2945 2900 3002 per
2948 2930 3273 3005 quotidiani
3318 2934 3605 3005 profectus
3649 2947 3753 2990 cu-

238 3020 577 3094 peccaverit,
618 3019 742 3092 ipsa
793 3018 1096 3078 morietur.
1156 3018 1341 3078 Filius
1392 3035 1509 3079 non
1551 3019 1798 3095 portabit
1836 3018 1954 3076 ini—
2042 3021 2299 3091 mulum,
2340 3019 2411 3078 ad
2451 3025 2868 3079 consummata
2903 3018 3222 3079 sanctitatis
3260 3024 3521 3095 pervenit
3566 3023 3755 3081 incre-

237 3110 527 3185 quitatem
568 3105 704 3163 141
754 3108 954 3182 patris,
1012 3114 1068 3167 et
1116 3119 1274 3184 pater
1306 3126 1425 3169 non
1461 3111 1708 3183 portabit
1744 3110 1960 3184 iniqui—
2044 3116 2329 3169 mentum.
2362 3109 2593 3169 Electus
2615 3111 2775 3167 enim
2804 3108 3052 3182 quisque
3074 3126 3108 3167 a
3135 3110 3457 3170 rudimenti
3484 3112 3579 3171 sui
3605 3120 3756 3170 tene-

242 3204 418 3257 tatem
446 3197 575 3256 filii.
606 3196 837 3257 Justitia
861 3196 1003 3271 justi
1042 3214 1216 3272 super
1252 3215 1390 3257 eum
1437 3200 1569 3270 erit,
1608 3207 1663 3258 et
1694 3200 2020 3275 impietasr,
2046 3197 2301 3257 ritudine
2342 3199 2507 3272 prius
2554 3199 2777 3272 incipit,
2812 3205 2865 3256 et
2906 3199 2987 3256 sic
3017 3199 3088 3256 ad
3120 3200 3353 3260 robusta
3389 3202 3757 3275 postmodum

239 3287 409 3363 impii
454 3289 563 3347 erit
588 3302 764 3361 super
800 3302 939 3346 eum
969 3290 1177 3360 (Ezech.
1214 3289 1425 3360 XVIII):
1462 3309 1488 3342 »
1519 3288 1691 3362 juxta
1716 3284 2101 3347 conver-“et
2157 3286 2322 3343 fortia
2374 3286 2750 3343 convalescit.
2800 3284 2963 3353 Quod
3018 3292 3210 3358 aperte
3259 3286 3484 3347 Veritas
3538 3288 3757 3355 innuit,

244 3384 531 3438 sationem
574 3385 768 3437 tamen
805 3383 1138 3452 parentum,
1183 3394 1334 3452 sape
1364 3379 1717 3453 proveniunt
1756 3381 1964 3439 merita
2043 3374 2186 3432 dum
2216 3373 2278 3431 in
2310 3374 2627 3447 Evangelio
2665 3374 2806 3433 dicit
2840 3394 2852 3433 :
2888 3399 2909 3427 ι
2939 3375 3035 3434 Sic
3061 3382 3145 3434 est
3178 3373 3318 3430 142
3348 3392 3594 3451 regnum
3636 3378 3756 3448 Dei,

247 3469 547 3540 filiorum;
589 3476 653 3527 ut
682 3475 739 3527 et
770 3468 1029 3527 honestis
1068 3467 1536 3543 progenitoribus
1562 3468 1752 3542 proles
1778 3469 1963 3526 hone-
2047 3460 2544 3534 quemadmodum
2590 3463 2639 3521 si
2676 3462 2849 3535 jactet
2890 3462 3064 3521 homo
3108 3478 3308 3521 semen
3346 3462 3409 3521 in
3442 3469 3675 3532 terram,
3707 3471 3762 3522 et

246 3563 337 3617 sta
388 3557 748 3632 respondeat,
826 3563 882 3615 et
934 3557 1175 3631 reproba
1252 3556 1511 3632 reprobis
1570 3557 1633 3616 in
1685 3557 1967 3631 pravitate

245 3652 575 3705 concurrat.
616 3644 776 3703 Unde
817 3650 873 3704 et
910 3645 1005 3703 isti
1050 3644 1254 3704 dicunt
1297 3662 1310 3695 ε
1372 3667 1402 3699 α
1441 3645 1580 3705 Filii
1635 3652 1965 3705 sanctorum

247 3749 481 3803 sumus,
513 3740 568 3792 et
595 3733 776 3792 vitam
824 3732 988 3791 illam
1015 3739 1439 3808 exspectamus,
1474 3749 1653 3808 quam
1682 3734 1835 3792 Deus
1875 3734 1969 3791 da-

247 3829 421 3883 turus
451 3828 536 3881 est
566 3821 659 3893 iis,
688 3822 792 3897 qui
826 3822 1002 3881 fidem
1027 3837 1191 3882 suam
1210 3838 1516 3898 nunquam
1544 3829 1772 3883 mutant
1800 3822 1873 3881 ab
1899 3836 1968 3880 eo

248 3912 404 3985 (Tob.
436 3913 515 3983 II).
551 3932 578 3961 ι
634 3911 705 3969 Et
753 3910 875 3969 illis
917 3911 1237 3971 eoontrario
1282 3912 1495 3970 dicitur
1551 3936 1565 3971 :
1611 3910 1968 3971 «Genimina

249 4000 613 4074 viperarum,
658 4000 791 4075 quis
836 4014 941 4058 vos
976 3999 1173 4059 docuit
1208 4001 1409 4075 fugere
1445 4017 1480 4059 a
1529 4007 1775 4059 ventura
1827 3998 1970 4063 ira?

252 4092 485 4157 (Matth.
518 4092 630 4159 III.)
662 4112 689 4141 π
715 4088 1030 4147 Enimvero
1067 4089 1116 4147 si
1153 4090 1419 4164 religiose
1456 4087 1676 4159 vivitis,
1705 4088 1754 4147 si
1796 4088 1971 4147 disci-

251 4176 555 4252 plinaliter
604 4180 1036 4250 conversantes,
1093 4176 1198 4236 Dei
1263 4177 1533 4236 mandata
1597 4176 1864 4249 servatis,
1917 4184 1973 4235 et

253 4267 397 4326 ﬁliis
442 4270 649 4327 vestris
695 4267 1001 4342 praetatis,
1037 4273 1092 4326 et
1129 4268 1330 4341 vobis;
1387 4268 1480 4328 sin
1522 4276 1717 4329 autem
1750 4276 1970 4341 contra,

253 4367 307 4418 et
366 4358 489 4418 illis
537 4360 777 4433 nocetis,
824 4365 881 4416 et
924 4359 1108 4420 vobis.
1162 4359 1399 4434 Propter
1451 4366 1717 4420 sanctum
1756 4360 1973 4435 quippe

256 4447 444 4508 David
482 4450 778 4523 meritum,
816 4466 951 4519 cum
986 4456 1216 4525 propter
1242 4449 1629 4509 idololatriam
1673 4452 1974 4524 posteritas

255 4539 388 4614 ejus
425 4539 742 4614 dejectioni
784 4547 934 4600 esset
972 4539 1249 4612 obnoxia,
1289 4539 1516 4599 diutius
1566 4540 1793 4613 regium
1821 4539 1971 4598 obti-

2046 3548 2318 3620 dormiat,
2361 3554 2418 3606 et
2469 3554 2749 3622 exsurgat
2805 3556 2990 3621 nocte,
3030 3565 3097 3608 ac
3133 3549 3261 3622 die;
3305 3556 3361 3607 et
3393 3566 3591 3609 semen
3629 3566 3761 3626 ger-

2048 3636 2254 3707 minet,
2305 3643 2360 3695 et
2416 3644 2651 3709 crescat,
2703 3637 2846 3695 dum
2913 3637 3095 3695 nescit
3159 3636 3260 3695 ille
3310 3641 3531 3708 (Matth.
3587 3645 3694 3709 IV).
3732 3661 3761 3689 ιι

2052 3726 2233 3799 Cujus
2260 3726 2543 3785 nimirum
2586 3726 2827 3785 seminis
2864 3726 3223 3785 incrementa
3261 3726 3631 3798 denuntians,
3671 3727 3769 3785 ad-

2051 3815 2199 3874 didit
2228 3815 2425 3875 dicens
2459 3837 2472 3876 :
2510 3837 2538 3870 ‹‹
2577 3816 2735 3875 Ultro
2774 3816 2931 3875 enim
2966 3824 3114 3875 terra
3142 3815 3469 3888 fructificat,
3507 3816 3760 3889 primum

2054 3906 2316 3975 herbam,
2356 3904 2567 3964 deinde
2605 3906 2844 3979 spicam,
2881 3905 3090 3964 deinde
3128 3905 3369 3979 plenum
3404 3906 3763 3964 frumentum

2054 3996 2117 4055 in
2166 3996 2356 4071 spica;
2397 4018 2420 4047 ι
2465 4011 2719 4069 moxque
2759 3995 3098 4069 subjungit:
3136 4017 3165 4050 (ι
3198 3996 3430 4055 Etcum
3460 4011 3521 4054 se
3548 3996 3768 4070 produ-

2054 4087 2207 4147 xerit
2239 4088 2483 4158 fructus,
2513 4087 2707 4145 statim
2738 4087 2911 4145 mittit
2932 4087 3158 4160 falcem,
3181 4087 3319 4161 quia
3349 4087 3510 4146 venit
3542 4092 3771 4160 tempus

2056 4178 2279 4236 messis.
2322 4198 2350 4231 »
2388 4176 2532 4234 Ecce
2586 4173 2855 4235 Veritatis
2902 4191 3039 4235 voce
3083 4191 3181 4250 per
3232 4176 3594 4235 diversitates
3644 4174 3767 4235 fru-

2055 4283 2199 4342 gum
2230 4266 2499 4324 distincta
2528 4272 2666 4324 sunt
2702 4272 3015 4339 augmenta
3053 4265 3412 4325 meritorum.
3451 4266 3550 4324 Ait
3584 4264 3766 4336 enim,

2056 4357 2315 4431 primum
2346 4355 2605 4429 herbam,
2642 4354 2851 4414 deinde
2874 4355 3112 4429 spicam,
3139 4355 3348 4414 deinde
3379 4356 3615 4430 plenum
3648 4358 3770 4414 fru-

2057 4453 2322 4505 mentum
2341 4445 2403 4503 in
2425 4447 2600 4520 spica.
2629 4445 2949 4505 Videamus
2974 4445 3166 4518 itaque
3190 4444 3511 4504 Dominica
3543 4454 3771 4504 senten-

2062 4538 2158 4595 tia
2202 4537 2380 4611 hujus
2430 4536 2794 4609 exemplum,
2833 4535 3123 4609 quomodo
3173 4551 3275 4609 per
3316 4536 3544 4611 singula
3595 4537 3770 4595 verba

259 4606 394 4688 nuit
420 4606 832 4703 principatum.
864 4629 1110 4688 Econtra
1139 4606 1419 4688 Jonathas
1447 4644 1585 4687 cum
1610 4606 1666 4687 et
1692 4628 1756 4686 in
1787 4606 2033 4689 DeumD
2064 4628 2191 4688 luce
2219 4606 2432 4687 clarius
2461 4627 2525 4685 in
2552 4606 2790 4685 beatum
2817 4606 3121 4685 concurrat
3147 4606 3451 4685 Alexiuni.

260 4718 416 4792 pius,
453 4722 511 4775 et
546 4724 743 4777 sancto
786 4718 1086 4793 Propheta
1126 4723 1278 4777 esset
1330 4716 1575 4790 amicus,
1618 4725 1847 4791 propter
1882 4734 1976 4791 pa-

259 4812 448 4866 terna
488 4813 679 4864 tamen
720 4806 1007 4881 superbia
1048 4807 1261 4865 fastum
1297 4806 1492 4879 gladio
1526 4806 1815 4882 subiacuit
1861 4808 1973 4867 im-

259 4894 499 4968 piorum
531 4897 637 4963 (III
660 4897 793 4963 Reg.
824 4904 1002 4964 XVIII,
1037 4905 1170 4963 XIX,
1205 4905 1317 4966 XX,
1344 4899 1548 4964 XXXI).

338 4981 414 5041 Ut
443 4997 578 5057 ergo
604 4982 676 5040 ad
706 4983 941 5041 beatum
979 4981 1282 5040 redeamus
1310 4981 1611 5056 Alexium,
1642 4984 1846 5044 merito
1890 4990 1977 5044 ta-

264 5070 385 5129 lem
428 5069 653 5145 prolem
700 5085 954 5146 genuere
1001 5077 1288 5145 parentes,
1335 5075 1401 5129 ut
1438 5071 1509 5131 de
1548 5080 1744 5132 sancta
1789 5073 1980 5133 radice

265 5162 536 5217 sanctum
574 5172 814 5233 germen
858 5164 1203 5232 erumperet,
1244 5165 1302 5216 et
1330 5158 1497 5218 bona
1531 5160 1753 5220 arboris
1783 5178 1980 5221 ramus

266 5266 371 5325 per
400 5257 650 5325 amepta
686 5252 887 5327 gratia
915 5250 1163 5311 ealestis
1200 5252 1556 5312 incrementa
1593 5268 1978 5325 succrescens,

266 5340 477 5416 dignos
505 5341 704 5417 generi
732 5357 840 5401 suo
866 5341 1157 5401 bonorum
1195 5357 1436 5417 operum
1468 5342 1690 5401 fructus
1727 5342 1979 5400 offerret.

269 5426 483 5488 Sancto
507 5429 790 5489 nimirum
818 5430 1059 5490 cuilibet
1096 5430 1220 5491 viro
1245 5447 1364 5489 non
1398 5435 1814 5489 consummata
1852 5445 1983 5504 per-

261 5518 541 5580 fectionis
594 5527 827 5595 repente
879 5521 1162 5581 tribuitur
1217 5520 1514 5591 meritum,
1580 5522 1681 5579 sed
1732 5520 1806 5578 ad
1876 5521 1986 5579 hoc

270 5611 558 5686 paulatim
608 5629 709 5686 per
754 5612 868 5687 pia
923 5612 1250 5672 devotionis
1309 5617 1367 5671 et
1414 5610 1677 5685 specialis
1721 5610 1985 5670 exercitii

269 5700 542 5774 pervenit
578 5701 1045 5772 incrementum;
1077 5705 1134 5760 et
1169 5700 1312 5761 dum
1340 5714 1526 5772 mens,
1559 5698 1749 5759 divini
1772 5700 1986 5758 amoris

2133 4718 2365 4775 tlonstat
2394 4714 2578 4784 enim,
2619 4715 2774 4788 quod
2820 4714 2911 4772 vir
2950 4714 3055 4773 iste
3094 4714 3399 4786 mirabilis,
3440 4714 3591 4773 sicut
3619 4730 3769 4788 pra-

2060 4809 2216 4869 clara
2270 4806 2395 4881 ejus
2446 4810 2683 4863 testatur
2734 4804 2992 4879 historia,
3041 4806 3192 4864 inter
3252 4806 3377 4881 ipsa
3421 4806 3771 4880 nuptialium

2061 4897 2407 4972 gaudiorum
2437 4894 2638 4954 festiva
2653 4895 2951 4965 solemnia,
2985 4909 3251 4964 uxorem,
3277 4894 3438 4953 salva
3465 4894 3770 4968 utriusque

2064 4987 2416 5062 virginitate,
2481 4984 2725 5054 dimisit,
2779 4991 3044 5057 parentes
3097 4982 3321 5057 abjecit,
3382 4989 3436 5041 et
3492 4982 3769 5043 Romana

2062 5078 2225 5139 urbis
2262 5075 2696 5147 habitationem,
2732 5074 2959 5133 Edessa
2990 5074 3256 5132 videlicet
3294 5072 3567 5147 perexilis
3604 5072 3772 5146 Oppi-

2063 5167 2190 5228 duli
2216 5166 2678 5241 peregrinatione
2713 5165 2972 5223 mutavit.
3005 5163 3533 5238 Postposuitamori
3562 5163 3772 5222 Christi

2065 5257 2209 5331 regii
2258 5255 2490 5330 generis
2542 5254 2868 5327 conjugem,
2926 5256 3168 5329 ejusque
3214 5263 3445 5314 secutus
3492 5253 3769 5328 inopiam,

2066 5345 2409 5418 contempsit
2444 5342 2831 5413 amplissimas
2870 5340 3201 5416 principalis
3235 5341 3548 5415 opulentia
3592 5342 3774 5402 facul-

2071 5440 2226 5493 tates.
2260 5432 2421 5493 Sicut
2458 5446 2592 5505 ergo
2619 5431 2683 5489 in
2710 5432 3040 5506 evangelica
3080 5432 3181 5491 illa
3218 5433 3502 5492 sententia
3529 5439 3775 5508 quatuor

2070 5529 2225 5595 sunt,
2254 5538 2387 5597 qua
2424 5522 2759 5580 referuntur
2788 5537 2823 5579 a
2858 5520 3139 5593 Domino;
3179 5521 3259 5580 ita
3300 5521 3687 5583 nihilominus
3723 5530 3778 5582 et

2069 5617 2318 5688 quatuor
2345 5609 2689 5670 admiranda
2717 5615 2873 5682 sunt,
2912 5626 3048 5685 qua
3085 5611 3459 5686 reperiuntur
3498 5612 3558 5670 in
3590 5626 3777 5670 servo.

2069 5699 2196 5759 Illic
2230 5698 2389 5758 enim
2418 5698 2632 5760 dicitur
2657 5699 2912 5773 primum
2951 5699 3145 5774 herba,
3179 5701 3389 5761 deinde
3415 5701 3590 5772 spica,
3622 5703 3779 5771 post-
