4070 6198
321 320 428 379 655

937 314 995 376 S.
1038 314 1260 375 PETRI
1299 312 1620 372 DAMIANI
1660 311 1819 371 OPP.
1863 310 2055 372 PARS
2096 310 2235 371 SEU
2274 311 2523 372 TOMUS
2563 313 2639 372 II.
2686 345 2746 354 -—
2791 310 3206 373 SEBMONES.

3704 318 3814 376 656

319 441 558 503 modum
617 439 857 514 plenum
916 439 1271 497 frumentum
1314 439 1377 496 in
1424 436 1621 508 spica;
1664 441 1870 510 quarto
1905 435 2499 509 jamApromptuario
2558 434 2709 493 felici
2766 437 3283 496 consummatione.
3322 438 3659 497 recondidit.
3714 439 3819 499 Sic

317 532 441 591 loco
489 528 612 587 falx
653 528 920 597 mittitur,
960 534 1016 585 et
1067 526 1221 602 quod
1264 532 1556 584 maturum
1593 532 1677 583 est
1707 525 2022 583 desecatur.

317 616 575 687 Quatuor
616 616 810 688 itaque
858 619 1016 683 sunt,
1070 614 1220 672 sicut
1274 614 1494 673 dictum
1538 620 1644 683 est,
1699 612 1792 670 his
1844 613 2025 686 aptis~

319 708 469 766 sime
498 704 895 777 congruentia,
928 720 1063 778 quaa
1105 704 1167 761 in
1196 704 1360 763 beato
1394 702 1764 778 reperiuntur
1790 702 2021 760 Alexio.

319 797 583 855 Primum
646 798 751 865 est,
814 808 930 867 quo
974 795 1259 853 mundum
1312 801 1366 853 et
1424 794 1721 853 mundana
1778 808 2025 867 quaeque

314 882 691 958 contempsit;
718 882 1059 952 secundum,
1099 883 1253 958 quod
1282 884 1643 959 peregrinus,
1672 891 1727 941 et
1760 884 1823 941 in
1863 882 2024 942 omni

315 973 582 1032 facultate
640 971 915 1042 nudatus,
956 988 1058 1045 per
1104 972 1300 1032 decem
1358 980 1408 1031 et
1463 978 1680 1046 septem
1730 988 1914 1031 annos
1963 973 2022 1030 in

312 1061 544 1120 Edessze
575 1059 1005 1134 Mesopotamiae
1042 1061 1270 1119 civitate
1307 1061 1572 1121 omnium
1604 1078 1801 1121 rerum
1837 1077 2020 1135 penu-

309 1151 453 1209 riam
490 1149 767 1224 pertulit:
803 1150 923 1223 jam
981 1165 1113 1208 vero
1160 1151 1392 1210 tertium
1435 1158 1536 1220 est,
1580 1151 1733 1224 quod
1784 1150 2023 1209 domum

310 1242 602 1316 propriam
630 1240 783 1298 felici
812 1239 1170 1314 postliminio
1200 1241 1448 1311 rediens,
1476 1241 1809 1314 durumque
1842 1246 2021 1297 certa-

310 1348 444 1390 men
472 1347 801 1405 aggressus,
828 1331 981 1389 inter
1013 1346 1257 1390 uxorem
1285 1338 1341 1390 et
1367 1338 1683 1405 utrumque
1702 1336 2018 1404 parentem,

311 1420 465 1479 inter
498 1420 847 1479 vernaculos
884 1419 1291 1494 diversamque
1330 1419 1634 1492 familiam,
1664 1425 1731 1478 ut
1768 1418 1873 1477 soli
1902 1419 2022 1477 Deo

312 1510 472 1568 ﬁeret
500 1509 780 1567 veraciter
812 1514 1003 1579 notus,
1043 1508 1309 1566 omnium
1353 1506 1559 1565 fefellit
1592 1514 1875 1581 aspectus.
1910 1507 2019 1565 Po-

310 1605 523 1659 stremo
561 1603 835 1673 quartum
874 1604 979 1669 est,
1018 1597 1172 1673 quod
1212 1597 1333 1656 illic
1380 1603 1507 1670 post
1547 1596 1741 1671 alapas
1786 1612 1853 1655 ac
1898 1613 2023 1655 ver-

311 1688 447 1747 bera
492 1685 883 1758 servulorum,
929 1692 1054 1760 post
1105 1686 1585 1745 subsannationes
1625 1692 1681 1744 et
1719 1691 2019 1744 contume-

2105 524 2285 597 igitur
2320 523 2568 583 caelestis
2603 523 2872 597 agricol-ce
2909 525 3248 598 disponente
3284 543 3575 599 mensura,
3615 543 3817 588 semen

2106 614 2358 673 surrexit
2396 614 2458 672 in
2498 614 2760 683 herbam,
2812 614 2987 672 herba
3026 617 3205 674 crevit
3247 618 3307 675 in
3363 619 3600 692 spicam,
3657 619 3819 693 spica

2104 704 2315 776 prodiit
2360 704 2421 761 in
2451 704 2834 769 frumentum,
2873 706 3231 763 frumentum
3275 707 3537 780 pervenit
3564 706 3636 764 ad
3676 708 3820 766 bor—

2104 808 2290 851 reum.
2334 793 2641 852 Plenitudo
2680 793 2893 868 quippe
2939 794 3241 862 virtutum,
3277 795 3425 853 sicut
3459 796 3677 855 dictum
3706 803 3816 867 est,

2104 896 2224 939 non
2271 887 2384 939 tota
2428 881 2625 951 simul,
2685 882 2784 940 sed
2842 898 2941 955 per
2993 882 3348 941 incrementa
3397 882 3705 955 tribuitur;
3749 891 3821 943 ut

2102 970 2173 1028 ad
2218 987 2344 1029 eam
2379 987 2479 1045 per
2520 971 2817 1030 diuturna:
2860 972 3245 1045 provectionis
3290 987 3602 1041 accessum,
3644 972 3820 1048 quasi

2102 1058 2453 1133 quibusdam
2483 1061 2678 1131 magni
2705 1059 3119 1119 moderaminis
3151 1060 3427 1132 gradibus
3448 1061 3814 1119 ascendatur.

2173 1147 2315 1205 Ηωε
2343 1147 2514 1221 plane
2547 1156 2848 1221 provectus
2876 1148 3058 1207 nostri
3109 1149 3462 1223 quadrifaria
3492 1149 3818 1221 dispositio,

2102 1252 2234 1309 quae
2264 1236 2337 1293 ab
2374 1237 2498 1310 ipso
2528 1236 2772 1296 Domino
2810 1238 2920 1296 sub
2952 1237 3194 1296 seminis
3222 1238 3408 1311 figura
3445 1238 3815 1308 describitur,
3878 1305 3884 1310 ,

2100 1324 2255 1397 apud
2306 1315 2664 1383 Ezechielem
2718 1326 3052 1399 prOpbetam
3106 1343 3203 1399 per
3238 1341 3405 1399 aqua:
3467 1325 3818 1385 vombulum

2101 1412 2453 1486 designatur.
2487 1411 2569 1471 De
2610 1414 2735 1472 viro
2773 1413 3006 1487 quippe,
3037 1430 3211 1487 quem
3253 1414 3315 1473 in
3353 1412 3586 1473 excelso
3614 1422 3817 1472 monte

2100 1509 2495 1574 conspexerat,
2551 1502 2676 1559 haec
2727 1517 2830 1576 per
2879 1502 3146 1561 ordinem
3200 1510 3394 1561 narrat
3444 1522 3457 1561 :
3516 1527 3536 1556 ι
3574 1502 3820 1562 Mensus

2100 1599 2204 1661 est,
2241 1591 2453 1665 inquit,
2494 1590 2719 1649 cubitos
2763 1591 2945 1662 mille,
2975 1599 3029 1650 et
3058 1592 3316 1651 traduxit
3349 1611 3440 1652 me
3471 1608 3573 1667 per
3595 1608 3818 1666 aquam

2100 1693 2285 1751 usque
2312 1677 2383 1736 ad
2413 1677 2588 1747 talos;
2631 1695 2983 1750 rursumque
3014 1696 3253 1741 mensus
3280 1689 3365 1739 est
3393 1680 3574 1750 mille,
3609 1688 3665 1738 et
3695 1687 3817 1737 tra-

308 1775 416 1835 lias
444 1773 832 1846 irridentium,
862 1779 989 1847 post
1024 1775 1502 1834 cachinnantium
1539 1789 1608 1832 ac
1652 1763 2273 1853 seevientiudeHXit
2312 1781 2402 1823 me
2454 1782 2555 1839 Per
2604 1782 2817 1840 θαυδω
2867 1783 3053 1841 usque
3090 1768 3159 1825 ad
3193 1782 3423 1841 genua;
3479 1773 3535 1825 εἴ
3574 1782 3817 1826 mensus

308 1866 525 1942 plagas,
562 1869 689 1938 post
731 1862 1124 1921 intolerabiles
1157 1862 1409 1939 denique
1452 1863 1870 1937 patientissime
1925 1870 2010 1920 to-

305 1956 501 2014 leratae
520 1952 861 2012 calamitatis
880 1951 1149 2027 injurias,
1175 1952 1405 2010 tandem
1428 1952 1671 2011 feliciter
1696 1952 1858 2023 obiit,
1881 1958 2010 2010 tan-

306 2039 688 2116 tiquelaboris
708 2039 994 2101 immensa
1016 2037 1331 2096 certamina
1352 2039 1519 2097 beato
1536 2038 1655 2095 fine
1681 2037 2008 2112 complevit.

376 2130 522 2190 Cum
586 2145 722 2203 ergo
790 2129 1078 2188 mundum
1137 2128 1389 2201 insignis
1443 2128 1553 2209 vir.
1585 2127 1692 2185 iste
1735 2126 2011 2199 deseruit,

305 2237 501 2281 nonne
524 2220 950 2296 quodammodo
981 2227 1121 2279 tunc
1146 2221 1325 2279 herba
1349 2218 1507 2279 fuit?
1536 2219 1752 2278 Debilis
1774 2218 2012 2293 quidem

305 2310 495 2370 adhuc
545 2325 649 2383 per
697 2308 1096 2368 conversionis
1154 2308 1390 2368 novitiaa
1440 2309 1861 2378 rudimentum,
1913 2306 2014 2365 sed

297 2400 419 2474 jam
447 2414 625 2458 urens
656 2414 757 2472 per
785 2397 906 2471 spei
929 2396 1197 2467 caelestis,
1230 2396 1384 2471 quod
1428 2402 1619 2454 mente
1655 2402 2008 2469 conceperat,

301 2485 675 2544 desiderium.
714 2483 836 2542 Nisi
874 2484 1032 2541 enim
1062 2483 1121 2541 in
1161 2498 1298 2556 agro
1338 2482 1560 2541 meritis
1597 2482 1723 2555 ejus
1755 2482 2011 2541 mundus

298 2578 596 2643 aresceret,
638 2588 756 2630 non
796 2572 1139 2646 sprevisset;
1178 2577 1234 2630 et
1263 2572 1379 2629 nisi
1420 2587 1687 2647 supernas
1732 2573 1852 2647 spei
1898 2573 2009 2632 sibi

299 2663 459 2721 viror
495 2662 730 2732 inesset,
760 2677 877 2720 non
921 2661 993 2718 ad
1027 2660 1214 2719 Deum
1244 2666 1552 2735 tantopere,
1583 2661 1841 2720 dimissis
1880 2677 2005 2720 om-

300 2755 498 2825 nibus,
548 2753 858 2812 festinaret.
906 2750 976 2809 In
1032 2750 1132 2808 illa
1170 2750 1388 2809 scilicet
1427 2751 1784 2823 haereditate,
1832 2768 2009 2826 quam

298 2844 503 2901 beatus
552 2840 757 2899 Petrus
804 2862 829 2889 α
869 2837 1406 2909 iucontaminatam,
1448 2839 2005 2910 immarcescibilem,

295 2931 692 2990 conservatam
727 2925 788 2984 in
839 2925 999 2984 caelis
1039 2930 1086 2995 (Ι
1118 2929 1262 2983 Petr.
1316 2930 1375 2996 ι),
1425 2949 1446 2977 ι
1486 2927 1767 3001 appellat;
1808 2933 1864 2986 et
1891 2927 2006 2985 Do-

297 3019 495 3078 minus
544 3030 757 3091 pascua
807 3014 1068 3074 nominat
1125 3019 1296 3087 (Joan.
1331 3018 1435 3081 xl:
1468 3015 1648 3074 herba
1695 3016 1808 3074 ista
1853 3015 2005 3074 radi-

294 3122 420 3166 cem
461 3106 683 3175 tixerat,
723 3111 899 3177 atque
940 3103 1068 3163 ideo
1106 3118 1376 3178 supernae
1413 3103 1614 3176 gratim
1647 3104 1835 3163 virore
1871 3121 2004 3163 ver-

2102 1860 2188 1912 est
2218 1854 2397 1927 mille,
2430 1862 2485 1913 et
2513 1857 2770 1915 traduxit
2800 1872 2892 1915 me
2918 1873 3021 1932 per
3047 1873 3260 1931 aquam
3290 1873 3475 1932 usque
3498 1857 3570 1915 ad
3598 1873 3769 1916 renes
3791 1878 3811 1929 ;

2099 1949 2157 2001 et
2186 1960 2423 2004 mensus
2453 1952 2539 2004 est
2571 1946 2751 2017 mille,
2780 1954 3110 2017 torrentem,
3142 1963 3318 2022 quem
3348 1964 3464 2007 non
3490 1947 3651 2023 potui
3677 1964 3811 2021 per-

2104 2034 2365 2105 transire,
2392 2035 2668 2107 quoniam
2709 2036 3111 2095 intumuerant
3145 2053 3314 2111 aqua:
3351 2037 3658 2111 profundae
3692 2046 3811 2097 tor-

2100 2121 2302 2193 rentis,
2334 2124 2436 2196 qui
2468 2139 2582 2182 non
2625 2133 2843 2199 poterat
2881 2126 3236 2185 transvadari
3272 2130 3487 2190 (Ezech.
3520 2133 3740 2197 XLVII).
3782 2153 3808 2178 ι

2100 2210 2248 2279 Quid
2270 2211 2440 2284 plane
2465 2212 2804 2287 designatur
2824 2215 2880 2271 in
2910 2214 3236 2273 millenario
3258 2232 3524 2288 numero,
3557 2218 3667 2275 uisi
3698 2219 3813 2277 col-

2100 2297 2200 2356 lati
2234 2301 2495 2359 muneris
2530 2300 2829 2375 plenitudo
2856 2300 2882 2359 ?
2912 2302 3062 2372 Quid
3091 2304 3186 2362 hic
3210 2319 3384 2377 aqua,
3417 2306 3532 2363 nisi
3556 2305 3811 2365 ccelestis

2099 2395 2181 2445 est
2205 2388 2518 2461 sapientia?
2544 2389 2705 2448 Unde
2726 2406 2826 2464 per
2854 2390 3220 2450 Salomonem
3235 2393 3480 2452 dicitur:
3510 2419 3537 2442 κ
3566 2393 3811 2468 Sapien-

2097 2476 2176 2535 tia
2200 2477 2304 2536 Dei
2332 2487 2692 2551 erupuerunt
2718 2479 2929 2553 abyssi,
2963 2488 3019 2538 et
3048 2481 3231 2539 nubes
3260 2497 3387 2541 rore
3424 2490 3811 2542 concrescunt

2097 2571 2276 2636 (Prov.
2311 2574 2472 2637 111).»
2513 2568 2615 2626 Vir
2652 2569 2866 2645 itaque,
2909 2570 3012 2645 qui
3042 2572 3327 2644 apparuit,
3368 2572 3527 2630 mille
3575 2572 3809 2631 cubitos

2097 2655 2357 2727 metitur,
2372 2664 2426 2714 et
2448 2656 2723 2729 propheta
2741 2673 2842 2729 per
2858 2673 3069 2731 aquam
3082 2674 3264 2730 usque
3281 2658 3352 2717 ad
3382 2659 3524 2718 talos
3536 2660 3805 2731 ducitur;

2096 2744 2235 2817 quia
2259 2744 2605 2818 Redemptor
2626 2751 2819 2803 noster
2842 2761 2974 2805 cum
3005 2747 3170 2806 nobis
3196 2746 3266 2805 ad
3290 2764 3349 2806 se
3373 2764 3476 2807 con
3488 2749 3667 2807 versis
3688 2747 3807 2821 spi-

2094 2831 2280 2890 ritalis
2301 2834 2522 2892 exordii
2552 2834 2970 2908 plenitudinem
3002 2835 3223 2909 tribuit,
3249 2837 3400 2896 dono
3422 2854 3693 2912 supernae
3719 2854 3804 2896 sa-

2094 2922 2349 2996 pientiae,
2373 2925 2540 3000 quasi
2553 2925 2737 2999 prima
2752 2924 2992 2999 vestigia
3012 2933 3227 2984 nostrae
3247 2928 3806 3000 operationisinfun-

2093 3010 2196 3069 dit.
2238 3011 2384 3069 Nam
2414 3012 2583 3085 quasi
2612 3030 2800 3088 usque
2842 3013 2913 3071 ad
2963 3013 3106 3072 talos
3146 3015 3409 3087 pervenit
3448 3031 3620 3089 aqua,
3659 3032 3802 3075 cum

2094 3115 2200 3158 nos
2228 3116 2326 3173 per
2369 3108 2655 3175 acceptam
2695 3101 3036 3175 sapientiam
3069 3102 3406 3161 desiderata:
3432 3103 3804 3178 rectitudinis

295 3195 487 3254 nabat.
537 3193 684 3253 Cum
729 3208 868 3251 vero
907 3194 1029 3267 jam
1084 3192 1315 3267 prolixo
1370 3193 1623 3267 tempore
1675 3193 1739 3253 in
1792 3188 2328 3267 ignotm“iigimus
2367 3188 2631 3247 inchoata
2672 3189 2927 3261 vestigia.
2971 3189 3082 3259 Qui
3120 3206 3326 3250 rursus
3361 3191 3587 3251 cubitos
3625 3194 3799 3252 meti-

291 3285 546 3358 regionis
603 3283 812 3342 exsilio
870 3282 1137 3357 perstitit,
1201 3298 1447 3359 seseque
1503 3284 1575 3340 ad
1636 3284 2007 3359 perferendas
2091 3286 2185 3339 tur
2223 3280 2405 3351 mille,
2454 3287 2509 3339 et
2551 3280 2824 3355 propheta
2865 3296 3053 3355 usque
3096 3281 3167 3361 ad
3211 3298 3405 3356 genua
3444 3299 3546 3356 per
3581 3299 3801 3357 aquam

291 3377 409 3430 tam
457 3371 616 3445 jugis
676 3370 893 3445 inopiae
954 3376 1008 3429 et
1051 3371 1394 3430 calamitatis
1440 3386 1791 3431 aerumnosa;
1832 3373 2007 3431 mole-
2087 3368 2360 3441 ducitur;
2390 3370 2669 3443 quoniam
2694 3370 2766 3429 ad
2796 3370 2905 3428 hoc
2927 3369 3048 3443 jam
3070 3371 3370 3445 sapientiae
3392 3378 3601 3431 nostra:
3632 3374 3801 3447 vigor

290 3461 429 3520 stias
480 3459 621 3517 143
668 3461 994 3532 roboravit;
1024 3461 1165 3535 quid
1209 3461 1394 3534 aliud,
1446 3476 1643 3534 quam,
1692 3468 1757 3521 ut
1804 3462 1882 3521 ita
1929 3462 2010 3521 lo-
2088 3467 2355 3534 augetur,
2418 3466 2482 3519 ut
2538 3460 2609 3519 ad
2669 3461 3047 3535 perpetranda
3098 3463 3395 3536 pravitatis
3448 3479 3621 3538 Opera
3675 3481 3798 3524 non

288 3564 456 3624 quar,
495 3550 673 3609 herba
717 3557 915 3609 tenera
949 3548 1210 3608 surrexit
1258 3549 1318 3607 in
1360 3548 1597 3623 spicam.
1631 3549 2007 3609 Postmodum
2089 3548 2365 3607 ﬂectatur.
2394 3548 2560 3607 Unde
2588 3564 2688 3622 per
2713 3548 2965 3608 Paulum
2995 3550 3247 3610 dicitur:
3285 3578 3314 3603 α
3345 3551 3637 3611 Remissas
3665 3569 3794 3612 ma-

289 3654 428 3698 vero
483 3654 617 3698 cum
668 3655 770 3713 per
824 3640 1183 3698 iufusionem
1242 3640 1425 3698 sancti
1479 3640 1748 3715 Spiritus,
1809 3639 2005 3698 intimi
2089 3656 2220 3707 nus,
2265 3646 2323 3697 et
2372 3638 2649 3698 dissoluta
2705 3654 2894 3712 genua
2948 3639 3171 3713 erigite,
3224 3647 3281 3698 et
3330 3657 3560 3713 gressus
3614 3650 3799 3701 rectos

289 3726 515 3786 roboris
542 3728 739 3801 vigore
787 3733 1082 3801 concepto,
1122 3734 1421 3802 paternam
1453 3729 1695 3787 domum
1723 3727 2006 3787 acerrima
2094 3727 2237 3783 144
2262 3728 2430 3787 facite
2463 3728 2710 3802 pedibus
2746 3730 2969 3798 vestris,
3003 3745 3076 3788 ne
3103 3729 3433 3790 claudicans
3463 3732 3596 3807 quis
3623 3739 3795 3804 erret,

290 3822 346 3873 et
373 3817 523 3874 ultra
560 3817 846 3875 humanas
875 3816 1030 3874 vires
1059 3816 1260 3889 gravia
1296 3819 1613 3876 certamina
1650 3816 2008 3876 toleraturus
2089 3819 2274 3891 magis
2300 3824 2494 3877 autem
2520 3822 2757 3876 sanetur
2784 3819 2968 3887 (Hebr.
3002 3822 3132 3889 xu).
3172 3844 3199 3868 »
3237 3822 3408 3895 Aqua
3440 3837 3575 3880 vero
3606 3836 3798 3896 usque

290 3904 563 3974 intravit;
611 3905 753 3978 quid
797 3904 979 3977 aliud,
1022 3921 1196 3980 quam
1246 3906 1317 3963 ad
1359 3907 1597 3980 plenum
1643 3908 2003 3970 frumentum
2088 3906 2161 3963 ad
2188 3922 2380 3979 genua
2421 3906 2706 3979 pervenit,
2742 3922 2875 3964 cum
2909 3921 3016 3965 nos
3052 3913 3316 3981 percepta
3353 3909 3633 3981 sapientia
3664 3925 3798 3983 per-

288 3997 451 4055 dives
491 3997 612 4054 haec
649 3997 805 4071 spica
843 3998 1160 4071 pervenit?
1207 3997 1347 4056 Haec
1396 3997 1680 4057 nimirum
1736 3997 1891 4073 spica
1942 3999 2005 4057 in
2090 3994 2233 4053 fecte
2287 3994 2358 4053 ad
2392 3995 2527 4053 boni
2573 3995 2765 4069 operis
2807 3995 3216 4055 rectitudinem
3261 3997 3528 4071 stringit;
3574 4004 3641 4057 ut
3673 3999 3796 4071 jam

291 4089 505 4142 statum
530 4086 652 4158 jam
694 4085 835 4142 tanti
872 4085 1093 4143 roboris
1129 4088 1519 4157 convaluerat,
1550 4093 1616 4146 ut
1644 4103 1718 4145 ex
1747 4103 1845 4145 ore
1883 4102 2005 4145 ser-
2088 4089 2284 4141 noster
2324 4082 2560 4141 animus
2590 4098 2708 4141 non
2746 4083 2975 4142 vacillet
3012 4100 3081 4144 ac
3120 4085 3347 4155 titubet,
3388 4083 3487 4144 sed
3525 4087 3589 4145 in
3619 4087 3794 4158 bono,

291 4173 570 4230 vulorum
623 4173 913 4245 probrosa)
970 4175 1337 4233 contumeliae
1419 4176 1599 4233 ﬂabra
1656 4178 2007 4250 profluerent
2088 4172 2242 4246 quod
2302 4178 2567 4245 cmperat,
2623 4172 2868 4243 vestigia
2944 4173 3062 4231 fixa
3136 4175 3457 4234 conﬁrmet.
3512 4174 3796 4235 Praefatae

293 4275 400 4318 nec
425 4261 772 4332 obruerent;
800 4261 869 4319 de
900 4262 1238 4335 quotidiauo
1265 4263 1548 4337 conjugis,
1583 4271 2005 4339 parentumque
2088 4261 2257 4318 etiam
2298 4260 2388 4318 vir
2415 4259 2628 4318 iterum
2660 4276 2897 4319 mensus
2938 4267 3025 4319 est
3061 4260 3244 4333 mille,
3282 4269 3338 4321 et
3384 4265 3662 4339 prOpheta
3698 4279 3796 4339 per

290 4357 600 4423 conspectu
633 4352 1017 4409 tentationum
1046 4350 1261 4408 fluctus
1287 4350 1699 4424 impingerent,
1725 4367 1829 4410 nec
1856 4360 2002 4411 ster-
2087 4364 2298 4422 aquam
2332 4364 2518 4424 usque
2561 4348 2634 4406 ad
2672 4364 2840 4406 renes
2877 4348 3145 4419 ducitur;
3176 4350 3314 4423 quia
3350 4357 3489 4409 tunc
3527 4351 3796 4410 videlicet

290 4453 429 4497 nere
474 4438 813 4512 potuissent.
868 4438 1133 4497 Fundata
1173 4439 1386 4513 quippe
1426 4439 1634 4499 domus
1670 4450 1791 4500 erat
1828 4435 2148 4516 suprahin
2188 4437 2355 4495 nobis
2393 4436 2690 4512 plenitudo
2731 4436 2911 4496 sancti
2955 4438 3144 4510 operis
3182 4438 3401 4509 crescit,
3452 4440 3689 4513 quando
3730 4440 3792 4498 in

290 4526 520 4585 firmam
565 4535 783 4600 petram
823 4529 1043 4596 (Matth.
1083 4533 1211 4597 VII).
1254 4527 1326 4584 Et
1362 4527 1600 4601 quidem
1655 4529 1794 4588 dum
1852 4547 1999 4605 pau-

288 4622 476 4690 pertas
509 4618 764 4677 exterior
806 4617 1057 4692 inopem,
1104 4632 1401 4690 pannosus
1443 4617 1676 4677 habitus
1713 4625 1768 4677 et
1822 4636 1998 4679 exesa-

288 4707 403 4766 ries
456 4707 717 4766 redderet
749 4708 967 4767 inculta
1016 4708 1355 4780 deformem,
1404 4709 1570 4780 quasi
1624 4709 1768 4768 viles
1818 4712 2000 4770 culmi

288 4801 344 4853 et
383 4796 576 4853 aristae
620 4794 844 4854 steriles
887 4795 1234 4854 videbantur
1272 4795 1333 4852 in
1383 4795 1563 4869 palea,
1612 4798 1711 4855 sed
1761 4799 1999 4871 plenum

287 4901 539 4959 granum
577 4885 783 4944 latebat
822 4886 977 4944 intra
1016 4886 1385 4944 conscientia:
1424 4885 1667 4945 thecam.
1708 4886 1860 4946 Illud
1907 4889 1997 4947 ni-

288 4974 506 5033 mirum
539 4990 814 5049 granum,
849 4973 1003 5047 quod
1052 4975 1124 5033 de
1157 4974 1462 5047 semetipso
1502 4973 1725 5033 dicebat
1766 4994 1778 5033 :
1815 4998 1842 5030 (ι
1874 4976 1999 5035 Nisi

288 5078 539 5135 granum
581 5063 857 5122 frumenti
896 5065 1105 5122 cadens
1137 5064 1196 5121 in
1246 5069 1477 5134 terram,
1522 5070 1817 5123 mortuum
1866 5066 1998 5125 fue-

286 5151 382 5223 rit,
425 5152 617 5225 ipsum
646 5153 833 5211 solum
862 5158 1057 5211 manet
1083 5156 1268 5221 (Joan.
1297 5157 1428 5222 xu).
1466 5177 1491 5203 -
1523 5151 1734 5222 Quarto
1760 5154 1998 5214 demum

288 5236 412 5296 loco
464 5239 584 5298 falx
631 5240 806 5299 missa
855 5248 960 5314 est,
1010 5247 1075 5300 ut
1122 5243 1297 5316 spica,
1348 5257 1484 5316 quae
1530 5242 1602 5300 ad
1653 5242 1998 5303 maturitatis

287 5329 712 5402 plenitudinem
757 5339 1016 5404 venerat,
1057 5323 1389 5405 meteretur,
1427 5349 1563 5392 cum
1603 5334 1997 5409 dispositionis

286 5415 506 5475 divinae
548 5420 826 5478 sententia
872 5419 1118 5479 electum
1163 5436 1337 5479 suum
1387 5421 1460 5479 ab
1499 5422 1606 5481 hac
1646 5423 1761 5481 vita
1796 5423 1997 5498 ρι’ωεὶ-

286 5506 390 5577 dit,
440 5506 793 5580 abjectisque
834 5507 1227 5567 calamitatum
1262 5509 1526 5568 omnium
1565 5509 1765 5583 paleis,
1814 5525 1995 5569 mun-

2086 4528 2255 4586 nobis
2287 4532 2550 4601 percepta
2579 4526 2876 4600 sapientia,
2914 4542 3172 4596 omnem,
3198 4534 3484 4600 quantum
3514 4528 3792 4603 possibile

2086 4625 2190 4691 est,
2230 4618 2668 4678 delectationem
2704 4618 2895 4676 carnis
2927 4618 3294 4676 exstinxerit.
3333 4617 3463 4676 Nisi
3500 4618 3664 4676 enim
3702 4632 3788 4675 re-

2086 4707 2260 4766 nibus
2309 4706 2607 4766 delectatio
2646 4707 2838 4765 caruis
2875 4706 3109 4779 inesset,
3151 4705 3457 4764 Psalmista
3502 4706 3623 4764 Deo
3670 4721 3788 4764 non

2083 4796 2298 4855 diceret
2330 4820 2342 4854 :
2377 4817 2404 4850 ‹‹
2435 4795 2543 4854 Ure
2568 4811 2735 4853 renes
2757 4810 2933 4865 meos,
2955 4800 3009 4853 et
3033 4810 3130 4853 cor
3152 4796 3534 4864 meum(Psal.
3562 4798 3734 4865 XXV).
3756 4813 3783 4845 ιι

2082 4887 2247 4960 Aqua
2278 4901 2411 4961 ergo
2439 4886 2510 4944 ad
2542 4900 2707 4943 renes
2730 4883 2910 4956 venit,
2940 4885 3281 4943 cuminfusa
3309 4884 3478 4944 nobis
3505 4882 3788 4957 sapientia

2081 4974 2406 5047 petulantes
2435 4973 2753 5045 illecebras,
2789 4980 2843 5032 et
2883 4973 3177 5031 incentiva
3212 4972 3402 5031 carnis
3435 4969 3783 5047 exstinguit.

2082 5063 2193 5133 Qui
2234 5062 2326 5122 vir
2367 5064 2558 5122 adhuc
2587 5078 2823 5121 mensus
2862 5069 2949 5121 est
2992 5062 3176 5133 mille,
3209 5066 3541 5131 torrentem,
3580 5077 3781 5136 quem,

2081 5152 2230 5211 sicut
2282 5152 2512 5223 dicitur,
2572 5152 2848 5227 propheta
2903 5153 3147 5210 transire
3195 5167 3315 5210 non
3368 5152 3594 5225 potuit;
3636 5166 3783 5225 quo-

2079 5242 2237 5300 niam
2267 5241 2666 5309 intumuerant
2688 5256 2856 5315 aqua:
2885 5240 3189 5316 profundae
3219 5242 3506 5313 torrentis,
3532 5243 3637 5317 qui
3664 5258 3781 5304 non

2077 5332 2265 5405 potuit
2287 5332 2659 5391 transvadari.
2687 5331 2756 5392 In
2778 5332 2931 5406 quod
2954 5330 3256 5405 nimirum,
3279 5333 3419 5408 quid
3437 5331 3598 5392 aliud
3613 5331 3781 5392 nobis

2078 5419 2367 5492 innuitur,
2412 5420 2526 5479 nisi
2573 5420 2712 5496 quia
2759 5428 2887 5494 post
2922 5421 3093 5494 pedes
3131 5426 3357 5480 nostros
3382 5422 3504 5496 jam
3539 5420 3602 5479 in
3640 5419 3778 5479 boni

2074 5512 2264 5585 operis
2311 5512 2518 5571 itinere
2577 5512 2936 5584 constitutos,
2992 5518 3118 5587 post
3169 5529 3363 5587 genua
3416 5512 3605 5573 cordis
3658 5527 3778 5571 non

283 5596 446 5669 dum,
488 5601 544 5656 et
582 5594 824 5655 omnino
876 5601 1190 5670 purgatum
1236 5596 1300 5657 in
1348 5597 1448 5657 illo
1502 5598 1755 5659 caelestis
1797 5599 1992 5659 horrei
2068 5599 2188 5674 jam
2219 5599 2395 5661 dubie
2429 5599 2780 5673 vacillantia,
2814 5602 2914 5661 sed
2942 5598 3015 5661 ad
3048 5601 3437 5663 incedendum
3475 5616 3577 5676 per
3597 5598 3775 5676 justi-
