4022 6202
253 289 356 348 657

1725 289 1973 352 SERMO
2010 290 2277 350 XXVIII.

3646 287 3757 350 658

254 416 345 474 tia
385 413 671 473 tramitem
723 413 968 473 ﬁrmiter
1007 416 1267 476 roborata
1299 461 1314 489 ,
1365 423 1488 493 post
1535 415 2139 478 oblectamentaAbili
2179 430 2349 473 carne
2405 415 2742 488 perfruitur,
2777 429 2915 472 mox
2958 419 3024 473 ut
3065 412 3292 486 obierit,
3324 413 3397 471 ad
3434 412 3751 486 plenitudi-

250 503 500 575 renium,
532 508 588 561 et
632 506 935 562 astuantis
978 504 1271 565 incentiva
1301 507 1493 565 carnis
1529 507 1833 575 exstincta,
1868 505 1959 564 vir

249 592 495 666 quisque
547 593 834 665 perfectus
878 592 949 649 ad
993 598 1207 651 tantam
1244 594 1661 667 plenitudinem
1699 601 1957 653 contem-

247 680 516 754 plationis
558 680 859 749 attollitur,
894 686 960 738 ut
985 681 1125 739 dum
1156 697 1272 739 non
1318 689 1500 756 potest
1526 689 1638 741 tam
1677 681 1959 741 eximiam

244 768 697 841 profunditatem
754 769 823 826 ad
880 768 1173 843 liquidum
1233 772 1738 845 comprehendere,
1798 771 1959 830 velut

247 858 635 917 excrescentis
658 858 836 917 unda
870 858 1084 917 vadum
1116 874 1282 917 mens
1320 875 1435 918 non
1480 860 1665 918 valeat
1701 862 1960 920 humana

246 945 511 1003 transire.

313 1031 459 1101 Qua
485 1031 754 1090 videlicet
781 1031 977 1089 omnia
1019 1031 1193 1103 gestis
1228 1031 1291 1091 B.
1320 1033 1515 1093 Alexii
1559 1039 1959 1109 congruentis-

244 1122 389 1179 sime
440 1119 713 1178 videntur
757 1119 961 1194 aptari.
996 1119 1141 1178 Nam
1190 1136 1327 1179 cum
1369 1139 1403 1179 a
1448 1124 1700 1197 paternis
1741 1125 1962 1186 laribus

242 1217 415 1284 atque
457 1212 528 1268 ab
576 1210 752 1284 hujus
801 1211 1004 1269 mundi
1056 1210 1307 1271 vanitate
1353 1214 1641 1285 recedens,
1683 1217 1961 1276 exsilium

242 1300 430 1373 petiit;
470 1307 609 1358 tunc
657 1298 767 1358 sibi
815 1301 1244 1373 quodammodo
1292 1319 1441 1376 aqua
1484 1305 1752 1364 torrentis
1785 1307 1963 1381 hujus

241 1389 307 1447 ad
364 1389 510 1447 talos
560 1405 745 1464 usque
780 1391 1063 1463 pervenit.
1106 1391 1247 1449 Hac
1283 1408 1434 1467 aqua
1471 1409 1654 1469 usque
1694 1397 1765 1454 ad
1820 1396 1963 1455 talos

243 1480 433 1554 Moysi
466 1486 521 1538 et
546 1480 725 1539 Josue
754 1488 891 1539 tunc
930 1481 1293 1552 ascendebat,
1330 1498 1462 1541 cum
1498 1484 1582 1542 eis
1618 1500 1732 1542 vox
1764 1485 1963 1544 divina

237 1568 470 1643 juberet
497 1615 514 1640 ,
562 1576 625 1628 ut
670 1570 1053 1629 calceamenta
1096 1571 1168 1629 de
1218 1571 1342 1630 suis
1381 1573 1626 1644 pedibus
1675 1573 1965 1633 solverent

240 1661 446 1728 (Exod.
485 1672 578 1731 III;
615 1664 727 1718 Jos.
782 1666 867 1730 V).
915 1661 1054 1720 Hac
1094 1662 1421 1734 apostolicis
1458 1665 1820 1737 postmodum
1862 1681 1963 1739 pe-

2046 522 2177 564 nem
2251 504 2558 580 profunda
2622 518 2688 561 ac
2759 501 3192 576 perfectissima
3252 501 3755 576 contemplationis

2043 594 2341 666 attollitur,
2375 593 2517 651 adeo
2544 599 2608 651 ut
2638 591 2708 649 ad
2736 590 3121 649 contuendam
3159 591 3345 664 ipsam
3374 605 3623 648 summa
3651 604 3754 647 ve-

2043 685 2227 742 ritatis
2265 685 2514 758 speciem
2554 683 2906 756 provehatur
2937 686 2991 749 (Ι
3015 684 3132 739 Cor.
3167 685 3323 751 XIII).
3363 681 3531 739 Tunc
3561 682 3757 756 itaque

2046 779 2267 830 torrens
2322 786 2434 829 non
2490 774 2673 844 potest
2723 768 3045 842 pervadari,
3101 769 3241 843 quia
3277 769 3572 828 melliﬂua
3625 786 3757 829 con—

2045 861 2433 937 templationis
2461 869 2675 919 aterna
2699 860 2940 918 dulcedo
2970 858 3137 917 nullo
3169 860 3290 934 jam
3321 861 3437 918 fine
3463 861 3752 932 concludi,

2043 950 2204 1009 nulla
2272 958 2597 1023 temporum
2666 948 2817 1006 valet
2869 947 3197 1022 prolixitate
3271 948 3448 1006 ﬁniri.
3506 948 3757 1009 Torrens

2044 1056 2177 1113 ergo
2205 1040 2303 1099 ille
2332 1038 2834 1114 contemplationis
2875 1045 3131 1109 aterna,
3166 1054 3302 1112 qua
3338 1055 3459 1097 non
3491 1046 3628 1099 tunc
3655 1057 3759 1114 per

2044 1130 2221 1188 fidem
2268 1130 2569 1204 quaritur,
2603 1128 2701 1187 sed
2755 1143 2855 1201 per
2898 1128 3143 1202 speciem
3182 1128 3304 1202 jam
3337 1133 3584 1203 tenetur,
3617 1130 3758 1202 quia

2045 1219 2228 1277 nescit
2275 1219 2537 1289 transire,
2583 1218 2786 1292 nequit
2811 1216 3051 1275 omnino
3085 1215 3344 1286 transiri;
3373 1224 3429 1275 et
3465 1217 3603 1292 quia
3642 1234 3759 1277 non

2046 1309 2196 1368 valet
2236 1308 2510 1366 humanis
2535 1306 2900 1365 sermonibus
2929 1306 3200 1379 exprimi,
3236 1322 3349 1365 non
3383 1313 3584 1381 potest,
3613 1307 3760 1365 sicut

2044 1399 2278 1469 dicitur,
2327 1398 2400 1456 ab
2464 1397 2701 1455 homine
2765 1397 3086 1470 pervadari.
3144 1396 3317 1455 Hunc
3379 1398 3607 1456 sitiebat
3662 1397 3760 1455 ille

2048 1492 2382 1555 torrentem,
2438 1484 2539 1558 qui
2600 1483 2712 1542 sub
2766 1498 2865 1556 spe
2915 1489 3067 1541 certa
3118 1484 3240 1558 jam
3294 1483 3759 1556 gratulabundus

2045 1578 2233 1636 aiebat
2263 1596 2276 1634 :
2326 1600 2347 1627 ι
2384 1575 2504 1650 Ego
2549 1581 2743 1633 autem
2772 1589 2906 1632 cum
2935 1574 3160 1648 justitia
3192 1574 3477 1647 apparebo
3516 1575 3579 1633 in
3617 1590 3758 1633 con-

2046 1675 2243 1743 spectu
2283 1675 2416 1738 tuo;
2464 1666 2713 1724 satiabor
2758 1666 2900 1724 dum
2940 1663 3402 1723 manifestabitur
3444 1664 3627 1737 gloria
3665 1671 3762 1724 tua

239 1747 414 1807 dibus
445 1749 742 1823 inﬂuebat,
778 1767 915 1811 cum
946 1753 1030 1810 eis
1066 1752 1391 1810 diceretur:
1446 1774 1474 1806 «
1507 1753 1695 1812 Nolite
1738 1758 2210 1831 portareB(Psal.
2242 1760 2388 1830 XVI).
2425 1778 2452 1810 »
2500 1756 2581 1815 De
2618 1756 2726 1814 hoc
2754 1755 2961 1813 iterum
3009 1753 3149 1811 dicit
3184 1776 3196 1809 :
3242 1774 3269 1805 α
3310 1751 3762 1811 Inebriabuntur

239 1837 532 1896 sacculum
561 1884 577 1909 ,
623 1854 813 1913 neque
854 1856 1087 1912 peram,
1134 1856 1323 1915 neque
1374 1842 1760 1901 calceamenta
1804 1847 1956 1913 (Luc.

241 1929 317 1993 x).
378 1945 407 1977 ιο
459 1924 760 1999 Oportebat
824 1928 983 1988 enim
1015 1976 1028 1999 ,
1091 1936 1156 1987 ut
1228 1930 1664 1989 annuntiatores
1735 1932 1960 1992 Veteris

239 2013 613 2085 Testamenti,
673 2021 730 2073 et
780 2017 1180 2089 pradicatores
1232 2017 1584 2090 evangelica
1641 2020 1798 2091 tidei,
1859 2038 1961 2095 per

239 2104 395 2164 viam
458 2120 613 2164 vera
692 2107 1036 2166 humilitatis
1110 2108 1462 2180 incederent,
1516 2118 1572 2168 et
1632 2112 1959 2171 morticinio

240 2193 490 2265 tegmine
535 2194 779 2267 vestigia
823 2211 936 2253 non
983 2196 1309 2265 munirent,
1357 2197 1458 2270 qui
1516 2196 1692 2256 vitam
1745 2200 1958 2272 populo

238 2282 595 2353 nuntiarent,
624 2282 723 2340 sed
772 2283 920 2341 illud
963 2283 1021 2341 in
1066 2300 1126 2342 se
1166 2284 1465 2357 spirituale
1497 2293 1724 2360 tegmen
1764 2296 1957 2348 osten-

237 2371 459 2440 derent,
502 2371 574 2430 de
624 2388 740 2445 quo
790 2373 1097 2447 Apostolus
1140 2374 1219 2432 ait
1261 2396 1274 2430 :
1332 2398 1357 2424 η
1403 2371 1647 2434 Calceati
1686 2377 1855 2449 pedes
1892 2376 1954 2438 in

239 2459 659 2533 praparatione
687 2460 983 2534 Evangelii
1015 2462 1182 2541 pacis
1203 2465 1427 2534 (Ephes.
1462 2468 1566 2533 VI).
1601 2484 1629 2517 »
1662 2464 1827 2523 Unde
1857 2482 1958 2541 per

235 2546 444 2605 Isaiam
487 2548 700 2607 dicitur
742 2568 754 2607 :
813 2571 840 2601 «
882 2549 1042 2611 Beati
1088 2539 1259 2623 pedes
1297 2551 1822 2627 evangelizantium
1850 2539 1956 2626 pa-

238 2656 380 2715 cem,
420 2643 943 2717 evangelizantium
993 2644 1139 2702 bona
1190 2648 1344 2711 (1εαὶ.
1376 2649 1497 2713 LII).
1546 2664 1575 2697 »
1622 2644 1767 2703 Cum
1818 2660 1955 2703 vero

238 2733 293 2793 S.
350 2735 604 2794 Alexius
647 2751 748 2810 per
789 2735 1126 2808 longissima
1170 2742 1492 2809 temporum
1541 2736 1721 2810 spatia
1782 2744 1955 2795 tanta

234 2828 587 2902 paupertatis
623 2827 879 2901 inopiam
926 2827 983 2884 in
1033 2827 1245 2899 ignotis
1282 2826 1501 2885 finibus
1535 2834 1860 2886 constanter
1886 2842 1955 2885 ac

232 2916 653 2990 patientissime
703 2917 954 2990 pertulit,
1006 2921 1145 2975 tunc
1187 2916 1257 2973 ad
1306 2916 1435 2990 ejus
1471 2931 1662 2989 genua
1688 2916 1954 2975 torrentis

231 3021 380 3078 aqua
414 3005 847 3081 surrexit,quia
876 3020 974 3077 spe
1006 3004 1213 3063 mundi
1241 3019 1476 3077 prorsus
1503 3004 1809 3073 exstincta,
1826 3005 1952 3078 jam

231 3094 291 3151 in
320 3094 420 3152 via
474 3093 708 3152 Domini
739 3093 953 3152 mentis
991 3109 1113 3152 sua
1146 3092 1385 3167 vestigia
1424 3094 1669 3151 firmiter
1707 3101 1764 3151 et
1793 3093 2007 3185 invi-C

227 3182 484 3241 ctissime
538 3182 825 3241 roboravit
878 3201 891 3241 :
949 3181 1316 3256 postmodum
1381 3197 1517 3240 vero
1584 3198 1719 3240 cum
1791 3182 1945 3239 intra

226 3275 484 3339 paterna
526 3268 733 3327 domus
771 3268 916 3326 atria
955 3268 1203 3342 degeret,
1241 3283 1373 3325 cum
1408 3267 1669 3326 carnales
1706 3269 1945 3327 aﬂ‘ectus

228 3355 488 3429 undique
545 3364 821 3428 cerneret,
882 3373 1019 3415 cum
1072 3363 1375 3431 parentum
1432 3356 1940 3428 necessitudinem,

229 3459 358 3502 cum
394 3452 571 3516 certe,
601 3447 755 3520 quod
786 3446 1082 3505 diﬂicilius
1110 3453 1164 3504 et
1193 3446 1619 3505 intolerabilius
1663 3453 1801 3519 erat,
1839 3463 1942 3505 ve-

226 3541 462 3593 nustam
522 3550 752 3609 sponsa
807 3536 1053 3609 speciem
1106 3552 1138 3593 a
1191 3535 1547 3608 quotidiauis
1609 3536 1945 3610 mutuisque

222 3622 625 3696 conspectibus
670 3623 849 3683 vitare
888 3640 1005 3683 non
1055 3632 1257 3698 posset,
1305 3632 1441 3683 tunc
1477 3624 1639 3684 velut
1674 3626 1743 3683 ad
1778 3640 1945 3683 renes

222 3714 344 3785 ejus
413 3728 566 3787 aqua
641 3715 910 3773 torrentis
985 3715 1282 3783 excrevit;
1343 3716 1480 3789 quia
1539 3715 1622 3773 sic
1696 3716 1943 3774 calentis

222 3804 506 3877 sapientia
582 3808 773 3863 carnis
851 3806 976 3878 ejus
1082 3806 1373 3865 incentiva
1458 3808 1808 3881 perdomuit,
1888 3814 1943 3866 et

217 3892 533 3956 exstinxit:
596 3893 678 3951 sic
734 3896 917 3953 sancti
972 3893 1220 3969 Spiritus
1281 3896 1452 3954 ardor
1524 3896 1752 3955 lumbos
1817 3897 1943 3971 ejus

215 3994 278 4037 ac
332 3996 506 4038 renes
558 3983 810 4053 excoxit,
879 3989 939 4041 ut
992 3983 1134 4041 dum
1207 3984 1510 4043 vasculum
1570 4001 1743 4045 suum
1798 4001 1941 4062 quo-

218 4068 459 4127 tidianis
516 4068 657 4124 145
707 4089 972 4146 superna
1034 4073 1235 4146 gratia
1284 4074 1522 4133 ﬂuentis
1583 4074 1938 4149 infunderet,

213 4158 407 4216 carnis
439 4158 739 4217 exstincta
781 4159 1047 4219 materies
1088 4162 1321 4219 nullum
1377 4161 1628 4221 titillanti
1684 4162 1939 4221 luxuria

218 4248 476 4307 fomitem
518 4249 889 4309 ministraret.
930 4252 1021 4309 Ad
1059 4267 1224 4308 renes
1267 4267 1402 4325 ergo
1447 4251 1596 4310 beati
1644 4252 1756 4311 viri
1806 4261 1942 4313 tunc

214 4352 363 4412 aqua
399 4339 680 4412 pervenit,
709 4341 845 4414 quia
871 4339 1121 4415 Spiritus
1140 4349 1372 4399 sanctus
1400 4342 1461 4399 in
1488 4357 1555 4400 eo
1584 4351 1937 4415 exastuans,

2040 1846 2114 1904 ab
2166 1846 2425 1904 ubertate
2471 1845 2680 1902 domus
2719 1850 2855 1912 tua,
2900 1849 2955 1899 et
2990 1847 3242 1900 torrente
3288 1840 3602 1913 voluptatis
3648 1846 3763 1899 tua

2039 1933 2264 2007 potabis
2316 1946 2434 2002 eos,
2481 1928 2762 2003 quoniam
2801 1926 2955 2001 apud
3006 1933 3057 1984 te
3103 1932 3189 1983 est
3238 1925 3366 1985 fons
3415 1926 3551 1983 vita
3589 1929 3754 1998 (Psal.

2042 2025 2258 2097 XXXV).
2308 2047 2336 2072 ιο
2395 2021 2483 2080 Ad
2536 2020 2714 2094 hujus
2766 2018 3039 2077 immensi
3090 2017 3357 2075 torrentis
3400 2016 3464 2075 Β.
3512 2017 3762 2075 Alexius

2040 2112 2327 2188 profunda
2392 2111 2611 2169 ﬂuenta
2666 2108 2951 2183 pervenit,
3009 2122 3139 2165 cum
3184 2106 3247 2164 in
3297 2114 3535 2181 paterna
3586 2106 3758 2166 domo

2043 2208 2164 2275 post
2222 2199 2480 2258 victoria
2524 2196 2794 2270 gloriosa
2848 2194 3211 2268 triumphum
3267 2193 3515 2252 feliciter
3567 2191 3755 2251 obiit:

2042 2289 2438 2363 triumphum,
2495 2287 2771 2360 inquam,
2826 2284 2965 2358 quia
3020 2283 3359 2341 admiranda
3411 2282 3593 2341 sancti
3643 2282 3752 2341 viri

2042 2378 2218 2453 hujus
2256 2377 2373 2435 vita
2415 2391 2546 2435 vere
2590 2375 2925 2449 triumphus
2963 2380 3048 2432 est
3091 2379 3146 2431 et
3191 2387 3341 2431 nova
3370 2377 3545 2445 atque
3583 2370 3757 2430 inau-

2041 2467 2161 2526 dita
2213 2466 2331 2525 fere
2378 2465 2656 2535 victoria;
2686 2478 2957 2537 cumque,
2993 2462 3166 2537 juxta
3205 2460 3605 2535 Propheticam
3652 2475 3753 2519 vo-

2044 2570 2209 2626 cem,
2262 2554 2548 2614 mirabilis
2599 2554 2756 2614 Deus
2817 2553 2892 2611 sit
2946 2552 3007 2610 in
3063 2552 3277 2610 sanctis
3331 2554 3495 2624 (Psat.
3548 2550 3753 2621 LXVII),

2044 2646 2104 2703 in
2136 2646 2314 2721 hujus
2341 2644 2547 2704 invicti
2583 2644 2788 2702 militis
2822 2642 2914 2702 sui
2950 2643 3257 2716 spectaculi
3292 2642 3555 2701 tirocinio
3599 2647 3755 2699 tanto
3801 2669 3818 2684 -

2041 2736 2364 2795 mirabilior
2420 2734 2683 2807 exstitit,-
2714 2741 2929 2810 quanto
2971 2749 3074 2807 per
3125 2734 3285 2792 hunc
3327 2738 3523 2791 contra
3566 2730 3757 2789 carnis

2039 2824 2367 2897 illecebras,
2440 2832 2637 2884 contra
2714 2822 2936 2882 fraudis
3019 2821 3321 2881 diabolica
3401 2826 3753 2879 tentamenta

2038 2931 2190 2975 novo
2216 2918 2391 2988 atque
2419 2913 2654 2972 insolito
2679 2911 2942 2986 martyrii
2969 2927 3179 2984 genere
3215 2909 3534 2969 dimicavit.

2110 3004 2295 3063 Vetus
2353 3018 2490 3061 sane
2546 3002 2718 3059 tradit
2771 2999 3011 3059 historia
3057 2999 3359 3070 (EUTROP.,
3403 3002 3549 3056 Hist.
3590 3003 3749 3058 Rom.

2038 3090 2139 3151 lib.
2175 3105 2217 3151 lI
2263 3092 2324 3149 in
2376 3092 2522 3161 fin.),
2552 3089 2689 3163 quia
2728 3088 2977 3148 Romani
3018 3102 3154 3146 cum
3200 3087 3751 3160 Carthaginensibus

2033 3180 2225 3239 navali
2262 3179 2578 3237 certamine
2623 3178 3016 3251 conﬂigentes,
3059 3175 3363 3234 obtinuere
3408 3175 3747 3245 victoriam;

2030 3286 2133 3329 nec
2178 3270 2339 3329 ullus
2385 3285 2669 3343 unquam,
2702 3270 2850 3327 sicut
2880 3267 3001 3325 illic
3026 3265 3257 3338 legitur,
3289 3265 3568 3324 Romanis
3610 3282 3747 3340 gra-

2028 3360 2137 3418 tior
2179 3359 2364 3433 potuit
2405 3374 2529 3416 esse
2582 3356 2938 3429 triumphus,
2970 3362 3033 3413 ut
3071 3354 3173 3428 qui
3208 3354 3469 3413 hostibus
3497 3354 3621 3413 suis
3647 3370 3745 3412 ea-

2027 3453 2202 3505 tenus
2270 3448 2504 3504 fuerant
2561 3446 2623 3502 in
2686 3450 2909 3502 terrena
2956 3442 3379 3501 concertatione
3437 3440 3743 3515 terribiles,

2028 3553 2185 3596 nunc
2232 3543 2425 3595 essent
2461 3542 2516 3594 et
2554 3536 2706 3593 inter
2745 3533 2967 3591 marina
3004 3533 3221 3591 ﬂuenta
3254 3532 3513 3589 victores.
3552 3529 3746 3588 Victo-

2026 3626 2112 3684 ria
2160 3625 2337 3699 igitur
2384 3624 2487 3682 illa
2536 3624 2749 3682 idcirco
2798 3621 2983 3695 magis
3029 3636 3180 3692 cara,
3228 3618 3367 3695 quia
3414 3634 3571 3689 rara;
3613 3617 3743 3676 ideo

2025 3714 2159 3789 plus
2213 3712 2484 3786 gloriosa,
2535 3710 2673 3786 quia
2727 3725 2895 3769 nova.
2960 3708 3120 3768 Sicut
3175 3724 3309 3782 ergo
3365 3706 3590 3765 navalis
3645 3705 3745 3764 ille

2028 3804 2380 3878 triumphus,
2408 3803 2545 3877 quia
2582 3816 2791 3873 novus,
2829 3799 3045 3873 gratior
3083 3797 3193 3857 fuit
3227 3798 3458 3867 Roma;
3492 3797 3570 3856 ita
3608 3815 3741 3873 pro-

2028 3895 2173 3952 fecto
2205 3892 2356 3951 beati
2384 3892 2570 3951 virtus
2592 3890 2788 3950 Alexii
2828 3895 3057 3964 propter
3093 3887 3383 3947 insolitam
3425 3887 3739 3947 novitatem

2026 3982 2208 4057 magis
2238 3981 2417 4055 placet
2444 3980 2735 4039 Ecclesia.

2096 4069 2275 4129 David
2305 4085 2443 4128 sane
2480 4069 2622 4128 dum
2661 4085 2720 4127 se
2763 4083 2956 4127 coram
3001 4068 3182 4127 Achis
3216 4081 3409 4140 regem
3445 4066 3612 4138 Gelli,
3648 4066 3743 4126 fu-

2022 4159 2239 4218 riosum
2276 4175 2340 4216 ac
2379 4158 2707 4216 dementem
2743 4152 2938 4227 ﬁnxit,
2985 4156 3246 4231 gladium
3289 4155 3415 4228 ejus
3454 4155 3741 4229 sapienter

2020 4251 2203 4309 evasit
2249 4254 2301 4318 (Ι
2343 4254 2473 4320 Reg.
2505 4255 2635 4320 XII).
2677 4249 2938 4309 Salvator
2978 4257 3169 4309 noster
3202 4246 3497 4306 descendit
3529 4246 3591 4305 in
3632 4254 3741 4307 tar-

2024 4346 2233 4411 tarum,
2296 4357 2415 4399 non
2461 4348 2526 4400 ut
2560 4340 2707 4399 illud
2748 4340 2909 4400 velut
2953 4342 3237 4403 habitator
3268 4341 3410 4398 146
3441 4339 3738 4410 incoleret,

210 4429 495 4504 juvenilis
535 4429 718 4488 atatis
755 4429 1093 4489 incendium
1136 4439 1191 4490 et
1248 4431 1433 4490 illices
1488 4434 1821 4507 passionum
1871 4430 2118 4507 ti-“setl
2178 4437 2242 4488 ut
2299 4429 2619 4489 destructor
2674 4431 2865 4504 potius
2910 4440 2967 4489 et
3010 4446 3241 4491 eversor
3295 4429 3596 4490 diabolica
3648 4442 3741 4486 ne-

214 4516 533 4575 tillantium
578 4525 769 4575 motus
804 4517 1027 4576 occulto
1066 4519 1158 4577 sui
1200 4518 1346 4577 roris
1380 4519 1613 4577 madore
1642 4521 1924 4593 perfudit;

213 4610 266 4660 et
291 4606 377 4664 sic
410 4620 644 4664 omnem
678 4605 933 4664 luxuria
964 4606 1241 4679 fomitem,
1275 4607 1376 4679 qui
1410 4607 1471 4664 in
1501 4608 1627 4681 ejus
1662 4608 1933 4668 medullis

211 4700 387 4766 atque
462 4692 783 4753 visceribus
848 4695 1184 4754 naturaliter
1237 4703 1453 4769 poterat
1517 4696 1740 4765 ardere,
1803 4712 1936 4755 con-

210 4781 480 4857 sumpsit.
520 4782 590 4840 Ut
619 4791 811 4841 autem
841 4790 1023 4842 totum
1062 4784 1377 4858 prophetia
1420 4786 1592 4859 hujus
1632 4785 1930 4845 oraculum

210 4869 379 4929 beato
420 4870 557 4929 huic
597 4871 722 4929 viro
750 4873 1162 4930 convenienter
1187 4879 1433 4947 aptetur,
1466 4874 1616 4932 illud
1647 4875 1820 4933 etiam
1859 4875 1931 4933 ab

211 4975 279 5018 eo
344 4976 461 5019 non
523 4960 799 5030 dissonat,
857 4962 1014 5036 quod
1062 4969 1348 5036 postremo
1392 4963 1511 5037 jam
1570 4964 1757 5023 dictus
1810 4980 1934 5039 pro-

210 5048 389 5121 pheta
428 5056 735 5106 torrentem
784 5050 1031 5109 transire
1082 5066 1196 5108 non
1245 5054 1450 5124 potuit,
1499 5052 1570 5110 de
1608 5070 1724 5127 quo
1765 5053 1936 5111 nimi-

214 5152 345 5194 rum
386 5136 598 5195 dicitur
630 5156 642 5195 :
686 5158 713 5191 ι(
741 5137 1024 5207 Quoniam
1074 5140 1480 5199 intumuerunt
1508 5158 1676 5216 aqua
1710 5149 1934 5201 torren-

214 5225 306 5296 tis,
338 5225 445 5300 qui
500 5243 614 5286 non
664 5227 847 5301 potuit
888 5230 1243 5288 transvadari
1288 5234 1499 5307 (Ezech.
1544 5234 1746 5305 XLVII).
1781 5255 1807 5287 »
1854 5233 1934 5292 De

208 5317 413 5388 parvis
449 5323 505 5374 et
541 5318 731 5390 planis
772 5318 939 5391 aquis
972 5320 1043 5378 ad
1080 5304 1611 5378 intransineabilem
1665 5322 1935 5394 profundi

212 5406 490 5464 torrentis
547 5405 973 5479 plenitudinem
1023 5408 1392 5482 pervenitur;
1454 5409 1590 5484 quia
1638 5411 1709 5468 de
1759 5427 1936 5485 parva

207 5498 715 5573 contemplatione,
770 5500 960 5571 fugaci
1016 5501 1254 5569 scilicet,
1315 5501 1642 5574 raptimque
1692 5515 1934 5574 conspe-

205 5592 319 5657 cta,
353 5602 473 5660 qua
508 5588 596 5645 vir
623 5586 869 5662 quilibet
898 5595 1130 5646 sanctus
1176 5588 1237 5645 in
1284 5587 1390 5645 hac
1425 5586 1616 5645 adhuc
1649 5588 1935 5661 corrupti-

1955 4483 2004 4541 D

2022 4517 2222 4591 quitia
2268 4516 2514 4575 latebras
2555 4517 2875 4590 dissiparet.
2921 4517 3016 4577 Sic
3060 4526 3116 4577 et
3165 4519 3227 4576 Β.
3278 4518 3545 4585 Alexius,
3598 4514 3739 4572 dum

2021 4611 2316 4677 paternam
2347 4604 2585 4662 domum
2639 4612 2915 4679 tanquam
2956 4606 3320 4679 retrogradus
3360 4601 3739 4663 abrenuntia-

2022 4699 2109 4750 tor
2159 4693 2500 4766 ingreditur,
2547 4693 2770 4767 decepit
2812 4695 3015 4753 mundi
3064 4696 3403 4769 principem,
3435 4692 3741 4765 omnisque

2024 4783 2241 4840 fraudis
2272 4790 2445 4857 atque
2475 4784 2715 4843 malitia
2744 4784 2948 4843 fefellit
2974 4792 3285 4843 auctorem.

2092 4871 2258 4930 Unde
2316 4888 2534 4931 novum
2591 4874 2849 4949 martyrii
2906 4891 3090 4948 genus
3139 4891 3355 4935 novum
3403 4876 3620 4951 prabet
3674 4873 3736 4931 in

2020 4960 2401 5020 admiratione
2453 4964 2863 5036 spectaculum.
2920 4964 3269 5038 Martyribus
3322 4964 3477 5022 enim
3545 4978 3737 5022 carcer

2021 5062 2142 5112 erat
2193 5069 2383 5125 pana,
2413 5065 2613 5114 catena
2657 5071 2952 5128 pressura;
2993 5054 3088 5113 isti
3146 5070 3282 5114 vero
3340 5054 3568 5129 propria
3632 5053 3737 5111 do-

2023 5158 2155 5200 mus
2206 5142 2425 5200 auratis
2474 5143 2737 5202 decorata
2795 5143 3060 5201 tricliniis
3104 5152 3225 5202 erat
3267 5144 3502 5201 materia
3549 5148 3734 5200 tenta-

2023 5229 2214 5288 tionis.
2270 5228 2407 5288 Illos
2464 5231 2761 5305 torquebat
2822 5247 3027 5290 manus
3081 5238 3301 5289 armata
3356 5230 3731 5299 carnificum;

2022 5318 2199 5376 istum
2252 5318 2489 5391 gravius
2541 5320 2817 5393 puniebat
2889 5327 3189 5393 conspecta
3243 5319 3502 5394 quotidie
3555 5319 3737 5393 pietas

2019 5410 2370 5482 genitorum.
2422 5409 2489 5467 In
2534 5416 2847 5485 martyrem
2900 5412 3217 5487 quemlibet
3272 5411 3549 5469 fremebat
3596 5410 3734 5468 hor-

2023 5501 2197 5560 renda
2248 5500 2433 5559 rabies
2476 5500 2710 5574 judicis,
2758 5502 2917 5561 hunc
2959 5500 3188 5574 blanda,
3221 5501 3379 5560 mitis
3419 5508 3591 5575 atque
3630 5515 3733 5558 ve-

2025 5595 2192 5647 nusta
2233 5588 2405 5647 facies
2444 5588 2820 5664 impugnabat
2856 5589 3077 5649 uxoris.
3112 5589 3468 5665 Martyribus
3503 5588 3565 5646 in
3601 5585 3736 5647 aula
