  <div class='ocr_page' id='page_1' title='image "/cluster/home/n/w/nwhite01/storage/ocr_20150623/144/hvd.32044054760046/335.png"; bbox 0 0 4070 6198; ppageno 0'>
   <div class='ocr_carea' id='block_1_1' title="bbox 254 204 358 265">
    <p class='ocr_par' dir='ltr' id='par_1_1' title="bbox 254 204 358 265">
     <span class='ocr_line' id='line_1_1' title="bbox 254 204 358 265; baseline 0.029 -3"><span class='ocrx_word' id='word_1_1' title='bbox 254 204 358 265; x_wconf 80' lang='grc'><strong>659</strong></span> 
     </span>
    </p>
   </div>
   <div class='ocr_carea' id='block_1_2' title="bbox 864 202 3127 282">
    <p class='ocr_par' dir='ltr' id='par_1_2' title="bbox 864 202 3127 282">
     <span class='ocr_line' id='line_1_2' title="bbox 864 202 3127 282; baseline 0.002 -17"><span class='ocrx_word' id='word_1_2' title='bbox 864 202 923 264; x_wconf 88' lang='lat' dir='ltr'><strong>S.</strong></span> <span class='ocrx_word' id='word_1_3' title='bbox 963 206 1186 267; x_wconf 83' lang='lat' dir='ltr'><strong>PETRI</strong></span> <span class='ocrx_word' id='word_1_4' title='bbox 1224 206 1547 267; x_wconf 84' lang='lat' dir='ltr'><strong>DAMJANI</strong></span> <span class='ocrx_word' id='word_1_5' title='bbox 1585 206 1745 267; x_wconf 93' lang='lat' dir='ltr'><strong>OPP.</strong></span> <span class='ocrx_word' id='word_1_6' title='bbox 1788 205 1979 282; x_wconf 65' lang='lat' dir='ltr'><strong>PARS</strong></span> <span class='ocrx_word' id='word_1_7' title='bbox 2018 206 2161 267; x_wconf 85' lang='lat' dir='ltr'><strong>SEU</strong></span> <span class='ocrx_word' id='word_1_8' title='bbox 2198 205 2448 268; x_wconf 91' lang='lat' dir='ltr'><strong>TOMUS</strong></span> <span class='ocrx_word' id='word_1_9' title='bbox 2483 207 2562 267; x_wconf 88' lang='lat' dir='ltr'><strong>II.</strong></span> <span class='ocrx_word' id='word_1_10' title='bbox 2601 237 2671 252; x_wconf 94' lang='lat'><strong>-—</strong></span> <span class='ocrx_word' id='word_1_11' title='bbox 2712 205 3127 271; x_wconf 79' lang='lat' dir='ltr'><strong>SEBMONES.</strong></span> 
     </span>
    </p>
   </div>
   <div class='ocr_carea' id='block_1_3' title="bbox 3644 211 3755 273">
    <p class='ocr_par' dir='ltr' id='par_1_3' title="bbox 3644 211 3755 273">
     <span class='ocr_line' id='line_1_3' title="bbox 3644 211 3755 273; baseline 0 -2"><span class='ocrx_word' id='word_1_12' title='bbox 3644 211 3755 273; x_wconf 83' lang='lat'><strong>660</strong></span> 
     </span>
    </p>
   </div>
   <div class='ocr_carea' id='block_1_4' title="bbox 254 328 3758 410">
    <p class='ocr_par' dir='ltr' id='par_1_4' title="bbox 254 328 3758 410">
     <span class='ocr_line' id='line_1_4' title="bbox 254 328 3758 410; baseline 0.002 -23"><span class='ocrx_word' id='word_1_13' title='bbox 254 328 583 404; x_wconf 86' lang='lat' dir='ltr'><strong>principum</strong></span> <span class='ocrx_word' id='word_1_14' title='bbox 631 329 1001 405; x_wconf 81' lang='lat' dir='ltr'><strong>ingerebatur</strong></span> <span class='ocrx_word' id='word_1_15' title='bbox 1047 347 1216 405; x_wconf 87' lang='lat' dir='ltr'><strong>poena</strong></span> <span class='ocrx_word' id='word_1_16' title='bbox 1267 336 1585 405; x_wconf 89' lang='lat' dir='ltr'><strong>tortorum;</strong></span> <span class='ocrx_word' id='word_1_17' title='bbox 1633 332 1732 392; x_wconf 90' lang='lat' dir='ltr'><strong>hic</strong></span> <span class='ocrx_word' id='word_1_18' title='bbox 1771 336 1963 392; x_wconf 90' lang='lat' dir='ltr'><strong>autem</strong></span> <span class='ocrx_word' id='word_1_19' title='bbox 1983 331 2262 403; x_wconf 85' lang='lat' dir='ltr'><strong>Acendit,</strong></span> <span class='ocrx_word' id='word_1_20' title='bbox 2323 332 2764 407; x_wconf 84' lang='lat' dir='ltr'><strong>supereminens</strong></span> <span class='ocrx_word' id='word_1_21' title='bbox 2832 333 3144 408; x_wconf 63' lang='lat' dir='ltr'><strong>praemium</strong></span> <span class='ocrx_word' id='word_1_22' title='bbox 3219 333 3291 392; x_wconf 87' lang='lat' dir='ltr'><strong>de</strong></span> <span class='ocrx_word' id='word_1_23' title='bbox 3363 348 3541 393; x_wconf 88' lang='lat' dir='ltr'><strong>manu</strong></span> <span class='ocrx_word' id='word_1_24' title='bbox 3610 336 3758 410; x_wconf 82' lang='lat' dir='ltr'><strong>justi</strong></span> 
     </span>
    </p>
   </div>
   <div class='ocr_carea' id='block_1_5' title="bbox 254 418 1968 497">
    <p class='ocr_par' dir='ltr' id='par_1_5' title="bbox 254 418 1968 497">
     <span class='ocr_line' id='line_1_5' title="bbox 254 418 1968 497; baseline 0.002 -20"><span class='ocrx_word' id='word_1_25' title='bbox 254 418 317 478; x_wconf 91' lang='lat' dir='ltr'><strong>in</strong></span> <span class='ocrx_word' id='word_1_26' title='bbox 345 419 516 478; x_wconf 93' lang='lat' dir='ltr'><strong>domo</strong></span> <span class='ocrx_word' id='word_1_27' title='bbox 540 420 757 495; x_wconf 86' lang='lat' dir='ltr'><strong>proprii</strong></span> <span class='ocrx_word' id='word_1_28' title='bbox 789 421 939 497; x_wconf 86' lang='lat' dir='ltr'><strong>juris</strong></span> <span class='ocrx_word' id='word_1_29' title='bbox 977 421 1349 481; x_wconf 77' lang='lat' dir='ltr'><strong>invisibiliter</strong></span> <span class='ocrx_word' id='word_1_30' title='bbox 1379 422 1772 497; x_wconf 81' lang='lat' dir='ltr'><strong>torquebatur,</strong></span> <span class='ocrx_word' id='word_1_31' title='bbox 1805 421 1968 481; x_wconf 91' lang='lat' dir='ltr'><strong>velut</strong></span> 
     </span>
    </p>
   </div>
   <div class='ocr_carea' id='block_1_6' title="bbox 253 507 1959 585">
    <p class='ocr_par' dir='ltr' id='par_1_6' title="bbox 253 507 1959 585">
     <span class='ocr_line' id='line_1_6' title="bbox 253 507 1959 585; baseline 0.002 -21"><span class='ocrx_word' id='word_1_32' title='bbox 253 507 315 565; x_wconf 91' lang='lat' dir='ltr'><strong>in</strong></span> <span class='ocrx_word' id='word_1_33' title='bbox 370 523 502 568; x_wconf 89' lang='lat' dir='ltr'><strong>area</strong></span> <span class='ocrx_word' id='word_1_34' title='bbox 557 508 886 569; x_wconf 82' lang='lat' dir='ltr'><strong>tribunalis.</strong></span> <span class='ocrx_word' id='word_1_35' title='bbox 931 509 1055 567; x_wconf 84' lang='lat' dir='ltr'><strong>Illis</strong></span> <span class='ocrx_word' id='word_1_36' title='bbox 1111 509 1297 568; x_wconf 89' lang='lat' dir='ltr'><strong>fuerat</strong></span> <span class='ocrx_word' id='word_1_37' title='bbox 1351 526 1521 584; x_wconf 67' lang='lat' dir='ltr'><strong>poena</strong></span> <span class='ocrx_word' id='word_1_38' title='bbox 1572 510 1959 585; x_wconf 84' lang='lat' dir='ltr'><strong>supplicium;</strong></span> 
     </span>
    </p>
   </div>
   <div class='ocr_carea' id='block_1_7' title="bbox 255 596 1967 659">
    <p class='ocr_par' dir='ltr' id='par_1_7' title="bbox 255 596 1967 659">
     <span class='ocr_line' id='line_1_7' title="bbox 255 596 1967 659; baseline 0.001 -4"><span class='ocrx_word' id='word_1_39' title='bbox 255 596 394 656; x_wconf 87' lang='lat' dir='ltr'><strong>huic</strong></span> <span class='ocrx_word' id='word_1_40' title='bbox 448 598 764 657; x_wconf 86' lang='lat' dir='ltr'><strong>econtrario</strong></span> <span class='ocrx_word' id='word_1_41' title='bbox 816 598 1214 657; x_wconf 91' lang='lat' dir='ltr'><strong>blandimenta</strong></span> <span class='ocrx_word' id='word_1_42' title='bbox 1276 605 1647 659; x_wconf 86' lang='lat' dir='ltr'><strong>tormentum.</strong></span> <span class='ocrx_word' id='word_1_43' title='bbox 1716 599 1967 658; x_wconf 83' lang='lat' dir='ltr'><strong>Lazarus</strong></span> 
     </span>
    </p>
   </div>
   <div class='ocr_carea' id='block_1_8' title="bbox 251 686 1964 761">
    <p class='ocr_par' dir='ltr' id='par_1_8' title="bbox 251 686 1964 761">
     <span class='ocr_line' id='line_1_8' title="bbox 251 686 1964 761; baseline 0.002 -18"><span class='ocrx_word' id='word_1_44' title='bbox 251 686 444 759; x_wconf 90' lang='lat' dir='ltr'><strong>plane,</strong></span> <span class='ocrx_word' id='word_1_45' title='bbox 491 687 591 761; x_wconf 85' lang='lat' dir='ltr'><strong>qui</strong></span> <span class='ocrx_word' id='word_1_46' title='bbox 645 686 866 759; x_wconf 86' lang='lat' dir='ltr'><strong>jacebat</strong></span> <span class='ocrx_word' id='word_1_47' title='bbox 913 687 985 744; x_wconf 90' lang='lat' dir='ltr'><strong>ad</strong></span> <span class='ocrx_word' id='word_1_48' title='bbox 1025 689 1266 761; x_wconf 89' lang='lat' dir='ltr'><strong>januam</strong></span> <span class='ocrx_word' id='word_1_49' title='bbox 1316 688 1531 758; x_wconf 79' lang='lat' dir='ltr'><strong>divitis,</strong></span> <span class='ocrx_word' id='word_1_50' title='bbox 1567 688 1791 747; x_wconf 89' lang='lat' dir='ltr'><strong>invitus</strong></span> <span class='ocrx_word' id='word_1_51' title='bbox 1829 704 1964 747; x_wconf 90' lang='lat' dir='ltr'><strong>esu-</strong></span> 
     </span>
    </p>
   </div>
   <div class='ocr_carea' id='block_1_9' title="bbox 252 774 1966 850">
    <p class='ocr_par' dir='ltr' id='par_1_9' title="bbox 252 774 1966 850">
     <span class='ocr_line' id='line_1_9' title="bbox 252 774 1966 850; baseline 0.003 -19"><span class='ocrx_word' id='word_1_52' title='bbox 252 775 452 844; x_wconf 89' lang='lat' dir='ltr'><strong>riebat,</strong></span> <span class='ocrx_word' id='word_1_53' title='bbox 482 784 537 833; x_wconf 88' lang='lat' dir='ltr'><strong>et</strong></span> <span class='ocrx_word' id='word_1_54' title='bbox 562 774 827 833; x_wconf 84' lang='lat' dir='ltr'><strong>cadentes</strong></span> <span class='ocrx_word' id='word_1_55' title='bbox 855 775 925 833; x_wconf 89' lang='lat' dir='ltr'><strong>de</strong></span> <span class='ocrx_word' id='word_1_56' title='bbox 966 791 1164 834; x_wconf 88' lang='lat' dir='ltr'><strong>mensa</strong></span> <span class='ocrx_word' id='word_1_57' title='bbox 1208 778 1404 849; x_wconf 84' lang='lat' dir='ltr'><strong>micas,</strong></span> <span class='ocrx_word' id='word_1_58' title='bbox 1446 793 1581 850; x_wconf 64' lang='lat' dir='ltr'><strong>quas</strong></span> <span class='ocrx_word' id='word_1_59' title='bbox 1618 786 1808 836; x_wconf 88' lang='lat' dir='ltr'><strong>tamen</strong></span> <span class='ocrx_word' id='word_1_60' title='bbox 1854 778 1966 836; x_wconf 90' lang='lat' dir='ltr'><strong>sibi</strong></span> 
     </span>
    </p>
   </div>
   <div class='ocr_carea' id='block_1_10' title="bbox 251 863 1966 941">
    <p class='ocr_par' dir='ltr' id='par_1_10' title="bbox 251 863 1966 941">
     <span class='ocr_line' id='line_1_10' title="bbox 251 863 1966 941; baseline 0.003 -20"><span class='ocrx_word' id='word_1_61' title='bbox 251 864 494 921; x_wconf 90' lang='lat' dir='ltr'><strong>minime</strong></span> <span class='ocrx_word' id='word_1_62' title='bbox 532 863 833 935; x_wconf 85' lang='lat' dir='ltr'><strong>dabantur,</strong></span> <span class='ocrx_word' id='word_1_63' title='bbox 870 866 1097 937; x_wconf 88' lang='lat' dir='ltr'><strong>optabat</strong></span> <span class='ocrx_word' id='word_1_64' title='bbox 1148 869 1299 934; x_wconf 86' lang='lat' dir='ltr'><strong>(Luc.</strong></span> <span class='ocrx_word' id='word_1_65' title='bbox 1333 870 1500 939; x_wconf 83' lang='lat' dir='ltr'><strong>XVI);</strong></span> <span class='ocrx_word' id='word_1_66' title='bbox 1529 867 1685 925; x_wconf 93' lang='lat' dir='ltr'><strong>unde</strong></span> <span class='ocrx_word' id='word_1_67' title='bbox 1730 868 1966 941; x_wconf 90' lang='lat' dir='ltr'><strong>potioris</strong></span> 
     </span>
    </p>
   </div>
   <div class='ocr_carea' id='block_1_11' title="bbox 248 951 1961 1029">
    <p class='ocr_par' dir='ltr' id='par_1_11' title="bbox 248 951 1961 1029">
     <span class='ocr_line' id='line_1_11' title="bbox 248 951 1961 1029; baseline 0.002 -21"><span class='ocrx_word' id='word_1_68' title='bbox 248 952 451 1025; x_wconf 90' lang='lat' dir='ltr'><strong>procul</strong></span> <span class='ocrx_word' id='word_1_69' title='bbox 490 951 666 1010; x_wconf 89' lang='lat' dir='ltr'><strong>dubio</strong></span> <span class='ocrx_word' id='word_1_70' title='bbox 706 953 894 1010; x_wconf 89' lang='lat' dir='ltr'><strong>meriti</strong></span> <span class='ocrx_word' id='word_1_71' title='bbox 926 953 1033 1012; x_wconf 86' lang='lat' dir='ltr'><strong>fuit</strong></span> <span class='ocrx_word' id='word_1_72' title='bbox 1074 970 1288 1027; x_wconf 87' lang='lat' dir='ltr'><strong>pauper</strong></span> <span class='ocrx_word' id='word_1_73' title='bbox 1320 955 1445 1025; x_wconf 91' lang='lat' dir='ltr'><strong>iste,</strong></span> <span class='ocrx_word' id='word_1_74' title='bbox 1477 970 1652 1029; x_wconf 89' lang='lat' dir='ltr'><strong>quam</strong></span> <span class='ocrx_word' id='word_1_75' title='bbox 1692 955 1961 1013; x_wconf 88' lang='lat' dir='ltr'><strong>Lazarus.</strong></span> 
     </span>
    </p>
   </div>
   <div class='ocr_carea' id='block_1_12' title="bbox 249 1042 1964 1121">
    <p class='ocr_par' dir='ltr' id='par_1_12' title="bbox 249 1042 1964 1121">
     <span class='ocr_line' id='line_1_12' title="bbox 249 1042 1964 1121; baseline 0.003 -22"><span class='ocrx_word' id='word_1_76' title='bbox 249 1042 354 1100; x_wconf 87' lang='lat' dir='ltr'><strong>Ille</strong></span> <span class='ocrx_word' id='word_1_77' title='bbox 401 1043 683 1101; x_wconf 91' lang='lat' dir='ltr'><strong>nimirum</strong></span> <span class='ocrx_word' id='word_1_78' title='bbox 738 1059 855 1102; x_wconf 94' lang='lat' dir='ltr'><strong>non</strong></span> <span class='ocrx_word' id='word_1_79' title='bbox 897 1046 1065 1102; x_wconf 92' lang='lat' dir='ltr'><strong>modo</strong></span> <span class='ocrx_word' id='word_1_80' title='bbox 1123 1061 1328 1118; x_wconf 91' lang='lat' dir='ltr'><strong>parum</strong></span> <span class='ocrx_word' id='word_1_81' title='bbox 1367 1046 1507 1121; x_wconf 91' lang='lat' dir='ltr'><strong>quid</strong></span> <span class='ocrx_word' id='word_1_82' title='bbox 1548 1047 1825 1120; x_wconf 91' lang='lat' dir='ltr'><strong>accipere,</strong></span> <span class='ocrx_word' id='word_1_83' title='bbox 1864 1046 1964 1105; x_wconf 89' lang='lat' dir='ltr'><strong>sed</strong></span> 
     </span>
    </p>
   </div>
   <div class='ocr_carea' id='block_1_13' title="bbox 251 1132 1964 1209">
    <p class='ocr_par' dir='ltr' id='par_1_13' title="bbox 251 1132 1964 1209">
     <span class='ocr_line' id='line_1_13' title="bbox 251 1132 1964 1209; baseline 0.004 -21"><span class='ocrx_word' id='word_1_84' title='bbox 251 1137 305 1188; x_wconf 91' lang='lat' dir='ltr'><strong>et</strong></span> <span class='ocrx_word' id='word_1_85' title='bbox 359 1132 625 1201; x_wconf 89' lang='lat' dir='ltr'><strong>saturari,</strong></span> <span class='ocrx_word' id='word_1_86' title='bbox 683 1132 832 1191; x_wconf 87' lang='lat' dir='ltr'><strong>sicut</strong></span> <span class='ocrx_word' id='word_1_87' title='bbox 894 1132 1118 1192; x_wconf 89' lang='lat' dir='ltr'><strong>Veritas</strong></span> <span class='ocrx_word' id='word_1_88' title='bbox 1183 1135 1464 1208; x_wconf 89' lang='lat' dir='ltr'><strong>perhibet,</strong></span> <span class='ocrx_word' id='word_1_89' title='bbox 1522 1135 1807 1209; x_wconf 91' lang='lat' dir='ltr'><strong>cupiebat,</strong></span> <span class='ocrx_word' id='word_1_90' title='bbox 1868 1136 1964 1195; x_wconf 91' lang='lat' dir='ltr'><strong>cui</strong></span> 
     </span>
    </p>
   </div>
   <div class='ocr_carea' id='block_1_14' title="bbox 252 1220 1959 1300">
    <p class='ocr_par' dir='ltr' id='par_1_14' title="bbox 252 1220 1959 1300">
     <span class='ocr_line' id='line_1_14' title="bbox 252 1220 1959 1300; baseline 0.005 -24"><span class='ocrx_word' id='word_1_91' title='bbox 252 1227 440 1278; x_wconf 89' lang='lat' dir='ltr'><strong>tamen</strong></span> <span class='ocrx_word' id='word_1_92' title='bbox 511 1220 786 1280; x_wconf 84' lang='lat' dir='ltr'><strong>alimenta</strong></span> <span class='ocrx_word' id='word_1_93' title='bbox 855 1239 1025 1281; x_wconf 87' lang='lat' dir='ltr'><strong>neruo</strong></span> <span class='ocrx_word' id='word_1_94' title='bbox 1086 1224 1531 1284; x_wconf 88' lang='lat' dir='ltr'><strong>misericorditer</strong></span> <span class='ocrx_word' id='word_1_95' title='bbox 1584 1225 1959 1300; x_wconf 81' lang='lat' dir='ltr'><strong>indulgebat;</strong></span> 
     </span>
    </p>
   </div>
   <div class='ocr_carea' id='block_1_15' title="bbox 246 1308 1962 1386">
    <p class='ocr_par' dir='ltr' id='par_1_15' title="bbox 246 1308 1962 1386">
     <span class='ocr_line' id='line_1_15' title="bbox 246 1308 1962 1386; baseline 0.005 -21"><span class='ocrx_word' id='word_1_96' title='bbox 246 1308 354 1366; x_wconf 91' lang='lat' dir='ltr'><strong>iste</strong></span> <span class='ocrx_word' id='word_1_97' title='bbox 401 1325 535 1368; x_wconf 90' lang='lat' dir='ltr'><strong>vero</strong></span> <span class='ocrx_word' id='word_1_98' title='bbox 586 1325 719 1369; x_wconf 89' lang='lat' dir='ltr'><strong>cum</strong></span> <span class='ocrx_word' id='word_1_99' title='bbox 773 1310 881 1369; x_wconf 91' lang='lat' dir='ltr'><strong>sibi</strong></span> <span class='ocrx_word' id='word_1_100' title='bbox 926 1320 1263 1386; x_wconf 84' lang='lat' dir='ltr'><strong>sumptuosa</strong></span> <span class='ocrx_word' id='word_1_101' title='bbox 1310 1314 1651 1372; x_wconf 90' lang='lat' dir='ltr'><strong>divitiarum</strong></span> <span class='ocrx_word' id='word_1_102' title='bbox 1694 1316 1962 1374; x_wconf 91' lang='lat' dir='ltr'><strong>omnium</strong></span> 
     </span>
    </p>
   </div>
   <div class='ocr_carea' id='block_1_16' title="bbox 248 1398 1963 1476">
    <p class='ocr_par' dir='ltr' id='par_1_16' title="bbox 248 1398 1963 1476">
     <span class='ocr_line' id='line_1_16' title="bbox 248 1398 1963 1476; baseline 0.005 -22"><span class='ocrx_word' id='word_1_103' title='bbox 248 1398 411 1470; x_wconf 91' lang='lat' dir='ltr'><strong>copia</strong></span> <span class='ocrx_word' id='word_1_104' title='bbox 469 1398 622 1456; x_wconf 90' lang='lat' dir='ltr'><strong>ultro</strong></span> <span class='ocrx_word' id='word_1_105' title='bbox 680 1407 1021 1472; x_wconf 85' lang='lat' dir='ltr'><strong>suppeteret,</strong></span> <span class='ocrx_word' id='word_1_106' title='bbox 1081 1416 1214 1458; x_wconf 93' lang='lat' dir='ltr'><strong>cum</strong></span> <span class='ocrx_word' id='word_1_107' title='bbox 1267 1402 1458 1460; x_wconf 90' lang='lat' dir='ltr'><strong>omnis</strong></span> <span class='ocrx_word' id='word_1_108' title='bbox 1523 1403 1703 1476; x_wconf 87' lang='lat' dir='ltr'><strong>hujus</strong></span> <span class='ocrx_word' id='word_1_109' title='bbox 1758 1403 1963 1463; x_wconf 91' lang='lat' dir='ltr'><strong>mundi</strong></span> 
     </span>
    </p>
   </div>
   <div class='ocr_carea' id='block_1_17' title="bbox 246 1480 1962 1562">
    <p class='ocr_par' dir='ltr' id='par_1_17' title="bbox 246 1480 1962 1562">
     <span class='ocr_line' id='line_1_17' title="bbox 246 1480 1962 1562; baseline 0.004 -20"><span class='ocrx_word' id='word_1_110' title='bbox 246 1486 431 1559; x_wconf 84' lang='lat' dir='ltr'><strong>gloria</strong></span> <span class='ocrx_word' id='word_1_111' title='bbox 474 1504 534 1545; x_wconf 89' lang='lat' dir='ltr'><strong>se</strong></span> <span class='ocrx_word' id='word_1_112' title='bbox 575 1487 685 1545; x_wconf 90' lang='lat' dir='ltr'><strong>sibi</strong></span> <span class='ocrx_word' id='word_1_113' title='bbox 725 1487 1084 1559; x_wconf 90' lang='lat' dir='ltr'><strong>dignaretur,</strong></span> <span class='ocrx_word' id='word_1_114' title='bbox 1116 1480 1293 1562; x_wconf 85' lang='lat' dir='ltr'><strong>gratis</strong></span> <span class='ocrx_word' id='word_1_115' title='bbox 1335 1491 1584 1561; x_wconf 85' lang='lat' dir='ltr'><strong>offerret,</strong></span> <span class='ocrx_word' id='word_1_116' title='bbox 1627 1490 1745 1550; x_wconf 91' lang='lat' dir='ltr'><strong>imo</strong></span> <span class='ocrx_word' id='word_1_117' title='bbox 1790 1491 1962 1550; x_wconf 88' lang='lat' dir='ltr'><strong>etiam</strong></span> 
     </span>
    </p>
   </div>
   <div class='ocr_carea' id='block_1_18' title="bbox 247 1574 1963 1654">
    <p class='ocr_par' dir='ltr' id='par_1_18' title="bbox 247 1574 1963 1654">
     <span class='ocr_line' id='line_1_18' title="bbox 247 1574 1963 1654; baseline 0.004 -22"><span class='ocrx_word' id='word_1_118' title='bbox 247 1574 467 1633; x_wconf 91' lang='lat' dir='ltr'><strong>nolenti</strong></span> <span class='ocrx_word' id='word_1_119' title='bbox 504 1592 564 1634; x_wconf 89' lang='lat' dir='ltr'><strong>se</strong></span> <span class='ocrx_word' id='word_1_120' title='bbox 610 1575 891 1635; x_wconf 85' lang='lat' dir='ltr'><strong>violenter</strong></span> <span class='ocrx_word' id='word_1_121' title='bbox 937 1579 1241 1650; x_wconf 82' lang='lat' dir='ltr'><strong>ingereret,</strong></span> <span class='ocrx_word' id='word_1_122' title='bbox 1283 1579 1482 1638; x_wconf 86' lang='lat' dir='ltr'><strong>omnia</strong></span> <span class='ocrx_word' id='word_1_123' title='bbox 1528 1579 1758 1654; x_wconf 91' lang='lat' dir='ltr'><strong>repulit,</strong></span> <span class='ocrx_word' id='word_1_124' title='bbox 1813 1596 1963 1639; x_wconf 85' lang='lat' dir='ltr'><strong>cun-</strong></span> 
     </span>
    </p>
   </div>
   <div class='ocr_carea' id='block_1_19' title="bbox 2048 421 3760 497">
    <p class='ocr_par' dir='ltr' id='par_1_19' title="bbox 2048 421 3760 497">
     <span class='ocr_line' id='line_1_19' title="bbox 2048 421 3760 497; baseline 0.003 -18"><span class='ocrx_word' id='word_1_125' title='bbox 2048 421 2502 481; x_wconf 90' lang='lat' dir='ltr'><strong>remuneratoris</strong></span> <span class='ocrx_word' id='word_1_126' title='bbox 2548 421 2781 495; x_wconf 87' lang='lat' dir='ltr'><strong>accepit.</strong></span> <span class='ocrx_word' id='word_1_127' title='bbox 2827 421 2954 497; x_wconf 89' lang='lat' dir='ltr'><strong>Ipse</strong></span> <span class='ocrx_word' id='word_1_128' title='bbox 3004 423 3218 497; x_wconf 90' lang='lat' dir='ltr'><strong>quippe</strong></span> <span class='ocrx_word' id='word_1_129' title='bbox 3272 422 3455 482; x_wconf 86' lang='lat' dir='ltr'><strong>factus</strong></span> <span class='ocrx_word' id='word_1_130' title='bbox 3482 427 3568 482; x_wconf 89' lang='lat' dir='ltr'><strong>est</strong></span> <span class='ocrx_word' id='word_1_131' title='bbox 3601 439 3760 497; x_wconf 70' lang='lat' dir='ltr'><strong>prae-</strong></span> 
     </span>
    </p>
   </div>
   <div class='ocr_carea' id='block_1_20' title="bbox 2049 511 3757 587">
    <p class='ocr_par' dir='ltr' id='par_1_20' title="bbox 2049 511 3757 587">
     <span class='ocr_line' id='line_1_20' title="bbox 2049 511 3757 587; baseline 0.003 -18"><span class='ocrx_word' id='word_1_132' title='bbox 2049 511 2236 570; x_wconf 92' lang='lat' dir='ltr'><strong>mium</strong></span> <span class='ocrx_word' id='word_1_133' title='bbox 2294 511 2711 584; x_wconf 87' lang='lat' dir='ltr'><strong>retributionis,</strong></span> <span class='ocrx_word' id='word_1_134' title='bbox 2773 513 2877 587; x_wconf 88' lang='lat' dir='ltr'><strong>qui</strong></span> <span class='ocrx_word' id='word_1_135' title='bbox 2929 513 3043 572; x_wconf 91' lang='lat' dir='ltr'><strong>sibi</strong></span> <span class='ocrx_word' id='word_1_136' title='bbox 3104 513 3293 572; x_wconf 86' lang='lat' dir='ltr'><strong>fuerat</strong></span> <span class='ocrx_word' id='word_1_137' title='bbox 3350 529 3521 573; x_wconf 88' lang='lat' dir='ltr'><strong>causa</strong></span> <span class='ocrx_word' id='word_1_138' title='bbox 3571 521 3757 573; x_wconf 88' lang='lat' dir='ltr'><strong>certa-</strong></span> 
     </span>
    </p>
   </div>
   <div class='ocr_carea' id='block_1_21' title="bbox 2050 600 3764 677">
    <p class='ocr_par' dir='ltr' id='par_1_21' title="bbox 2050 600 3764 677">
     <span class='ocr_line' id='line_1_21' title="bbox 2050 600 3764 677; baseline 0.004 -20"><span class='ocrx_word' id='word_1_139' title='bbox 2050 600 2248 670; x_wconf 83' lang='lat' dir='ltr'><strong>minis,</strong></span> <span class='ocrx_word' id='word_1_140' title='bbox 2275 608 2327 658; x_wconf 93' lang='lat' dir='ltr'><strong>et</strong></span> <span class='ocrx_word' id='word_1_141' title='bbox 2357 601 2461 675; x_wconf 90' lang='lat' dir='ltr'><strong>qui</strong></span> <span class='ocrx_word' id='word_1_142' title='bbox 2498 600 2688 659; x_wconf 88' lang='lat' dir='ltr'><strong>fuerat</strong></span> <span class='ocrx_word' id='word_1_143' title='bbox 2722 608 2920 661; x_wconf 87' lang='lat' dir='ltr'><strong>auctor</strong></span> <span class='ocrx_word' id='word_1_144' title='bbox 2953 617 3183 677; x_wconf 75' lang='lat' dir='ltr'><strong>pugnae,</strong></span> <span class='ocrx_word' id='word_1_145' title='bbox 3220 601 3403 660; x_wconf 82' lang='lat' dir='ltr'><strong>factus</strong></span> <span class='ocrx_word' id='word_1_146' title='bbox 3437 608 3521 660; x_wconf 90' lang='lat' dir='ltr'><strong>est</strong></span> <span class='ocrx_word' id='word_1_147' title='bbox 3548 617 3764 663; x_wconf 80' lang='lat' dir='ltr'><strong>corona</strong></span> 
     </span>
    </p>
   </div>
   <div class='ocr_carea' id='block_1_22' title="bbox 2051 688 3763 777">
    <p class='ocr_par' dir='ltr' id='par_1_22' title="bbox 2051 688 3763 777">
     <span class='ocr_line' id='line_1_22' title="bbox 2051 688 3763 777; baseline 0.001 -30"><span class='ocrx_word' id='word_1_148' title='bbox 2051 689 2326 777; x_wconf 60' lang='lat' dir='ltr'><strong>victoria},</strong></span> <span class='ocrx_word' id='word_1_149' title='bbox 2365 690 2534 749; x_wconf 89' lang='lat' dir='ltr'><strong>Jesus</strong></span> <span class='ocrx_word' id='word_1_150' title='bbox 2582 688 2842 748; x_wconf 87' lang='lat' dir='ltr'><strong>Christus</strong></span> <span class='ocrx_word' id='word_1_151' title='bbox 2894 690 3179 749; x_wconf 91' lang='lat' dir='ltr'><strong>Dominus</strong></span> <span class='ocrx_word' id='word_1_152' title='bbox 3234 696 3444 756; x_wconf 89' lang='lat' dir='ltr'><strong>noster,</strong></span> <span class='ocrx_word' id='word_1_153' title='bbox 3486 691 3586 767; x_wconf 89' lang='lat' dir='ltr'><strong>qui</strong></span> <span class='ocrx_word' id='word_1_154' title='bbox 3619 707 3763 750; x_wconf 90' lang='lat' dir='ltr'><strong>cum</strong></span> 
     </span>
    </p>
   </div>
   <div class='ocr_carea' id='block_1_23' title="bbox 2049 778 3765 854">
    <p class='ocr_par' dir='ltr' id='par_1_23' title="bbox 2049 778 3765 854">
     <span class='ocr_line' id='line_1_23' title="bbox 2049 778 3765 854; baseline 0.004 -19"><span class='ocrx_word' id='word_1_155' title='bbox 2049 778 2167 837; x_wconf 91' lang='lat' dir='ltr'><strong>Deo</strong></span> <span class='ocrx_word' id='word_1_156' title='bbox 2203 779 2367 838; x_wconf 89' lang='lat' dir='ltr'><strong>Patre</strong></span> <span class='ocrx_word' id='word_1_157' title='bbox 2394 783 2450 836; x_wconf 92' lang='lat' dir='ltr'><strong>et</strong></span> <span class='ocrx_word' id='word_1_158' title='bbox 2488 778 2707 853; x_wconf 89' lang='lat' dir='ltr'><strong>Spiritu</strong></span> <span class='ocrx_word' id='word_1_159' title='bbox 2736 786 2932 840; x_wconf 90' lang='lat' dir='ltr'><strong>sancto</strong></span> <span class='ocrx_word' id='word_1_160' title='bbox 2959 779 3107 840; x_wconf 81' lang='lat' dir='ltr'><strong>vivit</strong></span> <span class='ocrx_word' id='word_1_161' title='bbox 3143 786 3201 839; x_wconf 92' lang='lat' dir='ltr'><strong>et</strong></span> <span class='ocrx_word' id='word_1_162' title='bbox 3226 786 3430 854; x_wconf 87' lang='lat' dir='ltr'><strong>regnat</strong></span> <span class='ocrx_word' id='word_1_163' title='bbox 3454 780 3517 838; x_wconf 94' lang='lat' dir='ltr'><strong>in</strong></span> <span class='ocrx_word' id='word_1_164' title='bbox 3547 781 3765 841; x_wconf 64' lang='lat' dir='ltr'><strong>saecula</strong></span> 
     </span>
    </p>
   </div>
   <div class='ocr_carea' id='block_1_24' title="bbox 2051 868 2661 928">
    <p class='ocr_par' dir='ltr' id='par_1_24' title="bbox 2051 868 2661 928">
     <span class='ocr_line' id='line_1_24' title="bbox 2051 868 2661 928; baseline 0 -2"><span class='ocrx_word' id='word_1_165' title='bbox 2051 868 2417 928; x_wconf 75' lang='lat' dir='ltr'><strong>saeculorum.</strong></span> <span class='ocrx_word' id='word_1_166' title='bbox 2452 869 2661 927; x_wconf 87' lang='lat' dir='ltr'><strong>Amen.</strong></span> 
     </span>
    </p>
   </div>
   <div class='ocr_carea' id='block_1_25' title="bbox 2615 974 3191 1034">
    <p class='ocr_par' dir='ltr' id='par_1_25' title="bbox 2615 974 3191 1034">
     <span class='ocr_line' id='line_1_25' title="bbox 2615 974 3191 1034; baseline -0.002 0"><span class='ocrx_word' id='word_1_167' title='bbox 2615 976 2643 1002; x_wconf 80' lang='lat'>*</span> <span class='ocrx_word' id='word_1_168' title='bbox 2683 974 2932 1034; x_wconf 85' lang='lat' dir='ltr'><strong>SERMO</strong></span> <span class='ocrx_word' id='word_1_169' title='bbox 2982 974 3191 1034; x_wconf 83' lang='lat' dir='ltr'>XXIX.</span> 
     </span>
    </p>
   </div>
   <div class='ocr_carea' id='block_1_26' title="bbox 2228 1049 3585 1122">
    <p class='ocr_par' dir='ltr' id='par_1_26' title="bbox 2228 1049 3585 1122">
     <span class='ocr_line' id='line_1_26' title="bbox 2228 1049 3585 1122; baseline 0.001 -17"><span class='ocrx_word' id='word_1_170' title='bbox 2228 1058 2302 1105; x_wconf 76' lang='lat' dir='ltr'><strong>ns</strong></span> <span class='ocrx_word' id='word_1_171' title='bbox 2328 1057 2554 1105; x_wconf 57' lang='lat' dir='ltr'><strong>sanum</strong></span> <span class='ocrx_word' id='word_1_172' title='bbox 2595 1058 2785 1105; x_wconf 62' lang='lat' dir='ltr'><strong>unus</strong></span> <span class='ocrx_word' id='word_1_173' title='bbox 2830 1058 3213 1106; x_wconf 79' lang='lat' dir='ltr'><strong>MAGDALENA.</strong></span> <span class='ocrx_word' id='word_1_174' title='bbox 3248 1050 3406 1122; x_wconf 82' lang='lat' dir='ltr'><strong>(XXII</strong></span> <span class='ocrx_word' id='word_1_175' title='bbox 3439 1049 3585 1110; x_wconf 75' lang='lat' dir='ltr'><strong>IUL.)</strong></span> 
     </span>
    </p>
   </div>
   <div class='ocr_carea' id='block_1_27' title="bbox 2119 1136 3772 1209">
    <p class='ocr_par' dir='ltr' id='par_1_27' title="bbox 2119 1136 3772 1209">
     <span class='ocr_line' id='line_1_27' title="bbox 2119 1136 3772 1209; baseline 0.002 -14"><span class='ocrx_word' id='word_1_176' title='bbox 2119 1136 2306 1197; x_wconf 91' lang='lat' dir='ltr'><strong>Hodie</strong></span> <span class='ocrx_word' id='word_1_177' title='bbox 2348 1136 2740 1195; x_wconf 89' lang='lat' dir='ltr'><strong>misericordia</strong></span> <span class='ocrx_word' id='word_1_178' title='bbox 2775 1143 2831 1195; x_wconf 91' lang='lat' dir='ltr'><strong>et</strong></span> <span class='ocrx_word' id='word_1_179' title='bbox 2877 1137 3090 1196; x_wconf 89' lang='lat' dir='ltr'><strong>veritas</strong></span> <span class='ocrx_word' id='word_1_180' title='bbox 3128 1137 3508 1196; x_wconf 88' lang='lat' dir='ltr'><strong>obviaverunt</strong></span> <span class='ocrx_word' id='word_1_181' title='bbox 3539 1137 3671 1209; x_wconf 88' lang='lat' dir='ltr'><strong>sibi,</strong></span> <span class='ocrx_word' id='word_1_182' title='bbox 3706 1145 3772 1199; x_wconf 89' lang='lat' dir='ltr'><strong>et</strong></span> 
     </span>
    </p>
   </div>
   <div class='ocr_carea' id='block_1_28' title="bbox 2049 1224 3768 1300">
    <p class='ocr_par' dir='ltr' id='par_1_28' title="bbox 2049 1224 3768 1300">
     <span class='ocr_line' id='line_1_28' title="bbox 2049 1224 3768 1300; baseline 0 -14"><span class='ocrx_word' id='word_1_183' title='bbox 2049 1226 2359 1286; x_wconf 87' lang='lat' dir='ltr'><strong>multitudo</strong></span> <span class='ocrx_word' id='word_1_184' title='bbox 2404 1226 2842 1285; x_wconf 88' lang='lat' dir='ltr'><strong>miserationum</strong></span> <span class='ocrx_word' id='word_1_185' title='bbox 2882 1224 3113 1283; x_wconf 92' lang='lat' dir='ltr'><strong>Domini</strong></span> <span class='ocrx_word' id='word_1_186' title='bbox 3161 1225 3223 1284; x_wconf 92' lang='lat' dir='ltr'><strong>in</strong></span> <span class='ocrx_word' id='word_1_187' title='bbox 3270 1227 3638 1300; x_wconf 85' lang='lat' dir='ltr'><strong>peccatricem</strong></span> <span class='ocrx_word' id='word_1_188' title='bbox 3678 1227 3768 1286; x_wconf 88' lang='lat' dir='ltr'><strong>fe-</strong></span> 
     </span>
    </p>
   </div>
   <div class='ocr_carea' id='block_1_29' title="bbox 2048 1314 3765 1389">
    <p class='ocr_par' dir='ltr' id='par_1_29' title="bbox 2048 1314 3765 1389">
     <span class='ocr_line' id='line_1_29' title="bbox 2048 1314 3765 1389; baseline 0.001 -14"><span class='ocrx_word' id='word_1_189' title='bbox 2048 1317 2270 1375; x_wconf 91' lang='lat' dir='ltr'><strong>minam</strong></span> <span class='ocrx_word' id='word_1_190' title='bbox 2303 1320 2454 1383; x_wconf 89' lang='lat' dir='ltr'><strong>(Luc.</strong></span> <span class='ocrx_word' id='word_1_191' title='bbox 2498 1321 2604 1384; x_wconf 89' lang='lat' dir='ltr'><strong>VII)</strong></span> <span class='ocrx_word' id='word_1_192' title='bbox 2655 1316 2846 1373; x_wconf 88' lang='lat' dir='ltr'><strong>refusa</strong></span> <span class='ocrx_word' id='word_1_193' title='bbox 2895 1320 3002 1373; x_wconf 91' lang='lat' dir='ltr'><strong>est.</strong></span> <span class='ocrx_word' id='word_1_194' title='bbox 3046 1314 3233 1373; x_wconf 89' lang='lat' dir='ltr'><strong>Filius</strong></span> <span class='ocrx_word' id='word_1_195' title='bbox 3278 1317 3436 1374; x_wconf 91' lang='lat' dir='ltr'><strong>enim</strong></span> <span class='ocrx_word' id='word_1_196' title='bbox 3482 1315 3765 1389; x_wconf 87' lang='lat' dir='ltr'><strong>Virginis,</strong></span> 
     </span>
    </p>
   </div>
   <div class='ocr_carea' id='block_1_30' title="bbox 2048 1401 3768 1479">
    <p class='ocr_par' dir='ltr' id='par_1_30' title="bbox 2048 1401 3768 1479">
     <span class='ocr_line' id='line_1_30' title="bbox 2048 1401 3768 1479; baseline 0 -15"><span class='ocrx_word' id='word_1_197' title='bbox 2048 1403 2393 1479; x_wconf 87' lang='lat' dir='ltr'><strong>peccatricis,</strong></span> <span class='ocrx_word' id='word_1_198' title='bbox 2438 1408 2811 1462; x_wconf 71' lang='lat' dir='ltr'><strong>menstruales</strong></span> <span class='ocrx_word' id='word_1_199' title='bbox 2846 1401 3115 1460; x_wconf 89' lang='lat' dir='ltr'><strong>manibus</strong></span> <span class='ocrx_word' id='word_1_200' title='bbox 3152 1407 3509 1477; x_wconf 88' lang='lat' dir='ltr'><strong>attrectatur;</strong></span> <span class='ocrx_word' id='word_1_201' title='bbox 3546 1403 3768 1465; x_wconf 88' lang='lat' dir='ltr'><strong>Deum-</strong></span> 
     </span>
    </p>
   </div>
   <div class='ocr_carea' id='block_1_31' title="bbox 2048 1490 3772 1569">
    <p class='ocr_par' dir='ltr' id='par_1_31' title="bbox 2048 1490 3772 1569">
     <span class='ocr_line' id='line_1_31' title="bbox 2048 1490 3772 1569; baseline 0.001 -17"><span class='ocrx_word' id='word_1_202' title='bbox 2048 1510 2181 1568; x_wconf 87' lang='lat' dir='ltr'><strong>que,</strong></span> <span class='ocrx_word' id='word_1_203' title='bbox 2203 1499 2259 1551; x_wconf 90' lang='lat' dir='ltr'><strong>et</strong></span> <span class='ocrx_word' id='word_1_204' title='bbox 2284 1491 2390 1550; x_wconf 91' lang='lat' dir='ltr'><strong>Dei</strong></span> <span class='ocrx_word' id='word_1_205' title='bbox 2423 1492 2643 1551; x_wconf 89' lang='lat' dir='ltr'><strong>Filium</strong></span> <span class='ocrx_word' id='word_1_206' title='bbox 2671 1490 2882 1550; x_wconf 87' lang='lat' dir='ltr'><strong>mulier</strong></span> <span class='ocrx_word' id='word_1_207' title='bbox 2908 1490 3201 1549; x_wconf 85' lang='lat' dir='ltr'><strong>inﬁrmata</strong></span> <span class='ocrx_word' id='word_1_208' title='bbox 3220 1492 3519 1567; x_wconf 90' lang='lat' dir='ltr'><strong>contingit.</strong></span> <span class='ocrx_word' id='word_1_209' title='bbox 3551 1494 3772 1569; x_wconf 83' lang='lat' dir='ltr'><strong>Tangit</strong></span> 
     </span>
    </p>
   </div>
   <div class='ocr_carea' id='block_1_32' title="bbox 2049 1580 3767 1655">
    <p class='ocr_par' dir='ltr' id='par_1_32' title="bbox 2049 1580 3767 1655">
     <span class='ocr_line' id='line_1_32' title="bbox 2049 1580 3767 1655; baseline 0.002 -15"><span class='ocrx_word' id='word_1_210' title='bbox 2049 1583 2221 1655; x_wconf 90' lang='lat' dir='ltr'><strong>pedes</strong></span> <span class='ocrx_word' id='word_1_211' title='bbox 2248 1580 2474 1652; x_wconf 90' lang='lat' dir='ltr'><strong>mundi,</strong></span> <span class='ocrx_word' id='word_1_212' title='bbox 2506 1587 2678 1654; x_wconf 91' lang='lat' dir='ltr'><strong>atque</strong></span> <span class='ocrx_word' id='word_1_213' title='bbox 2693 1580 3044 1641; x_wconf 88' lang='lat' dir='ltr'><strong>mundantis</strong></span> <span class='ocrx_word' id='word_1_214' title='bbox 3078 1580 3408 1652; x_wconf 90' lang='lat' dir='ltr'><strong>immunda,</strong></span> <span class='ocrx_word' id='word_1_215' title='bbox 3448 1590 3504 1642; x_wconf 88' lang='lat' dir='ltr'><strong>et</strong></span> <span class='ocrx_word' id='word_1_216' title='bbox 3527 1584 3601 1642; x_wconf 88' lang='lat' dir='ltr'><strong>ad</strong></span> <span class='ocrx_word' id='word_1_217' title='bbox 3633 1600 3767 1643; x_wconf 79' lang='lat' dir='ltr'><strong>ves-</strong></span> 
     </span>
    </p>
   </div>
   <div class='ocr_carea' id='block_1_33' title="bbox 247 1666 3769 1746">
    <p class='ocr_par' dir='ltr' id='par_1_33' title="bbox 247 1666 3769 1746">
     <span class='ocr_line' id='line_1_33' title="bbox 247 1666 3769 1746; baseline 0.003 -25"><span class='ocrx_word' id='word_1_218' title='bbox 247 1670 337 1721; x_wconf 90' lang='lat' dir='ltr'><strong>cta</strong></span> <span class='ocrx_word' id='word_1_219' title='bbox 405 1666 792 1739; x_wconf 89' lang='lat' dir='ltr'><strong>contempsit,</strong></span> <span class='ocrx_word' id='word_1_220' title='bbox 850 1666 1304 1726; x_wconf 90' lang='lat' dir='ltr'><strong>irrevocabiliter</strong></span> <span class='ocrx_word' id='word_1_221' title='bbox 1375 1676 1670 1728; x_wconf 89' lang='lat' dir='ltr'><strong>aversatus</strong></span> <span class='ocrx_word' id='word_1_222' title='bbox 1736 1669 2187 1746; x_wconf 83' lang='lat' dir='ltr'><strong>abjecit.Btigia</strong></span> <span class='ocrx_word' id='word_1_223' title='bbox 2224 1667 2505 1728; x_wconf 87' lang='lat' dir='ltr'><strong>Creatoris</strong></span> <span class='ocrx_word' id='word_1_224' title='bbox 2544 1668 2757 1726; x_wconf 88' lang='lat' dir='ltr'><strong>mulier</strong></span> <span class='ocrx_word' id='word_1_225' title='bbox 2793 1668 3107 1727; x_wconf 90' lang='lat' dir='ltr'><strong>criminosa</strong></span> <span class='ocrx_word' id='word_1_226' title='bbox 3152 1670 3497 1742; x_wconf 91' lang='lat' dir='ltr'><strong>procumbit.</strong></span> <span class='ocrx_word' id='word_1_227' title='bbox 3532 1671 3769 1730; x_wconf 88' lang='lat' dir='ltr'><strong>Transit</strong></span> 
     </span>
    </p>
   </div>
   <div class='ocr_carea' id='block_1_34' title="bbox 249 1749 1959 1833">
    <p class='ocr_par' dir='ltr' id='par_1_34' title="bbox 249 1749 1959 1833">
     <span class='ocr_line' id='line_1_34' title="bbox 249 1749 1959 1833; baseline 0.005 -23"><span class='ocrx_word' id='word_1_228' title='bbox 249 1749 293 1810; x_wconf 91' lang='grc' dir='ltr'><strong>Ο</strong></span> <span class='ocrx_word' id='word_1_229' title='bbox 332 1759 634 1811; x_wconf 88' lang='lat' dir='ltr'><strong>strenuum</strong></span> <span class='ocrx_word' id='word_1_230' title='bbox 685 1752 895 1813; x_wconf 87' lang='lat' dir='ltr'><strong>Christi</strong></span> <span class='ocrx_word' id='word_1_231' title='bbox 947 1755 1228 1815; x_wconf 87' lang='lat' dir='ltr'><strong>militem!</strong></span> <span class='ocrx_word' id='word_1_232' title='bbox 1276 1771 1309 1814; x_wconf 96' lang='lat' dir='ltr'><strong>o</strong></span> <span class='ocrx_word' id='word_1_233' title='bbox 1342 1773 1606 1831; x_wconf 76' lang='lat' dir='ltr'><strong>,prorsus</strong></span> <span class='ocrx_word' id='word_1_234' title='bbox 1651 1759 1959 1833; x_wconf 89' lang='lat' dir='ltr'><strong>invictum,</strong></span> 
     </span>
    </p>
   </div>
   <div class='ocr_carea' id='block_1_35' title="bbox 247 1840 1780 1914">
    <p class='ocr_par' dir='ltr' id='par_1_35' title="bbox 247 1840 1780 1914">
     <span class='ocr_line' id='line_1_35' title="bbox 247 1840 1780 1914; baseline 0.007 -18"><span class='ocrx_word' id='word_1_235' title='bbox 247 1846 304 1897; x_wconf 87' lang='lat' dir='ltr'><strong>et</strong></span> <span class='ocrx_word' id='word_1_236' title='bbox 336 1840 509 1898; x_wconf 89' lang='lat' dir='ltr'><strong>nimis</strong></span> <span class='ocrx_word' id='word_1_237' title='bbox 535 1841 825 1914; x_wconf 84' lang='lat' dir='ltr'><strong>insignem</strong></span> <span class='ocrx_word' id='word_1_238' title='bbox 866 1844 1115 1903; x_wconf 66' lang='lat' dir='ltr'><strong>caelestis</strong></span> <span class='ocrx_word' id='word_1_239' title='bbox 1141 1845 1369 1904; x_wconf 68' lang='lat' dir='ltr'><strong>militiae</strong></span> <span class='ocrx_word' id='word_1_240' title='bbox 1397 1846 1733 1906; x_wconf 90' lang='lat' dir='ltr'><strong>bellatorem</strong></span> <span class='ocrx_word' id='word_1_241' title='bbox 1769 1853 1780 1906; x_wconf 75' lang='grc' dir='ltr'>ι</span> 
     </span>
    </p>
   </div>
   <div class='ocr_carea' id='block_1_36' title="bbox 318 1927 1959 2007">
    <p class='ocr_par' dir='ltr' id='par_1_36' title="bbox 318 1927 1959 2007">
     <span class='ocr_line' id='line_1_36' title="bbox 318 1927 1959 2007; baseline 0.005 -24"><span class='ocrx_word' id='word_1_242' title='bbox 318 1927 388 1985; x_wconf 94' lang='lat' dir='ltr'><strong>In</strong></span> <span class='ocrx_word' id='word_1_243' title='bbox 422 1928 751 1989; x_wconf 86' lang='lat' dir='ltr'><strong>Annalibus</strong></span> <span class='ocrx_word' id='word_1_244' title='bbox 790 1938 942 1989; x_wconf 91' lang='lat' dir='ltr'><strong>certe</strong></span> <span class='ocrx_word' id='word_1_245' title='bbox 973 1931 1187 2003; x_wconf 86' lang='lat' dir='ltr'><strong>legitur</strong></span> <span class='ocrx_word' id='word_1_246' title='bbox 1220 1933 1621 1993; x_wconf 85' lang='lat' dir='ltr'><strong>Romanorum</strong></span> <span class='ocrx_word' id='word_1_247' title='bbox 1658 1936 1959 2007; x_wconf 79' lang='lat' dir='ltr'><strong>(EUTBOP.,</strong></span> 
     </span>
    </p>
   </div>
   <div class='ocr_carea' id='block_1_37' title="bbox 248 2018 1960 2095">
    <p class='ocr_par' dir='ltr' id='par_1_37' title="bbox 248 2018 1960 2095">
     <span class='ocr_line' id='line_1_37' title="bbox 248 2018 1960 2095; baseline 0.005 -23"><span class='ocrx_word' id='word_1_248' title='bbox 248 2019 393 2074; x_wconf 76' lang='lat' dir='ltr'><strong>Hist.</strong></span> <span class='ocrx_word' id='word_1_249' title='bbox 426 2021 577 2075; x_wconf 89' lang='lat' dir='ltr'><strong>Rom.</strong></span> <span class='ocrx_word' id='word_1_250' title='bbox 614 2018 713 2076; x_wconf 93' lang='lat' dir='ltr'><strong>lib.</strong></span> <span class='ocrx_word' id='word_1_251' title='bbox 764 2032 824 2077; x_wconf 92' lang='lat' dir='ltr'><strong>III</strong></span> <span class='ocrx_word' id='word_1_252' title='bbox 864 2019 925 2077; x_wconf 91' lang='lat' dir='ltr'><strong>in</strong></span> <span class='ocrx_word' id='word_1_253' title='bbox 967 2019 1191 2093; x_wconf 69' lang='lat' dir='ltr'><strong>prino),</strong></span> <span class='ocrx_word' id='word_1_254' title='bbox 1214 2022 1353 2095; x_wconf 89' lang='lat' dir='ltr'><strong>quia</strong></span> <span class='ocrx_word' id='word_1_255' title='bbox 1386 2022 1694 2081; x_wconf 87' lang='lat' dir='ltr'><strong>Marcellus</strong></span> <span class='ocrx_word' id='word_1_256' title='bbox 1735 2022 1960 2094; x_wconf 89' lang='lat' dir='ltr'><strong>consul,</strong></span> 
     </span>
    </p>
   </div>
   <div class='ocr_carea' id='block_1_38' title="bbox 245 2112 1967 2189">
    <p class='ocr_par' dir='ltr' id='par_1_38' title="bbox 245 2112 1967 2189">
     <span class='ocr_line' id='line_1_38' title="bbox 245 2112 1967 2189; baseline 0.004 -19"><span class='ocrx_word' id='word_1_257' title='bbox 245 2113 387 2170; x_wconf 90' lang='lat' dir='ltr'><strong>dum</strong></span> <span class='ocrx_word' id='word_1_258' title='bbox 438 2112 779 2185; x_wconf 90' lang='lat' dir='ltr'><strong>imprudens</strong></span> <span class='ocrx_word' id='word_1_259' title='bbox 831 2115 894 2172; x_wconf 91' lang='lat' dir='ltr'><strong>in</strong></span> <span class='ocrx_word' id='word_1_260' title='bbox 949 2130 1159 2173; x_wconf 90' lang='lat' dir='ltr'><strong>manus</strong></span> <span class='ocrx_word' id='word_1_261' title='bbox 1214 2115 1473 2174; x_wconf 88' lang='lat' dir='ltr'><strong>hostium</strong></span> <span class='ocrx_word' id='word_1_262' title='bbox 1532 2116 1847 2189; x_wconf 90' lang='lat' dir='ltr'><strong>incidisset,</strong></span> <span class='ocrx_word' id='word_1_263' title='bbox 1908 2125 1967 2177; x_wconf 90' lang='lat' dir='ltr'><strong>et</strong></span> 
     </span>
    </p>
   </div>
   <div class='ocr_carea' id='block_1_39' title="bbox 247 2202 1965 2280">
    <p class='ocr_par' dir='ltr' id='par_1_39' title="bbox 247 2202 1965 2280">
     <span class='ocr_line' id='line_1_39' title="bbox 247 2202 1965 2280; baseline 0.003 -21"><span class='ocrx_word' id='word_1_264' title='bbox 247 2216 458 2260; x_wconf 90' lang='lat' dir='ltr'><strong>corona</strong></span> <span class='ocrx_word' id='word_1_265' title='bbox 508 2202 904 2260; x_wconf 88' lang='lat' dir='ltr'><strong>circumdante</strong></span> <span class='ocrx_word' id='word_1_266' title='bbox 968 2202 1289 2274; x_wconf 89' lang='lat' dir='ltr'><strong>Gallorum,</strong></span> <span class='ocrx_word' id='word_1_267' title='bbox 1337 2205 1592 2277; x_wconf 90' lang='lat' dir='ltr'><strong>nullum,</strong></span> <span class='ocrx_word' id='word_1_268' title='bbox 1643 2222 1743 2280; x_wconf 88' lang='lat' dir='ltr'><strong>per</strong></span> <span class='ocrx_word' id='word_1_269' title='bbox 1789 2221 1965 2280; x_wconf 90' lang='lat' dir='ltr'><strong>quem</strong></span> 
     </span>
    </p>
   </div>
   <div class='ocr_carea' id='block_1_40' title="bbox 248 2292 1966 2375">
    <p class='ocr_par' dir='ltr' id='par_1_40' title="bbox 248 2292 1966 2375">
     <span class='ocr_line' id='line_1_40' title="bbox 248 2292 1966 2375; baseline 0.002 -24"><span class='ocrx_word' id='word_1_270' title='bbox 248 2299 435 2375; x_wconf 79' lang='lat' dir='ltr'><strong>posset</strong></span> <span class='ocrx_word' id='word_1_271' title='bbox 486 2292 748 2363; x_wconf 88' lang='lat' dir='ltr'><strong>evadere,</strong></span> <span class='ocrx_word' id='word_1_272' title='bbox 808 2293 1031 2352; x_wconf 88' lang='lat' dir='ltr'><strong>aditum</strong></span> <span class='ocrx_word' id='word_1_273' title='bbox 1081 2295 1379 2367; x_wconf 90' lang='lat' dir='ltr'><strong>reperiret,</strong></span> <span class='ocrx_word' id='word_1_274' title='bbox 1443 2303 1677 2369; x_wconf 88' lang='lat' dir='ltr'><strong>repente</strong></span> <span class='ocrx_word' id='word_1_275' title='bbox 1726 2297 1789 2354; x_wconf 93' lang='lat' dir='ltr'><strong>in</strong></span> <span class='ocrx_word' id='word_1_276' title='bbox 1842 2312 1966 2354; x_wconf 88' lang='lat' dir='ltr'><strong>me-</strong></span> 
     </span>
    </p>
   </div>
   <div class='ocr_carea' id='block_1_41' title="bbox 248 2382 1965 2458">
    <p class='ocr_par' dir='ltr' id='par_1_41' title="bbox 248 2382 1965 2458">
     <span class='ocr_line' id='line_1_41' title="bbox 248 2382 1965 2458; baseline 0.004 -20"><span class='ocrx_word' id='word_1_277' title='bbox 248 2382 412 2441; x_wconf 91' lang='lat' dir='ltr'><strong>dium</strong></span> <span class='ocrx_word' id='word_1_278' title='bbox 460 2382 712 2441; x_wconf 90' lang='lat' dir='ltr'><strong>hostium</strong></span> <span class='ocrx_word' id='word_1_279' title='bbox 762 2382 1225 2442; x_wconf 83' lang='lat' dir='ltr'><strong>ferventissimus</strong></span> <span class='ocrx_word' id='word_1_280' title='bbox 1256 2383 1500 2442; x_wconf 90' lang='lat' dir='ltr'><strong>bellator</strong></span> <span class='ocrx_word' id='word_1_281' title='bbox 1528 2386 1836 2458; x_wconf 88' lang='lat' dir='ltr'><strong>immersit,</strong></span> <span class='ocrx_word' id='word_1_282' title='bbox 1864 2402 1965 2445; x_wconf 89' lang='lat' dir='ltr'><strong>eo-</strong></span> 
     </span>
    </p>
   </div>
   <div class='ocr_carea' id='block_1_42' title="bbox 247 2468 1965 2547">
    <p class='ocr_par' dir='ltr' id='par_1_42' title="bbox 247 2468 1965 2547">
     <span class='ocr_line' id='line_1_42' title="bbox 247 2468 1965 2547; baseline 0.002 -21"><span class='ocrx_word' id='word_1_283' title='bbox 247 2485 495 2540; x_wconf 89' lang='lat' dir='ltr'><strong>rumque</strong></span> <span class='ocrx_word' id='word_1_284' title='bbox 534 2487 749 2546; x_wconf 84' lang='lat' dir='ltr'><strong>regem,</strong></span> <span class='ocrx_word' id='word_1_285' title='bbox 781 2468 1197 2529; x_wconf 88' lang='lat' dir='ltr'><strong>Virdumarum</strong></span> <span class='ocrx_word' id='word_1_286' title='bbox 1228 2471 1663 2547; x_wconf 82' lang='lat' dir='ltr'><strong>[Vitromarum]</strong></span> <span class='ocrx_word' id='word_1_287' title='bbox 1708 2472 1965 2546; x_wconf 90' lang='lat' dir='ltr'><strong>nomine,</strong></span> 
     </span>
    </p>
   </div>
   <div class='ocr_carea' id='block_1_43' title="bbox 195 2562 1969 2638">
    <p class='ocr_par' dir='ltr' id='par_1_43' title="bbox 195 2562 1969 2638">
     <span class='ocr_line' id='line_1_43' title="bbox 195 2562 1969 2638; baseline 0.001 -16"><span class='ocrx_word' id='word_1_288' title='bbox 195 2620 207 2635; x_wconf 79' lang='grc'><em>,</em></span> <span class='ocrx_word' id='word_1_289' title='bbox 251 2562 474 2622; x_wconf 89' lang='lat' dir='ltr'><strong>cunctis</strong></span> <span class='ocrx_word' id='word_1_290' title='bbox 516 2562 809 2638; x_wconf 87' lang='lat' dir='ltr'><strong>inopinata</strong></span> <span class='ocrx_word' id='word_1_291' title='bbox 857 2563 1100 2620; x_wconf 88' lang='lat' dir='ltr'><strong>audacia</strong></span> <span class='ocrx_word' id='word_1_292' title='bbox 1134 2563 1435 2637; x_wconf 88' lang='lat' dir='ltr'><strong>perculsis,</strong></span> <span class='ocrx_word' id='word_1_293' title='bbox 1487 2564 1731 2635; x_wconf 90' lang='lat' dir='ltr'><strong>occidit;</strong></span> <span class='ocrx_word' id='word_1_294' title='bbox 1776 2571 1831 2623; x_wconf 90' lang='lat' dir='ltr'><strong>et</strong></span> <span class='ocrx_word' id='word_1_295' title='bbox 1866 2565 1969 2624; x_wconf 91' lang='lat' dir='ltr'><strong>ubi</strong></span> 
     </span>
    </p>
   </div>
   <div class='ocr_carea' id='block_1_44' title="bbox 253 2651 1971 2725">
    <p class='ocr_par' dir='ltr' id='par_1_44' title="bbox 253 2651 1971 2725">
     <span class='ocr_line' id='line_1_44' title="bbox 253 2651 1971 2725; baseline 0.001 -16"><span class='ocrx_word' id='word_1_296' title='bbox 253 2667 464 2724; x_wconf 88' lang='lat' dir='ltr'><strong>magna</strong></span> <span class='ocrx_word' id='word_1_297' title='bbox 510 2652 802 2709; x_wconf 85' lang='lat' dir='ltr'><strong>videretur</strong></span> <span class='ocrx_word' id='word_1_298' title='bbox 864 2652 1198 2725; x_wconf 88' lang='lat' dir='ltr'><strong>provenisse</strong></span> <span class='ocrx_word' id='word_1_299' title='bbox 1255 2651 1515 2721; x_wconf 88' lang='lat' dir='ltr'><strong>victoria,</strong></span> <span class='ocrx_word' id='word_1_300' title='bbox 1574 2652 1623 2710; x_wconf 92' lang='lat' dir='ltr'><strong>si</strong></span> <span class='ocrx_word' id='word_1_301' title='bbox 1684 2652 1971 2712; x_wconf 87' lang='lat' dir='ltr'><strong>duntaxat</strong></span> 
     </span>
    </p>
   </div>
   <div class='ocr_carea' id='block_1_45' title="bbox 254 2733 1971 2815">
    <p class='ocr_par' dir='ltr' id='par_1_45' title="bbox 254 2733 1971 2815">
     <span class='ocr_line' id='line_1_45' title="bbox 254 2733 1971 2815; baseline 0 -15"><span class='ocrx_word' id='word_1_302' title='bbox 254 2742 538 2800; x_wconf 90' lang='lat' dir='ltr'><strong>immunis</strong></span> <span class='ocrx_word' id='word_1_303' title='bbox 588 2743 912 2814; x_wconf 86' lang='lat' dir='ltr'><strong>aufugeret,</strong></span> <span class='ocrx_word' id='word_1_304' title='bbox 957 2741 1093 2799; x_wconf 90' lang='lat' dir='ltr'><strong>inde</strong></span> <span class='ocrx_word' id='word_1_305' title='bbox 1124 2733 1274 2800; x_wconf 83' lang='lat' dir='ltr'><strong>ultra</strong></span> <span class='ocrx_word' id='word_1_306' title='bbox 1308 2756 1539 2799; x_wconf 89' lang='lat' dir='ltr'><strong>omnem</strong></span> <span class='ocrx_word' id='word_1_307' title='bbox 1589 2757 1749 2815; x_wconf 91' lang='lat' dir='ltr'><strong>spem</strong></span> <span class='ocrx_word' id='word_1_308' title='bbox 1787 2741 1971 2815; x_wconf 89' lang='lat' dir='ltr'><strong>opimi</strong></span> 
     </span>
    </p>
   </div>
   <div class='ocr_carea' id='block_1_46' title="bbox 255 2827 1972 2902">
    <p class='ocr_par' dir='ltr' id='par_1_46' title="bbox 255 2827 1972 2902">
     <span class='ocr_line' id='line_1_46' title="bbox 255 2827 1972 2902; baseline 0.002 -17"><span class='ocrx_word' id='word_1_309' title='bbox 255 2829 424 2902; x_wconf 90' lang='lat' dir='ltr'><strong>spolii</strong></span> <span class='ocrx_word' id='word_1_310' title='bbox 464 2828 771 2887; x_wconf 89' lang='lat' dir='ltr'><strong>manubias</strong></span> <span class='ocrx_word' id='word_1_311' title='bbox 823 2829 1151 2902; x_wconf 81' lang='lat' dir='ltr'><strong>reportavit.</strong></span> <span class='ocrx_word' id='word_1_312' title='bbox 1197 2827 1292 2888; x_wconf 91' lang='lat' dir='ltr'><strong>Sic</strong></span> <span class='ocrx_word' id='word_1_313' title='bbox 1344 2828 1629 2887; x_wconf 89' lang='lat' dir='ltr'><strong>nimirum</strong></span> <span class='ocrx_word' id='word_1_314' title='bbox 1673 2835 1730 2887; x_wconf 91' lang='lat' dir='ltr'><strong>et</strong></span> <span class='ocrx_word' id='word_1_315' title='bbox 1778 2836 1972 2888; x_wconf 92' lang='lat' dir='ltr'><strong>noster</strong></span> 
     </span>
    </p>
   </div>
   <div class='ocr_carea' id='block_1_47' title="bbox 254 2915 1970 2991">
    <p class='ocr_par' dir='ltr' id='par_1_47' title="bbox 254 2915 1970 2991">
     <span class='ocr_line' id='line_1_47' title="bbox 254 2915 1970 2991; baseline 0.002 -17"><span class='ocrx_word' id='word_1_316' title='bbox 254 2917 362 2975; x_wconf 89' lang='lat' dir='ltr'><strong>iste</strong></span> <span class='ocrx_word' id='word_1_317' title='bbox 415 2915 744 2986; x_wconf 89' lang='lat' dir='ltr'><strong>Marcellus,</strong></span> <span class='ocrx_word' id='word_1_318' title='bbox 795 2932 911 2974; x_wconf 90' lang='lat' dir='ltr'><strong>non</strong></span> <span class='ocrx_word' id='word_1_319' title='bbox 962 2918 1085 2990; x_wconf 91' lang='lat' dir='ltr'><strong>jam</strong></span> <span class='ocrx_word' id='word_1_320' title='bbox 1138 2925 1529 2991; x_wconf 84' lang='lat' dir='ltr'><strong>propugnator</strong></span> <span class='ocrx_word' id='word_1_321' title='bbox 1582 2918 1814 2990; x_wconf 66' lang='lat' dir='ltr'><strong>Romae,</strong></span> <span class='ocrx_word' id='word_1_322' title='bbox 1872 2918 1970 2977; x_wconf 89' lang='lat' dir='ltr'><strong>sed</strong></span> 
     </span>
    </p>
   </div>
   <div class='ocr_carea' id='block_1_48' title="bbox 254 3003 1969 3079">
    <p class='ocr_par' dir='ltr' id='par_1_48' title="bbox 254 3003 1969 3079">
     <span class='ocr_line' id='line_1_48' title="bbox 254 3003 1969 3079; baseline 0.001 -17"><span class='ocrx_word' id='word_1_323' title='bbox 254 3011 468 3063; x_wconf 69' lang='lat' dir='ltr'><strong>sanctae</strong></span> <span class='ocrx_word' id='word_1_324' title='bbox 504 3003 671 3063; x_wconf 91' lang='lat' dir='ltr'><strong>miles</strong></span> <span class='ocrx_word' id='word_1_325' title='bbox 716 3005 1014 3075; x_wconf 78' lang='lat' dir='ltr'><strong>Ecclesim,</strong></span> <span class='ocrx_word' id='word_1_326' title='bbox 1046 3022 1179 3064; x_wconf 86' lang='lat' dir='ltr'><strong>cum</strong></span> <span class='ocrx_word' id='word_1_327' title='bbox 1220 3022 1428 3079; x_wconf 89' lang='lat' dir='ltr'><strong>magna</strong></span> <span class='ocrx_word' id='word_1_328' title='bbox 1457 3022 1575 3065; x_wconf 92' lang='lat' dir='ltr'><strong>non</strong></span> <span class='ocrx_word' id='word_1_329' title='bbox 1602 3006 1969 3066; x_wconf 88' lang='lat' dir='ltr'><strong>dubitaretur</strong></span> 
     </span>
    </p>
   </div>
   <div class='ocr_carea' id='block_1_49' title="bbox 254 3092 1972 3169">
    <p class='ocr_par' dir='ltr' id='par_1_49' title="bbox 254 3092 1972 3169">
     <span class='ocr_line' id='line_1_49' title="bbox 254 3092 1972 3169; baseline 0.003 -20"><span class='ocrx_word' id='word_1_330' title='bbox 254 3108 379 3150; x_wconf 81' lang='lat' dir='ltr'><strong>esse</strong></span> <span class='ocrx_word' id='word_1_331' title='bbox 420 3092 679 3165; x_wconf 88' lang='lat' dir='ltr'><strong>victoria,</strong></span> <span class='ocrx_word' id='word_1_332' title='bbox 715 3094 763 3151; x_wconf 89' lang='lat' dir='ltr'><strong>si</strong></span> <span class='ocrx_word' id='word_1_333' title='bbox 810 3094 880 3152; x_wconf 91' lang='lat' dir='ltr'><strong>de</strong></span> <span class='ocrx_word' id='word_1_334' title='bbox 932 3101 1042 3151; x_wconf 85' lang='lat' dir='ltr'><strong>tam</strong></span> <span class='ocrx_word' id='word_1_335' title='bbox 1077 3092 1287 3166; x_wconf 88' lang='lat' dir='ltr'><strong>amplis</strong></span> <span class='ocrx_word' id='word_1_336' title='bbox 1316 3100 1372 3150; x_wconf 92' lang='lat' dir='ltr'><strong>et</strong></span> <span class='ocrx_word' id='word_1_337' title='bbox 1402 3093 1728 3167; x_wconf 85' lang='lat' dir='ltr'><strong>magniﬁcis</strong></span> <span class='ocrx_word' id='word_1_338' title='bbox 1764 3094 1972 3169; x_wconf 90' lang='lat' dir='ltr'><strong>opibus</strong></span> 
     </span>
    </p>
   </div>
   <div class='ocr_carea' id='block_1_50' title="bbox 257 3182 1973 3256">
    <p class='ocr_par' dir='ltr' id='par_1_50' title="bbox 257 3182 1973 3256">
     <span class='ocr_line' id='line_1_50' title="bbox 257 3182 1973 3256; baseline 0.002 -17"><span class='ocrx_word' id='word_1_339' title='bbox 257 3183 449 3240; x_wconf 90' lang='lat' dir='ltr'><strong>nudus</strong></span> <span class='ocrx_word' id='word_1_340' title='bbox 485 3183 807 3256; x_wconf 89' lang='lat' dir='ltr'><strong>aufugeret,</strong></span> <span class='ocrx_word' id='word_1_341' title='bbox 851 3199 969 3241; x_wconf 91' lang='lat' dir='ltr'><strong>non</strong></span> <span class='ocrx_word' id='word_1_342' title='bbox 1010 3182 1272 3241; x_wconf 85' lang='lat' dir='ltr'><strong>suiIicere</strong></span> <span class='ocrx_word' id='word_1_343' title='bbox 1310 3182 1421 3240; x_wconf 91' lang='lat' dir='ltr'><strong>sibi</strong></span> <span class='ocrx_word' id='word_1_344' title='bbox 1472 3182 1673 3241; x_wconf 90' lang='lat' dir='ltr'><strong>visum</strong></span> <span class='ocrx_word' id='word_1_345' title='bbox 1710 3189 1817 3251; x_wconf 90' lang='lat' dir='ltr'><strong>est,</strong></span> <span class='ocrx_word' id='word_1_346' title='bbox 1858 3184 1973 3243; x_wconf 92' lang='lat' dir='ltr'><strong>nisi</strong></span> 
     </span>
    </p>
   </div>
   <div class='ocr_carea' id='block_1_51' title="bbox 257 3270 1976 3340">
    <p class='ocr_par' dir='ltr' id='par_1_51' title="bbox 257 3270 1976 3340">
     <span class='ocr_line' id='line_1_51' title="bbox 257 3270 1976 3340; baseline 0.002 -12"><span class='ocrx_word' id='word_1_347' title='bbox 257 3279 313 3329; x_wconf 92' lang='lat' dir='ltr'><strong>et</strong></span> <span class='ocrx_word' id='word_1_348' title='bbox 340 3272 576 3329; x_wconf 91' lang='lat' dir='ltr'><strong>domum</strong></span> <span class='ocrx_word' id='word_1_349' title='bbox 613 3271 859 3340; x_wconf 91' lang='lat' dir='ltr'><strong>rediens,</strong></span> <span class='ocrx_word' id='word_1_350' title='bbox 909 3270 1293 3329; x_wconf 90' lang='lat' dir='ltr'><strong>intolerabilia</strong></span> <span class='ocrx_word' id='word_1_351' title='bbox 1324 3277 1524 3330; x_wconf 91' lang='lat' dir='ltr'><strong>contra</strong></span> <span class='ocrx_word' id='word_1_352' title='bbox 1561 3288 1622 3331; x_wconf 91' lang='lat' dir='ltr'><strong>se</strong></span> <span class='ocrx_word' id='word_1_353' title='bbox 1658 3272 1976 3331; x_wconf 91' lang='lat' dir='ltr'><strong>certamina</strong></span> 
     </span>
    </p>
   </div>
   <div class='ocr_carea' id='block_1_52' title="bbox 262 3357 1977 3434">
    <p class='ocr_par' dir='ltr' id='par_1_52' title="bbox 262 3357 1977 3434">
     <span class='ocr_line' id='line_1_52' title="bbox 262 3357 1977 3434; baseline 0.001 -17"><span class='ocrx_word' id='word_1_354' title='bbox 262 3359 567 3417; x_wconf 88' lang='lat' dir='ltr'><strong>ultroneus</strong></span> <span class='ocrx_word' id='word_1_355' title='bbox 594 3367 939 3431; x_wconf 88' lang='lat' dir='ltr'><strong>provocaret.</strong></span> <span class='ocrx_word' id='word_1_356' title='bbox 978 3357 1087 3418; x_wconf 92' lang='lat' dir='ltr'><strong>Sed</strong></span> <span class='ocrx_word' id='word_1_357' title='bbox 1129 3359 1203 3417; x_wconf 90' lang='lat' dir='ltr'><strong>ab</strong></span> <span class='ocrx_word' id='word_1_358' title='bbox 1233 3358 1356 3432; x_wconf 90' lang='lat' dir='ltr'><strong>ipso</strong></span> <span class='ocrx_word' id='word_1_359' title='bbox 1385 3358 1653 3431; x_wconf 91' lang='lat' dir='ltr'><strong>Domino,</strong></span> <span class='ocrx_word' id='word_1_360' title='bbox 1687 3360 1789 3434; x_wconf 91' lang='lat' dir='ltr'><strong>qui</strong></span> <span class='ocrx_word' id='word_1_361' title='bbox 1820 3360 1977 3419; x_wconf 87' lang='lat' dir='ltr'><strong>vide-</strong></span> 
     </span>
    </p>
   </div>
   <div class='ocr_carea' id='block_1_53' title="bbox 262 3447 1974 3522">
    <p class='ocr_par' dir='ltr' id='par_1_53' title="bbox 262 3447 1974 3522">
     <span class='ocr_line' id='line_1_53' title="bbox 262 3447 1974 3522; baseline 0.001 -16"><span class='ocrx_word' id='word_1_362' title='bbox 262 3450 393 3506; x_wconf 88' lang='lat' dir='ltr'><strong>licet</strong></span> <span class='ocrx_word' id='word_1_363' title='bbox 425 3454 623 3507; x_wconf 88' lang='lat' dir='ltr'><strong>auctor</strong></span> <span class='ocrx_word' id='word_1_364' title='bbox 648 3449 952 3520; x_wconf 88' lang='lat' dir='ltr'><strong>virtutum,</strong></span> <span class='ocrx_word' id='word_1_365' title='bbox 986 3455 1041 3507; x_wconf 90' lang='lat' dir='ltr'><strong>et</strong></span> <span class='ocrx_word' id='word_1_366' title='bbox 1067 3448 1191 3507; x_wconf 86' lang='lat' dir='ltr'><strong>dux</strong></span> <span class='ocrx_word' id='word_1_367' title='bbox 1233 3454 1319 3506; x_wconf 90' lang='lat' dir='ltr'><strong>est</strong></span> <span class='ocrx_word' id='word_1_368' title='bbox 1345 3447 1695 3522; x_wconf 88' lang='lat' dir='ltr'><strong>spiritalium</strong></span> <span class='ocrx_word' id='word_1_369' title='bbox 1733 3448 1974 3508; x_wconf 89' lang='lat' dir='ltr'><strong>bellato-</strong></span> 
     </span>
    </p>
   </div>
   <div class='ocr_carea' id='block_1_54' title="bbox 264 3534 1975 3611">
    <p class='ocr_par' dir='ltr' id='par_1_54' title="bbox 264 3534 1975 3611">
     <span class='ocr_line' id='line_1_54' title="bbox 264 3534 1975 3611; baseline 0.002 -18"><span class='ocrx_word' id='word_1_370' title='bbox 264 3552 416 3608; x_wconf 87' lang='lat' dir='ltr'><strong>rum,</strong></span> <span class='ocrx_word' id='word_1_371' title='bbox 444 3534 723 3609; x_wconf 90' lang='lat' dir='ltr'><strong>jubemur</strong></span> <span class='ocrx_word' id='word_1_372' title='bbox 766 3538 999 3611; x_wconf 90' lang='lat' dir='ltr'><strong>quidem</strong></span> <span class='ocrx_word' id='word_1_373' title='bbox 1053 3541 1261 3595; x_wconf 89' lang='lat' dir='ltr'><strong>cuncta</strong></span> <span class='ocrx_word' id='word_1_374' title='bbox 1294 3535 1605 3610; x_wconf 90' lang='lat' dir='ltr'><strong>dimittere,</strong></span> <span class='ocrx_word' id='word_1_375' title='bbox 1636 3552 1752 3597; x_wconf 93' lang='lat' dir='ltr'><strong>non</strong></span> <span class='ocrx_word' id='word_1_376' title='bbox 1781 3543 1975 3597; x_wconf 90' lang='lat' dir='ltr'><strong>autem</strong></span> 
     </span>
    </p>
   </div>
   <div class='ocr_carea' id='block_1_55' title="bbox 261 3624 1978 3701">
    <p class='ocr_par' dir='ltr' id='par_1_55' title="bbox 261 3624 1978 3701">
     <span class='ocr_line' id='line_1_55' title="bbox 261 3624 1978 3701; baseline 0.002 -19"><span class='ocrx_word' id='word_1_377' title='bbox 261 3624 539 3685; x_wconf 88' lang='lat' dir='ltr'><strong>adversus</strong></span> <span class='ocrx_word' id='word_1_378' title='bbox 568 3641 634 3684; x_wconf 90' lang='lat' dir='ltr'><strong>ea</strong></span> <span class='ocrx_word' id='word_1_379' title='bbox 658 3625 933 3701; x_wconf 88' lang='lat' dir='ltr'><strong>quotidie,</strong></span> <span class='ocrx_word' id='word_1_380' title='bbox 970 3625 1127 3685; x_wconf 87' lang='lat' dir='ltr'><strong>velut</strong></span> <span class='ocrx_word' id='word_1_381' title='bbox 1152 3640 1365 3685; x_wconf 90' lang='lat' dir='ltr'><strong>manus</strong></span> <span class='ocrx_word' id='word_1_382' title='bbox 1394 3626 1648 3685; x_wconf 90' lang='lat' dir='ltr'><strong>invicem</strong></span> <span class='ocrx_word' id='word_1_383' title='bbox 1671 3627 1978 3686; x_wconf 84' lang='lat' dir='ltr'><strong>conferen-</strong></span> 
     </span>
    </p>
   </div>
   <div class='ocr_carea' id='block_1_56' title="bbox 270 3713 1979 3790">
    <p class='ocr_par' dir='ltr' id='par_1_56' title="bbox 270 3713 1979 3790">
     <span class='ocr_line' id='line_1_56' title="bbox 270 3713 1979 3790; baseline 0.003 -20"><span class='ocrx_word' id='word_1_384' title='bbox 270 3721 369 3783; x_wconf 87' lang='lat' dir='ltr'><strong>tes,</strong></span> <span class='ocrx_word' id='word_1_385' title='bbox 419 3713 685 3773; x_wconf 90' lang='lat' dir='ltr'><strong>cominus</strong></span> <span class='ocrx_word' id='word_1_386' title='bbox 727 3714 1045 3774; x_wconf 87' lang='lat' dir='ltr'><strong>dimicare:</strong></span> <span class='ocrx_word' id='word_1_387' title='bbox 1083 3715 1397 3774; x_wconf 89' lang='lat' dir='ltr'><strong>Israelitico</strong></span> <span class='ocrx_word' id='word_1_388' title='bbox 1441 3715 1726 3775; x_wconf 91' lang='lat' dir='ltr'><strong>nimirum</strong></span> <span class='ocrx_word' id='word_1_389' title='bbox 1766 3716 1979 3790; x_wconf 91' lang='lat' dir='ltr'><strong>populo</strong></span> 
     </span>
    </p>
   </div>
   <div class='ocr_carea' id='block_1_57' title="bbox 267 3796 1982 3881">
    <p class='ocr_par' dir='ltr' id='par_1_57' title="bbox 267 3796 1982 3881">
     <span class='ocr_line' id='line_1_57' title="bbox 267 3796 1982 3881; baseline 0.004 -20"><span class='ocrx_word' id='word_1_390' title='bbox 267 3805 461 3863; x_wconf 84' lang='lat' dir='ltr'><strong>exitus</strong></span> <span class='ocrx_word' id='word_1_391' title='bbox 489 3822 563 3863; x_wconf 87' lang='lat' dir='ltr'><strong>ex</strong></span> <span class='ocrx_word' id='word_1_392' title='bbox 594 3805 842 3881; x_wconf 59' lang='lat' dir='ltr'><strong>[Egypto</strong></span> <span class='ocrx_word' id='word_1_393' title='bbox 871 3807 1207 3881; x_wconf 70' lang='lat' dir='ltr'><strong>prwcipitur</strong></span> <span class='ocrx_word' id='word_1_394' title='bbox 1238 3808 1440 3880; x_wconf 63' lang='lat' dir='ltr'><strong>(Exod.</strong></span> <span class='ocrx_word' id='word_1_395' title='bbox 1474 3813 1585 3879; x_wconf 89' lang='lat' dir='ltr'><strong>III),</strong></span> <span class='ocrx_word' id='word_1_396' title='bbox 1615 3796 1734 3867; x_wconf 86' lang='lat' dir='ltr'><strong>non</strong></span> <span class='ocrx_word' id='word_1_397' title='bbox 1761 3807 1982 3869; x_wconf 89' lang='lat' dir='ltr'><strong>reditus</strong></span> 
     </span>
    </p>
   </div>
   <div class='ocr_carea' id='block_1_58' title="bbox 270 3899 1981 3977">
    <p class='ocr_par' dir='ltr' id='par_1_58' title="bbox 270 3899 1981 3977">
     <span class='ocr_line' id='line_1_58' title="bbox 270 3899 1981 3977; baseline 0.004 -22"><span class='ocrx_word' id='word_1_398' title='bbox 270 3899 605 3973; x_wconf 79' lang='lat' dir='ltr'><strong>imperatur.</strong></span> <span class='ocrx_word' id='word_1_399' title='bbox 650 3901 940 3960; x_wconf 84' lang='lat' dir='ltr'><strong>Abraham</strong></span> <span class='ocrx_word' id='word_1_400' title='bbox 1011 3918 1274 3977; x_wconf 88' lang='lat' dir='ltr'><strong>egressus</strong></span> <span class='ocrx_word' id='word_1_401' title='bbox 1323 3909 1408 3961; x_wconf 90' lang='lat' dir='ltr'><strong>est</strong></span> <span class='ocrx_word' id='word_1_402' title='bbox 1454 3902 1525 3960; x_wconf 87' lang='lat' dir='ltr'><strong>de</strong></span> <span class='ocrx_word' id='word_1_403' title='bbox 1577 3907 1725 3961; x_wconf 90' lang='lat' dir='ltr'><strong>terra</strong></span> <span class='ocrx_word' id='word_1_404' title='bbox 1766 3919 1874 3962; x_wconf 89' lang='lat' dir='ltr'><strong>sua</strong></span> <span class='ocrx_word' id='word_1_405' title='bbox 1909 3902 1981 3961; x_wconf 90' lang='lat' dir='ltr'><strong>ad</strong></span> 
     </span>
    </p>
   </div>
   <div class='ocr_carea' id='block_1_59' title="bbox 271 3988 1980 4065">
    <p class='ocr_par' dir='ltr' id='par_1_59' title="bbox 271 3988 1980 4065">
     <span class='ocr_line' id='line_1_59' title="bbox 271 3988 1980 4065; baseline 0.002 -19"><span class='ocrx_word' id='word_1_406' title='bbox 271 3988 504 4048; x_wconf 92' lang='lat' dir='ltr'><strong>Domini</strong></span> <span class='ocrx_word' id='word_1_407' title='bbox 547 3988 808 4060; x_wconf 87' lang='lat' dir='ltr'><strong>jubentis</strong></span> <span class='ocrx_word' id='word_1_408' title='bbox 862 3990 1171 4063; x_wconf 85' lang='lat' dir='ltr'><strong>imperium</strong></span> <span class='ocrx_word' id='word_1_409' title='bbox 1220 3992 1374 4062; x_wconf 84' lang='lat' dir='ltr'><strong>(Gen.</strong></span> <span class='ocrx_word' id='word_1_410' title='bbox 1408 3997 1515 4060; x_wconf 85' lang='lat' dir='ltr'><strong>XII)</strong></span> <span class='ocrx_word' id='word_1_411' title='bbox 1549 4014 1564 4062; x_wconf 88' lang='lat'>;</span> <span class='ocrx_word' id='word_1_412' title='bbox 1597 3992 1695 4051; x_wconf 89' lang='lat' dir='ltr'><strong>sed</strong></span> <span class='ocrx_word' id='word_1_413' title='bbox 1727 3999 1980 4065; x_wconf 90' lang='lat' dir='ltr'><strong>postmo-</strong></span> 
     </span>
    </p>
   </div>
   <div class='ocr_carea' id='block_1_60' title="bbox 274 4078 1983 4153">
    <p class='ocr_par' dir='ltr' id='par_1_60' title="bbox 274 4078 1983 4153">
     <span class='ocr_line' id='line_1_60' title="bbox 274 4078 1983 4153; baseline 0.001 -17"><span class='ocrx_word' id='word_1_414' title='bbox 274 4080 415 4137; x_wconf 89' lang='lat' dir='ltr'><strong>dum</strong></span> <span class='ocrx_word' id='word_1_415' title='bbox 460 4094 827 4153; x_wconf 87' lang='lat' dir='ltr'><strong>nequaquam</strong></span> <span class='ocrx_word' id='word_1_416' title='bbox 868 4078 1035 4137; x_wconf 91' lang='lat' dir='ltr'><strong>rediit</strong></span> <span class='ocrx_word' id='word_1_417' title='bbox 1064 4079 1133 4136; x_wconf 90' lang='lat' dir='ltr'><strong>ad</strong></span> <span class='ocrx_word' id='word_1_418' title='bbox 1166 4079 1423 4137; x_wconf 87' lang='lat' dir='ltr'><strong>rediviva</strong></span> <span class='ocrx_word' id='word_1_419' title='bbox 1465 4080 1781 4138; x_wconf 89' lang='lat' dir='ltr'><strong>certamina</strong></span> <span class='ocrx_word' id='word_1_420' title='bbox 1809 4080 1983 4138; x_wconf 83' lang='lat' dir='ltr'><strong>Chal-</strong></span> 
     </span>
    </p>
   </div>
   <div class='ocr_carea' id='block_1_61' title="bbox 273 4166 1985 4240">
    <p class='ocr_par' dir='ltr' id='par_1_61' title="bbox 273 4166 1985 4240">
     <span class='ocr_line' id='line_1_61' title="bbox 273 4166 1985 4240; baseline 0.003 -17"><span class='ocrx_word' id='word_1_421' title='bbox 273 4167 555 4225; x_wconf 62' lang='lat' dir='ltr'><strong>daeorum.</strong></span> <span class='ocrx_word' id='word_1_422' title='bbox 587 4166 791 4225; x_wconf 88' lang='lat' dir='ltr'><strong>Petrus</strong></span> <span class='ocrx_word' id='word_1_423' title='bbox 819 4183 919 4240; x_wconf 92' lang='lat' dir='ltr'><strong>per</strong></span> <span class='ocrx_word' id='word_1_424' title='bbox 955 4168 1233 4240; x_wconf 90' lang='lat' dir='ltr'><strong>angelum</strong></span> <span class='ocrx_word' id='word_1_425' title='bbox 1265 4169 1547 4226; x_wconf 86' lang='lat' dir='ltr'><strong>excitatus</strong></span> <span class='ocrx_word' id='word_1_426' title='bbox 1584 4168 1985 4228; x_wconf 87' lang='lat' dir='ltr'><strong>Herodianum</strong></span> 
     </span>
    </p>
   </div>
   <div class='ocr_carea' id='block_1_62' title="bbox 275 4253 1985 4329">
    <p class='ocr_par' dir='ltr' id='par_1_62' title="bbox 275 4253 1985 4329">
     <span class='ocr_line' id='line_1_62' title="bbox 275 4253 1985 4329; baseline 0.002 -18"><span class='ocrx_word' id='word_1_427' title='bbox 275 4253 529 4311; x_wconf 90' lang='lat' dir='ltr'><strong>deseruit</strong></span> <span class='ocrx_word' id='word_1_428' title='bbox 567 4269 852 4312; x_wconf 89' lang='lat' dir='ltr'><strong>carcerem</strong></span> <span class='ocrx_word' id='word_1_429' title='bbox 902 4258 1045 4328; x_wconf 83' lang='lat' dir='ltr'><strong>(Act.</strong></span> <span class='ocrx_word' id='word_1_430' title='bbox 1096 4259 1224 4329; x_wconf 86' lang='lat' dir='ltr'><strong>XII),</strong></span> <span class='ocrx_word' id='word_1_431' title='bbox 1264 4258 1363 4315; x_wconf 91' lang='lat' dir='ltr'><strong>sed</strong></span> <span class='ocrx_word' id='word_1_432' title='bbox 1402 4272 1519 4315; x_wconf 93' lang='lat' dir='ltr'><strong>non</strong></span> <span class='ocrx_word' id='word_1_433' title='bbox 1562 4257 1754 4315; x_wconf 90' lang='lat' dir='ltr'><strong>denuo</strong></span> <span class='ocrx_word' id='word_1_434' title='bbox 1792 4272 1985 4318; x_wconf 88' lang='lat' dir='ltr'><strong>rever-</strong></span> 
     </span>
    </p>
   </div>
   <div class='ocr_carea' id='block_1_63' title="bbox 280 4341 1988 4420">
    <p class='ocr_par' dir='ltr' id='par_1_63' title="bbox 280 4341 1988 4420">
     <span class='ocr_line' id='line_1_63' title="bbox 280 4341 1988 4420; baseline 0.002 -20"><span class='ocrx_word' id='word_1_435' title='bbox 280 4358 379 4401; x_wconf 90' lang='lat' dir='ltr'><strong>sus</strong></span> <span class='ocrx_word' id='word_1_436' title='bbox 408 4349 491 4400; x_wconf 91' lang='lat' dir='ltr'><strong>est</strong></span> <span class='ocrx_word' id='word_1_437' title='bbox 518 4343 591 4400; x_wconf 89' lang='lat' dir='ltr'><strong>ad</strong></span> <span class='ocrx_word' id='word_1_438' title='bbox 616 4341 922 4401; x_wconf 88' lang='lat' dir='ltr'><strong>Herodem.</strong></span> <span class='ocrx_word' id='word_1_439' title='bbox 956 4342 1182 4403; x_wconf 84' lang='lat' dir='ltr'><strong>Sufﬁcit</strong></span> <span class='ocrx_word' id='word_1_440' title='bbox 1214 4347 1449 4420; x_wconf 71' lang='lat' dir='ltr'><strong>ergo,:si</strong></span> <span class='ocrx_word' id='word_1_441' title='bbox 1478 4351 1703 4405; x_wconf 89' lang='lat' dir='ltr'><strong>tantum</strong></span> <span class='ocrx_word' id='word_1_442' title='bbox 1731 4361 1988 4419; x_wconf 88' lang='lat' dir='ltr'><strong>possessa</strong></span> 
     </span>
    </p>
   </div>
   <div class='ocr_carea' id='block_1_64' title="bbox 281 4432 1991 4509">
    <p class='ocr_par' dir='ltr' id='par_1_64' title="bbox 281 4432 1991 4509">
     <span class='ocr_line' id='line_1_64' title="bbox 281 4432 1991 4509; baseline 0.004 -20"><span class='ocrx_word' id='word_1_443' title='bbox 281 4432 688 4505; x_wconf 90' lang='lat' dir='ltr'><strong>relinquimus,</strong></span> <span class='ocrx_word' id='word_1_444' title='bbox 716 4448 824 4492; x_wconf 91' lang='lat' dir='ltr'><strong>nec</strong></span> <span class='ocrx_word' id='word_1_445' title='bbox 871 4439 1149 4509; x_wconf 89' lang='lat' dir='ltr'><strong>superest,</strong></span> <span class='ocrx_word' id='word_1_446' title='bbox 1199 4443 1264 4495; x_wconf 91' lang='lat' dir='ltr'><strong>ut</strong></span> <span class='ocrx_word' id='word_1_447' title='bbox 1301 4451 1504 4495; x_wconf 91' lang='lat' dir='ltr'><strong>rursus</strong></span> <span class='ocrx_word' id='word_1_448' title='bbox 1549 4435 1619 4494; x_wconf 92' lang='lat' dir='ltr'><strong>ad</strong></span> <span class='ocrx_word' id='word_1_449' title='bbox 1664 4451 1863 4495; x_wconf 91' lang='lat' dir='ltr'><strong>eorum</strong></span> <span class='ocrx_word' id='word_1_450' title='bbox 1904 4443 1991 4495; x_wconf 87' lang='lat' dir='ltr'><strong>to-</strong></span> 
     </span>
    </p>
   </div>
   <div class='ocr_carea' id='block_1_65' title="bbox 281 4519 1215 4582">
    <p class='ocr_par' dir='ltr' id='par_1_65' title="bbox 281 4519 1215 4582">
     <span class='ocr_line' id='line_1_65' title="bbox 281 4519 1215 4582; baseline 0.005 -5"><span class='ocrx_word' id='word_1_451' title='bbox 281 4519 518 4578; x_wconf 87' lang='lat' dir='ltr'><strong>leranda</strong></span> <span class='ocrx_word' id='word_1_452' title='bbox 552 4520 864 4580; x_wconf 90' lang='lat' dir='ltr'><strong>certamina</strong></span> <span class='ocrx_word' id='word_1_453' title='bbox 894 4522 1215 4582; x_wconf 82' lang='lat' dir='ltr'><strong>redeamus.</strong></span> 
     </span>
    </p>
   </div>
   <div class='ocr_carea' id='block_1_66' title="bbox 366 4607 1990 4689">
    <p class='ocr_par' dir='ltr' id='par_1_66' title="bbox 366 4607 1990 4689">
     <span class='ocr_line' id='line_1_66' title="bbox 366 4607 1990 4689; baseline 0.006 -25"><span class='ocrx_word' id='word_1_454' title='bbox 366 4607 508 4664; x_wconf 85' lang='lat'><strong>147</strong></span> <span class='ocrx_word' id='word_1_455' title='bbox 529 4609 711 4683; x_wconf 88' lang='lat' dir='ltr'><strong>Igitur</strong></span> <span class='ocrx_word' id='word_1_456' title='bbox 732 4610 797 4668; x_wconf 94' lang='lat' dir='ltr'><strong>B.</strong></span> <span class='ocrx_word' id='word_1_457' title='bbox 813 4611 1061 4671; x_wconf 85' lang='lat' dir='ltr'><strong>Alexius</strong></span> <span class='ocrx_word' id='word_1_458' title='bbox 1084 4628 1217 4672; x_wconf 92' lang='lat' dir='ltr'><strong>cum</strong></span> <span class='ocrx_word' id='word_1_459' title='bbox 1240 4619 1463 4673; x_wconf 88' lang='lat' dir='ltr'><strong>terrena</strong></span> <span class='ocrx_word' id='word_1_460' title='bbox 1483 4628 1729 4689; x_wconf 66' lang='lat' dir='ltr'><strong>quaeque</strong></span> <span class='ocrx_word' id='word_1_461' title='bbox 1749 4613 1990 4688; x_wconf 86' lang='lat' dir='ltr'><strong>dimisit,</strong></span> 
     </span>
    </p>
   </div>
   <div class='ocr_carea' id='block_1_67' title="bbox 282 4701 1990 4779">
    <p class='ocr_par' dir='ltr' id='par_1_67' title="bbox 282 4701 1990 4779">
     <span class='ocr_line' id='line_1_67' title="bbox 282 4701 1990 4779; baseline 0.004 -23"><span class='ocrx_word' id='word_1_462' title='bbox 282 4714 415 4757; x_wconf 85' lang='lat' dir='ltr'><strong>cum</strong></span> <span class='ocrx_word' id='word_1_463' title='bbox 447 4715 582 4772; x_wconf 90' lang='lat' dir='ltr'><strong>opes</strong></span> <span class='ocrx_word' id='word_1_464' title='bbox 611 4715 813 4759; x_wconf 89' lang='lat' dir='ltr'><strong>omnes</strong></span> <span class='ocrx_word' id='word_1_465' title='bbox 841 4708 1015 4775; x_wconf 87' lang='lat' dir='ltr'><strong>atque</strong></span> <span class='ocrx_word' id='word_1_466' title='bbox 1052 4701 1284 4761; x_wconf 90' lang='lat' dir='ltr'><strong>divitias</strong></span> <span class='ocrx_word' id='word_1_467' title='bbox 1325 4703 1545 4776; x_wconf 87' lang='lat' dir='ltr'><strong>paterni</strong></span> <span class='ocrx_word' id='word_1_468' title='bbox 1577 4703 1729 4777; x_wconf 87' lang='lat' dir='ltr'><strong>juris</strong></span> <span class='ocrx_word' id='word_1_469' title='bbox 1764 4702 1990 4779; x_wconf 90' lang='lat' dir='ltr'><strong>abjecit,</strong></span> 
     </span>
    </p>
   </div>
   <div class='ocr_carea' id='block_1_68' title="bbox 284 4791 1990 4866">
    <p class='ocr_par' dir='ltr' id='par_1_68' title="bbox 284 4791 1990 4866">
     <span class='ocr_line' id='line_1_68' title="bbox 284 4791 1990 4866; baseline 0.002 -19"><span class='ocrx_word' id='word_1_470' title='bbox 284 4803 555 4861; x_wconf 71' lang='lat' dir='ltr'><strong>superna:</strong></span> <span class='ocrx_word' id='word_1_471' title='bbox 595 4791 877 4865; x_wconf 88' lang='lat' dir='ltr'><strong>jussionis</strong></span> <span class='ocrx_word' id='word_1_472' title='bbox 938 4792 1205 4850; x_wconf 89' lang='lat' dir='ltr'><strong>mandata</strong></span> <span class='ocrx_word' id='word_1_473' title='bbox 1240 4793 1385 4863; x_wconf 86' lang='lat' dir='ltr'><strong>(Luc.</strong></span> <span class='ocrx_word' id='word_1_474' title='bbox 1426 4794 1592 4865; x_wconf 80' lang='lat' dir='ltr'><strong>XVIII)</strong></span> <span class='ocrx_word' id='word_1_475' title='bbox 1635 4792 1990 4866; x_wconf 86' lang='lat' dir='ltr'><strong>complevit;</strong></span> 
     </span>
    </p>
   </div>
   <div class='ocr_carea' id='block_1_69' title="bbox 284 4879 1996 4954">
    <p class='ocr_par' dir='ltr' id='par_1_69' title="bbox 284 4879 1996 4954">
     <span class='ocr_line' id='line_1_69' title="bbox 284 4879 1996 4954; baseline 0.003 -18"><span class='ocrx_word' id='word_1_476' title='bbox 284 4895 422 4938; x_wconf 93' lang='lat' dir='ltr'><strong>cum</strong></span> <span class='ocrx_word' id='word_1_477' title='bbox 468 4895 605 4937; x_wconf 89' lang='lat' dir='ltr'><strong>vero</strong></span> <span class='ocrx_word' id='word_1_478' title='bbox 644 4880 715 4938; x_wconf 92' lang='lat' dir='ltr'><strong>ad</strong></span> <span class='ocrx_word' id='word_1_479' title='bbox 763 4879 991 4953; x_wconf 90' lang='lat' dir='ltr'><strong>propria</strong></span> <span class='ocrx_word' id='word_1_480' title='bbox 1034 4880 1225 4951; x_wconf 90' lang='lat' dir='ltr'><strong>rediit,</strong></span> <span class='ocrx_word' id='word_1_481' title='bbox 1257 4879 1687 4939; x_wconf 91' lang='lat' dir='ltr'><strong>abrenuntiator</strong></span> <span class='ocrx_word' id='word_1_482' title='bbox 1730 4882 1996 4954; x_wconf 87' lang='lat' dir='ltr'><strong>egregius</strong></span> 
     </span>
    </p>
   </div>
   <div class='ocr_carea' id='block_1_70' title="bbox 286 4966 1996 5045">
    <p class='ocr_par' dir='ltr' id='par_1_70' title="bbox 286 4966 1996 5045">
     <span class='ocr_line' id='line_1_70' title="bbox 286 4966 1996 5045; baseline 0.001 -19"><span class='ocrx_word' id='word_1_483' title='bbox 286 4975 498 5027; x_wconf 89' lang='lat' dir='ltr'><strong>metam</strong></span> <span class='ocrx_word' id='word_1_484' title='bbox 541 4968 739 5041; x_wconf 90' lang='lat' dir='ltr'><strong>procul</strong></span> <span class='ocrx_word' id='word_1_485' title='bbox 787 4967 965 5028; x_wconf 91' lang='lat' dir='ltr'><strong>dubio</strong></span> <span class='ocrx_word' id='word_1_486' title='bbox 1010 4968 1227 5026; x_wconf 71' lang='lat' dir='ltr'><strong>divinae</strong></span> <span class='ocrx_word' id='word_1_487' title='bbox 1283 4966 1428 5042; x_wconf 86' lang='lat' dir='ltr'><strong>legis</strong></span> <span class='ocrx_word' id='word_1_488' title='bbox 1467 4969 1730 5028; x_wconf 82' lang='lat' dir='ltr'><strong>excessit.</strong></span> <span class='ocrx_word' id='word_1_489' title='bbox 1760 4969 1827 5027; x_wconf 90' lang='lat' dir='ltr'><strong>Et</strong></span> <span class='ocrx_word' id='word_1_490' title='bbox 1854 4970 1996 5045; x_wconf 88' lang='lat' dir='ltr'><strong>quia</strong></span> 
     </span>
    </p>
   </div>
   <div class='ocr_carea' id='block_1_71' title="bbox 286 5056 1996 5131">
    <p class='ocr_par' dir='ltr' id='par_1_71' title="bbox 286 5056 1996 5131">
     <span class='ocr_line' id='line_1_71' title="bbox 286 5056 1996 5131; baseline 0 -17"><span class='ocrx_word' id='word_1_491' title='bbox 286 5072 620 5115; x_wconf 88' lang='lat' dir='ltr'><strong>mensuram</strong></span> <span class='ocrx_word' id='word_1_492' title='bbox 665 5058 900 5127; x_wconf 87' lang='lat' dir='ltr'><strong>bonam,</strong></span> <span class='ocrx_word' id='word_1_493' title='bbox 945 5065 1001 5116; x_wconf 92' lang='lat' dir='ltr'><strong>et</strong></span> <span class='ocrx_word' id='word_1_494' title='bbox 1058 5057 1374 5116; x_wconf 88' lang='lat' dir='ltr'><strong>confertam</strong></span> <span class='ocrx_word' id='word_1_495' title='bbox 1433 5062 1489 5115; x_wconf 86' lang='lat' dir='ltr'><strong>et</strong></span> <span class='ocrx_word' id='word_1_496' title='bbox 1540 5056 1880 5131; x_wconf 88' lang='lat' dir='ltr'><strong>coagitatam</strong></span> <span class='ocrx_word' id='word_1_497' title='bbox 1932 5058 1996 5115; x_wconf 92' lang='lat' dir='ltr'><strong>in</strong></span> 
     </span>
    </p>
   </div>
   <div class='ocr_carea' id='block_1_72' title="bbox 2045 1755 3773 1832">
    <p class='ocr_par' dir='ltr' id='par_1_72' title="bbox 2045 1755 3773 1832">
     <span class='ocr_line' id='line_1_72' title="bbox 2045 1755 3773 1832; baseline 0 -16"><span class='ocrx_word' id='word_1_498' title='bbox 2045 1759 2107 1817; x_wconf 90' lang='lat' dir='ltr'><strong>in</strong></span> <span class='ocrx_word' id='word_1_499' title='bbox 2129 1758 2400 1827; x_wconf 75' lang='lat' dir='ltr'><strong>affectum</strong></span> <span class='ocrx_word' id='word_1_500' title='bbox 2421 1755 2609 1815; x_wconf 90' lang='lat' dir='ltr'><strong>cordis</strong></span> <span class='ocrx_word' id='word_1_501' title='bbox 2630 1757 3087 1829; x_wconf 66' lang='lat' dir='ltr'><strong>praevaricatrix,</strong></span> <span class='ocrx_word' id='word_1_502' title='bbox 3117 1765 3171 1815; x_wconf 91' lang='lat' dir='ltr'><strong>et</strong></span> <span class='ocrx_word' id='word_1_503' title='bbox 3197 1758 3344 1817; x_wconf 92' lang='lat' dir='ltr'><strong>redit</strong></span> <span class='ocrx_word' id='word_1_504' title='bbox 3363 1759 3433 1817; x_wconf 91' lang='lat' dir='ltr'><strong>ad</strong></span> <span class='ocrx_word' id='word_1_505' title='bbox 3456 1774 3571 1828; x_wconf 92' lang='lat' dir='ltr'><strong>cor,</strong></span> <span class='ocrx_word' id='word_1_506' title='bbox 3589 1764 3773 1832; x_wconf 85' lang='lat' dir='ltr'><strong>atque</strong></span> 
     </span>
    </p>
   </div>
   <div class='ocr_carea' id='block_1_73' title="bbox 2045 1844 3773 1919">
    <p class='ocr_par' dir='ltr' id='par_1_73' title="bbox 2045 1844 3773 1919">
     <span class='ocr_line' id='line_1_73' title="bbox 2045 1844 3773 1919; baseline 0.002 -16"><span class='ocrx_word' id='word_1_507' title='bbox 2045 1845 2511 1919; x_wconf 87' lang='lat' dir='ltr'><strong>magnitudinem</strong></span> <span class='ocrx_word' id='word_1_508' title='bbox 2540 1844 2823 1903; x_wconf 92' lang='lat' dir='ltr'><strong>scelerum</strong></span> <span class='ocrx_word' id='word_1_509' title='bbox 2859 1844 3244 1919; x_wconf 83' lang='lat' dir='ltr'><strong>lacrymarum</strong></span> <span class='ocrx_word' id='word_1_510' title='bbox 3284 1847 3598 1906; x_wconf 89' lang='lat' dir='ltr'><strong>multitudo</strong></span> <span class='ocrx_word' id='word_1_511' title='bbox 3622 1863 3773 1907; x_wconf 87' lang='lat' dir='ltr'><strong>con-</strong></span> 
     </span>
    </p>
   </div>
   <div class='ocr_carea' id='block_1_74' title="bbox 2044 1933 3773 2007">
    <p class='ocr_par' dir='ltr' id='par_1_74' title="bbox 2044 1933 3773 2007">
     <span class='ocr_line' id='line_1_74' title="bbox 2044 1933 3773 2007; baseline 0.001 -16"><span class='ocrx_word' id='word_1_512' title='bbox 2044 1933 2296 1992; x_wconf 89' lang='lat' dir='ltr'><strong>demnat.</strong></span> <span class='ocrx_word' id='word_1_513' title='bbox 2328 1933 2664 1992; x_wconf 89' lang='lat' dir='ltr'><strong>Dissimulat</strong></span> <span class='ocrx_word' id='word_1_514' title='bbox 2709 1933 2891 2006; x_wconf 89' lang='lat' dir='ltr'><strong>pietas</strong></span> <span class='ocrx_word' id='word_1_515' title='bbox 2934 1933 3221 2007; x_wconf 86' lang='lat' dir='ltr'><strong>tangentis</strong></span> <span class='ocrx_word' id='word_1_516' title='bbox 3250 1935 3524 2007; x_wconf 77' lang='lat' dir='ltr'><strong>ofﬁcium,</strong></span> <span class='ocrx_word' id='word_1_517' title='bbox 3563 1946 3621 1994; x_wconf 87' lang='lat' dir='ltr'><strong>et</strong></span> <span class='ocrx_word' id='word_1_518' title='bbox 3656 1936 3773 1995; x_wconf 91' lang='lat' dir='ltr'><strong>ob-</strong></span> 
     </span>
    </p>
   </div>
   <div class='ocr_carea' id='block_1_75' title="bbox 2047 2021 3773 2098">
    <p class='ocr_par' dir='ltr' id='par_1_75' title="bbox 2047 2021 3773 2098">
     <span class='ocr_line' id='line_1_75' title="bbox 2047 2021 3773 2098; baseline 0.003 -19"><span class='ocrx_word' id='word_1_519' title='bbox 2047 2021 2383 2096; x_wconf 88' lang='lat' dir='ltr'><strong>sequiorum</strong></span> <span class='ocrx_word' id='word_1_520' title='bbox 2422 2021 2759 2080; x_wconf 89' lang='lat' dir='ltr'><strong>instantiam</strong></span> <span class='ocrx_word' id='word_1_521' title='bbox 2796 2021 3291 2084; x_wconf 91' lang='lat' dir='ltr'><strong>remuneratorius</strong></span> <span class='ocrx_word' id='word_1_522' title='bbox 3326 2022 3424 2082; x_wconf 89' lang='lat' dir='ltr'><strong>ille</strong></span> <span class='ocrx_word' id='word_1_523' title='bbox 3453 2025 3773 2098; x_wconf 86' lang='lat' dir='ltr'><strong>majestatis</strong></span> 
     </span>
    </p>
   </div>
   <div class='ocr_carea' id='block_1_76' title="bbox 2046 2110 3775 2187">
    <p class='ocr_par' dir='ltr' id='par_1_76' title="bbox 2046 2110 3775 2187">
     <span class='ocr_line' id='line_1_76' title="bbox 2046 2110 3775 2187; baseline 0.001 -16"><span class='ocrx_word' id='word_1_524' title='bbox 2046 2111 2251 2171; x_wconf 89' lang='lat' dir='ltr'><strong>oculus</strong></span> <span class='ocrx_word' id='word_1_525' title='bbox 2303 2111 2455 2170; x_wconf 82' lang='lat' dir='ltr'><strong>felici</strong></span> <span class='ocrx_word' id='word_1_526' title='bbox 2514 2111 2925 2185; x_wconf 89' lang='lat' dir='ltr'><strong>dedignatione</strong></span> <span class='ocrx_word' id='word_1_527' title='bbox 2980 2126 3098 2169; x_wconf 91' lang='lat' dir='ltr'><strong>non</strong></span> <span class='ocrx_word' id='word_1_528' title='bbox 3149 2110 3408 2187; x_wconf 90' lang='lat' dir='ltr'><strong>inspicit.</strong></span> <span class='ocrx_word' id='word_1_529' title='bbox 3460 2113 3775 2173; x_wconf 84' lang='lat' dir='ltr'><strong>Osculatur</strong></span> 
     </span>
    </p>
   </div>
   <div class='ocr_carea' id='block_1_77' title="bbox 2045 2198 3774 2274">
    <p class='ocr_par' dir='ltr' id='par_1_77' title="bbox 2045 2198 3774 2274">
     <span class='ocr_line' id='line_1_77' title="bbox 2045 2198 3774 2274; baseline 0 -16"><span class='ocrx_word' id='word_1_530' title='bbox 2045 2199 2227 2258; x_wconf 87' lang='lat' dir='ltr'><strong>Maria</strong></span> <span class='ocrx_word' id='word_1_531' title='bbox 2271 2200 2444 2274; x_wconf 90' lang='lat' dir='ltr'><strong>pedes</strong></span> <span class='ocrx_word' id='word_1_532' title='bbox 2493 2199 2707 2259; x_wconf 89' lang='lat' dir='ltr'><strong>Christi</strong></span> <span class='ocrx_word' id='word_1_533' title='bbox 2760 2200 3164 2274; x_wconf 87' lang='lat' dir='ltr'><strong>frequentibus</strong></span> <span class='ocrx_word' id='word_1_534' title='bbox 3213 2200 3450 2272; x_wconf 91' lang='lat' dir='ltr'><strong>osculis,</strong></span> <span class='ocrx_word' id='word_1_535' title='bbox 3484 2208 3540 2260; x_wconf 88' lang='lat' dir='ltr'><strong>et</strong></span> <span class='ocrx_word' id='word_1_536' title='bbox 3577 2198 3774 2259; x_wconf 89' lang='lat' dir='ltr'><strong>oculis</strong></span> 
     </span>
    </p>
   </div>
   <div class='ocr_carea' id='block_1_78' title="bbox 2046 2284 3771 2360">
    <p class='ocr_par' dir='ltr' id='par_1_78' title="bbox 2046 2284 3771 2360">
     <span class='ocr_line' id='line_1_78' title="bbox 2046 2284 3771 2360; baseline -0.003 -12"><span class='ocrx_word' id='word_1_537' title='bbox 2046 2287 2474 2348; x_wconf 90' lang='lat' dir='ltr'><strong>inundantibus</strong></span> <span class='ocrx_word' id='word_1_538' title='bbox 2527 2284 2771 2359; x_wconf 88' lang='lat' dir='ltr'><strong>vestigia</strong></span> <span class='ocrx_word' id='word_1_539' title='bbox 2816 2285 3218 2359; x_wconf 81' lang='lat' dir='ltr'><strong>Redemptoris</strong></span> <span class='ocrx_word' id='word_1_540' title='bbox 3253 2286 3551 2359; x_wconf 90' lang='lat' dir='ltr'><strong>infundit,</strong></span> <span class='ocrx_word' id='word_1_541' title='bbox 3592 2287 3771 2360; x_wconf 77' lang='lat' dir='ltr'><strong>tergit</strong></span> 
     </span>
    </p>
   </div>
   <div class='ocr_carea' id='block_1_79' title="bbox 2049 2373 3773 2450">
    <p class='ocr_par' dir='ltr' id='par_1_79' title="bbox 2049 2373 3773 2450">
     <span class='ocr_line' id='line_1_79' title="bbox 2049 2373 3773 2450; baseline -0.001 -15"><span class='ocrx_word' id='word_1_542' title='bbox 2049 2377 2329 2446; x_wconf 86' lang='lat' dir='ltr'><strong>crinibus,</strong></span> <span class='ocrx_word' id='word_1_543' title='bbox 2370 2374 2674 2434; x_wconf 85' lang='lat' dir='ltr'><strong>odoriferis</strong></span> <span class='ocrx_word' id='word_1_544' title='bbox 2724 2373 2902 2432; x_wconf 91' lang='lat' dir='ltr'><strong>illinit</strong></span> <span class='ocrx_word' id='word_1_545' title='bbox 2950 2381 3007 2433; x_wconf 91' lang='lat' dir='ltr'><strong>et</strong></span> <span class='ocrx_word' id='word_1_546' title='bbox 3050 2374 3257 2434; x_wconf 90' lang='lat' dir='ltr'><strong>irrorat</strong></span> <span class='ocrx_word' id='word_1_547' title='bbox 3293 2375 3627 2450; x_wconf 86' lang='lat' dir='ltr'><strong>unguentis.</strong></span> <span class='ocrx_word' id='word_1_548' title='bbox 3658 2375 3773 2433; x_wconf 84' lang='lat' dir='ltr'><strong>Vi-</strong></span> 
     </span>
    </p>
   </div>
   <div class='ocr_carea' id='block_1_80' title="bbox 2051 2463 3777 2538">
    <p class='ocr_par' dir='ltr' id='par_1_80' title="bbox 2051 2463 3777 2538">
     <span class='ocr_line' id='line_1_80' title="bbox 2051 2463 3777 2538; baseline 0.001 -15"><span class='ocrx_word' id='word_1_549' title='bbox 2051 2466 2163 2535; x_wconf 91' lang='lat' dir='ltr'><strong>det,</strong></span> <span class='ocrx_word' id='word_1_550' title='bbox 2206 2471 2263 2522; x_wconf 93' lang='lat' dir='ltr'><strong>et</strong></span> <span class='ocrx_word' id='word_1_551' title='bbox 2316 2464 2538 2522; x_wconf 90' lang='lat' dir='ltr'><strong>invidet</strong></span> <span class='ocrx_word' id='word_1_552' title='bbox 2600 2463 3019 2537; x_wconf 90' lang='lat' dir='ltr'><strong>singularitatis</strong></span> <span class='ocrx_word' id='word_1_553' title='bbox 3074 2471 3314 2538; x_wconf 90' lang='lat' dir='ltr'><strong>amator,</strong></span> <span class='ocrx_word' id='word_1_554' title='bbox 3354 2472 3408 2524; x_wconf 88' lang='lat' dir='ltr'><strong>et</strong></span> <span class='ocrx_word' id='word_1_555' title='bbox 3450 2472 3777 2537; x_wconf 80' lang='lat' dir='ltr'><strong>utrumque</strong></span> 
     </span>
    </p>
   </div>
   <div class='ocr_carea' id='block_1_81' title="bbox 2050 2552 3769 2629">
    <p class='ocr_par' dir='ltr' id='par_1_81' title="bbox 2050 2552 3769 2629">
     <span class='ocr_line' id='line_1_81' title="bbox 2050 2552 3769 2629; baseline -0.001 -16"><span class='ocrx_word' id='word_1_556' title='bbox 2050 2554 2343 2627; x_wconf 90' lang='lat' dir='ltr'><strong>redarguit</strong></span> <span class='ocrx_word' id='word_1_557' title='bbox 2382 2553 2662 2613; x_wconf 70' lang='lat' dir='ltr'><strong>Pbarisaai</strong></span> <span class='ocrx_word' id='word_1_558' title='bbox 2693 2553 2985 2629; x_wconf 88' lang='lat' dir='ltr'><strong>jactantia,</strong></span> <span class='ocrx_word' id='word_1_559' title='bbox 3013 2552 3187 2613; x_wconf 91' lang='lat' dir='ltr'><strong>illum</strong></span> <span class='ocrx_word' id='word_1_560' title='bbox 3223 2554 3591 2629; x_wconf 76' lang='lat' dir='ltr'><strong>ignorantize,</strong></span> <span class='ocrx_word' id='word_1_561' title='bbox 3614 2570 3769 2629; x_wconf 66' lang='lat' dir='ltr'><strong>prae—</strong></span> 
     </span>
    </p>
   </div>
   <div class='ocr_carea' id='block_1_82' title="bbox 2053 2642 3775 2720">
    <p class='ocr_par' dir='ltr' id='par_1_82' title="bbox 2053 2642 3775 2720">
     <span class='ocr_line' id='line_1_82' title="bbox 2053 2642 3775 2720; baseline -0.001 -17"><span class='ocrx_word' id='word_1_562' title='bbox 2053 2644 2399 2717; x_wconf 89' lang='lat' dir='ltr'><strong>sumptionis</strong></span> <span class='ocrx_word' id='word_1_563' title='bbox 2425 2643 2608 2701; x_wconf 90' lang='lat' dir='ltr'><strong>illam.</strong></span> <span class='ocrx_word' id='word_1_564' title='bbox 2635 2642 2748 2703; x_wconf 89' lang='lat' dir='ltr'><strong>Sed</strong></span> <span class='ocrx_word' id='word_1_565' title='bbox 2777 2644 3106 2703; x_wconf 90' lang='lat' dir='ltr'><strong>deliberans</strong></span> <span class='ocrx_word' id='word_1_566' title='bbox 3129 2645 3495 2720; x_wconf 88' lang='lat' dir='ltr'><strong>providentia</strong></span> <span class='ocrx_word' id='word_1_567' title='bbox 3521 2660 3775 2718; x_wconf 86' lang='lat' dir='ltr'><strong>suspen-</strong></span> 
     </span>
    </p>
   </div>
   <div class='ocr_carea' id='block_1_83' title="bbox 2051 2731 3775 2807">
    <p class='ocr_par' dir='ltr' id='par_1_83' title="bbox 2051 2731 3775 2807">
     <span class='ocr_line' id='line_1_83' title="bbox 2051 2731 3775 2807; baseline -0.001 -16"><span class='ocrx_word' id='word_1_568' title='bbox 2051 2734 2136 2791; x_wconf 90' lang='lat' dir='ltr'><strong>dit</strong></span> <span class='ocrx_word' id='word_1_569' title='bbox 2157 2733 2471 2807; x_wconf 92' lang='lat' dir='ltr'><strong>judicium,</strong></span> <span class='ocrx_word' id='word_1_570' title='bbox 2505 2733 2647 2790; x_wconf 91' lang='lat' dir='ltr'><strong>dum</strong></span> <span class='ocrx_word' id='word_1_571' title='bbox 2678 2732 2904 2791; x_wconf 78' lang='lat' dir='ltr'><strong>affectat</strong></span> <span class='ocrx_word' id='word_1_572' title='bbox 2931 2732 3299 2807; x_wconf 90' lang='lat' dir='ltr'><strong>obsequium,</strong></span> <span class='ocrx_word' id='word_1_573' title='bbox 3329 2740 3387 2790; x_wconf 90' lang='lat' dir='ltr'><strong>et</strong></span> <span class='ocrx_word' id='word_1_574' title='bbox 3415 2731 3775 2791; x_wconf 85' lang='lat' dir='ltr'><strong>invectivam</strong></span> 
     </span>
    </p>
   </div>
   <div class='ocr_carea' id='block_1_84' title="bbox 2054 2822 3779 2897">
    <p class='ocr_par' dir='ltr' id='par_1_84' title="bbox 2054 2822 3779 2897">
     <span class='ocr_line' id='line_1_84' title="bbox 2054 2822 3779 2897; baseline -0.001 -16"><span class='ocrx_word' id='word_1_575' title='bbox 2054 2824 2263 2882; x_wconf 91' lang='lat' dir='ltr'><strong>retinet</strong></span> <span class='ocrx_word' id='word_1_576' title='bbox 2338 2830 2737 2897; x_wconf 64' lang='lat' dir='ltr'><strong>praeparatam,</strong></span> <span class='ocrx_word' id='word_1_577' title='bbox 2793 2822 2975 2881; x_wconf 91' lang='lat' dir='ltr'><strong>donec</strong></span> <span class='ocrx_word' id='word_1_578' title='bbox 3037 2823 3236 2882; x_wconf 65' lang='lat' dir='ltr'><strong>Maria)</strong></span> <span class='ocrx_word' id='word_1_579' title='bbox 3301 2822 3649 2881; x_wconf 84' lang='lat' dir='ltr'><strong>sacriﬁcium</strong></span> <span class='ocrx_word' id='word_1_580' title='bbox 3711 2822 3779 2880; x_wconf 93' lang='lat' dir='ltr'><strong>in</strong></span> 
     </span>
    </p>
   </div>
   <div class='ocr_carea' id='block_1_85' title="bbox 2052 2911 3785 2985">
    <p class='ocr_par' dir='ltr' id='par_1_85' title="bbox 2052 2911 3785 2985">
     <span class='ocr_line' id='line_1_85' title="bbox 2052 2911 3785 2985; baseline 0 -17"><span class='ocrx_word' id='word_1_581' title='bbox 2052 2912 2455 2972; x_wconf 89' lang='lat' dir='ltr'><strong>holocaustum</strong></span> <span class='ocrx_word' id='word_1_582' title='bbox 2523 2919 2894 2984; x_wconf 88' lang='lat' dir='ltr'><strong>pertranseat.</strong></span> <span class='ocrx_word' id='word_1_583' title='bbox 2973 2911 3243 2971; x_wconf 87' lang='lat' dir='ltr'><strong>Gaudent</strong></span> <span class='ocrx_word' id='word_1_584' title='bbox 3319 2912 3508 2985; x_wconf 87' lang='lat' dir='ltr'><strong>angeli</strong></span> <span class='ocrx_word' id='word_1_585' title='bbox 3596 2926 3785 2984; x_wconf 81' lang='lat' dir='ltr'><strong>super</strong></span> 
     </span>
    </p>
   </div>
   <div class='ocr_carea' id='block_1_86' title="bbox 2052 3000 3783 3077">
    <p class='ocr_par' dir='ltr' id='par_1_86' title="bbox 2052 3000 3783 3077">
     <span class='ocr_line' id='line_1_86' title="bbox 2052 3000 3783 3077; baseline -0.001 -17"><span class='ocrx_word' id='word_1_586' title='bbox 2052 3001 2363 3075; x_wconf 90' lang='lat' dir='ltr'><strong>peccatrice</strong></span> <span class='ocrx_word' id='word_1_587' title='bbox 2414 3001 2813 3075; x_wconf 81' lang='lat' dir='ltr'><strong>pcenitentiam</strong></span> <span class='ocrx_word' id='word_1_588' title='bbox 2859 3009 3063 3077; x_wconf 88' lang='lat' dir='ltr'><strong>agente</strong></span> <span class='ocrx_word' id='word_1_589' title='bbox 3118 3006 3266 3072; x_wconf 87' lang='lat' dir='ltr'><strong>(Luc.</strong></span> <span class='ocrx_word' id='word_1_590' title='bbox 3313 3003 3441 3075; x_wconf 85' lang='lat' dir='ltr'><strong>XV),</strong></span> <span class='ocrx_word' id='word_1_591' title='bbox 3478 3007 3537 3059; x_wconf 90' lang='lat' dir='ltr'><strong>et</strong></span> <span class='ocrx_word' id='word_1_592' title='bbox 3579 3000 3783 3059; x_wconf 85' lang='lat' dir='ltr'><strong>odoris</strong></span> 
     </span>
    </p>
   </div>
   <div class='ocr_carea' id='block_1_87' title="bbox 2060 3092 3782 3169">
    <p class='ocr_par' dir='ltr' id='par_1_87' title="bbox 2060 3092 3782 3169">
     <span class='ocr_line' id='line_1_87' title="bbox 2060 3092 3782 3169; baseline -0.003 -15"><span class='ocrx_word' id='word_1_593' title='bbox 2060 3094 2380 3168; x_wconf 87' lang='lat' dir='ltr'><strong>fragrantia</strong></span> <span class='ocrx_word' id='word_1_594' title='bbox 2426 3096 2673 3154; x_wconf 74' lang='lat' dir='ltr'><strong>cmlcstis</strong></span> <span class='ocrx_word' id='word_1_595' title='bbox 2712 3095 2814 3154; x_wconf 92' lang='lat' dir='ltr'><strong>ille</strong></span> <span class='ocrx_word' id='word_1_596' title='bbox 2868 3103 3189 3155; x_wconf 90' lang='lat' dir='ltr'><strong>conventus</strong></span> <span class='ocrx_word' id='word_1_597' title='bbox 3235 3093 3599 3169; x_wconf 87' lang='lat' dir='ltr'><strong>aspergitur,</strong></span> <span class='ocrx_word' id='word_1_598' title='bbox 3655 3092 3782 3150; x_wconf 83' lang='lat' dir='ltr'><strong>sal-</strong></span> 
     </span>
    </p>
   </div>
   <div class='ocr_carea' id='block_1_88' title="bbox 2060 3181 3782 3259">
    <p class='ocr_par' dir='ltr' id='par_1_88' title="bbox 2060 3181 3782 3259">
     <span class='ocr_line' id='line_1_88' title="bbox 2060 3181 3782 3259; baseline -0.002 -16"><span class='ocrx_word' id='word_1_599' title='bbox 2060 3192 2409 3259; x_wconf 89' lang='lat' dir='ltr'><strong>vantemque</strong></span> <span class='ocrx_word' id='word_1_600' title='bbox 2463 3191 2517 3242; x_wconf 92' lang='lat' dir='ltr'><strong>et</strong></span> <span class='ocrx_word' id='word_1_601' title='bbox 2580 3184 2917 3243; x_wconf 88' lang='lat' dir='ltr'><strong>salvandam</strong></span> <span class='ocrx_word' id='word_1_602' title='bbox 2961 3190 3136 3243; x_wconf 89' lang='lat' dir='ltr'><strong>totam</strong></span> <span class='ocrx_word' id='word_1_603' title='bbox 3179 3183 3591 3243; x_wconf 57' lang='lat' dir='ltr'><strong>misericordia;</strong></span> <span class='ocrx_word' id='word_1_604' title='bbox 3632 3181 3782 3240; x_wconf 90' lang='lat' dir='ltr'><strong>dul-</strong></span> 
     </span>
    </p>
   </div>
   <div class='ocr_carea' id='block_1_89' title="bbox 2060 3267 3780 3348">
    <p class='ocr_par' dir='ltr' id='par_1_89' title="bbox 2060 3267 3780 3348">
     <span class='ocr_line' id='line_1_89' title="bbox 2060 3267 3780 3348; baseline -0.002 -15"><span class='ocrx_word' id='word_1_605' title='bbox 2060 3275 2198 3333; x_wconf 91' lang='lat' dir='ltr'><strong>cedo</strong></span> <span class='ocrx_word' id='word_1_606' title='bbox 2220 3273 2520 3347; x_wconf 87' lang='lat' dir='ltr'><strong>procingit.</strong></span> <span class='ocrx_word' id='word_1_607' title='bbox 2556 3267 2669 3332; x_wconf 87' lang='lat' dir='ltr'><strong>Ubi</strong></span> <span class='ocrx_word' id='word_1_608' title='bbox 2699 3272 3019 3333; x_wconf 88' lang='lat' dir='ltr'><strong>abundavit</strong></span> <span class='ocrx_word' id='word_1_609' title='bbox 3052 3279 3373 3348; x_wconf 91' lang='lat' dir='ltr'><strong>peccatum,</strong></span> <span class='ocrx_word' id='word_1_610' title='bbox 3402 3271 3780 3347; x_wconf 88' lang='lat' dir='ltr'><strong>superabun-</strong></span> 
     </span>
    </p>
   </div>
   <div class='ocr_carea' id='block_1_90' title="bbox 2061 3359 3778 3434">
    <p class='ocr_par' dir='ltr' id='par_1_90' title="bbox 2061 3359 3778 3434">
     <span class='ocr_line' id='line_1_90' title="bbox 2061 3359 3778 3434; baseline -0.001 -13"><span class='ocrx_word' id='word_1_611' title='bbox 2061 3362 2159 3421; x_wconf 91' lang='lat' dir='ltr'><strong>dat</strong></span> <span class='ocrx_word' id='word_1_612' title='bbox 2213 3360 2396 3434; x_wconf 85' lang='lat' dir='ltr'><strong>gratia</strong></span> <span class='ocrx_word' id='word_1_613' title='bbox 2451 3365 2620 3433; x_wconf 84' lang='lat' dir='ltr'><strong>(Rom.</strong></span> <span class='ocrx_word' id='word_1_614' title='bbox 2676 3363 2770 3431; x_wconf 82' lang='lat' dir='ltr'><strong>v);</strong></span> <span class='ocrx_word' id='word_1_615' title='bbox 2824 3367 2879 3418; x_wconf 91' lang='lat' dir='ltr'><strong>et</strong></span> <span class='ocrx_word' id='word_1_616' title='bbox 2928 3361 3406 3421; x_wconf 88' lang='lat' dir='ltr'><strong>numerositatem</strong></span> <span class='ocrx_word' id='word_1_617' title='bbox 3457 3359 3778 3419; x_wconf 89' lang='lat' dir='ltr'><strong>criminum</strong></span> 
     </span>
    </p>
   </div>
   <div class='ocr_carea' id='block_1_91' title="bbox 2060 3451 3111 3526">
    <p class='ocr_par' dir='ltr' id='par_1_91' title="bbox 2060 3451 3111 3526">
     <span class='ocr_line' id='line_1_91' title="bbox 2060 3451 3111 3526; baseline 0 -16"><span class='ocrx_word' id='word_1_618' title='bbox 2060 3451 2510 3526; x_wconf 72' lang='lat' dir='ltr'><strong>praeponderans</strong></span> <span class='ocrx_word' id='word_1_619' title='bbox 2537 3452 2717 3526; x_wconf 90' lang='lat' dir='ltr'><strong>pietas</strong></span> <span class='ocrx_word' id='word_1_620' title='bbox 2759 3451 3111 3511; x_wconf 88' lang='lat' dir='ltr'><strong>intercludit.</strong></span> 
     </span>
    </p>
   </div>
   <div class='ocr_carea' id='block_1_92' title="bbox 2133 3536 3794 3612">
    <p class='ocr_par' dir='ltr' id='par_1_92' title="bbox 2133 3536 3794 3612">
     <span class='ocr_line' id='line_1_92' title="bbox 2133 3536 3794 3612; baseline 0 -15"><span class='ocrx_word' id='word_1_621' title='bbox 2133 3536 2319 3607; x_wconf 89' lang='lat' dir='ltr'><strong>Quam</strong></span> <span class='ocrx_word' id='word_1_622' title='bbox 2362 3553 2572 3612; x_wconf 88' lang='lat' dir='ltr'><strong>magna</strong></span> <span class='ocrx_word' id='word_1_623' title='bbox 2614 3537 2928 3597; x_wconf 91' lang='lat' dir='ltr'><strong>multitudo</strong></span> <span class='ocrx_word' id='word_1_624' title='bbox 2974 3537 3302 3596; x_wconf 90' lang='lat' dir='ltr'><strong>dulcedinis</strong></span> <span class='ocrx_word' id='word_1_625' title='bbox 3353 3544 3487 3608; x_wconf 63' lang='lat' dir='ltr'><strong>tuae,</strong></span> <span class='ocrx_word' id='word_1_626' title='bbox 3530 3536 3794 3597; x_wconf 74' lang='lat' dir='ltr'><strong>Domine.</strong></span> 
     </span>
    </p>
   </div>
   <div class='ocr_carea' id='block_1_93' title="bbox 2066 3624 3789 3699">
    <p class='ocr_par' dir='ltr' id='par_1_93' title="bbox 2066 3624 3789 3699">
     <span class='ocr_line' id='line_1_93' title="bbox 2066 3624 3789 3699; baseline -0.001 -14"><span class='ocrx_word' id='word_1_627' title='bbox 2066 3629 2234 3699; x_wconf 86' lang='lat' dir='ltr'><strong>(Psal.</strong></span> <span class='ocrx_word' id='word_1_628' title='bbox 2268 3634 2445 3697; x_wconf 80' lang='lat' dir='ltr'><strong>XXX),</strong></span> <span class='ocrx_word' id='word_1_629' title='bbox 2478 3624 2542 3685; x_wconf 93' lang='lat' dir='ltr'><strong>in</strong></span> <span class='ocrx_word' id='word_1_630' title='bbox 2588 3625 2920 3699; x_wconf 89' lang='lat' dir='ltr'><strong>peccatricis</strong></span> <span class='ocrx_word' id='word_1_631' title='bbox 2965 3626 3357 3685; x_wconf 81' lang='lat' dir='ltr'><strong>confessione!</strong></span> <span class='ocrx_word' id='word_1_632' title='bbox 3396 3626 3580 3698; x_wconf 86' lang='lat' dir='ltr'><strong>Quam</strong></span> <span class='ocrx_word' id='word_1_633' title='bbox 3622 3625 3789 3698; x_wconf 88' lang='lat' dir='ltr'><strong>justa</strong></span> 
     </span>
    </p>
   </div>
   <div class='ocr_carea' id='block_1_94' title="bbox 2066 3714 3787 3791">
    <p class='ocr_par' dir='ltr' id='par_1_94' title="bbox 2066 3714 3787 3791">
     <span class='ocr_line' id='line_1_94' title="bbox 2066 3714 3787 3791; baseline -0.001 -16"><span class='ocrx_word' id='word_1_634' title='bbox 2066 3716 2437 3791; x_wconf 89' lang='lat' dir='ltr'><strong>reprehensio</strong></span> <span class='ocrx_word' id='word_1_635' title='bbox 2483 3716 2547 3774; x_wconf 93' lang='lat' dir='ltr'><strong>in</strong></span> <span class='ocrx_word' id='word_1_636' title='bbox 2577 3714 2856 3775; x_wconf 71' lang='lat' dir='ltr'><strong>Pharisaei</strong></span> <span class='ocrx_word' id='word_1_637' title='bbox 2890 3714 3161 3791; x_wconf 89' lang='lat' dir='ltr'><strong>superbia</strong></span> <span class='ocrx_word' id='word_1_638' title='bbox 3196 3722 3253 3774; x_wconf 91' lang='lat' dir='ltr'><strong>et</strong></span> <span class='ocrx_word' id='word_1_639' title='bbox 3288 3715 3589 3775; x_wconf 87' lang='lat' dir='ltr'><strong>abusione.</strong></span> <span class='ocrx_word' id='word_1_640' title='bbox 3614 3714 3787 3773; x_wconf 88' lang='lat' dir='ltr'><strong>Enu-</strong></span> 
     </span>
    </p>
   </div>
   <div class='ocr_carea' id='block_1_95' title="bbox 2068 3803 3789 3882">
    <p class='ocr_par' dir='ltr' id='par_1_95' title="bbox 2068 3803 3789 3882">
     <span class='ocr_line' id='line_1_95' title="bbox 2068 3803 3789 3882; baseline -0.002 -17"><span class='ocrx_word' id='word_1_641' title='bbox 2068 3813 2326 3867; x_wconf 89' lang='lat' dir='ltr'><strong>meratur</strong></span> <span class='ocrx_word' id='word_1_642' title='bbox 2365 3806 2739 3882; x_wconf 87' lang='lat' dir='ltr'><strong>obsequentis</strong></span> <span class='ocrx_word' id='word_1_643' title='bbox 2787 3806 3156 3881; x_wconf 91' lang='lat' dir='ltr'><strong>obsequium,</strong></span> <span class='ocrx_word' id='word_1_644' title='bbox 3215 3814 3272 3864; x_wconf 89' lang='lat' dir='ltr'><strong>et</strong></span> <span class='ocrx_word' id='word_1_645' title='bbox 3319 3821 3419 3881; x_wconf 88' lang='lat' dir='ltr'><strong>per</strong></span> <span class='ocrx_word' id='word_1_646' title='bbox 3471 3803 3789 3879; x_wconf 89' lang='lat' dir='ltr'><strong>obliquum</strong></span> 
     </span>
    </p>
   </div>
   <div class='ocr_carea' id='block_1_96' title="bbox 2069 3893 3789 3970">
    <p class='ocr_par' dir='ltr' id='par_1_96' title="bbox 2069 3893 3789 3970">
     <span class='ocr_line' id='line_1_96' title="bbox 2069 3893 3789 3970; baseline -0.002 -15"><span class='ocrx_word' id='word_1_647' title='bbox 2069 3897 2324 3970; x_wconf 88' lang='lat' dir='ltr'><strong>tangitur</strong></span> <span class='ocrx_word' id='word_1_648' title='bbox 2362 3894 2717 3970; x_wconf 87' lang='lat' dir='ltr'><strong>indignantis</strong></span> <span class='ocrx_word' id='word_1_649' title='bbox 2756 3894 3051 3970; x_wconf 87' lang='lat' dir='ltr'><strong>iniquitas,</strong></span> <span class='ocrx_word' id='word_1_650' title='bbox 3086 3902 3199 3955; x_wconf 90' lang='lat' dir='ltr'><strong>tota</strong></span> <span class='ocrx_word' id='word_1_651' title='bbox 3225 3893 3455 3954; x_wconf 91' lang='lat' dir='ltr'><strong>litterali</strong></span> <span class='ocrx_word' id='word_1_652' title='bbox 3482 3894 3789 3953; x_wconf 66' lang='lat' dir='ltr'><strong>cohaeren-</strong></span> 
     </span>
    </p>
   </div>
   <div class='ocr_carea' id='block_1_97' title="bbox 2070 3980 3790 4059">
    <p class='ocr_par' dir='ltr' id='par_1_97' title="bbox 2070 3980 3790 4059">
     <span class='ocr_line' id='line_1_97' title="bbox 2070 3980 3790 4059; baseline -0.003 -15"><span class='ocrx_word' id='word_1_653' title='bbox 2070 3985 2148 4044; x_wconf 87' lang='lat' dir='ltr'><strong>tia</strong></span> <span class='ocrx_word' id='word_1_654' title='bbox 2194 3983 2449 4044; x_wconf 89' lang='lat' dir='ltr'><strong>Simonis</strong></span> <span class='ocrx_word' id='word_1_655' title='bbox 2492 3984 2777 4043; x_wconf 89' lang='lat' dir='ltr'><strong>invidiam</strong></span> <span class='ocrx_word' id='word_1_656' title='bbox 2810 3984 3206 4059; x_wconf 87' lang='lat' dir='ltr'><strong>impugnante.</strong></span> <span class='ocrx_word' id='word_1_657' title='bbox 3240 3984 3310 4042; x_wconf 92' lang='lat' dir='ltr'><strong>Et</strong></span> <span class='ocrx_word' id='word_1_658' title='bbox 3337 3983 3474 4057; x_wconf 88' lang='lat' dir='ltr'><strong>quia</strong></span> <span class='ocrx_word' id='word_1_659' title='bbox 3506 3982 3609 4041; x_wconf 91' lang='lat' dir='ltr'><strong>ubi</strong></span> <span class='ocrx_word' id='word_1_660' title='bbox 3650 3980 3790 4055; x_wconf 84' lang='lat' dir='ltr'><strong>Spi-</strong></span> 
     </span>
    </p>
   </div>
   <div class='ocr_carea' id='block_1_98' title="bbox 2071 4072 3793 4145">
    <p class='ocr_par' dir='ltr' id='par_1_98' title="bbox 2071 4072 3793 4145">
     <span class='ocr_line' id='line_1_98' title="bbox 2071 4072 3793 4145; baseline -0.001 -12"><span class='ocrx_word' id='word_1_661' title='bbox 2071 4074 2217 4133; x_wconf 90' lang='lat' dir='ltr'><strong>ritus</strong></span> <span class='ocrx_word' id='word_1_662' title='bbox 2270 4072 2523 4145; x_wconf 87' lang='lat' dir='ltr'><strong>Domini,</strong></span> <span class='ocrx_word' id='word_1_663' title='bbox 2579 4073 2660 4133; x_wconf 91' lang='lat' dir='ltr'><strong>ibi</strong></span> <span class='ocrx_word' id='word_1_664' title='bbox 2714 4074 2945 4134; x_wconf 89' lang='lat' dir='ltr'><strong>libertas</strong></span> <span class='ocrx_word' id='word_1_665' title='bbox 2988 4078 3065 4144; x_wconf 88' lang='lat' dir='ltr'><strong>(II</strong></span> <span class='ocrx_word' id='word_1_666' title='bbox 3100 4076 3217 4133; x_wconf 85' lang='lat' dir='ltr'><strong>Cor.</strong></span> <span class='ocrx_word' id='word_1_667' title='bbox 3252 4078 3365 4144; x_wconf 88' lang='lat' dir='ltr'><strong>III);</strong></span> <span class='ocrx_word' id='word_1_668' title='bbox 3409 4072 3793 4131; x_wconf 87' lang='lat' dir='ltr'><strong>dimittuntur</strong></span> 
     </span>
    </p>
   </div>
   <div class='ocr_carea' id='block_1_99' title="bbox 2070 4160 3792 4236">
    <p class='ocr_par' dir='ltr' id='par_1_99' title="bbox 2070 4160 3792 4236">
     <span class='ocr_line' id='line_1_99' title="bbox 2070 4160 3792 4236; baseline -0.001 -15"><span class='ocrx_word' id='word_1_669' title='bbox 2070 4163 2161 4221; x_wconf 92' lang='lat' dir='ltr'><strong>illi</strong></span> <span class='ocrx_word' id='word_1_670' title='bbox 2202 4170 2447 4236; x_wconf 88' lang='lat' dir='ltr'><strong>peccata,</strong></span> <span class='ocrx_word' id='word_1_671' title='bbox 2491 4177 2625 4235; x_wconf 70' lang='lat' dir='ltr'><strong>quae</strong></span> <span class='ocrx_word' id='word_1_672' title='bbox 2676 4162 2930 4221; x_wconf 88' lang='lat' dir='ltr'><strong>multum</strong></span> <span class='ocrx_word' id='word_1_673' title='bbox 2972 4161 3197 4236; x_wconf 85' lang='lat' dir='ltr'><strong>diligit;</strong></span> <span class='ocrx_word' id='word_1_674' title='bbox 3232 4161 3352 4220; x_wconf 95' lang='lat' dir='ltr'><strong>imo</strong></span> <span class='ocrx_word' id='word_1_675' title='bbox 3386 4160 3792 4220; x_wconf 89' lang='lat' dir='ltr'><strong>immittuntur</strong></span> 
     </span>
    </p>
   </div>
   <div class='ocr_carea' id='block_1_100' title="bbox 2075 4248 3789 4326">
    <p class='ocr_par' dir='ltr' id='par_1_100' title="bbox 2075 4248 3789 4326">
     <span class='ocr_line' id='line_1_100' title="bbox 2075 4248 3789 4326; baseline -0.001 -15"><span class='ocrx_word' id='word_1_676' title='bbox 2075 4252 2183 4325; x_wconf 93' lang='lat' dir='ltr'><strong>illi,</strong></span> <span class='ocrx_word' id='word_1_677' title='bbox 2210 4252 2312 4326; x_wconf 92' lang='lat' dir='ltr'><strong>qui</strong></span> <span class='ocrx_word' id='word_1_678' title='bbox 2353 4251 2605 4310; x_wconf 88' lang='lat' dir='ltr'><strong>multum</strong></span> <span class='ocrx_word' id='word_1_679' title='bbox 2650 4252 2907 4326; x_wconf 87' lang='lat' dir='ltr'><strong>negligit.</strong></span> <span class='ocrx_word' id='word_1_680' title='bbox 2958 4252 3085 4311; x_wconf 91' lang='lat' dir='ltr'><strong>Non</strong></span> <span class='ocrx_word' id='word_1_681' title='bbox 3127 4258 3245 4309; x_wconf 89' lang='lat' dir='ltr'><strong>erat</strong></span> <span class='ocrx_word' id='word_1_682' title='bbox 3273 4251 3511 4311; x_wconf 87' lang='lat' dir='ltr'><strong>satiatus</strong></span> <span class='ocrx_word' id='word_1_683' title='bbox 3537 4249 3611 4309; x_wconf 87' lang='lat' dir='ltr'><strong>ab</strong></span> <span class='ocrx_word' id='word_1_684' title='bbox 3639 4248 3789 4309; x_wconf 89' lang='lat' dir='ltr'><strong>ube-</strong></span> 
     </span>
    </p>
   </div>
   <div class='ocr_carea' id='block_1_101' title="bbox 2076 4339 3791 4415">
    <p class='ocr_par' dir='ltr' id='par_1_101' title="bbox 2076 4339 3791 4415">
     <span class='ocr_line' id='line_1_101' title="bbox 2076 4339 3791 4415; baseline -0.001 -15"><span class='ocrx_word' id='word_1_685' title='bbox 2076 4342 2240 4401; x_wconf 90' lang='lat' dir='ltr'><strong>ribus</strong></span> <span class='ocrx_word' id='word_1_686' title='bbox 2280 4356 2524 4415; x_wconf 68' lang='lat' dir='ltr'><strong>sponsaa,</strong></span> <span class='ocrx_word' id='word_1_687' title='bbox 2567 4356 2673 4399; x_wconf 89' lang='lat' dir='ltr'><strong>nec</strong></span> <span class='ocrx_word' id='word_1_688' title='bbox 2724 4340 2991 4401; x_wconf 90' lang='lat' dir='ltr'><strong>induerat</strong></span> <span class='ocrx_word' id='word_1_689' title='bbox 3048 4340 3459 4414; x_wconf 88' lang='lat' dir='ltr'><strong>compassionis</strong></span> <span class='ocrx_word' id='word_1_690' title='bbox 3509 4339 3791 4399; x_wconf 73' lang='lat' dir='ltr'><strong>affectum</strong></span> 
     </span>
    </p>
   </div>
   <div class='ocr_carea' id='block_1_102' title="bbox 2077 4428 3793 4504">
    <p class='ocr_par' dir='ltr' id='par_1_102' title="bbox 2077 4428 3793 4504">
     <span class='ocr_line' id='line_1_102' title="bbox 2077 4428 3793 4504; baseline 0 -17"><span class='ocrx_word' id='word_1_691' title='bbox 2077 4429 2262 4504; x_wconf 90' lang='lat' dir='ltr'><strong>legem</strong></span> <span class='ocrx_word' id='word_1_692' title='bbox 2320 4429 2601 4503; x_wconf 86' lang='lat' dir='ltr'><strong>relegens,</strong></span> <span class='ocrx_word' id='word_1_693' title='bbox 2661 4445 2794 4503; x_wconf 63' lang='lat' dir='ltr'><strong>quae</strong></span> <span class='ocrx_word' id='word_1_694' title='bbox 2854 4429 3308 4489; x_wconf 80' lang='lat' dir='ltr'><strong>misericordiam</strong></span> <span class='ocrx_word' id='word_1_695' title='bbox 3368 4428 3572 4499; x_wconf 88' lang='lat' dir='ltr'><strong>nescit,</strong></span> <span class='ocrx_word' id='word_1_696' title='bbox 3620 4429 3793 4487; x_wconf 82' lang='lat' dir='ltr'><strong>novit</strong></span> 
     </span>
    </p>
   </div>
   <div class='ocr_carea' id='block_1_103' title="bbox 2070 4520 3794 4596">
    <p class='ocr_par' dir='ltr' id='par_1_103' title="bbox 2070 4520 3794 4596">
     <span class='ocr_line' id='line_1_103' title="bbox 2070 4520 3794 4596; baseline -0.001 -15"><span class='ocrx_word' id='word_1_697' title='bbox 2070 4522 2375 4596; x_wconf 89' lang='lat' dir='ltr'><strong>justitiam.</strong></span> <span class='ocrx_word' id='word_1_698' title='bbox 2410 4521 2533 4579; x_wconf 91' lang='lat' dir='ltr'><strong>Lex</strong></span> <span class='ocrx_word' id='word_1_699' title='bbox 2558 4521 2701 4580; x_wconf 90' lang='lat' dir='ltr'><strong>dura</strong></span> <span class='ocrx_word' id='word_1_700' title='bbox 2738 4521 2920 4591; x_wconf 87' lang='lat' dir='ltr'><strong>duris,</strong></span> <span class='ocrx_word' id='word_1_701' title='bbox 2957 4528 3012 4580; x_wconf 92' lang='lat' dir='ltr'><strong>et</strong></span> <span class='ocrx_word' id='word_1_702' title='bbox 3041 4520 3279 4595; x_wconf 90' lang='lat' dir='ltr'><strong>lapideis</strong></span> <span class='ocrx_word' id='word_1_703' title='bbox 3306 4520 3670 4595; x_wconf 88' lang='lat' dir='ltr'><strong>promulgata</strong></span> <span class='ocrx_word' id='word_1_704' title='bbox 3692 4537 3794 4594; x_wconf 86' lang='lat' dir='ltr'><strong>pa-</strong></span> 
     </span>
    </p>
   </div>
   <div class='ocr_carea' id='block_1_104' title="bbox 2078 4607 3796 4687">
    <p class='ocr_par' dir='ltr' id='par_1_104' title="bbox 2078 4607 3796 4687">
     <span class='ocr_line' id='line_1_104' title="bbox 2078 4607 3796 4687; baseline -0.004 -13"><span class='ocrx_word' id='word_1_705' title='bbox 2078 4622 2196 4674; x_wconf 88' lang='lat' dir='ltr'><strong>rata</strong></span> <span class='ocrx_word' id='word_1_706' title='bbox 2236 4617 2551 4687; x_wconf 87' lang='lat' dir='ltr'><strong>percutere,</strong></span> <span class='ocrx_word' id='word_1_707' title='bbox 2579 4611 2772 4671; x_wconf 90' lang='lat' dir='ltr'><strong>nescia</strong></span> <span class='ocrx_word' id='word_1_708' title='bbox 2804 4612 3084 4671; x_wconf 90' lang='lat' dir='ltr'><strong>misereri.</strong></span> <span class='ocrx_word' id='word_1_709' title='bbox 3126 4607 3267 4666; x_wconf 84' lang='lat'><strong>148</strong></span> <span class='ocrx_word' id='word_1_710' title='bbox 3306 4610 3433 4669; x_wconf 80' lang='lat' dir='ltr'><strong>Lex</strong></span> <span class='ocrx_word' id='word_1_711' title='bbox 3470 4609 3796 4669; x_wconf 88' lang='lat' dir='ltr'><strong>excludens</strong></span> 
     </span>
    </p>
   </div>
   <div class='ocr_carea' id='block_1_105' title="bbox 2076 4700 3796 4781">
    <p class='ocr_par' dir='ltr' id='par_1_105' title="bbox 2076 4700 3796 4781">
     <span class='ocr_line' id='line_1_105' title="bbox 2076 4700 3796 4781; baseline -0.003 -16"><span class='ocrx_word' id='word_1_712' title='bbox 2076 4702 2433 4781; x_wconf 76' lang='lat' dir='ltr'><strong>pcenitentiae</strong></span> <span class='ocrx_word' id='word_1_713' title='bbox 2487 4704 2701 4775; x_wconf 91' lang='lat' dir='ltr'><strong>locum,</strong></span> <span class='ocrx_word' id='word_1_714' title='bbox 2769 4703 3001 4762; x_wconf 92' lang='lat' dir='ltr'><strong>veniam</strong></span> <span class='ocrx_word' id='word_1_715' title='bbox 3069 4718 3308 4776; x_wconf 83' lang='lat' dir='ltr'><strong>negans,</strong></span> <span class='ocrx_word' id='word_1_716' title='bbox 3366 4700 3796 4760; x_wconf 87' lang='lat' dir='ltr'><strong>emendationis</strong></span> 
     </span>
    </p>
   </div>
   <div class='ocr_carea' id='block_1_106' title="bbox 2080 4791 3797 4869">
    <p class='ocr_par' dir='ltr' id='par_1_106' title="bbox 2080 4791 3797 4869">
     <span class='ocr_line' id='line_1_106' title="bbox 2080 4791 3797 4869; baseline -0.003 -15"><span class='ocrx_word' id='word_1_717' title='bbox 2080 4796 2303 4869; x_wconf 87' lang='lat' dir='ltr'><strong>ignara.</strong></span> <span class='ocrx_word' id='word_1_718' title='bbox 2356 4794 2480 4853; x_wconf 85' lang='lat' dir='ltr'><strong>Lex</strong></span> <span class='ocrx_word' id='word_1_719' title='bbox 2532 4794 2739 4853; x_wconf 89' lang='lat' dir='ltr'><strong>vinum</strong></span> <span class='ocrx_word' id='word_1_720' title='bbox 2804 4795 3042 4864; x_wconf 91' lang='lat' dir='ltr'><strong>durum,</strong></span> <span class='ocrx_word' id='word_1_721' title='bbox 3090 4800 3146 4853; x_wconf 88' lang='lat' dir='ltr'><strong>et</strong></span> <span class='ocrx_word' id='word_1_722' title='bbox 3189 4793 3443 4861; x_wconf 91' lang='lat' dir='ltr'><strong>acidum,</strong></span> <span class='ocrx_word' id='word_1_723' title='bbox 3483 4791 3554 4851; x_wconf 90' lang='lat' dir='ltr'><strong>de</strong></span> <span class='ocrx_word' id='word_1_724' title='bbox 3606 4791 3797 4850; x_wconf 87' lang='lat' dir='ltr'><strong>botris</strong></span> 
     </span>
    </p>
   </div>
   <div class='ocr_carea' id='block_1_107' title="bbox 2083 4875 3797 4954">
    <p class='ocr_par' dir='ltr' id='par_1_107' title="bbox 2083 4875 3797 4954">
     <span class='ocr_line' id='line_1_107' title="bbox 2083 4875 3797 4954; baseline -0.004 -13"><span class='ocrx_word' id='word_1_725' title='bbox 2083 4879 2462 4941; x_wconf 89' lang='lat' dir='ltr'><strong>amarissimis</strong></span> <span class='ocrx_word' id='word_1_726' title='bbox 2496 4880 2837 4954; x_wconf 87' lang='lat' dir='ltr'><strong>eliquatum,</strong></span> <span class='ocrx_word' id='word_1_727' title='bbox 2887 4886 3286 4938; x_wconf 88' lang='lat' dir='ltr'><strong>consecratum</strong></span> <span class='ocrx_word' id='word_1_728' title='bbox 3336 4876 3579 4950; x_wconf 66' lang='lat' dir='ltr'><strong>feritati,</strong></span> <span class='ocrx_word' id='word_1_729' title='bbox 3632 4875 3797 4935; x_wconf 85' lang='lat' dir='ltr'><strong>deri-</strong></span> 
     </span>
    </p>
   </div>
   <div class='ocr_carea' id='block_1_108' title="bbox 2086 4963 3796 5043">
    <p class='ocr_par' dir='ltr' id='par_1_108' title="bbox 2086 4963 3796 5043">
     <span class='ocr_line' id='line_1_108' title="bbox 2086 4963 3796 5043; baseline -0.004 -15"><span class='ocrx_word' id='word_1_730' title='bbox 2086 4977 2281 5028; x_wconf 91' lang='lat' dir='ltr'><strong>vatum</strong></span> <span class='ocrx_word' id='word_1_731' title='bbox 2308 4968 2524 5037; x_wconf 90' lang='lat' dir='ltr'><strong>Israeli,</strong></span> <span class='ocrx_word' id='word_1_732' title='bbox 2559 4966 2844 5027; x_wconf 89' lang='lat' dir='ltr'><strong>Salvatori</strong></span> <span class='ocrx_word' id='word_1_733' title='bbox 2869 4966 3258 5043; x_wconf 92' lang='lat' dir='ltr'><strong>propinatum.</strong></span> <span class='ocrx_word' id='word_1_734' title='bbox 3290 4965 3532 5036; x_wconf 91' lang='lat' dir='ltr'><strong>Vinum,</strong></span> <span class='ocrx_word' id='word_1_735' title='bbox 3569 4963 3644 5023; x_wconf 89' lang='lat' dir='ltr'><strong>de</strong></span> <span class='ocrx_word' id='word_1_736' title='bbox 3674 4978 3796 5035; x_wconf 86' lang='lat' dir='ltr'><strong>quo</strong></span> 
     </span>
    </p>
   </div>
   <div class='ocr_carea' id='block_1_109' title="bbox 2080 5050 3801 5131">
    <p class='ocr_par' dir='ltr' id='par_1_109' title="bbox 2080 5050 3801 5131">
     <span class='ocr_line' id='line_1_109' title="bbox 2080 5050 3801 5131; baseline -0.003 -14"><span class='ocrx_word' id='word_1_737' title='bbox 2080 5058 2281 5117; x_wconf 91' lang='lat' dir='ltr'><strong>dentes</strong></span> <span class='ocrx_word' id='word_1_738' title='bbox 2328 5056 2650 5115; x_wconf 90' lang='lat' dir='ltr'><strong>bibentium</strong></span> <span class='ocrx_word' id='word_1_739' title='bbox 2704 5056 3136 5131; x_wconf 89' lang='lat' dir='ltr'><strong>obstupescunt,</strong></span> <span class='ocrx_word' id='word_1_740' title='bbox 3189 5070 3305 5113; x_wconf 91' lang='lat' dir='ltr'><strong>non</strong></span> <span class='ocrx_word' id='word_1_741' title='bbox 3358 5055 3430 5112; x_wconf 84' lang='lat' dir='ltr'><strong>de</strong></span> <span class='ocrx_word' id='word_1_742' title='bbox 3490 5050 3801 5126; x_wconf 85' lang='lat' dir='ltr'><strong>genimine</strong></span> 
     </span>
    </p>
   </div>
   <div class='ocr_carea' id='block_1_110' title="bbox 286 5142 3799 5222">
    <p class='ocr_par' dir='ltr' id='par_1_110' title="bbox 286 5142 3799 5222">
     <span class='ocr_line' id='line_1_110' title="bbox 286 5142 3799 5222; baseline -0.001 -19"><span class='ocrx_word' id='word_1_743' title='bbox 286 5146 482 5205; x_wconf 87' lang='lat' dir='ltr'><strong>sinum</strong></span> <span class='ocrx_word' id='word_1_744' title='bbox 527 5162 701 5205; x_wconf 89' lang='lat' dir='ltr'><strong>suum</strong></span> <span class='ocrx_word' id='word_1_745' title='bbox 758 5145 925 5207; x_wconf 81' lang='lat' dir='ltr'><strong>electi</strong></span> <span class='ocrx_word' id='word_1_746' title='bbox 972 5145 1192 5222; x_wconf 90' lang='lat' dir='ltr'><strong>quique</strong></span> <span class='ocrx_word' id='word_1_747' title='bbox 1241 5144 1562 5218; x_wconf 89' lang='lat' dir='ltr'><strong>recipiunt;</strong></span> <span class='ocrx_word' id='word_1_748' title='bbox 1593 5152 1649 5203; x_wconf 89' lang='lat' dir='ltr'><strong>et</strong></span> <span class='ocrx_word' id='word_1_749' title='bbox 1686 5143 2000 5218; x_wconf 88' lang='lat' dir='ltr'><strong>unusquis—</strong></span> <span class='ocrx_word' id='word_1_750' title='bbox 2085 5146 2219 5204; x_wconf 87' lang='lat' dir='ltr'><strong>vitis</strong></span> <span class='ocrx_word' id='word_1_751' title='bbox 2245 5144 2429 5215; x_wconf 91' lang='lat' dir='ltr'><strong>illius,</strong></span> <span class='ocrx_word' id='word_1_752' title='bbox 2457 5147 2610 5220; x_wconf 89' lang='lat' dir='ltr'><strong>quod</strong></span> <span class='ocrx_word' id='word_1_753' title='bbox 2640 5143 2901 5204; x_wconf 90' lang='lat' dir='ltr'><strong>Salvator</strong></span> <span class='ocrx_word' id='word_1_754' title='bbox 2929 5144 3078 5204; x_wconf 90' lang='lat' dir='ltr'><strong>bibit</strong></span> <span class='ocrx_word' id='word_1_755' title='bbox 3109 5159 3327 5203; x_wconf 90' lang='lat' dir='ltr'><strong>novum</strong></span> <span class='ocrx_word' id='word_1_756' title='bbox 3370 5143 3432 5201; x_wconf 92' lang='lat' dir='ltr'><strong>in</strong></span> <span class='ocrx_word' id='word_1_757' title='bbox 3463 5157 3641 5216; x_wconf 84' lang='lat' dir='ltr'><strong>regno</strong></span> <span class='ocrx_word' id='word_1_758' title='bbox 3679 5142 3799 5199; x_wconf 83' lang='lat' dir='ltr'><strong>Pa-</strong></span> 
     </span>
    </p>
   </div>
   <div class='ocr_carea' id='block_1_111' title="bbox 286 5234 1996 5310">
    <p class='ocr_par' dir='ltr' id='par_1_111' title="bbox 286 5234 1996 5310">
     <span class='ocr_line' id='line_1_111' title="bbox 286 5234 1996 5310; baseline -0.001 -17"><span class='ocrx_word' id='word_1_759' title='bbox 286 5250 399 5310; x_wconf 90' lang='lat' dir='ltr'><strong>que</strong></span> <span class='ocrx_word' id='word_1_760' title='bbox 428 5235 720 5310; x_wconf 92' lang='lat' dir='ltr'><strong>propriam</strong></span> <span class='ocrx_word' id='word_1_761' title='bbox 758 5234 1079 5293; x_wconf 91' lang='lat' dir='ltr'><strong>mercedem</strong></span> <span class='ocrx_word' id='word_1_762' title='bbox 1118 5234 1318 5309; x_wconf 89' lang='lat' dir='ltr'><strong>recipit</strong></span> <span class='ocrx_word' id='word_1_763' title='bbox 1348 5234 1671 5293; x_wconf 91' lang='lat' dir='ltr'><strong>secundum</strong></span> <span class='ocrx_word' id='word_1_764' title='bbox 1705 5248 1880 5293; x_wconf 93' lang='lat' dir='ltr'><strong>suum</strong></span> <span class='ocrx_word' id='word_1_765' title='bbox 1911 5234 1996 5291; x_wconf 89' lang='lat' dir='ltr'><strong>la-</strong></span> 
     </span>
    </p>
   </div>
   <div class='ocr_carea' id='block_1_112' title="bbox 292 5322 1997 5396">
    <p class='ocr_par' dir='ltr' id='par_1_112' title="bbox 292 5322 1997 5396">
     <span class='ocr_line' id='line_1_112' title="bbox 292 5322 1997 5396; baseline -0.001 -15"><span class='ocrx_word' id='word_1_766' title='bbox 292 5325 484 5382; x_wconf 85' lang='lat' dir='ltr'><strong>borem</strong></span> <span class='ocrx_word' id='word_1_767' title='bbox 517 5328 567 5392; x_wconf 93' lang='grc' dir='ltr'><strong>(Ι</strong></span> <span class='ocrx_word' id='word_1_768' title='bbox 593 5327 711 5382; x_wconf 86' lang='lat' dir='ltr'><strong>Cor.</strong></span> <span class='ocrx_word' id='word_1_769' title='bbox 741 5329 859 5394; x_wconf 85' lang='lat' dir='ltr'><strong>In);</strong></span> <span class='ocrx_word' id='word_1_770' title='bbox 896 5322 1434 5383; x_wconf 81' lang='lat' dir='ltr'><strong>immensurabilem</strong></span> <span class='ocrx_word' id='word_1_771' title='bbox 1470 5322 1564 5381; x_wconf 89' lang='lat' dir='ltr'><strong>hic</strong></span> <span class='ocrx_word' id='word_1_772' title='bbox 1591 5322 1843 5396; x_wconf 90' lang='lat' dir='ltr'><strong>possidet</strong></span> <span class='ocrx_word' id='word_1_773' title='bbox 1874 5322 1997 5396; x_wconf 88' lang='lat' dir='ltr'><strong>glo-</strong></span> 
     </span>
    </p>
   </div>
   <div class='ocr_carea' id='block_1_113' title="bbox 2086 5232 3798 5307">
    <p class='ocr_par' dir='ltr' id='par_1_113' title="bbox 2086 5232 3798 5307">
     <span class='ocr_line' id='line_1_113' title="bbox 2086 5232 3798 5307; baseline -0.004 -13"><span class='ocrx_word' id='word_1_774' title='bbox 2086 5236 2185 5294; x_wconf 89' lang='lat' dir='ltr'><strong>tris</strong></span> <span class='ocrx_word' id='word_1_775' title='bbox 2217 5234 2307 5293; x_wconf 90' lang='lat' dir='ltr'><strong>sui</strong></span> <span class='ocrx_word' id='word_1_776' title='bbox 2337 5238 2483 5306; x_wconf 86' lang='lat' dir='ltr'><strong>(Luc.</strong></span> <span class='ocrx_word' id='word_1_777' title='bbox 2526 5236 2669 5307; x_wconf 85' lang='lat' dir='ltr'><strong>XXI).</strong></span> <span class='ocrx_word' id='word_1_778' title='bbox 2695 5232 2859 5292; x_wconf 81' lang='lat' dir='ltr'><strong>‘Vere</strong></span> <span class='ocrx_word' id='word_1_779' title='bbox 2904 5232 3141 5291; x_wconf 88' lang='lat' dir='ltr'><strong>meliora</strong></span> <span class='ocrx_word' id='word_1_780' title='bbox 3177 5240 3313 5290; x_wconf 91' lang='lat' dir='ltr'><strong>sunt</strong></span> <span class='ocrx_word' id='word_1_781' title='bbox 3353 5232 3530 5290; x_wconf 88' lang='lat' dir='ltr'><strong>ubera</strong></span> <span class='ocrx_word' id='word_1_782' title='bbox 3559 5244 3798 5303; x_wconf 59' lang='lat' dir='ltr'><strong>sponsa</strong></span> 
     </span>
    </p>
   </div>
   <div class='ocr_carea' id='block_1_114' title="bbox 2083 5316 3794 5396">
    <p class='ocr_par' dir='ltr' id='par_1_114' title="bbox 2083 5316 3794 5396">
     <span class='ocr_line' id='line_1_114' title="bbox 2083 5316 3794 5396; baseline -0.005 -13"><span class='ocrx_word' id='word_1_783' title='bbox 2083 5324 2221 5383; x_wconf 92' lang='lat' dir='ltr'><strong>vino</strong></span> <span class='ocrx_word' id='word_1_784' title='bbox 2261 5323 2369 5382; x_wconf 90' lang='lat' dir='ltr'><strong>isto</strong></span> <span class='ocrx_word' id='word_1_785' title='bbox 2418 5326 2588 5396; x_wconf 84' lang='lat' dir='ltr'><strong>(Cant.</strong></span> <span class='ocrx_word' id='word_1_786' title='bbox 2624 5322 2677 5395; x_wconf 79' lang='grc' dir='ltr'><strong>ι).</strong></span> <span class='ocrx_word' id='word_1_787' title='bbox 2719 5320 2999 5391; x_wconf 63' lang='lat' dir='ltr'><strong>Quaenam</strong></span> <span class='ocrx_word' id='word_1_788' title='bbox 3041 5328 3239 5381; x_wconf 88' lang='lat' dir='ltr'><strong>autem</strong></span> <span class='ocrx_word' id='word_1_789' title='bbox 3283 5326 3421 5378; x_wconf 89' lang='lat' dir='ltr'><strong>sunt</strong></span> <span class='ocrx_word' id='word_1_790' title='bbox 3458 5316 3606 5378; x_wconf 80' lang='lat' dir='ltr'><strong>illa?</strong></span> <span class='ocrx_word' id='word_1_791' title='bbox 3651 5317 3794 5376; x_wconf 87' lang='lat' dir='ltr'><strong>Pro-</strong></span> 
     </span>
    </p>
   </div>
   <div class='ocr_carea' id='block_1_115' title="bbox 292 5404 3795 5487">
    <p class='ocr_par' dir='ltr' id='par_1_115' title="bbox 292 5404 3795 5487">
     <span class='ocr_line' id='line_1_115' title="bbox 292 5404 3795 5487; baseline -0.002 -16"><span class='ocrx_word' id='word_1_792' title='bbox 292 5412 459 5482; x_wconf 89' lang='lat' dir='ltr'><strong>riam,</strong></span> <span class='ocrx_word' id='word_1_793' title='bbox 492 5411 593 5485; x_wconf 91' lang='lat' dir='ltr'><strong>qui</strong></span> <span class='ocrx_word' id='word_1_794' title='bbox 651 5431 764 5473; x_wconf 90' lang='lat' dir='ltr'><strong>non</strong></span> <span class='ocrx_word' id='word_1_795' title='bbox 822 5415 1009 5473; x_wconf 89' lang='lat' dir='ltr'><strong>tenuit</strong></span> <span class='ocrx_word' id='word_1_796' title='bbox 1058 5414 1119 5472; x_wconf 92' lang='lat' dir='ltr'><strong>in</strong></span> <span class='ocrx_word' id='word_1_797' title='bbox 1163 5413 1360 5473; x_wconf 90' lang='lat' dir='ltr'><strong>labore</strong></span> <span class='ocrx_word' id='word_1_798' title='bbox 1399 5429 1751 5473; x_wconf 89' lang='lat' dir='ltr'><strong>mensuram.</strong></span> <span class='ocrx_word' id='word_1_799' title='bbox 1796 5413 1864 5470; x_wconf 88' lang='lat' dir='ltr'><strong>Et</strong></span> <span class='ocrx_word' id='word_1_800' title='bbox 1896 5412 1998 5487; x_wconf 93' lang='lat' dir='ltr'><strong>qui</strong></span> <span class='ocrx_word' id='word_1_801' title='bbox 2084 5415 2245 5472; x_wconf 90' lang='lat' dir='ltr'><strong>cedat</strong></span> <span class='ocrx_word' id='word_1_802' title='bbox 2287 5413 2349 5470; x_wconf 92' lang='lat' dir='ltr'><strong>in</strong></span> <span class='ocrx_word' id='word_1_803' title='bbox 2388 5411 2646 5469; x_wconf 83' lang='lat' dir='ltr'><strong>medium</strong></span> <span class='ocrx_word' id='word_1_804' title='bbox 2694 5410 2912 5470; x_wconf 85' lang='lat' dir='ltr'><strong>Paulus</strong></span> <span class='ocrx_word' id='word_1_805' title='bbox 2963 5407 3273 5483; x_wconf 86' lang='lat' dir='ltr'><strong>apostolus,</strong></span> <span class='ocrx_word' id='word_1_806' title='bbox 3306 5415 3363 5466; x_wconf 91' lang='lat' dir='ltr'><strong>et</strong></span> <span class='ocrx_word' id='word_1_807' title='bbox 3409 5406 3589 5467; x_wconf 85' lang='lat' dir='ltr'><strong>ubera</strong></span> <span class='ocrx_word' id='word_1_808' title='bbox 3634 5404 3795 5464; x_wconf 86' lang='lat' dir='ltr'><strong>felici</strong></span> 
     </span>
    </p>
   </div>
   <div class='ocr_carea' id='block_1_116' title="bbox 291 5501 1999 5577">
    <p class='ocr_par' dir='ltr' id='par_1_116' title="bbox 291 5501 1999 5577">
     <span class='ocr_line' id='line_1_116' title="bbox 291 5501 1999 5577; baseline -0.002 -13"><span class='ocrx_word' id='word_1_809' title='bbox 291 5501 683 5577; x_wconf 83' lang='lat' dir='ltr'><strong>evangelicam</strong></span> <span class='ocrx_word' id='word_1_810' title='bbox 718 5504 978 5577; x_wconf 86' lang='lat' dir='ltr'><strong>regulam</strong></span> <span class='ocrx_word' id='word_1_811' title='bbox 1020 5503 1082 5562; x_wconf 91' lang='lat' dir='ltr'><strong>in</strong></span> <span class='ocrx_word' id='word_1_812' title='bbox 1121 5505 1213 5563; x_wconf 90' lang='lat' dir='ltr'><strong>sui</strong></span> <span class='ocrx_word' id='word_1_813' title='bbox 1252 5503 1583 5562; x_wconf 88' lang='lat' dir='ltr'><strong>certaminis</strong></span> <span class='ocrx_word' id='word_1_814' title='bbox 1606 5518 1790 5576; x_wconf 83' lang='lat' dir='ltr'><strong>agone</strong></span> <span class='ocrx_word' id='word_1_815' title='bbox 1820 5507 1999 5563; x_wconf 87' lang='lat' dir='ltr'><strong>trans-</strong></span> 
     </span>
    </p>
   </div>
   <div class='ocr_carea' id='block_1_117' title="bbox 2086 5494 3793 5573">
    <p class='ocr_par' dir='ltr' id='par_1_117' title="bbox 2086 5494 3793 5573">
     <span class='ocr_line' id='line_1_117' title="bbox 2086 5494 3793 5573; baseline -0.005 -12"><span class='ocrx_word' id='word_1_816' title='bbox 2086 5502 2231 5561; x_wconf 91' lang='lat' dir='ltr'><strong>lacte</strong></span> <span class='ocrx_word' id='word_1_817' title='bbox 2286 5499 2575 5560; x_wconf 89' lang='lat' dir='ltr'><strong>manantia</strong></span> <span class='ocrx_word' id='word_1_818' title='bbox 2632 5498 2800 5566; x_wconf 86' lang='lat' dir='ltr'><strong>nobis</strong></span> <span class='ocrx_word' id='word_1_819' title='bbox 2853 5496 3123 5573; x_wconf 74' lang='lat' dir='ltr'><strong>assignat.</strong></span> <span class='ocrx_word' id='word_1_820' title='bbox 3158 5518 3186 5552; x_wconf 77' lang='grc' dir='ltr'><strong>α</strong></span> <span class='ocrx_word' id='word_1_821' title='bbox 3235 5496 3519 5570; x_wconf 87' lang='lat' dir='ltr'><strong>Gaudere,</strong></span> <span class='ocrx_word' id='word_1_822' title='bbox 3566 5494 3793 5570; x_wconf 89' lang='lat' dir='ltr'><strong>inquit,</strong></span> 
     </span>
    </p>
   </div>
  </div>
