4070 6198
265 258 365 321 661

1768 206 2017 316 saeuo
2054 254 2262 313 XXIX.

3656 235 3766 297 662

263 396 402 441 cum
426 379 837 455 gaudentibus,
865 385 920 439 et
948 381 1083 440 ﬂere
1111 395 1246 440 cum
1273 379 1547 439 ﬂentibus
1571 382 1741 442 (Rom.
1776 380 1903 452 XII).
1932 377 2293 451 :Agrantia,
2329 373 2544 448 inquit,
2577 370 2890 445 unguentis
2930 367 3163 442 optimis
3200 367 3377 438 (Cant.
3416 366 3477 434 I).
3510 385 3531 414 ι
3574 361 3763 455 Digna

263 472 497 545 Oquam
511 469 674 528 brevi
686 469 1057 528 sermunculo
1070 469 1243 528 totius
1254 468 1548 542 religionis
1561 469 1974 542 depinxitinsi—

260 576 399 633 gne,
420 566 538 617 tam
560 558 809 632 eleganti
829 558 1092 617 clausula
1113 558 1408 631 proposuit
1429 557 1716 630 pietatem,
1736 558 1975 631 aequita—

263 657 383 709 tem
421 647 638 718 statuit,
672 647 967 707 submovit
1003 647 1308 705 invidiam.
1341 645 1448 704 His
1477 646 1754 704 uberibus
1794 654 1975 704 mater

263 740 521 800 Ecclesia
563 741 729 798 lactat
777 739 1160 813 proﬁcientes,
1202 738 1482 810 perfectos
1519 737 1722 796 nutrit.
1757 758 1784 790 ‹‹
1818 737 1973 796 Gau-

261 830 424 900 dere,
450 830 665 903 inquit,
694 844 827 887 cum
855 827 1260 899 gaudentibus.
1307 851 1332 878 ι»

336 919 601 976 Facessat
639 916 775 976 hinc
833 916 1131 975 saecularis
1166 915 1407 989 plausus
1441 916 1692 987 insania,
1725 920 1781 973 et
1825 913 1975 972 laeti-

265 1008 344 1066 tia
379 1006 698 1066 mundialis
724 1005 1026 1075 abscedat;
1056 1005 1193 1077 quia
1219 1020 1336 1062 non
1366 1011 1450 1062 est
1477 1006 1730 1078 gaudere
1755 1002 1972 1077 impiis,

262 1094 406 1152 dicit
458 1094 743 1153 Dominus
778 1095 953 1164 (Psal.
1004 1095 1229 1161 XLVIII).
1288 1092 1564 1166 Nunquid
1624 1092 1859 1150 illorum
1912 1105 1976 1149 os

260 1183 482 1258 gaudio
514 1185 721 1258 repleri
759 1184 1033 1255 aeslimas,
1065 1184 1166 1257 qui
1196 1183 1468 1241 laatantur
1495 1198 1628 1240 cum
1670 1181 1975 1239 malefece-

263 1274 406 1346 rint,
441 1279 495 1332 et
522 1272 815 1331 exsultant
842 1273 904 1329 in
943 1272 1115 1330 rebus
1162 1270 1479 1345 pessimis?
1518 1275 1691 1344 (Prov.
1746 1274 1825 1341 II.)
1872 1269 1976 1328 Vel

262 1360 376 1430 illi,
401 1360 504 1436 qui
533 1360 804 1420 laudibus
827 1359 1140 1420 adulatoris
1162 1362 1485 1433 rapiuntur,
1518 1360 1738 1418 divinae
1758 1357 1974 1432 jubila-

265 1449 444 1508 tionis
487 1465 777 1522 agnovere
824 1449 1083 1509 laatitiam
1110 1448 1137 1507 ?
1166 1450 1445 1523 Nunquid
1495 1449 1599 1523 qui
1650 1447 1978 1507 vestiuntur

261 1552 529 1612 purpura
567 1545 624 1595 et
674 1537 870 1612 bysso,
911 1545 966 1596 et
1002 1536 1311 1611 epulantur
1362 1538 1621 1611 quotidie
1676 1533 1977 1608 splendide

265 1627 415 1695 (Luc.
448 1626 594 1694 XVI),
634 1624 915 1697 gaudium
953 1632 1008 1683 et
1063 1624 1319 1682 laetitiam
1357 1620 1738 1683 obtinebunt?
1788 1620 1974 1690 Absit,

2058 480 2291 538 prorsus
2351 464 2548 532 ubera,
2585 462 2656 519 de
2707 459 2924 533 quibus
2978 456 3269 530 eliquatur
3329 454 3764 538 unguentorum

2056 536 2336 621 inﬁnitas,
2362 551 2595 609 odorata
2632 547 3002 617 diﬁluxione,
3039 544 3331 603 civitatem
3370 539 3473 598 Dei
3512 536 3764 597 viventis

2057 642 2511 715 circumquaque
2552 651 2906 711 respergens.
2935 634 3075 692 Haec
3105 637 3241 690 sunt
3270 634 3586 702 unguenta,
3628 639 3764 700 quas

2059 731 2258 804 regina
2298 729 2443 787 Saba
2481 726 2675 786 attulit
2711 726 2770 782 in
2811 723 3199 793 Hierusalem,
3237 722 3308 778 de
3361 719 3579 794 quibus
3627 715 3768 774 dicit

2063 818 2357 891 Scriptura
2392 836 2405 875 ε
2446 841 2467 868 ι
2500 817 2627 874 Non
2649 822 2786 874 sunt
2813 814 2985 871 allata
3016 811 3166 870 ultra
3203 814 3477 876 aromata,
3513 813 3628 862 tam
3659 820 3766 877 op-

2060 907 2220 977 tima,
2249 921 2423 980 quam
2450 922 2518 963 ea
2552 920 2686 977 quae
2723 902 2877 961 dedit
2918 900 3117 973 regina
3153 899 3299 958 Saba
3343 894 3638 954 Salomoni
3674 894 3771 967 (III

2060 1002 2193 1066 Reg.
2227 1002 2311 1067 X).
2354 1016 2381 1049 ι

2131 1085 2315 1154 Quam
2372 1083 2723 1142 excellenter
2780 1080 3044 1155 apposuit
3104 1079 3319 1151 optima
3380 1074 3616 1151 spiritus
3670 1071 3771 1130 ille

2061 1175 2307 1243 subtilis,
2344 1174 2445 1247 qui
2493 1179 2667 1230 totam
2710 1170 2822 1229 sibi
2868 1170 3001 1227 libri
3048 1169 3223 1243 hujus
3269 1166 3413 1240 rapit
3458 1161 3772 1238 possessio-

2062 1277 2216 1318 nem.
2250 1260 2349 1317 Est
2376 1260 2534 1317 enim
2574 1265 2937 1331 unguentum
2984 1257 3223 1323 bonum,
3261 1252 3411 1326 quod
3453 1249 3633 1308 Maria
3670 1261 3771 1320 pe-

2061 1348 2236 1406 dibus
2287 1346 2598 1405 Salvatoris
2653 1346 2869 1404 infudit
2916 1349 3067 1414 (Luc.
3112 1346 3237 1411 VII).
3290 1341 3390 1397 Est
3434 1346 3489 1396 et
3540 1335 3771 1405 melius,

2062 1438 2219 1512 quod
2245 1438 2466 1508 eadem,
2494 1437 2544 1494 si
2572 1444 2763 1494 tamen
2788 1435 3007 1502 eadem,
3034 1448 3206 1505 super
3234 1438 3403 1504 caput
3428 1428 3772 1487 recumben-

2065 1526 2136 1585 tis
2162 1527 2367 1585 etIudit
2404 1530 2583 1596 (Joan.
2624 1531 2755 1594 XII).
2799 1525 2898 1583 Est
2935 1531 2991 1581 et
3028 1524 3336 1595 optimum,
3368 1518 3522 1593 quod
3562 1524 3617 1576 et
3653 1518 3777 1589 ipsa

2062 1615 2407 1691 praeparavit
2463 1614 2561 1674 toti
2615 1614 2839 1689 corpori
2904 1612 3116 1671 Christi
3179 1614 3374 1680 (Marc.
3432 1612 3583 1675 XVI).
3648 1605 3777 1663 Pri-

264 1694 422 1772 utin
452 1721 600 1771 terra
628 1694 881 1771 suaviter
925 1713 1276 1785 viventium,
1321 1712 1667 1785 gaudiorum
1709 1710 2229 1795 invenia-Bmutn
2286 1710 2653 1776 unguentum
2703 1701 3064 1762 contritionis
3112 1707 3217 1769 est,
3268 1699 3339 1756 de
3386 1694 3779 1755 recordatione

268 1808 364 1860 tur
400 1802 663 1873 materia,
693 1816 829 1861 cum
861 1802 1033 1860 tantis
1078 1783 1557 1860 alternationibus
1589 1806 1743 1858 tanta
1774 1783 2451 1867 mundiypeccatorum,
2525 1792 2595 1849 de
2666 1790 2874 1863 spiritu
2940 1788 3183 1847 contrito
3253 1794 3309 1845 et
3392 1783 3778 1873 contribulato

266 1890 446 1949 facies
495 1871 874 1963 immutetur;
916 1897 981 1950 ut
1023 1891 1257 1949 elevans
1299 1890 1593 1961 allidatur,
1638 1897 1695 1948 et
1743 1888 1983 1961 respiret
2066 1880 2436 1940 descendens.
2480 1877 2606 1936 Hoc
2653 1878 3052 1937 infunduntur
3092 1876 3264 1950 pedes
3304 1874 3465 1933 illius
3510 1871 3615 1948 qui
3660 1885 3781 1963 am-

266 1977 493 2038 allisus.
526 1978 637 2039 Sed
692 1986 778 2039 est
828 1960 1112 2054 gaudium
1156 1980 1435 2038 continua
1477 1960 1587 2038 sui
1616 1977 1981 2053 jucunditate
2067 1968 2231 2028 bullit
2299 1987 2475 2043 super
2544 1986 2764 2043 Pennas
2834 1975 3142 2026 ventorum
3197 1968 3367 2035 (Psal-
3428 1969 3602 2054 Πιθ-
3668 1960 3780 2054 ῌίε

266 2067 697 2140 ﬁrmissimum,
730 2050 883 2144 quod
927 2070 1215 2145 perfectus
1247 2070 1482 2128 animus
1516 2067 1585 2126 de
1616 2050 1816 2126 secura
1868 2066 1981 2125 sibi
2066 2058 2265 2117 adorat
2333 2058 2511 2116 Maria
2575 2058 2640 2116 in
2696 2058 2842 2128 1000.
2892 2057 2997 2116 Ubi
3060 2061 3338 2145 $tetel‘lmt
3393 2053 3567 2145 Pedes
3628 2050 3773 2123 eius-

265 2158 620 2215 conscientia
668 2140 991 2231 pollicetur.
1025 2159 1190 2217 Mens
1241 2159 1400 2216 enim
1458 2174 1492 2215 a
1540 2156 1746 2214 mundi
1800 2157 1981 2230 hujus
2068 2146 2380 2215 Steterunt,
2426 2148 2688 2221 inquam,
2740 2145 2882 2219 quia
2930 2144 3282 2203 validissima
3343 2140 3558 2199 amoris
3603 2152 3780 2195 manu

263 2247 573 2319 aspergine
604 2262 744 2321 pure
798 2262 1109 2321 presseque
1152 2246 1394 2317 detersa,
1424 2252 1480 2304 et
1506 2246 1567 2303 in
1596 2245 1816 2304 divinae
1840 2261 1979 2303 con-
2066 2234 2271 2307 Ρθάθω
2310 2240 2622 2308 Utrumque
2668 2233 2930 2321 Γθῐίῐιιιίῑτ
2969 2233 3152 2321 donec
3199 2238 3541 2321 ωτιιωαιιεξ,
3565 2241 3776 2321 ΡΨΨΙ-

266 2314 662 2408 templationis
697 2314 942 2394 acu-men
989 2314 1172 2394 totum
1202 2314 1471 2393 desiderii
1501 2333 1592 2393 sui
1627 2335 1811 2407 ﬁgens
1838 2334 1980 2391 atl‘e-
2064 2330 2223 2395 geret
2260 2329 2316 2380 et
2361 2321 2589 2381 alldil‘el
2643 2320 2959 2381 criminum
3006 2320 3432 2389 remi-9310119111,
3486 2314 3777 2374 dimiSSiO'

262 2406 448 2493 ctum,
483 2422 764 2495 gaudens,
794 2423 1091 2497 gaudetin
1121 2423 1386 2492 Domino,
1426 2430 1482 2480 et
1507 2406 1760 2481 exsultat
1784 2422 1981 2480 anima
2066 2426 2202 2469 118111
2231 2411 2293 2469 in
2322 2427 2496 2484 pace:
2536 2434 2556 2460 α
2590 2409 3007 2480 Remittuntur,
3050 2407 3262 2483 inquit,
3294 2406 3399 2464 tibi
3443 2414 3688 2497 peccata,
3722 2407 3778 2459 et

263 2526 372 2568 sua
399 2511 463 2568 in
490 2493 611 2569 Deo
632 2493 920 2586 suollvsaz'.
957 2514 1092 2584 LXI).
1124 2511 1283 2571 Talis
1310 2512 1506 2570 anima
1545 2513 1736 2570 minas
1782 2526 1975 2583 asper-

2131 2499 2212 2558 Ide
2241 2500 2302 2557 in
2328 2515 2465 2573 pace
2479 2503 2648 2569 '(Luc.
2680 2507 2805 2569 VII).
2847 2520 2875 2553 »
2906 2497 3175 2571 Magnam
3208 2512 3441 2569 prorsus
3482 2493 3777 2552 miseriam

266 2607 460 2670 natur,
506 2602 686 2659 nescit
723 2580 1008 2673 timorem,
1049 2580 1209 2676 spem
1258 2602 1462 2660 falsam
1508 2599 1709 2669 eludit,
1756 2606 1812 2656 et
1849 2580 1978 2656 bm-
2067 2604 2279 2661 magna
2327 2588 2722 2648 misericordia
2760 2588 2936 2646 diluit
2974 2595 3029 2645 et
3072 2587 3383 2659 abstergit;
3410 2589 3467 2642 et
3504 2584 3611 2641 hoc
3651 2580 3778 2655 qui-

268 2686 437 2745 nium
467 2690 864 2750 scandalorum
892 2673 1194 2762 immunis,
1216 2692 1278 2749 in
1310 2706 1445 2763 pace
1473 2692 1533 2749 in
1563 2690 1820 2763 idipsum
1850 2688 1975 2747 dor-

2131 2694 2198 2735 em
2256 2678 2614 2750 festinanter,
2671 2679 2807 2752 quia
2856 2678 2982 2736 sine
3026 2676 3145 2735 ullo
3189 2673 3495 2733 intervallo
3530 2673 3774 2746 conjun-

267 2776 480 2848 miens,
518 2778 825 2850 requiescit
848 2783 1017 2848 (Psal.
1051 2786 1157 2849 IV).
1186 2760 1220 2833 ’‹‹
1250 2760 1369 2838 Pax
1392 2778 1574 2838 multa
1602 2760 1983 2850 diligentibus
2067 2772 2286 2843 guntut‘
2313 2774 2368 2825 et
2397 2767 2671 2841 lacrymaa
2699 2766 3048 2841 peccatricis,
3084 2772 3140 2824 et
3166 2761 3530 2836 indulgentia
3568 2760 3775 2850 Salva-

264 2862 455 2938 legem
481 2849 661 2936 tuam,
696 2887 723 2920 »
754 2867 833 2924 ait
859 2868 1071 2941 justus,
1103 2892 1129 2919 α
1158 2875 1354 2926 etnon
1385 2874 1470 2925 est
1498 2867 1616 2925 illis
1640 2849 1981 2925 scandalum
2069 2860 2226 2916 toris.
2277 2856 2676 2916 Remittuntur
2727 2862 2976 2929 peccata,
3017 2861 3073 2913 et
3123 2854 3187 2911 in
3242 2868 3381 2927 pace
3439 2849 3774 2941 dimittitur,

267 2956 443 3021 (Psal.
500 2960 732 3025 CXVIII).
790 2980 814 3007 ι
864 2940 1119 3015 Noverat
1168 2956 1350 3029 enim,
1407 2957 1544 3030 quia
1594 2956 1822 3014 lictores
1861 2969 1979 3011 non
2069 2952 2135 3007 ut
2170 2947 2242 3005 de
2277 2947 2565 3021 prmterito
2602 2960 2719 3004 non
2765 2945 2839 3003 sit
2885 2943 3147 3015 sollicita,
3196 2957 3396 3003 secura
3442 2941 3513 2998 de
3560 2940 3772 2997 futuro.

264 3051 704 3117 persequuntur
722 3045 1135 3118 martyres,sed
1158 3052 1451 3103 coronant.
1472 3044 1615 3103 Cum
1642 3042 2043 3151 hujusmodi,C
2140 3038 2319 3097 Pedes
2368 3038 2461 3096 isti
2514 3044 2651 3097 sunt
2701 3036 3114 3106 misericordia,
3159 3042 3214 3094 et
3263 3032 3570 3108 judicium,
3630 3044 3777 3104 quo-

274 3131 656 3151 ____j__.A:L--_
726 3148 775 3151 ,μ
841 3132 922 3151 λκ.
1012 3134 1263 3151 .,_,.,1,
1369 3139 1425 3151 ,π
1592 3141 1698 3151 ____.
1788 3138 1831 3151 ,ι
1916 3138 1993 3151 __..
2068 3141 2191 3151 ...μη
2251 3127 2491 3151 ..ιιηηηω
2560 3126 2685 3151 an...
2747 3127 2921 3151 ..ιιηηη
2997 3123 3236 3151 munda“;
3320 3121 3406 3151 ..ι-Ι
3472 3116 3769 3151 omna-«min

264 3116 658 3203 gaudentibus
717 3116 927 3205 gaudet
994 3116 1305 3207 Apostolus
1363 3139 1536 3205 (Rom.
1592 3116 1735 3201 XII),
1780 3138 1855 3201 et,
1916 3116 2043 3190 ut'U
2064 3141 2197 3185 rum
2250 3127 2496 3184 alterum
2559 3126 2687 3183 sine
2745 3127 2924 3183 altero
2994 3123 3263 3192 osculari,
3320 3121 3412 3181 vel
3472 3116 3774 3207 temeraria

265 3219 669 3279 abundantius
714 3222 1020 3295 gaudeant,
1053 3206 1166 3280 tota
1192 3223 1495 3283 securitate
1526 3222 1825 3295 promittit.
1856 3221 1979 3279 Hoc
2064 3214 2339 3275 securitas
2396 3222 2500 3286 est,
2555 3215 2647 3274 vel
2693 3213 3012 3288 desperatio
3065 3210 3360 3285 fugienda.
3419 3208 3561 3278 Quis
3615 3206 3775 3264 enim

265 3309 555 3382 gaudium
617 3310 875 3384 plenum,
909 3318 964 3370 et
1009 3320 1231 3371 certum
1286 3320 1389 3383 est,
1446 3319 1717 3387 tantoque
1766 3313 1979 3370 certius
2065 3303 2169 3361 Dei
2208 3302 2660 3361 misericordiam
2706 3302 3102 3361 indesinenter
3142 3300 3462 3361 attendens,
3506 3312 3621 3354 non
3661 3301 3772 3352 sta-

269 3398 446 3465 idem,
477 3383 693 3471 quanto
731 3400 980 3459 vicinius
1022 3400 1173 3459 circa
1207 3401 1561 3461 identitatem
1603 3383 1976 3473 imprimitur.
2066 3394 2170 3451 tim
2208 3393 2505 3467 tepidioris
2546 3392 2679 3450 vitae
2713 3390 2969 3463 quietem
3005 3386 3278 3463 exoptat?
3309 3388 3451 3444 Cum
3485 3383 3645 3442 enim
3682 3399 3775 3440 re-

266 3486 414 3545 iich
439 3494 524 3545 est
550 3489 812 3546 mamilla
836 3490 1373 3565 congratulationis,
1399 3491 1469 3549 de
1499 3505 1618 3565 qua
1651 3488 1737 3547 lac
1760 3491 1980 3547 exbor-
2065 3486 2273 3559 cogitat
2321 3480 2713 3544 universitatis
2759 3482 3097 3553 Dominum,
3166 3482 3412 3539 formam
3459 3477 3611 3536 servi
3672 3489 3777 3547 pro

270 3577 508 3636 tationis
556 3577 897 3650 effunditur,
956 3595 1072 3654 quo
1128 3580 1471 3638 nutriuntur
1523 3578 1760 3652 perfecti
1823 3582 1977 3648 (Isai.
2066 3574 2250 3632 servis
2286 3575 2596 3646 suscipere,
2628 3572 2864 3646 triginta
2898 3578 2953 3629 et
2995 3571 3184 3628 tribus
3214 3568 3386 3627 annis
3422 3566 3644 3641 operari
3681 3579 3775 3622 sa-

270 3672 459 3735 LXVI),
492 3672 557 3725 ut
598 3680 732 3725 cum
770 3666 961 3724 avulsi
1009 3667 1286 3727 fuerinta
1315 3667 1458 3725 lacte
1506 3666 1635 3738 isto,
1671 3666 1981 3739 epulentur
2067 3663 2248 3721 lutem
2294 3668 2547 3721 nostram
2597 3662 2662 3721 in
2714 3662 2902 3720 medio
2952 3668 3116 3718 terrae
3165 3659 3361 3732 hujus,
3395 3656 3539 3730 capi,
3582 3654 3774 3728 ligari,

269 3756 346 3814 ab
378 3756 622 3814 introitu
652 3756 853 3827 gloriae
878 3755 1001 3815 Dei.
2068 3754 2340 3825 lanceari,
2376 3753 2635 3826 cruciﬁgi
2687 3759 2743 3812 et
2800 3754 2904 3811 hoc
2959 3758 3141 3810 totum
3193 3750 3454 3824 pati.pro
3501 3746 3640 3805 ﬁliis
3678 3747 3780 3804 bo-

346 3844 616 3904 Secunda
642 3853 747 3915 est,
773 3846 908 3903 ﬂere
936 3861 1071 3904 cum
1097 3844 1393 3905 ﬂentibus.
1424 3844 1705 3920 Nunquid
1734 3846 1978 3917 Aposto-
2070 3842 2320 3914 minum,
2381 3843 2574 3901 statim
2641 3843 2963 3917 deceptoria
3010 3856 3109 3914 spe
3165 3840 3275 3898 sibi
3353 3837 3650 3897 blanditur
3722 3842 3779 3893 et

276 3933 372 3991 lus
393 3933 652 4008 praecipit
676 3933 816 3991 ﬁere
841 3949 1038 3992 rerum
1066 3934 1459 4004 amissionem,
1488 3933 1981 3992 intermissionem
2067 3933 2295 4006 alludit,
2336 3936 2543 4008 gaudet
2598 3934 2891 3994 obversari
2930 3931 3323 3992 misericordia
3365 3935 3420 3988 et
3456 3927 3780 3986 miseratio-

275 4021 662 4095 voluptatum,
698 4022 955 4080 ﬁliorum
988 4031 1218 4094 mortes,
1251 4023 1582 4083 morborum
1622 4023 1980 4094 instantiam,
2072 4023 2265 4094 nibus,
2310 4024 2599 4096 judicium
2648 4024 2849 4093 nescit,
2909 4022 3139 4096 ignorat
3185 4019 3492 4093 justitiam,
3552 4025 3609 4075 et
3664 4032 3776 4090 pu-

272 4111 620 4184 gravitatem
662 4111 897 4185 inopiae,
950 4112 1261 4186 potentiam
1300 4111 1593 4170 fortioris?
1621 4111 1803 4170 Absit.
1849 4110 1980 4169 Plo-
2071 4113 2283 4172 nienda
2310 4116 2557 4173 mstimat
2591 4129 2702 4173 non
2739 4114 2960 4188 puniri.
3003 4111 3269 4181 Fallitur,
3301 4110 3406 4183 qui
3435 4108 3519 4167 sic
3557 4106 3779 4166 oscula-

274 4199 444 4259 randi
476 4199 635 4258 enim
664 4208 817 4267 sunt,
851 4201 955 4274 qui
984 4202 1171 4260 taliter
1199 4200 1444 4274 plorant.
1487 4201 1776 4275 Religiosa
1826 4203 1982 4261 enim
2074 4210 2167 4262 tur
2233 4204 2644 4263 misericordiae
2716 4203 2940 4277 pedem,
3000 4209 3066 4261 ut
3119 4202 3321 4274 pedem
3383 4197 3589 4272 judicii
3665 4213 3779 4255 non

276 4289 531 4359 tristitia,
560 4298 660 4347 aut
682 4290 941 4349 alienum
990 4297 1285 4365 peccatum
1326 4291 1503 4365 luget,
1535 4298 1637 4350 aut
1661 4292 1980 4366 proprium.
2074 4293 2347 4365 attendat,
2374 4293 2476 4367 qui
2533 4301 2715 4352 totum
2758 4293 2829 4351 de
2875 4290 3263 4350 misericordis
3307 4288 3514 4361 pietate
3554 4302 3781 4362 prtesu-

272 4378 436 4436 Beati
497 4394 748 4452 quorum
803 4379 993 4439 luctus
1047 4379 1109 4438 in
1160 4381 1265 4439 hac
1319 4382 1644 4439 intentione
1703 4389 1982 4451 versatur,
2016 4384 2347 4456 “mit;hoc
2385 4384 2574 4443 solum
2616 4386 2686 4443 ad
2733 4384 2975 4443 salutem
3025 4382 3290 4440 sufﬁcere
3330 4380 3588 4449 credens,
3629 4378 3785 4450 quod

274 4467 416 4540 quia
449 4446 892 4525 consolatoriam
933 4474 1175 4541 possunt
1223 4474 1553 4542 exspectare
1597 4446 1986 4527 dulcedinem.
2016 4446 2277 4531 Dcredit.
2336 4471 2561 4530 Rursus
2611 4489 2746 4531 cum
2800 4471 3035 4530 abducit
3087 4485 3172 4540 os,
3224 4476 3280 4526 et
3324 4467 3530 4539 judicii
3574 4446 3782 4540 ipe-dem

274 4555 466 4625 Quam
492 4554 620 4614 leni
660 4562 715 4614 et
752 4556 1089 4615 dulcissimo
1128 4557 1336 4631 spiritu
1371 4557 1675 4617 imbibitus
1711 4564 1796 4616 est
1828 4558 1992 4631 spiri—
2076 4560 2464 4621 crebrioribus
2522 4560 2733 4618 osculis
2797 4558 3153 4631 intertangit,
3212 4557 3537 4616 subcutitur
3596 4554 3787 4613 carnis

277 4650 373 4704 tus
402 4646 586 4716 illius,
615 4647 716 4720 qui
748 4650 908 4705 novit
944 4648 1006 4704 in
1046 4648 1251 4721 spiritu
1290 4647 1541 4706 lenitatis
1577 4654 1873 4721 peccantes
1911 4647 1995 4705 in-
2077 4652 2408 4722 animmque
2453 4648 2791 4719 substantia,
2826 4655 2881 4705 et
2936 4647 3240 4721 utriusque
3279 4646 3532 4704 hominis
3568 4652 3787 4703 statum

274 4741 524 4805 struere,
566 4736 913 4810 suspendere
954 4735 1285 4807 vindictam,
1326 4745 1381 4795 et
1422 4737 1747 4797 allectuosis
1789 4737 1996 4796 oﬁiciis
2080 4735 2478 4797 vehementior
2536 4752 2680 4795 aura
2732 4735 3005 4810 percellit.
3069 4722 3438 4794 Horrendum
3494 4739 3578 4791 est
3628 4732 3788 4790 enim

274 4824 634 4883 inviseerare
689 4825 799 4883 sibi
858 4832 1230 4898 peccatorem,
1271 4828 1456 4886 donec
1512 4828 1644 4886 vitae
1699 4828 1991 4886 reddatur.
2078 4831 2139 4888 in
2182 4843 2390 4886 manus
2420 4827 2522 4886 Dei
2559 4827 2808 4887 viventis
2856 4826 3107 4885 incidere
3147 4827 3331 4894 (Hebr.
3370 4828 3459 4894 X),
3499 4821 3791 4882 olfendere

276 4912 364 4970 De
388 4912 497 4970 hac
521 4913 938 4986 compassionis
962 4915 1220 4973 mamilla
1249 4914 1338 4973 lac
1366 4916 1777 4975 consolationis
1805 4918 1997 4975 eﬁ‘un-
2082 4920 2427 4987 Creatorem,
2454 4918 2678 4978 nescire
2704 4917 3039 4985 Dominum,
3070 4915 3430 4975 recalcitrare
3468 4914 3790 4972 Dominan-

278 5001 463 5072 ditur,
496 5000 649 5069 149_
679 5012 734 5061 et
789 5005 896 5063 hoc
946 5004 1090 5064 lacte
1150 5006 1325 5078 pascit
1366 5009 1667 5080 Apostolus
1715 5008 1846 5066 illos
1894 5004 1997 5081 qui
2082 5008 2156 5067 tis
2190 5009 2452 5083 imperio,
2478 5010 2581 5082 qui
2621 5007 2789 5066 habet
2826 5012 3154 5080 potestatem
3194 5020 3402 5078 corpus
3440 5011 3495 5062 et
3530 5003 3788 5063 animam

279 5089 469 5188 solido
519 5090 647 5188 cibo
704 5093 855 5150 vesci
912 5108 1027 5188 non
1084 5102 1323 5167 possunt
1366 5099 1417 5165 (Ι
1455 5098 1571 5154 Cor.
1613 5102 1715 5166 III).
1762 5098 2000 5154 Amator

280 5179 655 5249 innocentiae,
706 5182 859 5254 pacis
912 5181 1158 5253 amicus,
1219 5182 1569 5256 patientibus
1624 5186 1996 5257 compatiens,

282 5276 341 5327 et
406 5272 783 5344 congaudens
851 5272 1258 5344 gaudentibus,
1332 5273 1698 5345 perfectionis
1764 5281 1997 5343 metam,

2084 5098 2308 5157 mittere
2360 5098 2420 5155 in
2479 5098 2804 5170 gehennam
2845 5098 3067 5168 (Matth.
3124 5095 3207 5165 X).
3260 5093 3565 5151 Terribilis
3619 5102 3791 5162 certe,

2085 5187 2233 5245 sicut
2296 5186 2376 5244 ait
2440 5186 2767 5260 Apostolus,
2837 5186 3105 5257 qumdam
3172 5182 3521 5256 exspectatio
3587 5181 3793 5257 judicii

2088 5279 2273 5345 (Hebr.
2326 5281 2415 5345 X),
2470 5274 2704 5347 quando
2758 5273 2912 5347 ignis
2964 5274 3023 5331 in
3078 5280 3387 5346 conspectu
3445 5272 3570 5346 ejus
3628 5287 3797 5329 exar-

281 5374 462 5419 cursu
492 5368 916 5429 consummato,
946 5362 1245 5434 contingit.
1281 5362 1421 5421 Haec
1448 5362 1780 5421 suntverba
1806 5362 2003 5420 lacteis
2088 5366 2277 5425 descet
2319 5366 2482 5435 (Psal.
2536 5365 2724 5433 XLIX),
2754 5370 2806 5419 et
2862 5362 3102 5420 virtutes
3144 5361 3421 5420 ccelorum
3474 5360 3796 5418 movebun-

283 5449 530 5508 irrorata
589 5451 934 5525 liquoribus,
997 5454 1235 5513 meliora
1281 5454 1437 5525 vino,
1492 5453 1663 5511 melle
1720 5452 2000 5523 dulciora,

2091 5462 2183 5512 tur
2234 5457 2383 5517 (Luc.
2440 5456 2593 5520 XXI),
2649 5459 2706 5508 et
2770 5448 3178 5521 vacillantibus
3259 5447 3627 5508 conscientiis
3716 5448 3798 5505 la-

287 5539 751 5601 misericordiam
785 5543 1068 5616 sonantia,
1104 5542 1419 5602 redolentia
1456 5543 1741 5617 pietatem.
1795 5563 1823 5596 «
1864 5542 2005 5602 Fra-
2092 5542 2403 5603 titudinem
2460 5538 2667 5599 mundi
2734 5538 3126 5599 validissimus
3180 5538 3333 5611 ignis
3381 5540 3600 5599 aduret.
3659 5534 3799 5591 150
