4070 6198
296 262 403 323 663

915 265 975 326 S.
1017 265 1240 326 PETRI
1276 265 1600 325 DAMIANI
1637 265 1795 326 OPP.
1839 264 2032 326 PARS
2072 266 2215 329 SEU
2252 270 2504 332 TOMUS
2542 272 2618 333 II.
2661 304 2724 317 -ο
2765 265 3180 333 SERMONES.

3689 266 3797 328 66!

302 391 463 451 Nihil
498 407 732 466 prorsus
777 393 1113 466 terribilius,
1154 410 1329 470 quam
1379 394 1574 455 videre
1611 395 1852 455 latronis
1882 395 2237 457 ofﬁ-Astitii
2300 404 2493 458 tamen
2549 400 2853 459 morositas
2906 398 3059 457 inter
3119 389 3290 468 pedes
3343 406 3470 450 esse
3521 390 3709 465 debet,
3742 399 3802 453 et

305 477 498 536 cinam
561 478 790 553 plenam
863 481 1168 554 sanguine,
1249 483 1604 542 cumulatam
1668 484 2010 559 opprobriis,

308 568 614 626 tormentis
650 569 988 627 undantem.
1024 570 1167 641 Quis
1202 573 1329 631 haec
1359 572 1582 631 diutius
1610 574 1866 648 cogitans
1892 589 2009 632 non

308 655 495 713 statim
560 658 978 729 contremiscat,
1053 667 1108 718 et
1171 661 1231 719 in
1307 662 1725 736 desperationis
1796 668 2013 722 rotetur

307 746 629 821 abyssum?
658 749 781 806 Non
808 757 893 807 est
931 750 1108 824 igitur
1146 753 1283 813 huic
1320 756 1450 828 pedi
1487 770 1750 814 morosus
1780 754 2010 815 incum-

309 834 582 907 bentium,
616 853 690 895 ne
715 838 943 911 pietatis
989 841 1266 902 intuitum
1314 845 1522 904 ferocia
1553 845 1868 919 judicantis
1913 860 2010 903 oc-

308 924 518 982 cludat.
562 924 887 998 Utrumque
925 929 1103 1001 igitur
1133 931 1375 1004 inungat
1401 933 1603 1005 pedem
1643 932 1858 990 animae
1886 948 2011 1006 pte-

312 1012 548 1072 nitentis
580 1014 841 1087 affectus,
876 1023 932 1074 et
962 1035 1119 1077 nunc
1155 1019 1607 1078 misericordiam
1638 1020 2008 1093 amplectens,

306 1116 467 1159 nunc
488 1101 776 1174 judicium
822 1106 1111 1179 osculans,
1153 1107 1526 1166 contribulati
1548 1109 1787 1182 spiritus
1814 1108 2015 1168 offerat

306 1190 732 1251 holocaustum.

378 1278 524 1338 Vide
569 1279 811 1339 Mariam
840 1283 1049 1357 judicii
1096 1284 1301 1357 pedem
1343 1287 1567 1345 fortiter
1599 1287 2012 1361 attendentem,

305 1369 446 1428 dum
485 1370 697 1429 nobilis
724 1379 779 1431 et
808 1373 1019 1431 lasciva
1058 1375 1276 1434 mulier
1317 1377 1753 1436 convivantium
1808 1379 2013 1438 faciem

306 1475 426 1519 non
474 1462 737 1533 attendit,
773 1464 870 1521 sed
922 1471 1163 1524 extenso
1214 1482 1448 1541 corpore
1499 1468 1865 1543 provolvitur
1915 1486 2015 1544 pe—

306 1552 478 1611 dibus
528 1554 860 1627 majestatis,
905 1556 1118 1615 doloris
1155 1559 1346 1631 plena,
1408 1559 1630 1618 timoris
1684 1560 2013 1635 impatiens,

306 1643 766 1715 compunctionis
816 1645 1010 1717 jaculo
1060 1646 1392 1719 vulnerata;
1452 1648 1553 1707 sed
1600 1655 1653 1707 et
1706 1649 2019 1709 misericor-

2091 493 2298 561 caput;
2371 487 2508 563 quia
2579 489 2829 562 profecto
2895 480 3275 544 difﬁcillimus
3348 486 3405 537 et
3473 495 3802 555 praesump-

2094 582 2293 636 tuosus
2344 577 2526 636 saltus
2576 581 2681 648 est,
2717 592 2752 634 a
2798 572 3058 647 vestigiis
3107 570 3179 629 ad
3231 567 3506 627 verticem
3565 568 3803 628 Domini

2092 665 2465 724 transvolare.
2495 663 2695 738 Neque
2744 665 2903 723 enim
2957 661 3177 731 eadem,
3217 673 3350 733 quze
3393 658 3568 716 unxit
3606 660 3801 732 pedes,

2092 756 2266 814 unxit
2291 760 2462 830 caput
2471 775 2488 827 ;
2508 770 2642 813 cum
2663 752 2797 809 151
2833 753 2934 811 illa
2964 748 3239 810 meretrix
3260 748 3388 806 haec
3407 746 3558 805 nihil
3586 748 3803 808 horum

2092 845 2290 904 fecisse
2339 845 2582 919 legatur,
2639 843 2962 902 secundum
3017 839 3163 898 illud
3221 857 3233 895 :
3293 861 3320 888 α
3383 836 3553 895 Verte
3588 837 3805 912 impios

2091 940 2147 991 et
2206 949 2321 994 non
2370 939 2541 992 erunt
2591 935 2766 1003 (Prov.
2801 932 2927 1000 XII.)
2959 949 2988 982 »
3040 927 3227 987 Unxit
3272 941 3408 999 ergo
3453 925 3630 985 Maria
3659 942 3804 985 san-

2091 1028 2251 1082 ctum
2287 1022 2392 1081 Dei
2439 1020 2732 1089 verticem,
2766 1018 3017 1093 profecto
3053 1016 3174 1090 jam
3215 1014 3440 1086 dilecta,
3464 1017 3584 1089 jam
3626 1014 3804 1073 fami-

2092 1109 2254 1168 liaris
2318 1110 2536 1181 effecta,
2608 1107 2898 1181 longeque
2955 1104 3285 1180 peccatricis
3345 1102 3506 1161 illius
3567 1102 3806 1162 evoluta

2093 1198 2392 1274 contagiis,
2448 1212 2626 1272 quam
2689 1194 2900 1254 infelix
2966 1194 3067 1252 ille
3130 1192 3487 1267 septenarius
3561 1192 3809 1252 confun-

2095 1288 2283 1347 debaL

2167 1374 2342 1433 Porro
2381 1374 2430 1433 si
2464 1375 2582 1433 duo
2618 1373 2918 1449 praemissa
2964 1377 3265 1446 unguenta
3304 1376 3478 1430 tantae
3510 1371 3814 1446 dignitatis

2095 1470 2250 1534 sunt,
2285 1470 2349 1520 ut
2404 1461 2650 1521 alterum
2704 1461 2968 1534 pedibus,
3028 1460 3276 1519 alterum
3323 1459 3497 1534 capiti
3551 1459 3813 1534 compla-

2096 1556 2218 1609 ceat
2254 1549 2607 1608 dominantis
2647 1574 2660 1607 :
2697 1548 2841 1607 illud
2893 1547 3149 1619 tertium,
3195 1546 3353 1621 quod
3390 1547 3677 1621 Optimum
3718 1552 3817 1605 est

2096 1643 2152 1695 et
2178 1634 2666 1710 superexcellens,
2711 1636 2954 1695 ubinam
2991 1633 3259 1699 invenire
3296 1631 3655 1709 poterimus?
3690 1632 3817 1692 Sed

309 1729 423 1786 ἀίω
454 1731 659 1803 pedem
690 1731 858 1790 labiis
899 1732 1367 1808 impressioribus
1403 1738 1715 1809 osculatur,
1748 1739 1810 1796 in
1846 1739 2013 1813 cujus
2033 1724 2265 1809 Βθδείῑι
2297 1730 2362 1783 ηε
2421 1738 2629 1797 Sponsa
2688 1723 2959 1783 Veritatis
3001 1739 3035 1781 ὃ
3088 1723 3328 1782 veritate
3350 1721 3694 1813 ίάὶεδεξηῑίόῐς
3750 1730 3819 1780 et

310 1833 408 1889 spe
453 1819 697 1878 firmiter
750 1822 994 1882 inhzeret
1046 1825 1304 1898 vestigiis
1365 1826 1777 1898 accumbentis,
1836 1828 2018 1891 donec

310 1907 505 1965 audiat
536 1932 549 1965 :
588 1930 615 1962 α
653 1909 1055 1970 Remittuntur
1082 1912 1184 1970 tibi
1220 1922 1446 1987 peccata
1492 1922 1592 1973 tua
1624 1917 1769 1986 (Luc.
1827 1917 1950 1986 VII).
1985 1937 2015 1971 »

314 1993 465 2053 Sane
507 1997 821 2069 pretiosum
867 2009 1252 2074 unguentum,
1283 2019 1397 2076 quo
1428 2019 1542 2062 non
1574 2004 1765 2063 solum
1794 2010 2021 2063 terrena

312 2084 543 2157 domus,
599 2088 699 2145 sed
756 2088 928 2147 etiam
989 2092 1235 2149 caelestis
1306 2093 1650 2166 aspergitur.
1708 2092 2020 2154 Vilissimze

314 2179 507 2231 autem
555 2182 693 2234 sunt
732 2179 968 2251 species,
1001 2180 1071 2238 de
1114 2180 1329 2254 quibus
1367 2182 1691 2254 conﬁcitur,
1723 2188 1778 2241 et
1814 2199 2022 2257 magna

315 2277 518 2321 eorum
547 2266 709 2339 copia
736 2266 887 2325 intra
931 2275 1154 2329 nostros
1194 2270 1453 2329 hortulos
1497 2271 1702 2343 poterit
1740 2271 2017 2330 inveniri.

316 2349 547 2409 Peccata
608 2353 787 2425 igitur
838 2363 1029 2414 nostra
1082 2356 1332 2428 plantata
1385 2359 1447 2416 in
1492 2359 1864 2417 conscientiis
1914 2374 2021 2418 no—

316 2440 469 2510 stris,
506 2457 757 2515 quorum
800 2446 1184 2505 numerositas
1228 2463 1347 2521 prae
1391 2448 1767 2508 multitudine
1813 2465 2023 2508 nume—

317 2527 430 2584 rari
480 2543 599 2587 non
642 2538 840 2603 potest,
902 2535 1117 2606 species
1172 2535 1297 2607 ejus
1352 2543 1505 2595 sunt.
1549 2537 1680 2611 Ipsa
1732 2537 1911 2610 igitur
1959 2537 2025 2595 in

318 2616 648 2675 mortariolo
718 2620 1072 2692 pmnitentiae
1142 2624 1547 2683 macerationis
1615 2625 1831 2698 pistillo
1899 2640 2031 2683 con-

322 2710 465 2769 tusa,
524 2714 603 2764 et.
652 2723 909 2781 respersa
983 2709 1344 2770 discretionis
1416 2713 1561 2782 oleo,
1613 2713 1829 2771 doloris
1894 2712 2027 2786 igne

324 2793 639 2865 supposito,
665 2804 718 2852 et
743 2796 805 2851 in
838 2797 1026 2853 aheno
1069 2797 1395 2871 disciplinae
1438 2807 1725 2867 concocta,
1758 2815 2026 2871 unguen-

327 2888 449 2940 tum
503 2883 741 2941 exhibet
787 2885 1123 2957 pretiosum,
1162 2895 1218 2944 et
1269 2895 1565 2961 acceptum
1611 2889 1855 2959 pedibus
1903 2889 2025 2947 Sal-

325 2970 559 3029 vatoris.
613 2972 1027 3046 Compendiose
1071 2983 1268 3034 autem
1320 2976 1469 3035 illud
1520 2979 1896 3050 confecimus,
1936 2995 2030 3037 sa-

2105 1815 2215 1873 tale
2269 1814 2490 1888 aliquid
2546 1814 2758 1873 habere
2814 1830 2875 1873 se
2920 1812 3158 1888 jactitet,
3215 1812 3366 1885 quod
3426 1811 3636 1869 habere
3687 1826 3813 1870 non

2102 1906 2300 1979 possit.
2335 1905 2435 1962 Est
2478 1918 2612 1977 ergo
2659 1902 2889 1962 tertium
2933 1901 3159 1976 pietatis
3210 1908 3596 1974 unguentum,
3649 1900 3817 1974 quod

2103 2002 2185 2054 est
2224 2012 2397 2070 super
2427 1996 2627 2054 omnia
2664 2003 2941 2066 aromata,
2981 1992 3197 2051 morbis
3248 1990 3523 2051 omnibus
3561 1998 3616 2048 et
3654 1990 3818 2065 peri-

2103 2086 2254 2145 culis
2294 2087 2560 2157 salutare,
2599 2085 2873 2159 quodque
2902 2082 3050 2141 nulli
3077 2098 3336 2156 unquam
3366 2082 3511 2156 pesti
3538 2080 3820 2139 invenia-

2106 2183 2201 2234 tur
2247 2175 2533 2234 inefﬁcax.
2561 2174 2643 2233 De
2693 2176 2821 2248 ipso
2866 2188 3119 2247 namque
3154 2171 3238 2230 sic
3285 2171 3492 2245 legitur
3523 2195 3535 2228 :
3574 2195 3602 2219 α
3631 2170 3823 2229 Maria

2107 2264 2459 2337 Magdalene,
2515 2270 2571 2321 et
2619 2263 2800 2321 Maria
2856 2261 3077 2331 Jacobi,
3130 2269 3185 2320 et
3251 2260 3478 2320 Salome
3545 2267 3825 2318 emerunt

2105 2357 2379 2423 aromata,
2412 2358 2478 2408 ut
2506 2351 2803 2409 venientes
2830 2356 3112 2425 ungerent
3135 2349 3337 2409 Jesum
3366 2353 3563 2419 (Marc.
3597 2354 3750 2415 XVI).
3788 2372 3819 2395 ιο

2107 2442 2357 2500 Videsne
2389 2440 2451 2499 in
2492 2441 2681 2515 prima
2727 2440 2962 2515 capituli
3012 2440 3198 2499 fronte
3244 2440 3622 2513 propositum,
3652 2436 3824 2512 quod

2110 2548 2225 2591 non
2272 2548 2411 2605 una,
2443 2531 2536 2591 vel
2564 2533 2720 2603 dum,
2749 2532 2845 2590 sed
2886 2539 2997 2590 tres
3030 2531 3134 2590 vix
3171 2530 3468 2590 sufﬁciunt
3504 2529 3577 2587 ad
3613 2544 3824 2587 emen-

2107 2623 2250 2681 dum
2309 2628 2483 2678 tantae
2531 2619 2961 2695 compositionis
3020 2616 3439 2692 unguentum?
3504 2616 3825 2689 Intelligis,

2108 2712 2243 2787 quia
2315 2728 2433 2771 non
2496 2713 2688 2786 pedes,
2742 2710 2843 2770 aut
2892 2718 3082 2783 caput,
3138 2709 3239 2767 sed
3302 2715 3485 2766 totum
3536 2708 3827 2766 Crucifixi

2110 2819 2316 2876 corpus
2367 2802 2478 2861 sibi
2533 2801 2787 2861 vindicat
2831 2801 2938 2859 ista
2984 2797 3314 2859 confectio?
3363 2796 3652 2855 Confectio
3694 2797 3828 2856 sine

2110 2892 2289 2951 dubio
2322 2892 2590 2966 pretiosa,
2640 2906 2774 2965 quae
2815 2890 2915 2950 toti
2954 2888 3198 2949 sufﬁciat
3234 2888 3455 2962 corpori
3495 2887 3830 2946 Creatoris?

2112 2981 2183 3038 Et
2218 2980 2468 3051 attende,
2509 2980 2647 3053 quia
2684 2987 3053 3052 unguentum
3093 2977 3340 3052 pedibus
3376 2977 3639 3034 infnsum
3678 2976 3829 3033 adeo

324 3059 505 3161 pienti
563 3077 755 3119 rerum
807 3064 1165 3161 occasionem
1219 3065 1452 3138 penitus
1496 3067 1910 3142 relinquentes.
1959 3069 2027 3127 Et
2053 3067 2458 3161 Gdignissima
2492 3067 2725 3125 lenitate
2763 3067 3031 3141 suscepit,
3058 3073 3123 3124 ut
3151 3065 3511 3124 Phariszeum
3549 3079 3831 3123 murmu-

330 3149 461 3207 licet
510 3153 749 3209 materia
807 3152 1074 3213 videatur
1141 3155 1460 3229 indignior,
1532 3157 1766 3216 interim
1843 3165 2032 3218 tamen
2057 3149 2341 3213 “rantem
2379 3153 2704 3229 parabolica
2741 3154 3069 3229 prolixitate
3103 3153 3489 3222 convinceret,
3519 3160 3575 3210 et
3610 3158 3833 3210 retorto

328 3237 548 3296 bonum
601 3248 687 3297 est
738 3250 1097 3314 unguentum
1156 3243 1307 3303 istud
1360 3246 1521 3321 quod
1557 3245 1797 3305 domum
1835 3248 2032 3321 replet,
2116 3243 2416 3317 sugillaret
2453 3242 2722 3316 exemplo
2761 3246 2905 3315 (Luc.
2942 3244 3060 3314 vn).
3090 3241 3201 3300 Sed
3229 3248 3285 3299 et
3312 3242 3383 3299 de
3407 3242 3599 3299 refuso
3649 3255 3833 3312 super

330 3334 584 3398 penetrat
641 3329 831 3398 caelos,
879 3332 1116 3401 angelos
1175 3332 1444 3401 laetificat,
1484 3339 1540 3391 et
1588 3332 1767 3392 beatae
1818 3335 2038 3394 civitati
2117 3339 2286 3405 caput
2336 3332 2463 3405 ejus
2517 3337 2817 3404 unguento
2875 3331 3188 3405 discipulos
3241 3330 3611 3404 indignantes
3658 3343 3830 3386 coar-

333 3414 591 3474 lmtitiam
647 3419 903 3477 refundit
947 3429 1001 3478 et
1042 3422 1343 3494 gaudium.
1390 3422 1514 3480 Hoc
1554 3429 1640 3481 est
1690 3424 2037 3483 sacrificium
2117 3421 2261 3495 guit,
2296 3420 2513 3479 bonum
2555 3419 2817 3478 mulieris
2846 3435 2992 3493 opus
3029 3434 3151 3477 esse
3187 3423 3522 3491 protestans,
3552 3424 3610 3474 et
3643 3415 3831 3474 tumi-

325 3505 586 3579 justitias,
628 3509 765 3582 quia
808 3510 1154 3570 sacrificium
1194 3512 1309 3571 Deo
1347 3498 1584 3586 spiritus
1621 3513 2039 3573 contribulatus
2118 3509 2253 3567 dam
2296 3524 2499 3567 eorum
2542 3507 2969 3566 animositatem
3008 3507 3200 3565 verbis
3237 3506 3589 3580 compescuit
3622 3504 3828 3563 mode-

330 3595 495 3665 (Ρδαίο
532 3598 602 3668 Ιυ)
2120 3596 2276 3656 ratis.
2309 3596 2433 3655 Hoc
2482 3612 2614 3655 vero
2666 3604 2778 3654 tam
2830 3596 3082 3668 salubre,
3115 3602 3345 3669 tamque
3395 3594 3708 3652 miriﬁcum
3760 3593 3828 3650 in

406 3686 736 3747 Secundum
777 3697 1146 3765 unguentum
1192 3696 1279 3749 est
1309 3692 1630 3753 devotionis
1664 3693 1735 3752 de
1777 3694 2040 3754 [θεοῖ-ἀει-
2120 3695 2348 3746 mortuo
2394 3703 2630 3762 corpore
2667 3702 2774 3745 suo
2814 3685 2999 3746 voluit
3035 3685 3308 3759 expendi,
3347 3684 3499 3760 quod
3540 3682 3674 3741 vivo
3714 3680 3832 3742 uti-

258 3836 266 3844 .
334 3772 489 3831 tione
544 3774 961 3837 beneficiorum
1000 3778 1123 3838 Dei.
1180 3779 1422 3840 Prorsus
1465 3782 1809 3855 dignissima
1863 3784 2040 3858 hujus
2121 3793 2236 3854 que
2280 3775 2626 3837 Γθεθΐνδδᾶῖο
2659 3775 2786 3834 Duo
2832 3774 2990 3834 enim
3036 3790 3273 3848 corpora
3324 3773 3496 3832 Ῐιθδθῐ
3536 3771 3826 3841 Christus;

338 3866 617 3935 unguenti
694 3869 1048 3943 compositio,
1119 3878 1171 3929 et
1236 3871 1298 3928 in
1360 3871 1528 3931 istius
1614 3875 2041 3949 comparatione
2122 3882 2332 3936 unum,
2375 3865 2530 3939 quod
2571 3864 2822 3939 suscepit
2851 3863 2908 3922 in
2946 3863 3222 3939 Virgine;
3257 3862 3501 3920 alterum
3536 3859 3828 3929 300185333.

334 3954 540 4025 prioris
575 3963 660 4015 est
696 3960 1024 4030 conspersio
1076 3958 1497 4033 vilipendenda.
1536 3960 1677 4035 Ejus
1713 3964 1870 4020 enim
1909 3979 2039 4037 spe-
2121 3956 2273 4031 quod
2330 3953 2521 4013 carius
2556 3954 2728 4013 habet
2766 3952 3093 4028 benignitas
3138 3949 3515 4010 Redimentis.
3564 3948 3830 4022 Denique

334 4041 450 4100 cies
512 4043 582 4099 de
645 4043 861 4102 cmlesti
920 4045 1185 4118 paradiso
1252 4047 1443 4105 allatze
1510 4056 1666 4120 sunt,
1697 4050 1849 4107 etin
1890 4056 2041 4109 terra
2122 4045 2267 4104 illud
2324 4060 2427 4118 pro
2480 4043 2590 4104 isto
2647 4043 2816 4102 morti
2875 4042 3165 4113 exposuit,
3217 4047 3271 4097 et
3336 4037 3654 4107 tormentis,
3720 4037 3830 4094 ad-

334 4129 590 4189 ﬁliorum
622 4132 927 4192 hominum
959 4143 1258 4209 nequeunt
1283 4135 1556 4195 inveniri.
1594 4138 1846 4197 Virtutes
1883 4139 2041 4198 enim
2122 4135 2310 4194 dictus
2350 4134 2528 4203 cruci,
2562 4134 2792 4190 vinctus
2837 4146 2973 4188 cum
3018 4126 3332 4199 sceleratis,
3381 4134 3564 4185 morte
3609 4126 3830 4200 turpis-

335 4218 618 4277 divinitus
684 4222 926 4292 collatae,
998 4230 1053 4281 et
1126 4223 1185 4281 in
1259 4225 1590 4285 mortariolo
1659 4227 2037 4301 cogitationis,
2123 4224 2269 4281 sima
2304 4223 2736 4281 condemnatus.
2773 4217 3169 4277 Poterimusne
3209 4223 3323 4274 tam
3359 4215 3647 4274 salubrem
3684 4228 3830 4271 con-

336 4306 551 4379 pistillo
578 4307 1040 4381 diligentissimae
1068 4310 1457 4371 meditationis
1495 4314 1731 4385 intritae,
1761 4323 1815 4373 et
1842 4318 2037 4376 exsul-

2126 4313 2428 4373 fcctionem
2481 4309 2798 4369 conﬁcere?
2834 4307 3127 4367 Universm
3175 4306 3524 4364 miserorum
3571 4302 3832 4361 miseriae

339 4402 567 4460 tationis
624 4400 750 4461 oleo
805 4404 1148 4478 superfuere,
1216 4404 1433 4464 suﬂ'uso
1498 4406 1631 4481 igne
1682 4406 1945 4481 justitiae,
1985 4410 2242 4481 etntam
2320 4401 2671 4471 animarum,
2736 4414 2911 4473 quam
2977 4401 3300 4469 corporum,
3354 4394 3522 4453 oculo
3596 4392 3832 4467 pietatis

337 4490 681 4551 humilitatis
732 4491 918 4550 aheno
973 4492 1239 4567 decoctae,
1291 4503 1659 4568 unguentum
1712 4496 1930 4555 faciunt
1983 4504 2039 4556 et

2057 4456 2109 4516 D

2124 4493 2417 4564 inspectae,
2446 4489 2661 4563 species
2713 4487 2839 4562 ejus
2880 4491 3034 4545 sunt.
3096 4484 3229 4543 Istae
3281 4482 3459 4558 igitur
3504 4482 3563 4539 in
3612 4486 3831 4540 morta-

335 4582 528 4653 odore,
570 4588 624 4639 et
658 4580 872 4639 virtute
909 4580 1193 4654 mirabile,
1235 4585 1386 4658 quod
1432 4586 1622 4644 solum
1658 4601 1831 4658 super
1866 4595 2038 4659 caput
2126 4582 2268 4640 riolo
2343 4579 2646 4653 largitatis,
2702 4576 3026 4636 dulcedinis
3090 4573 3309 4650 pistillo
3378 4572 3705 4641 confractze,
3772 4576 3831 4659 et

338 4672 565 4731 Domini
657 4672 1047 4731 recumbentis
1120 4675 1299 4748 possit
1358 4674 1582 4734 effundi
1647 4676 2037 4735 et'exhiberi

2124 4671 2381 4732 delinitze
2466 4668 2760 4728 charitatis
2836 4667 2985 4738 oleo,
3062 4679 3335 4725 succenso
3413 4658 3835 4735 oompassionis

339 4760 676 4819 reverentiae
747 4761 1077 4832 majestatis.
1155 4761 1265 4821 Sed
1346 4769 1401 4820 et
1477 4763 1586 4820 hoc
1640 4762 2039 4836 recollegimus
2122 4762 2279 4836 igne,
2328 4765 2384 4817 et
2439 4758 2500 4815 in
2549 4758 2737 4816 aheno
2790 4756 3232 4830 perseverantia:
3287 4753 3656 4826 despumatze,
3714 4762 3830 4806 un-

334 4850 605 4920 breviter,
633 4849 775 4919 illis,
801 4851 901 4925 qui
938 4851 1120 4909 multa
1149 4851 1217 4908 de
1244 4852 1442 4925 paucis
1478 4854 1786 4926 exculpere
1825 4868 2036 4926 cogno-

336 4944 567 5010 verunt,
618 4939 925 4997 verborum
993 4938 1424 4998 multitudinem
1486 4948 1862 5000 reservantes.
1920 4942 2038 5002 No-

337 5027 506 5085 tanda
544 5033 733 5085 tamen
769 5028 1070 5101 utriusque
1103 5028 1445 5098 differentia,
1488 5035 1543 5087 et
1574 5031 1812 5089 secundi
1850 5031 2035 5090 subli-

337 5115 507 5172 mitas
556 5116 936 5184 attendenda;
993 5116 1129 5190 quia
1186 5116 1331 5175 illud
1391 5126 1474 5176 est
1521 5117 1638 5177 Deo
1682 5121 2036 5178 sacrificium

335 5204 571 5278 spiritus
641 5205 1058 5263 contribulatus
1119 5208 1291 5278 (Psal.
1349 5212 1423 5276 L),
1480 5213 1536 5265 et
1587 5207 1736 5265 istud
1818 5209 2035 5268 sacrifi-

335 5293 492 5350 cium
526 5292 713 5351 laudis
740 5296 905 5364 (Psal.
937 5296 1117 5367 xux),
1148 5295 1299 5368 quod
1334 5295 1577 5354 honorat
1607 5296 1810 5356 Deum.
1856 5296 2036 5358 Pedes

333 5380 513 5453 igitur
551 5382 824 5453 ungimus
864 5381 1276 5456 Redemptoris,
1316 5400 1448 5441 cum
1489 5385 1561 5442 de
1598 5385 1843 5458 peccatis
1884 5402 2036 5444 com-

333 5465 683 5541 pungimur;
727 5469 1003 5540 ungimus
1039 5478 1229 5545 caput,
1260 5488 1393 5530 cum
1430 5473 1501 5530 de
1538 5472 1760 5532 collatis
1797 5472 2032 5531 virtuti-

332 5558 443 5617 bus
501 5554 786 5613 virtutuni
840 5556 1096 5630 largitori
1147 5559 1359 5633 gratias
1401 5561 1793 5620 cumulemus.
1845 5561 2031 5621 Inter-

2124 4857 2404 4926 guentum
2434 4848 2653 4907 faciunt
2680 4848 2820 4922 ipsis
2842 4847 3014 4905 etiam
3040 4845 3259 4919 angelis
3286 4842 3712 4901 admirandum.

2197 4939 2346 4998 Sunt
2392 4937 2504 4994 viri
2545 4935 2882 4994 divitiarum
2907 4935 2966 4991 in
2998 4933 3167 4992 domo
3218 4930 3453 4988 Domini
3501 4928 3825 4998 virtutum;

2124 5028 2495 5101 vestigemus,
2523 5041 2595 5083 an
2642 5023 2791 5098 apud
2832 5039 2929 5081 eos
2969 5019 3300 5096 hujusmodi
3344 5018 3667 5076 habeantur
3710 5032 3831 5075 un-

2120 5123 2354 5189 guenta.
2390 5114 2620 5171 Primus
2656 5110 2905 5169 occurrit
2949 5109 3094 5167 mihi
3143 5107 3375 5178 Paulus,
3420 5106 3566 5164 sicut
3603 5104 3830 5177 ubique

2121 5205 2283 5272 solet,
2316 5209 2468 5262 totus
2512 5199 2780 5274 praesenti
2824 5198 3118 5257 delibutus
3158 5200 3479 5270 unguento.
3512 5214 3539 5247 α
3567 5192 3709 5263 Quis
3738 5193 3830 5250 in-

2123 5294 2403 5363 firmatur,
2446 5288 2659 5364 inquit,
2691 5295 2745 5345 et
2771 5302 2877 5359 ego
2905 5302 3020 5344 non
3060 5282 3365 5342 intirmor?
3399 5306 3418 5334 ι
3453 5286 3531 5350 (ΙΙ
3551 5284 3670 5341 Cor.
3714 5287 3859 5349 XI.)‘

2120 5380 2291 5440 Felix
2342 5379 2558 5448 anima,
2588 5378 2732 5436 facta
2777 5376 2889 5434 sibi
2936 5382 3211 5448 tanquam
3259 5389 3361 5431 vas
3410 5371 3718 5446 perditum,
3762 5375 3829 5427 ut

2118 5469 2378 5529 omnium
2453 5466 2716 5526 miserias
2783 5466 2843 5523 in
2912 5479 3018 5523 sua
3087 5459 3435 5520 conscientia
3505 5457 3823 5530 colligaret.

2119 5559 2329 5619 Totum
2385 5573 2446 5617 se
2504 5556 2606 5616 toti
2655 5554 2876 5629 corpori
2916 5552 3130 5613 Christi
3172 5550 3503 5620 donaverat,
3549 5546 3826 5607 omnibus
