4070 6198
226 265 342 324 665

1758 254 2004 318 SERMO
2043 255 2221 314 XXX.

3627 251 3732 312 666

223 391 429 450 omnia
485 391 690 459 factus,
748 391 815 445 ut
863 400 1068 444 omnes
1127 383 1488 442 lucrifaceret
1539 384 1610 455 (II
1663 385 1780 441 Cor.
1835 379 2259 452 Ix).AdifIicile
2301 395 2425 437 esse
2469 379 2714 435 videtur.
2767 377 2908 445 Quis
2955 377 3257 448 desperare
3305 374 3528 445 debeat,
3573 382 3728 434 tanta

227 481 342 539 Sed
379 487 432 537 et
469 478 569 536 ille
614 479 704 536 vir
743 475 1015 548 simplex,
1045 480 1100 531 et
1137 478 1344 543 rectus,
1380 481 1433 531 et
1482 473 1691 530 timens
1734 470 1941 538 Deum,

225 569 368 627 vide
407 567 699 642 quomodo
757 580 874 623 non
913 563 1236 622 secundum
1283 563 1603 633 hominem,
1644 562 1762 619 imo
1804 577 1941 619 vero

223 657 550 717 secundum
607 655 944 723 hominem;
1007 659 1062 711 et
1113 654 1270 726 quod
1324 653 1519 711 verius
1573 658 1697 720 est,
1768 667 1940 726 supra

221 747 530 805 hominem
578 742 916 802 ambulabat
950 765 962 798 :
996 763 1018 793 ι
1050 740 1288 812 Oculus,
1326 741 1553 815 inquit,
1593 741 1702 799 fuit
1755 756 1937 812 caico,

225 844 285 893 et
353 851 452 908 pes
524 833 770 904 claudo;
830 838 989 906 pater
1057 845 1215 890 eram
1292 847 1614 906 pauperum
1691 832 1828 898 (Job.
1887 844 1939 901 Ι,

223 928 433 991 XXIX),
492 943 518 974 »
575 927 630 978 et
685 926 908 991 caetera,
967 936 1101 994 quaa
1158 920 1240 977 sic
1291 935 1430 978 eum
1481 921 1588 978 hoc
1638 927 1940 992 unguento

221 1019 650 1084 perunxerant,
695 1017 760 1070 ut
813 1011 886 1069 de
942 1010 1356 1069 misericordia}
1414 1011 1667 1068 thalamo
1723 1010 1940 1080 largius

218 1101 507 1158 irroratus
551 1099 754 1158 exiret.
788 1098 1117 1158 Samuelem
1163 1099 1368 1170 recolo,
1417 1099 1520 1173 qui
1571 1116 1688 1158 non
1736 1098 1937 1171 semel,

216 1191 322 1249 sed
367 1190 640 1249 omnibus
689 1189 896 1248 diebus
942 1189 1078 1246 vita:
1131 1185 1272 1242 152
1328 1205 1450 1247 suze
1497 1189 1725 1261 lugebat
1767 1204 1940 1261 super

222 1279 410 1348 Saul;
446 1286 663 1339 etcum
703 1281 872 1338 sciret
910 1279 1080 1338 illum
1119 1278 1191 1335 ab
1226 1277 1410 1337 oculis
1448 1278 1770 1336 divinitatis
1808 1277 1939 1336 lon-

216 1367 355 1441 gius
396 1367 748 1441 elongatum,
775 1384 891 1426 non
927 1368 1180 1428 cessabat
1215 1375 1406 1426 tamen
1438 1368 1774 1442 compassio,
1805 1383 1938 1442 qum

218 1457 279 1513 in
312 1457 679 1516 condolentis
707 1458 972 1516 animum
1002 1459 1324 1532 irrepserat,
1351 1458 1603 1516 fundens
1629 1459 1935 1532 lacrymas,

218 1554 276 1604 et
305 1547 359 1603 si
400 1563 518 1603 non
549 1548 901 1620 profuturas,
937 1549 1062 1622 pias
1091 1555 1284 1606 tamen
1323 1552 1373 1618 (Ι
1404 1552 1535 1618 Reg.
1579 1554 1709 1617 XV).
1752 1548 1935 1606 David

221 1635 576 1706 parricidam
649 1637 857 1696 filium.
901 1637 1176 1696 continua
1237 1636 1626 1711 deploratione
1678 1637 1938 1711 plorabat

2019 466 2330 540 peccatrice
2379 482 2493 524 non
2545 467 2733 524 solum
2787 465 3038 533 veniam,
3086 464 3183 520 sed
3229 463 3472 535 gloriam
3522 478 3723 521 conse-

2021 553 2280 626 quente?
2323 555 2452 627 Ipsa
2505 554 2676 613 hodie
2723 553 3035 611 intercedat
3074 567 3176 624 pro
3213 550 3454 624 peccatis
3495 552 3727 622 nostris,

2019 647 2076 700 et
2123 641 2404 714 placatum
2451 643 2616 702 nobis
2662 644 2859 701 reddat
2896 642 3154 716 judicem
3202 648 3481 709 nostrum,
3550 655 3724 712 spon-

2021 746 2150 788 sum
2196 747 2390 800 suum,
2441 733 2543 804 qui
2591 737 2676 790 est
2727 733 2878 790 Deus
2917 731 3256 789 benedictus
3285 730 3347 786 iu
3375 731 3587 788 saecula
3615 746 3724 788 sae-

2020 818 2307 879 culorum.
2339 821 2548 878 Amen.

2641 961 2887 1021 SERMO
2926 961 3106 1019 XXX.

2091 1082 2130 1127 I.
2183 1082 2258 1127 DE
2307 1083 2528 1130 SANCTO
2577 1082 2944 1130 APOLLINARE
2986 1081 3254 1130 EPISCOPO
3289 1081 3651 1128 BAVENNATB

2477 1172 2548 1218 ET
2586 1173 2886 1218 MABTYRE.
2929 1161 3099 1232 (XXIII
3127 1166 3277 1227 JUL.)

2091 1278 2383 1337 Hodierna
2414 1280 2527 1350 die,
2565 1282 2766 1339 fratres
2799 1281 3146 1352 charissimi,
3178 1282 3248 1339 ad
3272 1282 3603 1356 jucundum
3637 1282 3724 1340 ni-

2019 1366 2152 1437 mis,
2195 1368 2448 1440 satisque
2497 1369 2832 1427 delectabile
2877 1370 3265 1441 spectaculum
3325 1371 3613 1441 venimus,
3673 1377 3728 1428 et

2017 1453 2283 1526 gloriosas
2320 1457 2602 1529 palaestras
2643 1464 2930 1515 certamen
2971 1456 3153 1514 oculis
3190 1458 3323 1515 fidei
3357 1459 3726 1530 contemplati

2018 1560 2244 1603 sumus.
2290 1545 2558 1605 Vidimus
2608 1545 2749 1602 153
2787 1548 2945 1606 enim
2993 1563 3180 1606 unum
3227 1547 3416 1605 civem
3456 1564 3727 1620 supernas

2016 1634 2339 1694 Jerusalem
2372 1654 2474 1710 pro
2507 1654 2638 1712 rege
2663 1654 2769 1696 suo
2794 1645 3024 1696 strenue
3049 1639 3118 1696 ad
3153 1637 3300 1694 bella
3323 1637 3648 1710 procedere,
3674 1643 3731 1696 et

221 1726 296 1791 (II
345 1727 478 1792 Reg.
518 1730 712 1796 XVIII),
743 1724 976 1798 plorans
1029 1725 1092 1782 in
1149 1741 1215 1783 eo
1266 1740 1386 1782 non
1442 1725 1633 1782 carnis
1683 1723 2394 1799 accessi-Binnumerum
2428 1725 2762 1800 Babylonia)
2789 1726 3284 1796 vulgusunanimi
3306 1725 3727 1798 conspiratione

222 1811 512 1883 tudinem,
564 1815 660 1872 sed
711 1814 845 1872 fidei
897 1814 1366 1872 destructionem.
1412 1813 1594 1870 Cerne
1650 1815 1937 1887 quomodo

218 1900 436 1973 Joseph
499 1907 650 1960 totus
712 1903 818 1960 hoc
869 1902 1041 1960 melle
1100 1901 1287 1960 illitus
1340 1908 1461 1958 erat
1526 1903 1682 1976 (Gen.
1744 1909 1932 1972 XLIII).

223 1991 487 2050 Veniunt
538 1993 758 2064 fratres,
807 1993 927 2068 jam
985 2009 1102 2052 non
1161 2001 1294 2052 ante
1353 1994 1606 2066 fratrem,
1657 1995 1754 2052 sed
1807 2002 1938 2052 ante

219 2081 535 2138 dominum
573 2083 922 2153 assistentes,
961 2085 1174 2142 conscii
1231 2085 1594 2157 proditionis,
1636 2086 1936 2144 homicidii

218 2166 322 2233 rei,
364 2167 667 2226 fratricidii
716 2186 1102 2230 succensores.
1168 2171 1386 2230 Videns
1443 2189 1540 2230 eos
1592 2173 1824 2246 Joseph,
1881 2182 1936 2230 et

218 2256 491 2314 omnium
544 2258 891 2330 injuriarum
943 2260 1272 2330 immemor,
1311 2260 1666 2318 dulcissimis
1704 2261 1936 2319 fletibus

219 2342 566 2414 inundatur,
593 2353 649 2402 et
685 2345 914 2419 pietatis
957 2349 1150 2421 adeps,
1191 2347 1297 2421 qui
1335 2348 1496 2406 intus
1535 2348 1739 2420 latitat,
1787 2349 1936 2407 foras

215 2445 320 2503 per
349 2433 548 2491 oculos
585 2440 834 2493 emanat.
879 2436 1048 2509 Fugit
1089 2436 1308 2507 odium,
1352 2437 1532 2494 nescit
1576 2437 1744 2507 iram,
1788 2443 1935 2494 tem-

218 2537 330 2593 pus
389 2523 710 2583 iracundiae
765 2541 881 2584 non
938 2534 1212 2598 reservat,
1257 2527 1504 2585 reddens
1555 2527 1773 2585 bonum
1831 2542 1934 2599 pro

219 2609 423 2682 malo,
486 2629 588 2686 pro
651 2615 989 2673 credulitate
1057 2615 1445 2674 dulcedinem.
1505 2616 1656 2674 Pene
1719 2614 1934 2674 oblitus

217 2714 352 2760 sum
393 2702 633 2776 Moysen
681 2704 823 2763 adeo
861 2704 1006 2763 sacri
1046 2706 1220 2781 hujus
1279 2705 1522 2778 liquoris
1568 2721 1693 2764 rore
1739 2706 1933 2778 perfu-
1965 2761 1978 2774 ,

217 2806 398 2860 sum,
453 2798 518 2850 ut
579 2799 726 2853 totus
776 2810 850 2852 ex
908 2809 975 2852 eo
1028 2795 1486 2868 superfundatur
1536 2800 1593 2853 et
1665 2795 1929 2868 proﬂuat.

216 2877 424 2936 Peccat
488 2880 713 2952 Israel,
779 2888 834 2940 et
888 2882 1113 2956 Moyses
1173 2891 1500 2957 peccantem
1564 2883 1934 2941 reconciliare

219 2965 431 3024 nititur
475 2967 765 3037 Creatori;
797 2969 896 3027 sed
940 2969 1270 3028 dissimulat
1325 2970 1609 3029 Dominus
1655 2969 1934 3027 exaudire

2018 1820 2213 1870 contra
2241 1830 2424 1872 unum
2455 1822 2623 1888 caput
2653 1814 2916 1872 ferociter
2937 1815 3232 1871 dimicare.
3266 1812 3536 1872 Vidimus
3567 1815 3728 1873 hunc

2021 1899 2262 1958 militem
2295 1903 2506 1960 Christi
2557 1911 2752 1960 contra
2802 1902 3090 1960 mundum
3139 1901 3488 1974 triumphale
3536 1903 3725 1960 vexil-

2017 1987 2138 2046 lum
2174 1991 2363 2048 crucis
2395 1993 2629 2062 inferre,
2662 1991 2922 2049 vidimus
2958 1996 3187 2048 econtra
3207 1997 3487 2048 amatores
3520 1991 3726 2047 mundi

2017 2093 2118 2150 pro
2149 2078 2356 2137 dilecto
2398 2095 2502 2137 suo
2540 2080 2874 2152 constipatis
2910 2078 3108 2137 cuneis
3146 2077 3401 2134 obviare.
3436 2075 3528 2134 Illi
3555 2077 3722 2134 deni-

2017 2184 2131 2241 que
2169 2170 2429 2244 undique
2456 2171 2796 2228 circumfusi
2842 2169 3067 2226 diversa
3110 2168 3218 2224 tela
3257 2167 3596 2240 conjiciunt,
3629 2182 3717 2222 sa-

2016 2255 2185 2328 gittas
2245 2259 2538 2327 emittunt,
2597 2258 2893 2315 machinas
2946 2255 3216 2329 erigunt;
3279 2264 3334 2313 et
3383 2263 3446 2313 ut
3498 2255 3719 2312 vallum

2017 2344 2229 2403 Christi
2253 2347 2576 2420 irrumpere
2595 2347 3040 2417 valeant,omnia
3063 2345 3364 2419 prteliandi
3380 2350 3720 2416 argumenta

2017 2441 2369 2506 componunt
2397 2455 2413 2506 ;
2446 2436 2537 2492 hic
2573 2443 2768 2493 autem
2804 2451 2940 2492 ense
2979 2433 3138 2491 verbi
3182 2432 3499 2506 spiritualis
3525 2434 3718 2490 accin-

2015 2529 2172 2592 ctus,
2215 2523 2390 2581 lorica
2447 2525 2580 2582 fidei
2636 2516 3069 2598 indutusjspei
3123 2525 3284 2595 galea
3335 2525 3722 2597 praemunitus

2017 2614 2236 2681 (Ephes.
2269 2625 2371 2680 VI),
2403 2614 2514 2672 sub
2542 2614 2834 2686 patientiae
2862 2630 2986 2671 suae
3023 2631 3085 2672 se
3124 2614 3326 2687 clypeo
3375 2613 3612 2687 colligit,
3666 2620 3724 2672 et

2018 2701 2125 2758 hoc
2161 2711 2356 2760 contra
2396 2719 2600 2762 omnes
2639 2704 2862 2762 bellica
2897 2703 3247 2776 tempestatis
3279 2703 3426 2760 ictus
3457 2701 3723 2774 vigilanti

2016 2792 2186 2850 oculo
2235 2793 2639 2853 circumducit.
2706 2795 2799 2852 Illi
2859 2795 3052 2865 ignem
3107 2793 3414 2861 adhibent;
3463 2792 3558 2850 sed
3618 2791 3723 2850 iste

2016 2881 2319 2939 immensm
2370 2884 2663 2942 charitatis
2702 2886 2904 2943 ardore
2946 2900 3277 2949 succensus,
3309 2881 3576 2938 incendia
3615 2895 3721 2937 ex-

2019 2970 2240 3028 terioris
2293 2972 2544 3029 ﬂammae
2591 2987 2707 3030 non
2767 2972 2952 3029 sentit.
2991 2971 3085 3028 Illi
3134 2970 3516 3028 bullientibus
3553 2967 3722 3041 aquis

217 3060 542 3125 rogantem.
574 3053 858 3114 Promittit
895 3056 1150 3130 plurima
1175 3057 1359 3130 Moysi
1387 3057 1618 3115 Creator
1642 3057 1927 3126 omnium,
1945 3058 2324 3156 Cdilacerata
2393 3060 2652 3118 membra
2715 3059 3110 3134 perfundunt;
3172 3059 3277 3115 iste
3335 3058 3488 3129 largo
3538 3056 3722 3132 sancti

215 3147 274 3198 et
331 3142 573 3200 feriendi
633 3144 925 3203 licentiam
977 3147 1188 3218 quierit
1225 3162 1258 3202 a
1297 3146 1513 3218 Moyse,
1554 3146 1656 3219 qui
1694 3142 1989 3219 Moysen“
2019 3145 2268 3219 Spiritus
2315 3147 2502 3205 imbre
2546 3147 2832 3206 divinitus
2879 3147 3269 3220 refrigeratur,
3299 3153 3535 3203 cantans
3583 3159 3718 3202 cum

220 3231 378 3288 fecit.
415 3255 436 3283 ι
489 3232 720 3292 Dimitte
749 3250 861 3303 me,
913 3235 1123 3310 inquit,
1165 3242 1229 3293 ut
1266 3234 1543 3293 irascatur
1578 3235 1736 3293 furor
1771 3251 1935 3292 meus

217 3325 423 3376 contra
467 3337 583 3391 eos,
624 3330 679 3380 et
731 3323 936 3380 faciam
974 3331 1026 3382 te
1064 3323 1123 3380 in
1162 3331 1392 3396 gentem
1431 3339 1719 3396 magnam.
1759 3344 1786 3374 η
1823 3323 1934 3380 Βε-

219 3408 459 3482 spondit
513 3410 737 3484 Moyses
779 3436 791 3470 :
837 3432 864 3463 «
908 3411 969 3470 Si
1026 3411 1290 3481 dimittis,
1348 3412 1612 3482 Domine,
1658 3411 1930 3481 dimitte;

218 3497 488 3570 alioquin
544 3500 672 3557 dele
724 3517 814 3558 me
863 3501 933 3558 de
984 3501 1150 3570 libro,
1181 3517 1357 3575 quem
1408 3501 1684 3575 scripsisti
1729 3503 1930 3567 (Exod.

221 3589 451 3654 XXXII).
481 3610 508 3637 ιι
543 3587 909 3661 Obstupenda
945 3590 1198 3662 profecto
1241 3589 1484 3646 dulcedo
1513 3607 1526 3660 ;
1559 3597 1613 3647 et
1643 3589 1935 3662 principa-

222 3681 354 3731 tum
407 3676 597 3746 gentis
650 3678 868 3750 respuit
912 3676 1140 3748 alienae,
1187 3685 1243 3735 et
1287 3677 1357 3734 de
1396 3677 1543 3736 libro
1604 3677 1933 3734 viventium

220 3761 406 3820 deleri
438 3763 740 3836 desiderat,
775 3765 889 3822 nisi
930 3765 1297 3839 peccantibus
1339 3765 1664 3825 dimittatur
1693 3768 1928 3826 offensa.

223 3850 374 3908 Haec
439 3859 575 3909 sunt
649 3861 944 3927 unguenta
1003 3853 1418 3928 propinationis
1485 3863 1540 3912 et
1607 3856 1934 3914 misericor-

221 3939 364 4009 diae,
391 3955 523 4014 qua}
550 3958 582 3998 a
615 3958 844 4016 sponsae
881 3943 1159 4018 uberibus
1196 3944 1530 4015 eliciuntur,
1568 3946 1934 4004 infirmitates

222 4043 432 4086 omnes
485 4031 776 4104 fugantia,
826 4032 1193 4105 profugantia
1249 4035 1312 4100 [f.
1363 4032 1746 4106 profligantia]
1802 4049 1930 4107 pas-

219 4134 437 4176 5101188.

294 4207 465 4266 Felix
513 4209 694 4268 Maria
750 4211 925 4270 unxit
975 4211 1146 4286 pedes
1199 4211 1337 4270 Jesu
1371 4255 1386 4284 ,
1443 4213 1668 4272 felicior
1731 4217 1928 4274 eadem

217 4303 394 4368 caput
446 4298 620 4355 unxit
674 4299 943 4370 auctoris,
1003 4299 1354 4373 felicissima,
1407 4316 1541 4374 quae
1591 4319 1776 4361 rorem
1827 4321 1930 4363 un-

217 4384 595 4455 guentarium
633 4389 729 4445 toti
784 4385 995 4446 Christi
1045 4389 1265 4460 corpori
1311 4389 1674 4462 praeparavit.
1719 4390 1922 4449 Consi-

215 4471 406 4543 dera,
458 4489 634 4545 quam
720 4475 1229 4534 vehementissimo
1312 4477 1638 4535 dilectionis
1716 4481 1923 4538 affectu

211 4559 381 4617 beata
423 4561 551 4619 haec
601 4563 812 4621 mulier
850 4563 1126 4636 diligebat
1171 4564 1462 4622 Christum
1503 4581 1713 4637 regem.
1753 4589 1774 4616 ι
1808 4566 1923 4624 Do-

213 4652 398 4722 mine,
439 4653 648 4727 inquit,
691 4655 739 4712 si
777 4662 840 4713 tu
878 4654 1163 4713 sustulisti
1220 4671 1378 4726 eum,
1413 4656 1586 4714 dicito
1641 4656 1809 4728 mihi,
1869 4664 1926 4716 et

209 4756 319 4814 ego
349 4757 483 4800 eum
514 4742 709 4800 tollam
735 4747 914 4812 (Joan.
949 4749 1079 4814 xx).
1114 4769 1141 4793 η
1179 4745 1359 4814 Quem
1388 4761 1522 4803 eum
1551 4745 1696 4803 dicis
1721 4746 1920 4818 Maria,

208 4845 346 4888 cum
393 4830 464 4888 de
505 4830 670 4889 nullo
708 4833 910 4891 feceris
953 4833 1304 4891 mentionem
1346 4833 1419 4891 ad
1465 4849 1642 4908 quem
1692 4834 1924 4891 relatio-

213 4937 349 4980 nem
409 4921 635 4981 facias?
688 4923 956 4993 Putasne,
1015 4924 1170 4996 quod
1225 4923 1282 4980 in
1336 4924 1597 4981 omnium
1652 4924 1923 4982 cordibus

211 5010 287 5066 ita
343 5016 604 5068 versetur
647 5013 928 5070 memoria
969 5011 1161 5069 dilecti
1203 5011 1306 5082 tui,
1348 5014 1496 5069 sicut
1535 5019 1589 5068 et
1627 5011 1686 5068 in
1727 5012 1919 5071 consi-

210 5099 389 5156 storio
440 5098 628 5157 cordis
667 5100 805 5157 tui?
843 5127 859 5148 -
899 5102 965 5159 Et
1015 5117 1139 5174 ego,
1193 5100 1402 5175 inquit,
1459 5101 1654 5158 tollam
1699 5117 1854 5160 eum.
1891 5127 1916 5154 ι)

208 5191 356 5248 Mira
404 5207 514 5248 res.
558 5189 871 5250 Hominem
938 5191 1198 5264 perfecta:
1251 5191 1435 5271 aetatis
1487 5192 1697 5259 virum,
1754 5194 1921 5266 cujus

205 5281 433 5354 corpori
475 5280 574 5338 vix
628 5289 860 5340 centum
899 5281 1064 5338 librae
1117 5280 1413 5338 sufﬁciunt
1465 5287 1916 5351 unguentorum,

209 5368 522 5426 tenerrima
548 5369 764 5427 mulier
791 5369 1062 5444 portabis,
1103 5375 1157 5426 et
1195 5369 1407 5427 tolles?
1454 5369 1678 5426 Ardens
1721 5378 1775 5426 et
1829 5371 1916 5428 af-

207 5461 355 5518 fecta
393 5459 626 5530 locutio,
664 5476 797 5534 quae
834 5460 906 5518 de
963 5458 1230 5531 puritatis
1276 5475 1472 5516 amore
1518 5458 1730 5526 refusa,
1778 5474 1913 5532 pro-

206 5549 384 5608 mittit
418 5549 574 5625 quod
623 5548 866 5624 implere
907 5563 1019 5607 non
1061 5553 1260 5622 potest.
1299 5546 1458 5605 Nihil
1497 5545 1655 5604 enim
1697 5545 1913 5604 amanti

2018 3234 2298 3308 Propheta
2331 3255 2342 3293 :
2382 3261 2400 3288 ο
2437 3237 2841 3294 Transivimus
2880 3253 2982 3310 per
3033 3237 3246 3309 ignem,
3291 3243 3345 3292 et
3399 3250 3632 3307 aquam,
3663 3240 3719 3290 et

2014 3324 2268 3381 eduxisti
2313 3340 2417 3381 nos
2461 3326 2520 3381 in
2572 3325 2938 3397 refrigerium
2968 3327 3130 3397 (Psal.
3162 3326 3322 3395 LXV).
3353 3349 3379 3371 ι»
3415 3323 3502 3380 Illi
3539 3321 3718 3391 virgis

2013 3413 2262 3482 caedunt,
2296 3413 2538 3470 sudibus
2589 3414 2882 3485 frangunt,
2933 3413 3181 3486 equuleo
3224 3412 3603 3484 suspendunt,
3654 3410 3716 3466 in

2013 3518 2297 3560 carcerem
2342 3504 2614 3574 mittunt,
2659 3511 2946 3576 postremo
2973 3511 3295 3562 catenatum
3337 3502 3398 3559 in
3438 3501 3715 3558 exsilium

2014 3592 2306 3663 dirigunt;
2349 3593 2456 3650 iste
2487 3609 2620 3651 vero
2645 3593 2702 3650 in
2736 3609 2864 3650 arce
2899 3593 3107 3650 mentis
3146 3592 3509 3661 constitutus,
3541 3590 3716 3664 quid-

2013 3679 2154 3752 quid
2186 3695 2318 3751 crga
2350 3696 2408 3736 se
2447 3680 2657 3753 agitur,
2693 3681 2802 3738 sub
2833 3697 2892 3738 se
2935 3680 3055 3737 fieri
3087 3679 3254 3753 quasi
3296 3679 3447 3737 alius
3475 3678 3712 3750 quidam

2013 3768 2242 3826 eminus
2296 3769 2574 3838 intuetur,
2628 3770 2826 3827 dicens
2865 3785 3000 3827 cum
3039 3768 3217 3826 Paulo
3270 3791 3282 3824 :
3339 3793 3363 3816 α
3419 3766 3714 3824 Habemus

2016 3862 2347 3920 thesaurum
2407 3861 2582 3919 istum
2632 3863 2689 3920 in
2749 3863 2904 3920 vasis
2956 3861 3232 3919 fictilibus
3276 3864 3354 3928 (II
3389 3862 3508 3916 Cor.
3546 3860 3645 3927 Iv).
3681 3877 3709 3910 ι)

2013 3951 2084 4006 Et
2113 3950 2321 4008 iterum
2356 3971 2367 4008 :
2399 3973 2424 4004 «
2456 3951 2615 4009 Licet
2652 3953 2906 4010 exterior
2950 3953 3124 4009 homo
3161 3956 3354 4007 noster
3387 3961 3713 4017 corrumpa-

2012 4047 2124 4109 tur,
2169 4039 2219 4098 is
2266 4047 2477 4112 tamen,
2517 4041 2618 4114 qui
2667 4042 2826 4100 intus
2881 4049 2984 4113 est,
3034 4046 3345 4098 renovatur
3391 4039 3461 4096 de
3510 4036 3602 4093 die
3648 4035 3712 4092 in

2011 4129 2185 4187 diem.
2219 4129 2281 4186 Id
2313 4129 2490 4198 enim,
2523 4130 2678 4203 quod
2707 4131 2766 4188 in
2807 4130 3075 4204 praesenti
3102 4137 3184 4188 est
3214 4135 3712 4189 momentaneum,

2009 4225 2063 4275 et
2118 4217 2243 4276 leve
2285 4219 2674 4278 tribulationis
2723 4228 2957 4291 nostrze,
2996 4235 3168 4295 supra
3219 4219 3460 4276 modum
3509 4216 3570 4273 in
3611 4231 3710 4273 su-

2006 4307 2289 4364 blimitate
2334 4315 2568 4366 aeterna:
2615 4308 2816 4381 glorias
2865 4309 3089 4383 pondus
3133 4313 3404 4381 operatur
3443 4305 3504 4363 in
3543 4303 3710 4362 nobis

2009 4397 2220 4465 (Ibid).
2249 4421 2276 4444 η

2078 4484 2292 4543 Cuncta
2334 4500 2468 4557 ergo
2507 4486 2760 4542 hostium
2806 4484 2995 4558 jacula
3050 4485 3194 4541 facta
3249 4491 3386 4541 sunt
3422 4483 3487 4539 B.
3528 4480 3708 4553 Apol-

2005 4571 2176 4628 linari
2238 4571 2484 4644 gloriose
2523 4572 2794 4629 vincendi
2847 4571 3105 4629 materia.
3136 4570 3206 4628 Et
3261 4570 3419 4628 unde
3470 4569 3707 4625 illorum

2007 4658 2313 4716 crudelitas
2357 4659 2601 4732 dejicere
2648 4659 2875 4729 nititur,
2921 4659 3055 4715 inde
3106 4657 3272 4716 istius
3311 4655 3584 4730 patientia
3637 4655 3708 4711 ad

2007 4748 2276 4805 standum
2327 4748 2554 4806 firmius
2597 4748 2918 4807 roboratur.
2955 4747 3200 4806 Sanctus
3245 4747 3403 4803 enim
3443 4747 3532 4802 vir
3560 4744 3709 4802 inter

2004 4837 2467 4910 persecutionum
2517 4838 2667 4896 bella
2713 4838 3124 4912 deprehensus,
3165 4853 3281 4912 quo
3319 4837 3524 4894 durius
3563 4835 3706 4892 telo-

2005 4942 2135 4983 rum
2184 4926 2524 4998 grandinem
2581 4927 2974 4984 inhorrescere
3023 4925 3326 4998 conspicit,
3369 4940 3436 4982 eo
3480 4922 3708 4980 cautius

2006 5015 2269 5089 undique
2299 5024 2524 5072 scutum
2557 5031 2679 5073 sum
2709 5015 3004 5087 gravitatis
3032 5015 3287 5087 opponit.
3324 5013 3393 5070 Et
3425 5028 3541 5087 quo
3580 5011 3705 5070 vio-

2005 5103 2218 5162 lentius
2272 5121 2482 5179 pugnze
2528 5105 2775 5176 impetus
2809 5105 2960 5162 videt
3011 5105 3302 5178 ingruere,
3331 5120 3398 5161 eo
3435 5103 3618 5175 magis
3647 5119 3707 5160 se

2003 5194 2189 5251 studet
2235 5201 2288 5249 et
2326 5193 2387 5250 in
2420 5193 2572 5250 vires
2623 5193 2909 5265 colligere,
2940 5201 2995 5252 et
3040 5192 3113 5250 ad
3154 5193 3443 5267 agendum
3487 5193 3708 5251 fortiter

2003 5281 2273 5339 excitare.
2311 5281 2533 5354 Ubique
2578 5287 2808 5353 paratus
2859 5281 3090 5351 assistit,
3134 5281 3352 5355 ubique
3398 5280 3708 5351 vigilanter

2002 5369 2267 5439 intendit,
2301 5378 2354 5428 et
2379 5366 2748 5426 venientibus
2789 5369 3047 5445 undique
3073 5369 3282 5444 gladiis
3323 5368 3706 5443 imperturba-

2002 5465 2094 5517 tus
2119 5459 2384 5518 occurrit.

2071 5548 2216 5618 Quia
2270 5563 2424 5619 vero,
2479 5547 2677 5606 fratres
2737 5548 2871 5619 mei,
2933 5548 2995 5605 Β.
3051 5549 3403 5623 Apollinaris
3456 5564 3701 5622 agonem
