4070 6198
330 243 437 305 667

947 242 1006 304 S.
1045 242 1272 303 PETRI
1308 243 1632 304 DAMIANI
1669 242 1826 303 OPP.
1868 238 2063 301 PARS
2102 238 2243 301 SEU
2279 239 2530 301 TOMUS
2567 240 2645 300 II.
2684 271 2754 285 —
2795 238 3209 302 SERMONES.

3706 242 3823 304 668

330 373 657 448 palaastram
706 370 975 444 superius
1028 369 1483 444 nominavimus,
1514 378 1851 430 utrumnam
1889 365 2090 430 con-A
2112 381 2248 439 ergo
2282 366 2538 440 magistri
2575 365 2649 424 sit
2692 364 2976 439 discipulo
3021 363 3259 425 audacia
3308 366 3724 439 praesumendi,
3760 374 3822 426 et

329 478 473 536 grue
506 461 758 537 positum
801 462 893 532 sit,
924 462 970 521 si
1017 461 1217 536 placet,
1248 461 1425 535 paulo
1456 462 1728 522 subtilius
1766 462 2034 536 inquira-

328 568 482 613 mus.
516 553 833 612 Palaestrita
859 552 1072 628 quippe
1098 551 1293 611 nudus
1320 553 1588 618 luctatur,
1620 560 1677 610 et
1710 552 1775 610 B.
1808 552 2033 626 Apolli—

328 643 487 702 naris
522 642 833 701 mundanee
861 641 1237 715 possessionis
1264 641 1604 702 indumento
1631 642 1824 699 nudus
1853 640 2035 699 fuisse

329 730 706 804 cognoscitur.
738 730 806 788 In
858 730 1182 804 spectaculo
1209 738 1404 790 autem
1434 731 1649 789 civium
1694 729 2032 802 bujusmodi

328 820 478 880 lucta
504 818 863 893 proponitur,
895 826 961 877 ut
996 819 1059 878 B.
1096 818 1310 877 Paulus
1339 821 1409 877 de
1438 834 1497 876 se
1535 818 1781 891 aliisque
1821 817 2032 877 Christi

326 909 699 971 bellatoribus
739 924 991 982 congrue
1022 915 1276 977 testatur,
1306 909 1504 967 dicens
1534 928 1545 966 :
1577 935 1602 957 «
1631 908 2030 982 Spectaculum

327 996 461 1055 facti
522 1013 727 1056 sumus
779 997 999 1071 angelis
1048 1005 1103 1056 et
1152 998 1490 1057 hominibus
1542 1000 1612 1069 (II
1661 1000 1779 1056 Cor.
1832 1000 1936 1068 Iv).
2001 1021 2027 1049 ι»

331 1084 482 1144 Solet
507 1094 699 1144 autem
731 1087 928 1159 pueris
964 1086 1181 1159 oleum,
1220 1087 1375 1161 quod
1414 1086 1680 1145 videlicet
1708 1102 1931 1145 ceroma
1959 1085 2032 1144 ab

325 1174 408 1232 eis
458 1174 689 1245 dicitur,
719 1191 753 1233 a
801 1176 1323 1249 campiductoribus
1372 1176 1568 1247 tribui,
1627 1176 1783 1235 unde
1832 1191 2031 1234 eorum

326 1263 571 1329 debeant
618 1266 816 1325 omnia
862 1268 1115 1341 corporis
1172 1268 1431 1326 membra
1479 1265 1745 1340 perungi.
1789 1264 2032 1325 Sanctus

327 1368 462 1411 vero
518 1352 719 1412 Petrus
768 1355 1062 1427 apostolus
1117 1354 1162 1413 B
1238 1355 1622 1428 Apollinaris,
1679 1370 1793 1413 non
1844 1354 2033 1413 dicam

322 1441 734 1515 campiductor,
791 1444 889 1502 sed
940 1444 1161 1515 ductor,
1214 1445 1396 1503 sancti
1447 1443 1696 1517 Spiritus
1746 1459 1880 1502 eum
1930 1458 2033 1502 un-

325 1532 515 1590 ctione
572 1532 843 1604 perfudit,
899 1549 1035 1595 cum
1088 1534 1159 1593 ad
1208 1535 1521 1593 certamina
1569 1534 2032 1606 persecutionum

325 1619 502 1679 misit.
532 1619 607 1679 Ut
652 1622 809 1680 enim
862 1622 924 1680 in
983 1631 1179 1682 sancta
1227 1629 1519 1696 gestorum
1558 1624 1720 1682 illius
1767 1630 2033 1683 narratur

2114 455 2393 514 mittentis
2419 454 2725 515 auctoritas
2754 454 2828 512 sit
2857 452 3068 512 fiducia
3088 452 3273 513 missi.

2185 540 2229 601 Ο
2269 542 2431 601 beate
2483 541 2755 616 apostole,
2802 557 2981 618 quam
3028 541 3294 614 libenter,
3341 556 3519 616 quam
3554 542 3825 603 alacriter

2114 638 2335 691 motum
2367 637 2481 689 tuae
2506 630 2857 690 diversitatis
2886 630 3115 688 intueor
3144 652 3156 686 :
3195 636 3250 687 et
3275 644 3436 688 nunc
3462 636 3515 687 te
3540 628 3827 701 debilem,

2113 736 2270 779 nunc
2298 720 2681 779 fortissimum
2710 719 2952 793 pulchra
2978 716 3249 776 varietate
3285 718 3639 790 contemplor
3669 719 3681 775 ἔ
3716 719 3828 777 De-

2110 808 2319 880 bilem,
2366 808 2640 882 inquam,
2684 807 2949 882 negando
2996 805 3373 880 magistrum,
3432 805 3826 865 fortissimum

2113 913 2250 955 vero
2293 913 2394 971 pro
2422 897 2682 971 ejusdem
2712 897 2971 970 magistri
2998 896 3362 955 confessione
3393 894 3668 953 mittendo
3694 894 3824 951 dis-

2111 987 2389 1061 cipulum.
2426 987 2555 1046 Non
2601 986 2768 1044 times
2802 986 3087 1060 discipulo
3124 986 3463 1045 Ravennam
3501 986 3825 1044 multarum

2114 1077 2350 1143 urbium
2388 1076 2685 1134 dominam
2722 1076 3038 1150 assignare,
3069 1077 3171 1151 qui
3202 1075 3537 1148 tibimetipsi
3563 1072 3825 1149 expave-

2111 1181 2205 1222 ras
2242 1165 2421 1224 unius
2450 1163 2758 1223 sacerdotis
2802 1165 3094 1224 ancillam.
3130 1166 3261 1225 Non
3300 1168 3506 1226 metuis
3542 1167 3714 1227 illum
3755 1165 3827 1224 in

2112 1254 2457 1329 procellosos
2508 1256 2721 1313 ﬂuctus
2770 1256 3289 1315 turbulentissime
3334 1257 3580 1316 civitatis
3626 1258 3827 1316 solum

2115 1342 2360 1415 mittere,
2388 1343 2489 1417 qui
2540 1358 2675 1400 cum
2722 1342 2845 1416 ipso
2891 1344 3154 1402 Ureatore
3196 1345 3447 1405 marium
3489 1361 3661 1419 super
3705 1361 3828 1403 ma-

2113 1432 2270 1490 rinas
2296 1430 2482 1489 undas
2504 1445 2821 1505 expaveras
2845 1431 3163 1490 ambulare.
3201 1432 3292 1491 llli
3320 1449 3569 1507 namque
3597 1433 3829 1491 dictum

2113 1526 2225 1578 est:
2254 1540 2282 1574 α
2305 1519 2658 1593 Aquilonem
2671 1527 2727 1578 et
2752 1536 2906 1578 mare
2932 1527 2993 1578 tu
3023 1520 3226 1578 creasti
3253 1523 3418 1594 (Psal.
3448 1526 3771 1595 LXXXVIII).
3797 1547 3822 1575 ι

2114 1610 2275 1668 Licet
2316 1610 2474 1668 enim
2508 1610 2727 1668 dixeris
2762 1629 2776 1666 :
2813 1633 2839 1661 α
2884 1611 3149 1681 Domine,
3176 1610 3320 1689 jpbe
3366 1627 3457 1669 me
3503 1613 3703 1672 venire
3750 1613 3830 1671 ad

325 1707 583 1779 historia,
644 1708 722 1768 ait
770 1709 834 1768 B.
897 1710 1098 1769 Petrus
1145 1712 1435 1784 apostolus
1486 1713 1811 1785 Apollinari
1863 1713 2045 1771 disci-‘

2199 1702 2415 1767 (Matth.
2452 1700 2576 1771 XIV)
2606 1719 2618 1757 :
2650 1724 2675 1748 υ
2706 1698 2825 1786 nisi
2875 1704 3065 1759 tamen
3116 1700 3466 1773 expavisses,
3495 1702 3678 1776 mergi
3707 1702 3829 1760 uti-

325 1795 468 1870 pulo
500 1812 606 1856 suo
636 1820 650 1856 :
691 1823 716 1850 αι
751 1797 900 1867 Quid
940 1800 1102 1858 sedes
1140 1800 1441 1859 nobiscum
1468 1804 1495 1857 ?
1526 1817 1654 1859 ecce
1686 1801 1947 1860 eruditus
1981 1819 2042 1862 es

326 1884 399 1942 de
426 1885 700 1946 omnibus
727 1903 862 1964 quas
909 1889 1042 1947 fecit
1077 1890 1265 1949 Jesus.
1304 1889 1508 1964 Surge,
1538 1891 1733 1964 accipe
1761 1890 2041 1965 Spiritum

328 1979 612 2047 sanctum,
664 1976 958 2052 simulque
1011 1977 1156 2035 154
1204 1981 1624 2053 pontiﬁcatum,
1666 1988 1721 2039 et
1759 1997 1931 2054 perge
1968 1981 2041 2039 ad

328 2061 556 2132 urbem,
590 2079 724 2138 quae
760 2072 1017 2124 vocatur'
1053 2067 1349 2126 Ravenna.
1386 2090 1412 2117 ιι
1454 2067 1617 2138 Quod
1668 2068 1826 2126 enim
1880 2069 2039 2141 dicit,

323 2150 515 2223 accipe
566 2149 848 2225 Spiritum
895 2161 1180 2225 sanctum,
1233 2163 1289 2213 et
1336 2172 1541 2231 perge,
1580 2156 1691 2214 tale
1735 2163 1846 2226 est,
1877 2174 1944 2215 ac
1991 2158 2042 2216 si

326 2236 542 2296 diceret
569 2262 582 2295 :
616 2238 752 2299 Oleo
795 2243 1052 2302 membra
1095 2245 1381 2318 perfunde
1403 2288 1417 2315 ,
1451 2253 1505 2302 et
1547 2244 1766 2304 bellum
1796 2245 2042 2305 viriliter

328 2340 581 2385 consere.
627 2328 709 2387 De
750 2329 858 2389 hoc
897 2332 1057 2389 enim
1104 2333 1289 2391 sancti
1328 2332 1578 2407 Spiritus
1623 2333 1748 2391 oleo
1786 2349 1888 2406 per
1916 2349 2042 2406 pro-

329 2416 562 2488 phetam
609 2417 865 2478 dicitur:
905 2442 931 2475 (ι
965 2422 1389 2496 Computrescet
1435 2422 1648 2496 jugum
1684 2439 1718 2481 a
1752 2424 1897 2481 facie
1928 2424 2040 2482 olei

331 2506 485 2571 (Isai.
517 2508 600 2573 Χ).
638 2528 660 2556 ι
706 2506 787 2565 De
814 2508 925 2568 hoc
954 2515 1010 2568 et
1041 2526 1140 2584 per
1172 2510 1533 2569 Psalmistam
1582 2511 1808 2570 canitur
1842 2532 1855 2571 :
1897 2537 1923 2563 α
1951 2512 2043 2571 In-

330 2592 468 2651 veni
502 2593 685 2654 David
737 2612 974 2657 servum
1026 2614 1242 2670 meum,
1291 2600 1420 2659 oleo
1472 2608 1666 2660 sancto
1717 2617 1846 2661 meo
1891 2602 2040 2662 unxi

327 2695 462 2739 eum
493 2684 662 2755 (Psal.
704 2688 1016 2760 LXXXVIII).
1053 2709 1080 2741 »

399 2769 524 2827 Mos
563 2786 699 2830 vero
736 2788 859 2832 esse
896 2774 1393 2848 campiductorum
1423 2775 1582 2845 solet,
1616 2782 1680 2835 ut
1729 2777 1886 2849 prius
1923 2792 2041 2834 cer-

332 2858 505 2916 taturi
548 2858 818 2933 discipuli
858 2864 1116 2922 membra
1153 2864 1510 2937 provideant,
1552 2863 1820 2923 videlicet
1859 2880 2038 2937 quam

330 2945 511 3005 latum
554 2949 929 3024 validumque
988 2952 1063 3010 sit
1099 2961 1313 3026 pectus,
1363 2967 1541 3025 quam
1593 2953 1720 3011 sani
1764 2953 2038 3027 plenique

332 3043 592 3135 tumeant
621 3038 836 3110 lacerti,
859 3056 1034 3135 quam
1061 3040 1483 3135 subterpositus
1517 3048 1732 3135 venter,
1763 3058 1868 3100 nec
1886 3043 2093 3135 moleC

331 3132 548 3197 gravet,
579 3142 686 3186 nec
711 3129 1122 3188 extenuatione
1158 3128 1416 3187 debilitet
1444 3149 1457 3199 ;
1490 3136 1545 3188 et
1582 3131 1633 3188 si
1666 3138 1868 3190 cuncta
1911 3132 2035 3189 bel-

340 3212 446 3271 lico
484 3216 617 3273 usui
672 3223 804 3290 apta
855 3233 979 3276 esse
1033 3219 1448 3292 perspexerint,
1488 3235 1626 3278 mox
1676 3220 1804 3293 ejus
1842 3222 2038 3295 segni-

336 3304 472 3363 tie‘m
527 3306 675 3366 dura
719 3308 1025 3367 severitate
1078 3309 1419 3383 corripiunt,
1477 3317 1532 3367 et
1570 3310 1798 3369 desides
1849 3312 2041 3371 adhuc

337 3393 563 3454 animos
600 3394 662 3454 in
697 3411 954 3455 amorem
1000 3397 1189 3456 laudis
1241 3398 1582 3468 accendunt,
1616 3400 1923 3460 hortantur
1986 3407 2043 3462 et

338 3484 646 3558 instigant;
691 3495 747 3545 et
776 3503 848 3546 ne
876 3488 1183 3548 formidare
1217 3488 1485 3559 debeant,
1521 3505 1688 3548 suam
1729 3491 1917 3564 ipsius
1942 3508 2040 3551 co-

340 3586 465 3630 ram
492 3588 559 3631 eo
589 3574 991 3646 fortitudinem
1023 3576 1279 3636 laudant.
2031 3577 2041 3589 ’

413 3660 507 3720 Sic
550 3662 854 3734 nimirum,
894 3665 978 3724 sic
1007 3665 1071 3724 B.
1109 3665 1402 3740 apostolus
1450 3666 1618 3741 quasi
1671 3672 1804 3725 ante
1852 3667 2049 3741 ipsum

340 3762 535 3806 arenae
586 3750 937 3811 vestibulum
975 3752 1203 3812 alumni
1255 3754 1345 3812 sui
1382 3755 1642 3813 membra
1686 3755 2047 3828 considerat;
2088 3817 2101 3836 ,

343 3841 485 3895 etut
513 3853 575 3896 se
599 3838 673 3897 ad
710 3841 1203 3914 congrediendum
1222 3849 1524 3915 praeparet,
1556 3844 1749 3903 verbis
1777 3846 2052 3907 suasoriae

343 3924 758 3986 adhortationis
776 3929 1116 3988 inﬂammat.
1135 3929 1286 4000 Quid
1308 3938 1393 3989 est
1418 3932 1576 3990 enim
1600 3932 1811 4000 dicere,
1850 3955 1872 3983 ι
1905 3935 2048 4007 quid

336 4013 508 4081 sedes
537 4015 863 4086 nobiscum,
897 4041 921 4068 ι»
954 4018 1067 4077 nisi
1100 4019 1220 4093 jam
1260 4020 1481 4094 depone
1509 4022 1808 4090 desidiam,
1838 4031 1901 4082 ut
1926 4032 2053 4098 post

335 4109 635 4192 pera-ctam
662 4106 962 4166 victoriam
1006 4110 1307 4182 pervenias
1345 4112 1417 4170 ad
1456 4112 1777 4171 coronam?
1810 4114 1881 4173 Et
1909 4115 2049 4188 quid

345 4194 430 4276 est
461 4189 669 4262 dicere,
706 4216 727 4246 ι
763 4211 891 4254 ecce
932 4198 1195 4256 eruditus
1238 4214 1298 4256 es
1340 4199 1410 4257 de
1445 4200 1731 4259 omnibus-
1754 4217 1887 4276 qua:
1921 4204 2054 4262 fecit

346 4274 535 4347 Jesus,
568 4300 590 4329 ιι
626 4280 738 4339 nisi
769 4297 974 4341 omnes
1020 4286 1106 4343 tui
1149 4286 1403 4359 corporis
1439 4295 1598 4345 artus
1636 4274 2053 4361 jam'perfecto

2122 1803 2235 1861 que
2275 1803 2390 1845 non
2448 1787 2737 1860 crepisses,
2771 1784 2886 1844 nisi
2921 1787 2982 1843 in
3036 1787 3174 1845 navi
3214 1786 3348 1845 fidei
3385 1788 3641 1861 aliquam
3674 1805 3829 1848 nau-

2120 1876 2289 1949 fragii
2320 1875 2539 1935 undam
2567 1874 2922 1948 pertulisses,
2951 1874 3286 1934 nullatenus
3322 1891 3396 1934 ex
3434 1891 3531 1934 ore
3558 1874 3831 1936 Veritatis

2120 1964 2421 2024 audisses:
2461 1985 2490 2017 «
2520 1961 2759 2021 Medicae
2802 1962 2936 2020 ﬁdei
2988 1977 3168 2037 quare
3209 1962 3529 2023 dubitasti?
3569 1988 3591 2016 ι
3642 1967 3830 2037 (Ιῦἱά.)

2122 2052 2239 2109 Nec
2286 2051 2501 2110 mirum
2551 2050 2890 2123 tibimetipsi
2916 2050 3094 2108 maris
3121 2055 3261 2110 tunc
3292 2051 3630 2110 formidasse
3671 2052 3835 2124 peri-

2120 2131 2343 2209 culum,
2371 2139 2473 2213 qui
2502 2155 2602 2213 pro
2642 2139 2843 2197 eadem
2865 2138 3077 2203 mentis
3104 2139 3462 2211 inﬁrmitate,
3485 2141 3835 2214 magistrum

2120 2237 2174 2309 et
2209 2230 2521 2289 Dominum
2571 2237 2739 2289 tuum
2779 2228 3015 2288 nolebas
3066 2229 3258 2289 crucis
3300 2229 3496 2288 subire
3547 2228 3690 2284 155
3740 2246 3838 2303 pa—

2123 2319 2395 2379 tibulum.
2443 2317 2590 2377 Cum
2637 2319 2796 2377 enim
2842 2318 2947 2377 tibi
2991 2318 3222 2389 diceret,
3268 2318 3427 2393 quod
3471 2333 3574 2391 pro
3612 2318 3836 2376 redem-

2120 2408 2316 2483 ptione
2350 2407 2596 2464 humani
2632 2407 2876 2481 generis
2909 2406 3335 2481 cruciﬁgendus
3364 2414 3532 2476 esset,
3565 2408 3839 2479 protinus

2120 2496 2462 2571 respondisti
2493 2520 2506 2554 :
2541 2522 2565 2548 a
2599 2495 2765 2554 Absit
2791 2512 2825 2553 a
2856 2503 2926 2567 te,
2948 2496 3215 2567 Domine,
3251 2495 3532 2571 propitius
3554 2495 3662 2553 tibi
3685 2504 3837 2567 esto,

2120 2586 2383 2656 Domine,
2414 2601 2487 2643 ne
2514 2585 2623 2654 fﬁat
2667 2585 2774 2644 hoc
2814 2588 3030 2655 (Matth.
3075 2589 3224 2654 XVI).
3259 2605 3286 2638 ››
3316 2583 3464 2655 Quid
3492 2592 3576 2642 est
3605 2586 3735 2655 hoc,
3764 2584 3835 2642 Β.

2118 2675 2413 2750 apostole?
2448 2673 2729 2748 Nunquid
2761 2673 2850 2733 vis
2881 2673 3149 2732 claudere
3182 2674 3392 2746 locum,
3420 2673 3577 2732 unde
3620 2678 3840 2731 nostra:

2121 2764 2532 2837 redemptionis
2578 2770 2664 2822 est
2712 2763 2967 2838 pretium
3017 2763 3360 2823 exiturum?
3411 2762 3694 2837 Nunquid
3745 2764 3840 2821 vis

2119 2854 2336 2912 fontem
2387 2853 2752 2925 restringere,
2800 2853 2903 2924 qui
2945 2850 3240 2925 pravitatis
3288 2859 3499 2910 nostris
3539 2851 3839 2909 descendit

2119 2942 2376 2999 maculas
2422 2941 2788 3001 emundare?
2838 2940 2985 2999 Ecce
3031 2941 3152 3014 jam
3204 2940 3355 2999 nosti
3408 2940 3579 2999 illum
3628 2939 3838 3013 procul

2120 3029 2298 3087 dubio
2339 3028 2525 3087 Deum
2567 3044 2711 3098 esse,
2756 3036 2948 3087 tamen
2990 3028 3288 3087 dissuades
3341 3035 3583 3087 mortem
3633 3027 3839 3086 subire

2121 3117 2246 3175 Nisi
2285 3117 2445 3175 enim
2498 3116 2684 3175 Deum
2731 3117 3012 3188 crederes,
3050 3117 3338 3192 propitius
3379 3117 3482 3175 tibi
3527 3121 3668 3187 esto,
3720 3114 3836 3172 Do-

2121 3207 2300 3276 mine,
2338 3221 2452 3264 non
2481 3204 2750 3263 dixisses.

2177 3294 2511 3354 'Concordat
2547 3294 2801 3368 denique
2841 3293 2985 3352 ﬁdes
3017 3293 3291 3368 discipuli
3332 3307 3464 3352 cum
3517 3291 3842 3352 assertione

2123 3386 2400 3461 Magistri.
2435 3406 2463 3439 «
2495 3385 2860 3453 Potestatem,
2911 3383 3130 3456 inquit,
3176 3383 3359 3441 habeo
3404 3381 3658 3456 ponendi
3701 3382 3839 3439 ani-

2124 3494 2280 3537 mam
2326 3492 2535 3548 meam,
2578 3484 2634 3535 et
2684 3481 3017 3551 potestatem
3068 3474 3251 3533 habeo
3302 3474 3515 3533 iterum
3559 3472 3837 3532 sumendi

2125 3567 2287 3626 illam
2316 3568 2488 3640 (Joan.
2520 3566 2600 3638 Χ).
2635 3586 2662 3617 »
2698 3564 2810 3625 Sed
2854 3563 2957 3638 qui
2983 3562 3099 3622 ﬁde
3126 3571 3261 3634 stas,
3294 3563 3631 3622 inﬁrmitate
3651 3563 3835 3635 iaces,

2125 3671 2298 3730 quem
2346 3655 2490 3714 lides
2524 3654 2711 3727 erigit,
2746 3654 2919 3712 timor
2966 3651 3184 3710 sternit.
3230 3649 3342 3720 Qui
3379 3666 3513 3724 ergo
3562 3649 3840 3724 Magistro

2126 3745 2313 3807 crucis
2362 3743 2638 3802 timueras
2694 3745 2957 3809 mortem,
2990 3746 3048 3798 et
3093 3739 3427 3812 tibimetipsi
3469 3739 3655 3813 pelagi
3700 3754 3839 3811 pro-

2127 3836 2492 3905 funditatem,
2539 3842 2677 3893 tunc
2723 3832 3000 3891 dilectum
3042 3830 3397 3904 discipulum
3447 3845 3563 3887 non
3604 3828 3841 3887 dubitas

2130 3926 2355 3985 mittere
2406 3925 2557 3983 inter
2602 3930 3029 3998 persecutorum
3072 3919 3392 3979 furentium
3435 3919 3674 3978 rabiem.
3714 3917 3841 3976 Cur

2132 4015 2258 4087 hoc,
2290 4014 2404 4073 nisi
2440 4013 2575 4087 quia
2624 4010 2976 4084 completum
3030 4015 3116 4067 est
3159 4007 3220 4066 in
3278 4014 3351 4079 te,
3381 4008 3538 4081 quod
3586 4022 3687 4082 per
3733 4020 3843 4064 co-

2132 4105 2455 4181 apostolum
2486 4114 2648 4163 tuum
2677 4104 2906 4175 dicitur,
2937 4103 3078 4177 quia
3106 4127 3131 4153 κ
3164 4103 3334 4162 timor
3356 4118 3474 4161 non
3492 4110 3575 4161 est
3606 4104 3667 4162 in
3694 4102 3844 4160 cha-

2134 4197 2318 4264 ritate,
2350 4194 2449 4252 sed
2497 4193 2745 4266 perfecta
2798 4192 3048 4251 charitas
3073 4192 3225 4253 foras
3253 4190 3427 4250 mittit
3458 4192 3717 4248 timorem
3749 4190 3778 4245 ?
3813 4210 3843 4242 ι

2136 4288 2185 4353 (I
2207 4287 2364 4340 Joan.
2393 4286 2497 4352 Iv.)
2542 4281 2671 4339 Jam
2720 4281 2879 4339 enim
2933 4282 3149 4340 iterum
3193 4280 3463 4341 audieras
3511 4296 3545 4338 a
3590 4278 3850 4337 Domino

351 4366 545 4439 vigent
597 4370 817 4443 robore,
873 4375 1139 4450 nihilque
1198 4376 1300 4434 tibi
1341 4378 1463 4451 jam
1519 4384 1781 4452 superest
1834 4380 1948 4438 nisi
1989 4378 2316 4452 utn(Joan.
2346 4376 2504 4441 XXI.)
2539 4392 2552 4431 :
2601 4395 2622 4422 ι
2666 4371 2891 4441 Simon,
2920 4387 3079 4432 amas
3116 4369 3254 4430 me?
3283 4394 3309 4420 ιι
3340 4371 3410 4429 Et
3435 4368 3844 4442 respondens:

348 4454 554 4516 timore
590 4462 921 4536 postposito,
952 4464 1193 4539 incipias
1222 4464 1495 4525 dimicare
1518 4468 1545 4524 ?
1574 4466 1739 4527 Unde
1765 4474 1894 4541 apte
1921 4471 2052 4530 sub-

342 4543 644 4618 jungitur:
677 4575 702 4602 u
735 4551 988 4613 Przedica
1013 4555 1096 4613 eis
1121 4554 1193 4613 de
1220 4557 1458 4614 nomine
1485 4557 1644 4627 Jesu,
1675 4567 1731 4616 et
1756 4573 1830 4617 ne
1860 4559 2056 4619 formi-

348 4631 620 4710 daveris;
658 4662 680 4691 ι
722 4647 992 4716 tanquam
1030 4643 1242 4702 diceret
1275 4668 1289 4701 :
1320 4644 1410 4703 Ex
1449 4645 1733 4719 jussionis
1772 4663 1919 4706 mete
1946 4665 2055 4707 au-

348 4724 607 4784 ctoritate
643 4731 1007 4804 congredere,
1048 4733 1280 4793 brachia
1313 4748 1568 4807 consere,
1596 4741 1663 4794 ut
1689 4751 2057 4795 communem

350 4811 657 4889 utriusque
729 4818 881 4893 regis
956 4823 1143 4893 possis
1208 4821 1511 4880 victoriam
1564 4823 1636 4880 de
1688 4823 2061 4898 triumphatis

347 4898 613 4963 hostibus
644 4914 952 4979 reportare.
990 4909 1264 4967 Percurre
1300 4909 1548 4983 impiger
1593 4911 1867 4981 stadium,
1898 4920 1963 4971 ut
1989 4913 2063 4971 ad

343 4992 704 5063 propositum
733 4996 1046 5057 victoribus
1086 4997 1361 5056 merearis
1392 4996 1723 5071 pertingere
1768 4999 2061 5074 bravium.

348 5074 478 5137 Non
529 5080 758 5141 dubites
804 5082 1056 5156 arripere
1106 5100 1384 5158 pugnam,
1426 5084 1497 5144 de
1534 5101 1648 5159 qua
1682 5086 1941 5145 nobilem
1974 5103 2066 5146 re-

349 5166 517 5241 feres,
546 5178 781 5231 auctore
825 5173 962 5245 Deo,
1010 5174 1266 5233 victoriae
1310 5175 1582 5249 palmam.
1619 5175 1757 5249 Ego,
1807 5190 1911 5248 ego
1963 5176 2067 5235 tibi

347 5259 640 5332 praecipio,
678 5261 815 5337 quia
855 5269 1186 5336 potestatem
1214 5264 1436 5338 ligandi
1476 5280 1591 5323 non
1631 5265 1820 5325 solum
1853 5264 1916 5323 in
1951 5272 2069 5323 ter-

352 5359 435 5414 ra,
466 5347 566 5405 sed
604 5355 662 5407 et
696 5350 757 5407 in
800 5350 1131 5423 cmlestibus
1165 5352 1378 5423 habeo;
1414 5368 1518 5427 ego
1557 5360 1612 5412 te
1647 5353 1719 5412 ad
1758 5352 2073 5427 pascendas

352 5446 492 5491 oves
536 5434 867 5497 Dominicas
922 5439 1105 5512 mitto,
1149 5441 1252 5515 qui
1296 5440 1452 5501 ovile
1501 5441 1674 5503 totius
1710 5448 1926 5503 sanctas
1962 5442 2071 5503 Ec-

359 5518 553 5582 clesiae
607 5524 870 5599 injuncta
917 5528 1066 5589 mihi
1133 5545 1273 5593 cura
1344 5532 1627 5593 custodio.
1685 5533 2075 5610 Prterogativa

2075 4429 2124 4488 D

2140 4460 2457 4532 «Domine,
2506 4466 2570 4519 tu
2619 4460 2731 4518 scis
2772 4460 2913 4534 quia
2956 4476 3089 4519 amo
3134 4466 3228 4530 te;
3285 4481 3308 4509 ι
3366 4457 3525 4517 illico
3576 4455 3843 4515 audisti:

2141 4575 2167 4598 ‹‹
2202 4548 2373 4607 Pasce
2402 4564 2542 4606 oves
2562 4564 2740 4606 meas.
2761 4569 2788 4598 υ
2821 4547 3061 4606 Dixerat
3089 4547 3299 4607 iterum
3323 4547 3609 4605 Dominus
3637 4568 3650 4602 :
3687 4566 3710 4595 ι
3744 4542 3849 4602 Si-

2137 4645 2234 4696 cut
2260 4637 2463 4695 dilexit
2496 4651 2585 4694 me
2611 4636 2796 4703 Pater,
2829 4643 2885 4694 et
2908 4652 3012 4709 ego
3041 4636 3220 4709 diligo
3252 4650 3355 4693 vos
3383 4638 3556 4709 (Joan.
3584 4635 3708 4703 xv).
3745 4631 3852 4691 Si-

2142 4732 2240 4785 cut
2264 4741 2399 4796 ergo
2430 4731 2484 4783 te
2520 4723 2802 4783 Dominus
2838 4724 3064 4794 dilexit,
3093 4740 3229 4783 cum
3259 4739 3361 4797 pro
3390 4720 3689 4796 pascendis
3714 4720 3854 4778 ovi-

2142 4816 2257 4873 bus
2286 4814 2408 4872 suis
2440 4815 2589 4873 inter
2608 4814 2876 4873 scandala
2900 4819 3335 4887 persecutorum
3362 4811 3560 4881 misit;
3591 4810 3674 4869 sic
3697 4815 3756 4868 et
3787 4816 3856 4867 tu

2144 4903 2500 4978 discipulum
2529 4903 2744 4977 diligis,
2777 4919 2911 4963 cum
2952 4919 3051 4978 pro
3096 4903 3316 4962 eisdem
3345 4901 3554 4960 ovibus
3590 4898 3661 4957 ad
3691 4912 3859 4956 mar-

2147 4991 2366 5065 tyrium
2392 4990 2612 5065 dirigis.

2223 5079 2335 5138 Sed
2382 5078 2541 5147 libet,
2575 5079 2779 5138 fratres
2811 5080 2946 5153 mei,
2981 5080 3106 5139 haec
3149 5079 3458 5154 apostolica
3488 5077 3663 5137 verba
3708 5075 3864 5135 sub-

2150 5170 2241 5229 tili
2296 5169 2664 5243 indagatione
2712 5169 2997 5229 discutere
3021 5218 3036 5241 ,
3099 5176 3156 5229 et
3227 5166 3514 5244 quomodo
3578 5165 3869 5225 canonica

2152 5259 2549 5320 ecclesiastica:
2586 5273 2850 5318 censurae
2883 5259 3190 5319 auctoritas
3218 5259 3279 5317 in
3318 5255 3602 5329 eligendis
3629 5268 3871 5328 praepo-

2153 5350 2279 5410 sitis
2324 5364 2501 5408 unam
2535 5347 2752 5422 ubique
2792 5355 2980 5408 teneat
3017 5349 3292 5424 regulam,
3324 5346 3662 5422 praevidere.
3700 5342 3873 5403 Dici-

2155 5447 2251 5501 tur
2267 5440 2425 5499 enim
2447 5439 2511 5498 B.
2538 5438 2893 5512 Apollinari:
2921 5460 2952 5496 ‹‹
2970 5438 3119 5509 Quid
3148 5438 3310 5503 sedes
3340 5438 3643 5501 nobiscum
3666 5434 3695 5493 ?
3714 5434 3875 5494 Ecce

2154 5529 2418 5592 eruditus
2451 5544 2514 5588 es
2538 5528 2612 5589 de
2640 5528 2918 5591 omnibus
2962 5544 3098 5607 qum
3148 5528 3286 5588 fecit
3337 5529 3529 5590 Jesus.
3569 5548 3593 5582 ι
3630 5525 3874 5587 Rursus
