4070 6198
263 116 294 129 κ

170 276 275 336 669

1665 269 1923 335 SEBMO
1961 266 2170 327 XXXI.

3569 266 3677 327 670

171 401 324 460 idem
361 398 749 472 apostolorum
776 399 1045 474 princeps
1081 413 1216 458 cum
1246 399 1309 457 in
1341 400 1462 458 loco
1492 399 1659 459 Judze
1702 397 1949 458 aliumA
1975 392 2069 452 Sic
2102 397 2157 450 et
2200 391 2321 465 ipse
2354 390 2528 448 Jacob
2569 390 2844 463 Ephraim
2882 396 2937 447 et
2981 389 3244 449 Manasse
3291 391 3430 450 ﬁliis
3461 393 3671 467 Joseph

170 479 479 562 subrogare
518 485 796 546 voluisset
844 487 1188 560 apostolum,
1232 493 1296 546 ut
1332 488 1756 562 neophytorum
1792 503 1884 546 re-

171 578 444 652 primeret
478 574 842 650 pravitatem,
874 575 1066 650 inquit
1098 600 1111 634 :
1153 601 1179 626 ι‹
1214 577 1443 649 Oportet
1483 594 1616 652 ergo
1669 594 1746 636 ex
1795 577 1888 635 his

171 667 332 736 viris,
372 665 476 740 qui
516 664 825 723 nobiscum
870 666 1199 738 congregati
1248 671 1386 724 sunt
1430 666 1492 724 in
1531 668 1693 726 omni
1737 674 1886 725 tem-

174 771 330 829 pore,
361 769 478 828 quo
520 753 783 822 intravit,
823 758 880 810 et
916 752 1102 810 exivit
1139 752 1290 810 inter
1329 768 1434 812 nos
1463 753 1751 812 Dominus
1788 751 1884 810 Je-

171 860 286 914 sus,
321 850 523 901 testem
555 842 998 902 resurrectionis
1028 842 1157 916 ejus
1194 843 1499 902 nobiscum
1542 842 1668 900 ﬁeri
1696 856 1887 900 unum

173 949 245 992 ex
274 933 401 991 istis
431 933 577 1004 (Act.
613 933 668 1005 1).
705 955 732 980 »
775 931 930 988 Hinc
963 931 1118 990 idem
1143 932 1266 1003 ipse
1292 932 1562 1003 gentibus
1591 932 1885 991 Christum

169 1021 598 1094 evangelizans,
652 1020 842 1078 aiebat
899 1045 912 1078 :
973 1043 995 1071 ιι
1024 1021 1198 1079 Hunc
1235 1021 1387 1079 Deus
1439 1021 1740 1080 suscitavit
1779 1029 1886 1079 ter-

169 1111 244 1168 tia
299 1110 414 1181 die,
467 1117 523 1167 et
561 1109 718 1167 dedit
768 1125 904 1168 eum
957 1109 1334 1168 manifestum
1381 1109 1508 1168 ﬁeri
1558 1125 1674 1168 non
1723 1111 1885 1169 omni

167 1197 399 1271 populo,
435 1197 533 1254 sed
580 1197 825 1256 testibus
879 1197 1283 1270 praeordinatis
1331 1214 1365 1256 a
1413 1198 1554 1268 Deo,
1585 1198 1754 1257 nobis
1782 1201 1885 1274 qui

170 1284 652 1343 manducavimus
683 1291 739 1342 et
775 1284 1036 1343 bibimus
1066 1301 1202 1344 eum
1249 1284 1372 1356 illo,
1410 1293 1718 1359 postquam
1753 1303 1885 1345 sur-

171 1373 320 1432 rexit
376 1389 409 1430 a
460 1373 706 1430 mortuis
751 1374 892 1446 (Act.
944 1375 1022 1446 X).
1055 1397 1076 1426 ι
1119 1373 1273 1432 Hinc
1321 1374 1444 1448 ipse
1492 1375 1772 1434 Dominus
1819 1376 1884 1434 in

171 1460 485 1534 Evangelio
518 1478 652 1521 cum
691 1463 762 1520 de
802 1463 1084 1521 mittendo
1123 1470 1318 1523 sancto
1359 1463 1577 1537 Spiritu
1614 1466 1885 1540 apostolis

171 1550 543 1625 loqueretur:
581 1573 602 1602 κ
637 1549 762 1620 Ille,
792 1551 1008 1626 inquit,
1035 1552 1433 1612 testimonium
1460 1554 1786 1627 perhibebit
1814 1557 1884 1615 de

175 1655 285 1708 me,
326 1646 381 1696 et
423 1655 528 1698 vos
563 1640 962 1699 testimonium
1000 1641 1399 1714 perhibebitis,
1431 1643 1568 1716 quia
1608 1642 1681 1701 ab
1716 1644 1884 1705 initio

1967 480 2232 540 osculum
2266 480 2530 554 praebuit,
2560 495 2694 538 cum
2723 495 2821 538 eos
2857 481 3008 538 inter
3035 480 3286 554 reliquos
3323 483 3676 555 patriarchas

1968 571 2337 640 constituens,
2366 570 2669 628 benedixit
2689 572 2838 642 (Gen.
2869 571 3094 644 XLVIII).
3127 571 3278 630 Hinc
3297 572 3466 631 etiam
3490 573 3676 630 eccle-

1968 660 2232 718 siasticus
2272 674 2396 716 mos
2435 658 2696 725 inolevit,
2740 667 2804 715 ut
2854 659 3153 731 pontiﬁces
3195 661 3309 731 his,
3350 677 3496 734 quos
3536 677 3674 719 con-

1969 753 2212 817 secrant,
2250 746 2516 804 osculum
2561 745 2834 803 tribuant.
2880 746 3052 816 Hinc,
3098 747 3322 816 fratres,
3355 749 3492 806 hinc
3519 765 3675 823 rogo,

1968 834 2240 908 colligite,
2273 834 2336 891 B.
2375 833 2727 907 Apollinaris
2763 839 2979 907 quanta
3017 833 3090 892 sit
3128 835 3426 907 celsitudo,
3467 837 3569 910 qui
3613 842 3679 896 ut

1968 923 2260 997 apostolus
2302 923 2373 979 ad
2430 937 2620 980 arcem
2661 921 3028 996 pontiﬁcatus
3066 922 3322 995 eligitur,
3370 930 3425 981 et
3470 933 3533 982 ut
3575 940 3676 997 pa-

1969 1011 2216 1068 triarcha
2255 1009 2587 1069 solemniter
2630 1008 2952 1067 ordinatur.
2985 1008 3094 1079 Qui
3123 1017 3179 1067 et
3211 1011 3284 1068 ab
3321 1010 3445 1081 illo,
3475 1018 3530 1069 et
3559 1027 3674 1070 non

1968 1103 2198 1160 diverso
2237 1101 2407 1160 modo
2448 1100 2805 1174 provehitur,
2837 1116 2871 1158 a
2917 1115 3035 1174 quo
3075 1107 3131 1159 et
3176 1101 3417 1175 apostoli
3454 1116 3683 1174 promo-

1969 1200 2199 1250 VCHIUI‘.

2041 1281 2280 1339 Videtur
2316 1295 2449 1353 ergo
2479 1279 2540 1336 in
2591 1279 2690 1338 illo
2719 1286 2774 1337 et
2812 1279 3120 1353 apostolica
3164 1280 3438 1355 dignitas,
3469 1291 3524 1342 et
3567 1300 3672 1358 pa-

1971 1371 2291 1430 triarchalis
2335 1370 2693 1440 sublimitas;
2729 1370 2864 1443 quia
2894 1379 2947 1428 et
2991 1370 3300 1443 apostolico
3338 1389 3435 1431 ore
3472 1390 3674 1448 prove-

1971 1463 2147 1535 hitur,
2180 1468 2234 1519 et
2278 1460 2646 1535 patriarchali
2686 1460 3048 1519 solemnitate
3080 1470 3466 1522 consecratur.
3517 1464 3675 1523 Unde

1969 1553 2052 1623 ﬁt,
2088 1558 2154 1611 ut
2183 1567 2318 1611 cum
2356 1549 2568 1621 caeteri,
2608 1549 2710 1623 qui
2743 1565 2844 1623 pro
2885 1549 3212 1608 testimonio
3244 1551 3500 1610 veritatis
3536 1569 3678 1625 sup-

1969 1641 2141 1715 plicia
2184 1640 2336 1714 passi
2383 1647 2536 1711 sunt,
2584 1644 2866 1714 martyres
2920 1647 3373 1713 nuncupentur;
3419 1641 3532 1711 hic,
3573 1642 3675 1714 qui

173 1744 401 1787 mecum
432 1730 571 1788 estis
598 1734 777 1800 (Joan.
810 1733 976 1800 XVI);
1016 1751 1038 1781 ι
1072 1736 1353 1804 tanquam
1380 1730 1633 1790 diceret:
1662 1733 1881 1794 Idcirco
1907 1747 2087 1806 Bnon
2125 1735 2313 1794 solum
2353 1751 2575 1809 passus,
2607 1734 2706 1792 sed
2737 1734 2910 1792 etiam
2941 1734 3012 1791 ad
3055 1733 3397 1806 martyrium
3430 1735 3502 1793 ab
3537 1751 3674 1808 apo-

173 1818 445 1876 idonenm
467 1819 539 1876 de
568 1835 662 1878 me
685 1817 1082 1877 testimonium
1111 1818 1512 1892 perhibebitis,
1543 1821 1683 1894 quia
1710 1822 1880 1894 quid-

1971 1824 2116 1884 stolo
2164 1832 2281 1882 tam
2329 1823 2599 1882 nobiliter
2641 1829 2725 1882 est
2768 1822 3004 1894 electus,
3053 1821 3399 1896 apostolicus
3459 1831 3678 1898 martyr

172 1908 315 1982 quid
349 1907 492 1966 alios
526 1906 862 1976 docueritis,
899 1907 1089 1980 longae
1126 1907 1585 1967 conversationis
1632 1909 1883 1968 assidui-
1963 1913 2098 1989 jure
2131 1912 2372 1970 dicatur.

184 2005 291 2057 tate
315 1999 426 2073 ipsi
450 2006 618 2056 antea
649 1998 949 2056 didicistis.

251 2085 514 2142 Audiant
565 2084 863 2157 neophyti,
903 2083 1146 2144 audiant
1189 2084 1344 2156 elati,
1395 2091 1452 2144 et
1505 2086 1671 2161 quasi
1721 2087 1887 2146 folles

183 2184 355 2234 vento
379 2176 750 2250 arrogantiae,
779 2183 834 2235 et
866 2175 1002 2250 igne
1026 2175 1358 2248 cupiditatis
1386 2177 1593 2248 inﬂati,
1626 2181 1728 2252 qui
1757 2188 1888 2239 ante

186 2264 391 2322 volunt
444 2265 669 2336 docere,
720 2281 896 2338 quam
947 2265 1167 2334 sciant;
1229 2273 1284 2324 et
1326 2266 1388 2324 in
1435 2268 1630 2326 schola
1676 2269 1887 2328 Christi

178 2357 309 2408 ante
346 2351 577 2409 inhiant
611 2351 675 2410 in
723 2351 991 2410 cathedra
1024 2351 1353 2423 praesidere,
1417 2369 1592 2426 quam
1644 2355 1886 2415 ferulam

174 2439 446 2498 sentiant.
477 2440 748 2514 Dumque
781 2441 1108 2499 inordinato
1146 2440 1347 2499 ordine
1371 2457 1490 2500 non
1517 2459 1619 2516 per
1651 2445 1884 2513 ostium,

175 2529 272 2586 sed
308 2529 549 2588 aliunde
586 2529 659 2587 ad
696 2529 996 2602 regiminis
1028 2531 1163 2602 jura
1213 2538 1622 2604 prorumpunt,
1666 2549 1782 2591 non
1828 2550 1890 2592 se

174 2628 431 2693 pastores
487 2635 633 2689 esse,
703 2619 800 2677 sed
852 2619 1030 2688 fures,
1082 2626 1138 2676 et
1195 2620 1581 2679 mercenarios
1631 2630 1891 2696 patenter

172 2709 503 2780 ostendunt,
544 2706 684 2764 166
715 2709 816 2782 qui
846 2709 1114 2781 prodesse
1142 2708 1227 2766 nil
1257 2717 1484 2779 curant,
1519 2711 1616 2768 sed
1645 2727 1891 2783 praeesse

174 2798 411 2855 ﬂamma
435 2795 942 2871 perniciosissimae
971 2797 1302 2872 cupiditatis
1328 2799 1621 2857 anhelant.
1654 2800 1732 2858 Hi
1768 2817 1893 2874 pro-

2041 2005 2198 2063 Inter
2232 2005 2357 2062 haec
2407 2019 2530 2073 vos,
2560 2003 2767 2062 fratres
2803 2001 3152 2074 charissimi,
3182 2002 3253 2060 ad
3299 2003 3676 2076 vosmetipsos

1973 2094 2174 2163 redite,
2203 2099 2369 2151 actus
2396 2099 2614 2151 vestros
2642 2092 2888 2152 sollicita
2914 2093 3344 2150 examinatione
3369 2094 3676 2164 discutite;

1972 2189 2028 2241 et
2064 2182 2164 2256 qui
2212 2182 2415 2240 laudes
2462 2183 2732 2256 martyris
2770 2182 3016 2239 libenter
3051 2181 3282 2253 auditis,
3326 2181 3678 2240 laudabilem

1972 2272 2151 2328 vitam
2191 2271 2403 2328 habere
2442 2278 2656 2329 curate.
2700 2271 2824 2328 Non
2867 2275 2952 2327 est
2978 2269 3136 2328 enim
3174 2269 3426 2342 speciosa
3459 2269 3586 2327 laus
3616 2270 3678 2327 in

1972 2375 2070 2418 ore
2123 2359 2435 2432 peccatoris
2485 2362 2674 2430 (Eccli.
2720 2368 2843 2431 XV).
2892 2357 2987 2416 Illi
3034 2358 3191 2415 enim
3247 2358 3422 2430 digne
3467 2357 3681 2416 sanctis

1974 2449 2250 2507 laudibus
2279 2449 2546 2517 efferunt,
2580 2449 2684 2522 qui
2714 2448 3079 2507 laudabiliter
3106 2447 3335 2506 vivunt.
3369 2447 3438 2505 Et
3481 2447 3542 2504 hi
3573 2447 3683 2505 for-

1972 2539 2120 2596 tium
2152 2539 2393 2598 virtutes
2432 2537 2656 2598 utiliter
2691 2536 2958 2604 audiunt,
2988 2552 3134 2610 quos
3169 2535 3366 2594 audita
3396 2534 3682 2608 praeconia

1973 2626 2044 2682 ad
2107 2642 2364 2684 amorem
2418 2626 2763 2684 imitationis
2821 2625 3118 2683 accedunt.
3179 2624 3467 2682 Caeterum
3538 2621 3682 2696 quid

1973 2715 2202 2788 prodest
2252 2715 2299 2773 si
2349 2715 2494 2773 alios
2541 2715 2880 2774 constitutos
2927 2714 2990 2770 in
3047 2713 3405 2772 sublimibus
3463 2711 3682 2779 videas,

1973 2805 2096 2876 ipse
2157 2819 2291 2862 vero
2355 2804 2415 2860 in
2475 2819 2730 2877 praeceps
2790 2803 2861 2860 ad
2933 2802 3049 2859 ima
3105 2799 3463 2860 descendas?
3531 2799 3683 2868 Quid

171 2886 318 2945 fecto
373 2903 494 2944 non
535 2887 947 2960 prmferuntur,
985 2893 1048 2943 ut
1088 2885 1302 2945 Christi
1351 2888 1507 2945 ovile
1545 2889 1889 2960 custodiant,
1979 2891 2119 2948 157
2175 2894 2405 2967 prodest
2457 2893 2692 2951 fortium
2740 2892 3084 2950 bellatorum
3127 2891 3452 2963 triumphos
3497 2887 3686 2946 extol-

175 2993 289 3034 non
322 2983 390 3036 ut
417 2992 649 3050 gregem
688 2975 1056 3034 Dominicum
1092 2981 1346 3050 pascant,
1382 2977 1480 3034 sed
1515 2983 1580 3035 ut
1620 2977 1889 3036 miseram
1974 2982 2112 3053 lere,
2155 2984 2206 3041 si
2249 2983 2370 3057 ipse
2409 2998 2528 3040 non
2572 2981 2875 3040 erubescas
2921 2982 3181 3055 quotidie
3218 2989 3374 3053 terga
3421 2980 3686 3039 hostibus

173 3083 410 3126 carnem
472 3083 641 3126 suam
680 3068 741 3125 in
792 3067 1046 3125 lasciviis
1082 3075 1140 3124 et
1191 3067 1588 3142 voluptatibus
1642 3069 1944 3165 molliterc
1975 3071 2163 3130 dare?
2194 3071 2470 3144 Quisquis
2497 3086 2630 3143 ergo
2659 3070 2876 3142 gaudes
2918 3069 3140 3128 fortiter
3173 3071 3358 3143 egisse
3401 3077 3683 3141 martyres

175 3159 477 3226 nutriant;
506 3158 768 3229 dumque
806 3172 866 3214 se
895 3157 1181 3231 proximis
1230 3157 1495 3228 praelatos
1526 3173 1650 3215 esse
1697 3157 1944 3217 consi-'
1975 3160 2212 3231 Christi,
2259 3160 2481 3233 corripe
2521 3166 2577 3216 et
2623 3159 2746 3231 ipse
2792 3175 2956 3216 arma
2993 3159 3142 3216 inter
3187 3159 3401 3217 milites
3445 3157 3681 3217 Christi.

174 3246 398 3317 derant,
433 3261 644 3304 caecam
679 3251 933 3302 mentem
986 3244 1050 3302 in
1089 3244 1381 3317 superbiae
1420 3245 1694 3304 cornibus
1724 3247 1891 3304 exal-
1975 3249 2192 3309 Desunt
2223 3250 2482 3308 exterius
2511 3247 2754 3308 hostes?
2785 3248 2956 3306 Verte
2998 3264 3206 3306 manus
3235 3247 3295 3305 in
3337 3254 3409 3318 te,
3449 3256 3502 3306 et
3532 3249 3685 3308 mul-

175 3343 315 3393 tant.
348 3336 609 3394 Audiant
637 3349 793 3406 ergo,
827 3333 931 3406 qui
972 3333 1258 3407 ejusmodi
1289 3342 1444 3404 sunt,
1473 3342 1526 3392 et
1556 3335 1648 3393 vel
1689 3343 1894 3395 curent

175 3441 234 3484 se
279 3424 356 3482 ab
405 3424 513 3481 hac
549 3423 998 3497 praesumptione
1055 3438 1436 3496 compescere,
1480 3425 1572 3482 vel
1624 3427 1894 3485 noverint

172 3529 234 3571 se
269 3530 304 3570 a
340 3528 576 3585 corpore
616 3519 829 3570 sanctae
867 3511 1143 3570 Ecclesiae
1178 3512 1322 3586 jam,
1365 3512 1471 3570 etsi
1522 3529 1636 3571 non
1676 3521 1890 3588 aperte,

175 3619 311 3661 vere
377 3609 569 3660 tamen
623 3601 899 3661 radicitus
958 3600 1230 3676 prmcisos
1276 3603 1483 3675 jacere.
1542 3602 1686 3661 Ecce
1740 3604 1893 3663 beati

172 3691 442 3768 apostoli,
475 3707 648 3766 super
688 3707 838 3765 quos
875 3693 1041 3764 quasi
1074 3691 1453 3750 solidissimas
1501 3693 1668 3752 bases
1699 3702 1894 3753 sancta

174 3782 464 3840 fundatur
512 3780 788 3852 Ecclesia,
852 3796 969 3839 non
1024 3780 1337 3851 novitium,
1395 3797 1512 3840 non
1567 3783 1890 3856 indoctum,

173 3872 275 3930 sed
320 3869 494 3929 illum
540 3870 830 3941 ordinant,
869 3885 1046 3944 quem
1101 3869 1165 3926 in
1224 3869 1507 3944 doctrina,
1566 3879 1620 3932 et
1680 3879 1894 3931 sanctae

173 3957 633 4018 conversationis
684 3957 876 4017 studio
938 3957 1342 4031 perspexerint
1392 3973 1516 4018 esse
1571 3967 1892 4019 maturum.

174 4049 301 4108 Hoc
341 4049 556 4122 quaerit
587 4047 790 4106 Petrus
821 4047 883 4105 in
917 4045 1152 4115 Mathia,
1183 4061 1319 4104 cum
1349 4047 1522 4119 elegit
1566 4048 1628 4106 in
1667 4056 1892 4123 aposto-

175 4135 381 4202 latum,
431 4133 540 4191 hoc
576 4133 640 4191 in
695 4131 1032 4208 Apollinare
1073 4147 1210 4191 cum
1245 4141 1544 4206 promovet
1578 4136 1641 4193 in
1677 4136 1896 4208 episco-

177 4230 400 4296 patum.
434 4220 599 4290 Quod
631 4237 764 4296 ergo
806 4221 1092 4280 Dominus
1134 4220 1462 4294 providerat
1501 4222 1893 4297 in,apostolis,

178 4310 289 4366 hoc
315 4310 560 4382 apostoli
589 4309 954 4368 considerant
985 4308 1049 4366 in
1076 4307 1408 4382 apostolicis
1433 4308 1598 4368 viris.

1977 3345 2060 3397 tos
2121 3339 2420 3397 seditiosos
2485 3336 2751 3395 invenies
2821 3336 2997 3393 cives.
3075 3335 3256 3392 Doma
3333 3338 3684 3410 superbiam,

1969 3429 2175 3502 jugula
2229 3427 2615 3497 iracundiam,
2665 3423 2974 3494 exstingue
3051 3422 3376 3493 libidinem,
3437 3424 3685 3494 reprime

1974 3516 2302 3586 avaritiam,
2327 3515 2520 3574 occide
2545 3512 2862 3582 invidiam;
2892 3518 2966 3579 et,
2997 3516 3060 3568 ut
3095 3511 3348 3569 breviter
3371 3527 3506 3570 cum
3542 3513 3690 3583 Apo-

1976 3604 2120 3662 stolo
2170 3609 2376 3662 cuncta
2421 3601 2765 3674 complectar
2815 3617 2826 3656 :
2883 3596 3222 3676 «.Cruciﬁge
3266 3613 3495 3656 carnem
3530 3604 3687 3656 tuam

1974 3708 2110 3751 cum
2155 3691 2310 3749 vitiis
2339 3693 2485 3760 (Gal.
2520 3694 2604 3758 V).
2647 3710 2668 3738 ι
2703 3687 2828 3746 Hoc
2863 3695 2947 3744 est
2988 3686 3209 3745 fortiter
3238 3704 3427 3760 agere,
3468 3687 3577 3745 hoc
3605 3694 3689 3745 est

1975 3780 2223 3839 viriliter
2266 3779 2560 3836 dimicare.
2606 3775 2751 3833 Nam
2780 3775 2919 3850 quid
2953 3776 3144 3849 juvat,
3171 3777 3221 3832 si
3268 3775 3418 3833 circa
3465 3774 3685 3833 vallum

1975 3876 2028 3929 te
2065 3885 2183 3928 non
2221 3866 2520 3927 obsideant
2557 3865 2707 3922 acies
2758 3864 3246 3938 persequentium,
3281 3871 3336 3922 et
3385 3864 3541 3921 intra
3590 3879 3691 3921 ur-

1973 3960 2064 4017 bis
2099 3958 2315 4016 mmnia
2341 3961 2638 4029 grassetur
2667 3954 2960 4012 barbaries
2999 3953 3276 4012 vitiorum
3303 3952 3331 4011 ?
3360 3953 3464 4011 Vis
3494 3960 3688 4012 autem

1974 4047 2165 4106 adhuc
2193 4043 2449 4118 apertius
2501 4042 2736 4112 discere,
2779 4041 3027 4115 qualiter
3063 4041 3121 4098 in
3153 4057 3293 4116 pace
3331 4048 3543 4099 sanctae
3579 4042 3688 4098 Ec-

1975 4136 2165 4194 clesiae
2195 4135 2385 4193 valeas
2417 4132 2760 4206 martyrium
2795 4130 3064 4189 invenire
3089 4127 3117 4187 ?
3145 4131 3301 4188 Audi
3329 4135 3565 4200 attente,
3593 4131 3687 4188 in-

1979 4223 2169 4297 tellige
2217 4221 2542 4295 diligenter.
2591 4218 2700 4277 Cor
2743 4218 2962 4291 vigilet,
3003 4219 3201 4278 oculos
3242 4234 3361 4277 non
3395 4219 3685 4277 dormitet.

1976 4313 2143 4384 Quod
2196 4311 2354 4370 enim
2399 4309 2548 4380 dico,
2596 4308 3006 4367 brevissimum
3056 4314 3160 4366 est.
3206 4308 3469 4366 Ascende
3512 4308 3691 4382 igitur

254 4397 416 4455 Illud
454 4396 629 4455 etiam
663 4395 1134 4470 praetereundum
1183 4412 1300 4455 non
1349 4403 1453 4468 est,
1493 4398 1645 4471 quod
1691 4399 2239 4471 beatushtrihunal
2289 4401 2520 4469 mentis,
2564 4405 2620 4457 et
2671 4397 3036 4470 temetipsum
3093 4397 3356 4470 pertrahe
3413 4397 3483 4453 ad
3539 4396 3692 4467 judi-

1920 4452 1970 4511 D

176 4483 478 4559 αροειῡιιιε
509 4484 773 4542 osculans
805 4483 1183 4558 diSCiPulllm,
1211 4484 1404 4542 emis“
1434 4501 1568 4544 eum
1601 4502 1635 4543 ὃ
1673 4501 1752 4543 se.
1787 4485 1898 4542 Hic
1920 4483 2139 4550 "cium
2177 4490 2535 4564 quaestionis.
2565 4486 2844 4560 Cogitatio
2880 4491 3125 4555 accuset,
3169 4484 3406 4542 animus
3449 4485 3686 4557 judicet,

174 4572 563 4646 antiquorum
597 4571 834 4630 Patrum
859 4572 1212 4631 consuetudo
1241 4571 1535 4643 recolitur,
1567 4579 1622 4630 et
1651 4574 1713 4630 in
1742 4587 1896 4631 novo

168 4664 297 4737 jam
333 4662 548 4721 saeculo
586 4669 848 4720 veterum
880 4662 1338 4735 patriarcharum
1373 4662 1693 4735 antiquitas
1730 4679 1894 4735 repa-

175 4759 362 4810 ratur.
396 4751 541 4810 Ecce
568 4750 727 4809 Isaac
753 4750 966 4810 iterum
988 4751 1180 4809 filium
1201 4752 1513 4811 osculatur.
1548 4751 1694 4810 Ecce
1715 4751 1892 4810 Jacob

170 4842 397 4899 iterum
449 4839 832 4912 benedicitur,
890 4846 944 4898 et
995 4839 1317 4914 patriarcha
1361 4857 1396 4898 a
1443 4839 1768 4913 patriarcha
1821 4855 1896 4897 ex

173 4929 534 4990 authenticze
566 4928 894 4989 traditionis
915 4928 1118 4987 ordine
1145 4937 1525 4988 consecratur.
1563 4927 1658 4987 Illi
1675 4929 1896 4988 dictum

1981 4579 2269 4652 paenitens
2305 4576 2656 4636 conscientia
2686 4574 2847 4632 velut
2876 4573 3136 4630 carnifex
3179 4571 3364 4640 feriat,
3407 4571 3688 4645 lacryma-

1985 4683 2114 4726 rum
2140 4666 2302 4724 rivus
2339 4665 2497 4723 velut
2529 4663 2745 4722 vulnus
2773 4668 3054 4735 erumpat.
3093 4658 3187 4718 Sic
3220 4661 3302 4718 sic
3338 4675 3438 4732 per
3466 4667 3680 4734 marty»

1981 4755 2052 4814 rii
2105 4753 2570 4823 similitudinem,
2626 4750 2697 4808 ad
2751 4764 2946 4808 veram
3001 4747 3304 4822 pervenies
3366 4754 3689 4820 martyrum

1981 4843 2340 4917 dignitatem,
2375 4839 2697 4900 auxiliante
2731 4838 2978 4897 Domino
3017 4843 3212 4895 nostro
3250 4834 3389 4894 Jesu
3439 4835 3686 4908 Christo,

1981 4934 2082 5007 qui
2125 4947 2258 4990 cum
2296 4930 2462 4989 Patre
2509 4936 2563 4986 et
2607 4926 2827 5000 Spiritu
2876 4933 3071 4983 sancto
3124 4923 3272 4982 vivit
3309 4929 3364 4982 et
3412 4922 3692 4997 gloriatur

171 5027 263 5075 est
293 5041 307 5074 :
341 5040 365 5067 ι
398 5017 620 5076 Accede
645 5017 718 5076 ad
743 5033 858 5089 me,
889 5016 1000 5090 ﬁli,
1027 5024 1091 5076 ut
1111 5017 1412 5076 benedicat
1431 5018 1532 5076 tibi
1553 5019 1747 5078 anima
1769 5034 1899 5077 mea
1984 5040 2083 5099 per
2110 5021 2342 5081 inﬁnita
2366 5019 2580 5078 saecula
2610 5016 2978 5077 saeculorum.
3009 5016 3219 5071 Amen.

172 5110 340 5178 (Gen.
374 5113 594 5177 XXVII).
632 5129 655 5161 ι
684 5107 803 5184 Ipsi
839 5107 1061 5166 dictum
1085 5113 1172 5166 est
1201 5131 1214 5168 :
1251 5129 1273 5160 ι
1311 5107 1516 5183 Surge,
1541 5109 1732 5182 accipe
1765 5108 1897 5183 Spi-

171 5199 363 5257 ritum
391 5205 677 5258 sanctum.
709 5224 737 5249 ››
766 5197 861 5257 Illi
889 5198 1111 5258 dictum
1136 5203 1221 5256 est
1251 5220 1264 5255 :
1302 5221 1324 5249 α
1364 5199 1472 5258 Det
1510 5199 1616 5257 tibi
1643 5200 1799 5258 Deus
1828 5199 1900 5258 de

171 5303 312 5346 rore
348 5287 504 5359 coeli,
541 5293 595 5345 et
623 5286 693 5347 de
742 5286 1095 5362 pinguedine
1147 5293 1313 5346 terra:
1367 5288 1726 5347 abundantia
1774 5289 1898 5347 fru-

171 5375 390 5447 menti,
423 5374 549 5434 vini
579 5381 636 5436 et
656 5373 770 5436 olei
789 5375 1005 5450 (Ibid);
1040 5398 1060 5426 ι
1090 5373 1188 5434 isti
1217 5390 1352 5435 vero
1372 5375 1585 5436 dicitur
1613 5399 1626 5435 :
1659 5399 1685 5426 ιι
1712 5375 1901 5436 Mittat

170 5466 474 5526 Dominus
509 5473 703 5528 noster
733 5467 904 5528 Jesus
951 5466 1212 5526 Christus
1243 5465 1518 5538 angelum
1562 5481 1757 5537 suum,
1799 5465 1897 5540 qui

171 5563 474 5632 praeparet
496 5557 604 5618 iter
627 5563 887 5631 tuum,_ct
907 5571 1039 5636 quae
1059 5555 1462 5632 postnlaveris,
1482 5561 1702 5615 annuat
1718 5554 1844 5614 tibi.
1871 5577 1892 5605 ι

2603 5120 2850 5182 SERMO
2875 5118 3084 5178 XXXI.

2238 5227 2299 5273 II.
2332 5225 2404 5271 DE
2433 5223 2657 5270 SANCTO
2681 5219 3043 5268 APOLLINARI!
3069 5212 3345 5266 EPISCOPO
3376 5215 3450 5263 ET

2493 5293 2792 5341 MAnTvnE.
2828 5282 3000 5354 (XXIII
3027 5279 3174 5350 JUL.)

2056 5372 2372 5449 Apostolici
2429 5369 2702 5444 martyris
2767 5367 3016 5442 gloriosa
3081 5365 3437 5438 solemnitas,
3489 5366 3695 5423 fratres

1988 5458 2334 5532 charissimi,
2383 5459 2630 5518 alacrem
2689 5457 2821 5514 fecit
2872 5462 3078 5514 vestra:
3131 5453 3453 5514 devotionis
3496 5453 3703 5520 adesse

1990 5559 2362 5612 conventum.
2402 5549 2564 5612 Unde
2612 5548 2858 5620 dignum
2898 5553 3002 5618 est,
3055 5553 3118 5603 ut
3152 5544 3456 5622 communi
3501 5545 3703 5603 vobis‘
