4070 6198
368 265 472 345 671
986 262 1046 325 S.
1089 264 1313 327 PETRI
1349 266 1673 326 DAMIANI
1710 267 1868 327 OPP.
1908 261 2102 324 PARS
2143 258 2284 320 SEU
2323 254 2575 318 TOMUS
2614 254 2689 314 Il.
2729 283 2800 296 —
2839 247 3255 312 SERMONES.
3486 302 3495 310 .
3758 244 3863 304 67‘2

373 409 508 454 cum
536 392 735 452 laetitia
772 391 985 466 pariter
1020 390 1398 461 exsultemus,
1428 402 1483 451 et
1525 398 1697 451 totam
1739 394 1887 451 hanc
1914 392 2067 451 diem
2087 385 2242 452 Ailli
2269 379 2746 444 oculos’reddidit
2777 377 3003 449 frontis,
3031 375 3159 433 istis
3189 371 3368 433 multo
3402 370 3631 430 felicius
3658 368 3863 428 lumen

370 483 434 540 in
473 482 732 556 psalmis,
763 481 999 555 hymnis
1035 487 1091 539 et
1130 480 1366 539 canticis
1411 467 1813 555 spiritualibus
1852 497 2074 556 expen-
2152 476 2378 552 aperuit
2411 473 2617 533 cordis.
3030 502 3041 509 κ

371 549 599 630 damus.
648 549 852 628 Merito
890 569 1061 628 hodie
1104 570 1357 643 profusis
1404 549 1631 644 gaudiis
1670 578 1823 629 totus
1860 549 2076 645 ubique
2189 549 2397 624 —Becte
2435 577 2570 635 ergo
2618 558 2847 629 dicitur,
2890 557 3030 631 quia
3068 554 3219 645 sicut
3252 551 3487 645 Lucifer
3526 550 3585 645 in
3640 549 3868 645 orbem,

374 667 657 717 terrarum
710 658 867 717 orbis
935 635 1209 717 exsultat.
1268 635 1473 717 Merito
1540 668 1734 718 sancta
1798 635 2071 730 Ecclesia,
2153 654 2233 711 ita
2258 650 2628 710 beatissimus
2665 646 2758 704 vir
2787 660 2952 704 suam
2995 648 3081 701 est
3111 640 3335 699 delatus
3371 638 3432 696 in
3462 636 3689 730 urbem.
3719 635 3875 705 Quot

375 748 667 822 dispositis
720 746 985 803 ﬁdelium
1036 746 1247 817 choris,
1309 746 1638 805 dulcisonas
1696 724 2075 807 melodiarum
2153 744 2348 799 autem
2384 738 2465 795 ibi
2511 734 2794 809 supplicia
2828 730 3190 822 sustinuerit,
3239 735 3380 822 quot
3430 724 3871 822 mortiumtor-

374 813 542 894 voces
583 834 845 892 alternat.
893 832 1147 892 Gaudeat
1190 813 1519 907 Antiochia,
1563 851 1694 911 quae
1729 836 1901 894 talem
1952 853 2077 895 me-
2156 835 2349 893 menta
2393 822 2760 899 percurrerit,
2812 821 2908 879 ille
2946 819 3201 911 quidem
3230 815 3484 891 perferre
3520 813 3873 911 mirabiliter

378 926 493 984 ruit
516 924 752 997 gignere
781 923 1008 992 ﬁlium;
1040 923 1291 982 exsultet
1329 904 1533 995 Roma,
1580 904 1713 996 quas
1760 925 1929 982 talem
1978 941 2076 998 po-
2155 918 2359 994 potuit,
2394 932 2498 975 nos
2534 915 2748 973 referre
2776 910 3133 998 quantalibet
3165 909 3386 998 linguas
3420 913 3633 964 nostra;
3662 904 3874 961 facun-

378 1013 487 1072 tuit
516 992 727 1070 habere
769 1012 1154 1087 discipulum;
1196 1013 1483 1086 praecipue
1522 992 1661 1072 vero
1694 1013 1902 1087 jubilet
1941 992 2080 1074 urbs

2279 1020 2391 1063 non
2429 1003 2708 1062 valemus.
2739 999 3015 1068 Caeditur,
3044 996 3252 1065 uritur,
3286 992 3647 1060 vulneratur,
3677 1004 3875 1087 equu-

380 1104 674 1175 Bavenna,
721 1118 855 1176 quae
911 1078 1150 1161 tantum
1198 1078 1414 1162 meruit
1474 1078 1711 1161 referre'
1746 1110 2077 1177 patronum.
2160 1096 2248 1153 leo
2291 1100 2472 1152 tortus
2511 1107 2614 1166 per
2652 1089 2909 1149 membra
2956 1092 3162 1145 cuncta
3198 1082 3577 1177 discerpitur;
3620 1078 3715 1137 sed
3755 1091 3878 1175 quo

377 1191 519 1262 Quae
546 1191 703 1250 enim
734 1166 853 1250 erat
883 1193 1217 1251 dmmonum
1243 1200 1408 1252 antea
1436 1166 1764 1265 delubrum,
1796 1209 1898 1267 per
1928 1194 2084 1251 hunc
2161 1183 2345 1255 magis
2389 1195 2522 1239 caro
2572 1195 2676 1253 per
2728 1182 3014 1267 tormenta
3060 1171 3411 1267 CODCUtitur,
3443 1185 3532 1267 _80
3587 1182 3755 1225 mens
3813 1166 3879 1223 in

378 1279 699 1341 ccelestium
739 1288 1073 1352 senatorum
1112 1282 1258 1340 facta
1294 1290 1379 1339 est
1409 1258 1763 1356 capitolium.
1796 1258 1893 1341 lbi
1924 1284 2080 1341 enim

2255 1286 2347 1330 um
2379 1270 2498 1327 lixa
2530 1267 2759 1326 ﬁrmius
2786 1266 3123 1332 roboratur;
3156 1268 3212 1319 et
3238 1258 3405 1333 quasi
3437 1259 3575 1332 igne
3599 1270 3881 1356 succensa

371 1371 495 1444 jam
545 1376 868 1443 martyrum
916 1348 1151 1444 corpora
1197 1344 1587 1443 requiescunt,
1633 1372 1715 1429 ibi
1766 1370 2082 1430 multorum
2165 1360 2450 1429 materies?
2502 1373 2618 1431 (Ιυο
2655 1355 2788 1444 P‘US
2832 1351 3272 1444 adYefslmtllmn
3296 1346 3488 1444 venti?
3527 1344 3878 1444 imgellitllr.

378 1432 716 1517 sanctorum
758 1432 1071 1530 patrocinia
1112 1432 1523 1518 reconduntur.
1566 1432 1705 1529 Quae
1743 1476 1878 1533 ergo
1924 1461 2085 1534 prius
2166 1464 2233 1506 80
2282 1448 2340 1505 ill
2386 1461 2643 1504 amorem
2690 1442 2793 1501 Ι)θὶ
2835 1441 3133 1534 ardeqﬁus
3170 1436 3591 1534 ίηΠξιξΠωδῑυΓ-
3632 1432 3886 1534 Sam—fus

382 1548 533 1605 male
563 1522 809 1605 fecunda
838 1548 898 1606 in
936 1547 1075 1605 filiis
1113 1548 1235 1606 suis
1278 1549 1490 1606 multas
1524 1522 1762 1623 stipulas
1791 1522 2084 1623 germina-
2168 1538 2384 1613 QUiPPe
2429 1536 2520 1594 Vil‘
2570 1535 2709 1594 dum
2758 1533 2900 1592 foris
2947 1530 3148 1590 ίοῘθΓθῑ
3184 1527 3480 1623 ῑαΐιξῖηοηξι
3512 1522 3886 1623 ῬεΪδθοΠῖίφ

386 1636 480 1694 bat
517 1635 765 1707 inferno,
797 1637 916 1711 jam
957 1638 1057 1710 per
1094 1637 1198 1696 Dei
1230 1638 1473 1710 gratiam
1504 1614 1716 1696 multos
1760 1614 1915 1696 cives
1953 1654 2085 1712 par-
2167 1629 2279 1696 Dis.
2314 1628 2473 1684 illius
2517 1625 2760 1683 recurrit
2786 1624 2870 1712 ad,
2900 1636 3091 1679 arcem
3128 1617 3471 1712 ωθῐὶῐίεηθι
3508 1614 3887 1712 inde

264 1745 283 1757 ο
382 1724 722 1794 turitccelo;
853 1692 975 1799 jani
1004 1728 1212 1800 pOpulo
1230 1692 1404 1783 illius
1439 1742 1553 1783 non
1594 1727 1886 1784 immerito
1924 1692 2079 1784 dica-
2105 1715 2276 1798 Bsub
2327 1730 2387 1771 se
2427 1714 2513 1771 ire
2556 1713 2817 1786 despicit,
2855 1710 3005 1800 inter
3041 1721 3175 1800 quas
3222 1703 3465 1762 transire
3514 1697 3891 1800 corporaliter

383 1819 518 1871 tur:
562 1789 744 1872 «Jam
776 1789 892 1873 non
925 1789 1353 1889 est-ishospites
1384 1822 1440 1875 et
1483 1817 1725 1873 advenze
1748 1835 1762 1884 ;
1807 1815 1905 1872 sed
1954 1789 2344 1873 estisuetiam
2390 1802 2765 1876 semetipsum
2807 1797 3010 1889 ϐθΐῐξίῐ-
3061 1795 3250 1853 Minas
3287 1789 3698 1889 .DOIL-metUif,
3758 1794 3890 1845 ἴοι·-

382 1900 540 1957 cives
565 1908 915 1974 sanctorum,
948 1910 1002 1961 et
1039 1878 1336 1960 domestici
1374 1904 1477 1961 Dei
1509 1907 1521 1962 ξ
1574 1926 1594 1954 ι
1648 1878 1864 1975 (Ερὶιεε.
1898 1905 1980 1973 11.)
2019 1902 2091 1959 Et
2175 1903 2365 1956 menta
2413 1892 2676 1951 alacriter
2710 1886 2979 1964 patiendo
3010 1882 3372 1975 contemnit._
3394 1881 3544 1975 Hinc
3581 1878 3746 1975 enim.
3783 1891 3890 1949 per

386 2003 490 2062 per
530 1987 762 2047 Petrum
796 2014 808 2047 :
845 2016 871 2039 «
914 1990 1030 2050 Vos
1071 1992 1206 2048 estis
1240 2007 1425 2065 genus
1468 1992 1732 2060 electum,
1776 1992 1967 2063 regale
1997 2006 2087 2047 sa-

387 2077 728 2149 cerdotium,
758 2095 899 2152 gens
929 2087 1143 2144 sancta,
1174 2082 1425 2155 pOpulus
1453 2082 1848 2155 acquisitionis
1875 2087 1917 2149 (Ι
1942 2086 2085 2138 Petr.

389 2170 472 2238 II).
512 2188 533 2217 ν
573 2167 759 2239 Reges
799 2168 953 2226 enim
1003 2185 1227 2237 sumus,
1269 2171 1403 2244 quia
1461 2171 1648 2229 crucis
1696 2172 1983 2229 vexillum
2028 2170 2090 2228 in

388 2256 576 2314 fronte
634 2262 947 2329 portamus.
1006 2257 1336 2318 Sacerdotes
1384 2265 1578 2317 autem
1631 2259 1763 2334 jure
1815 2260 2089 2327 dicimur,

386 2345 525 2417 quia
553 2344 879 2404 chrismatis
903 2348 1174 2405 unctione
1201 2347 1467 2406 linimur.

458 2432 619 2492 Juste
649 2450 783 2507 ergo
811 2435 1036 2509 egregia
1066 2436 1166 2494 illa
1206 2435 1537 2508 metropolis
1577 2436 1647 2494 de
1675 2436 1739 2495 B.
1790 2436 2089 2509 Apollina-

390 2520 471 2579 ris
528 2521 833 2581 festivitate
881 2524 1204 2595 specialiter
1254 2524 1484 2598 gaudet,
1540 2541 1644 2598 per
1694 2540 1891 2599 quem,
1948 2524 2090 2582 olim

389 2612 630 2685 profana
690 2619 746 2670 et
802 2614 1036 2686 rustica,
1083 2617 1226 2673 facta
1282 2622 1366 2674 est
1421 2630 1580 2672 nunc
1629 2613 1992 2673 sacerdotalis
2036 2619 2092 2671 et

391 2701 564 2772 regia.
597 2700 707 2759 Cui
736 2717 869 2760 cum
908 2703 1191 2761 Romanis
1222 2704 1454 2762 arcibus
1479 2702 1621 2760 adeo
1654 2703 1982 2761 communis
2010 2710 2093 2761 est

388 2788 657 2859 dignitas,
713 2796 775 2848 ut
826 2791 921 2847 illa
962 2798 1162 2863 mater,
1214 2790 1354 2846 158
1400 2793 1508 2850 ista
1556 2792 1783 2851 dicatur
1836 2806 2093 2863 congrue

388 2874 528 2931 filia.
558 2873 719 2943 Quod
758 2878 915 2934 enim
944 2877 1043 2935 illa
1085 2878 1143 2935 in
1175 2878 1393 2936 caelesti
1431 2878 1740 2950 clavigero,
1774 2878 1881 2935 hoc
1910 2885 2092 2935 totum

388 2960 498 3021 ista
530 2964 779 3038 possidet
803 2966 863 3023 in
895 2965 1213 3039 discipulo;
1255 2973 1309 3023 et
1330 2968 1485 3041 quod
1522 2966 1611 3024 illi
1642 2974 1922 3039 praerogat
1951 2982 2092 3039 apo-

2176 1984 2543 2044 Salomonem
2590 1980 2848 2038 dicitur:
2916 1976 3171 2035 «Justus
3208 1971 3374 2047 quasi
3427 1971 3515 2028 leo
3564 1967 3889 2036 conﬁdens,

2173 2073 2390 2145 absque
2430 2079 2645 2128 terrore
2693 2066 2802 2124 erit
2836 2069 3019 2131 (Prov.
3057 2064 3302 2126 XXVIII).
3339 2083 3361 2109 ιι
3394 2057 3545 2115 Hinc
3580 2055 3653 2112 ab
3675 2069 3742 2145 eo
3776 2053 3890 2145 ite:

2175 2140 2307 2219 rum
2331 2158 2606 2232 scriptum
2621 2163 2705 2213 est
2727 2178 2739 2212 :
2765 2179 2791 2202 «ι
2812 2153 2935 2210 Non
2957 2149 3321 2210 contristabit
3332 2140 3892 2232 justum,quidquid

2177 2250 2229 2307 ei
2258 2230 2528 2306 acciderit
2555 2246 2736 2316 (Prov.
2766 2243 2894 2314 ΧΠ).
2936 2265 2954 2289 ι
2992 2239 3121 2297 Jam
3152 2236 3366 2311 quippe
3397 2233 3646 2308 Spiritus
3669 2231 3740 2289 ad
3768 2230 3891 2288 alta

2180 2350 2494 2409 suspensus
2525 2333 2588 2390 in
2620 2333 2729 2389 hoc
2750 2326 3118 2387 ineti‘abiliter
3141 2326 3372 2399 gaudet,
3389 2324 3532 2381 dum
3558 2321 3667 2379 sibi
3686 2332 3894 2409 cumu-

2181 2404 2300 2483 lari
2325 2422 2536 2497 gaudia
2580 2436 2682 2495 per
2726 2421 3008 2476 tormenta
3048 2415 3224 2483 videt,
3268 2411 3457 2486 poenis
3508 2411 3753 2477 fovetur,
3804 2404 3894 2461 in-

2180 2515 2384 2574 cendio
2418 2512 2807 2580 refrigeratur,
2848 2507 3000 2565 fame
3036 2503 3306 2572 reﬁcitur,
3349 2499 3546 2573 inopia
3572 2499 3892 2563 dilatatur;

2181 2612 2237 2663 et
2273 2603 2331 2661 id
2370 2601 2694 2677 maximum
2731 2596 2961 2655 lucrum
3001 2594 3258 2667 deputat,
3290 2589 3336 2647 si
3379 2603 3611 2662 gravem
3642 2586 3715 2677 de
3752 2600 3895 2677 pas-

2179 2694 2342 2754 sione
2380 2692 2613 2751 Domini
2651 2673 2938 2747 sarcinam
2977 2692 3180 2760 portat,
3228 2688 3576 2755 tantumque
3612 2675 3718 2734 sibi
3775 2673 3896 2731 mi-

2178 2779 2283 2839 nui
2343 2779 2507 2836 timet
2561 2778 2631 2836 de
2688 2773 2949 2849 praemio,
3000 2778 3287 2847 quantum
3337 2767 3571 2826 sibimet
3622 2760 3897 2821 subtrahi

2178 2870 2457 2945 conspicit
2492 2869 2563 2927 de
2590 2869 2893 2926 tormento.

2251 2939 2399 3029 Quid
2434 2958 2596 3032 plura
2623 2955 2651 3014 ?
2679 2956 2899 3014 Iterum
2937 2951 3200 3022 caeditur,
3229 2950 3441 3008 iterum
3474 2942 3792 3032 cruciatur,
3829 2939 3900 2997 ad

389 3029 592 3151 s‘tolus,
634 3053 742 3111 hoc
788 3053 942 3111 addit
980 3029 1077 3111 isti
1123 3029 1365 3126 martyr.
1394 3029 1758 3127 apostolicus.
1822 3029 1882 3112 Si
1934 3029 2088 3111 enim
2116 3089 2161 3151 Ο
2185 3045 2325 3104 159
2351 3029 2678 3104 extremum
2707 3058 2939 3151 quoque
2974 3040 3149 3151 mldif
3183 3037 3414 3151 ξὶειῐιῑίῆ
3433 3048 3605 3107 super
3629 3029 3899 3151 3'11?me

389 3140 1018 3215 Constantinopolitana
1083 3143 1307 3213 civitas,
1368 3144 1509 3215 quia
1571 3143 1863 3202 Romanos
1916 3143 1979 3200 in
2033 3158 2093 3200 se

390 3229 683 3287 transtulit
738 3229 912 3301 cives,
979 3231 1231 3289 secunda
1308 3232 1487 3289 Roma
1548 3239 1631 3289 est
1706 3237 2092 3303 nuncupata;

392 3324 609 3389 quanto
636 3319 818 3392 magis
852 3320 996 3389 huic,
1026 3336 1159 3394 quae
1191 3327 1413 3380 tantum
1449 3320 1763 3395 principem
1794 3320 1866 3377 de
1914 3319 2096 3377 Roma

392 3409 661 3482 suscepit,
715 3412 966 3469 secunda
1014 3412 1197 3470 Roma
1245 3420 1331 3470 est
1369 3412 1752 3486 appellanda!
1795 3410 2098 3483 Nunquid-

394 3512 526 3554 nam
553 3497 864 3570 gloriosius
889 3507 973 3558 est
1001 3501 1290 3575 suscipere
1315 3500 1566 3571 Quirites
1606 3501 1677 3559 de
1706 3500 1965 3559 Romana
1994 3514 2097 3556 cu-

396 3584 501 3654 ria,
541 3601 717 3658 quam
758 3587 968 3647 habere
1018 3596 1331 3663 martyrem
1378 3589 1448 3647 de
1500 3589 1762 3648 Romana
1801 3584 2099 3646 Ecclesia?

398 3675 488 3733 Ex
516 3693 583 3734 ea
620 3678 800 3751 igitur
826 3687 1005 3753 parte,
1034 3697 1148 3755 qua
1197 3682 1379 3740 Roma
1423 3680 1670 3740 carnalis
1699 3687 1801 3750 est,
1844 3678 2101 3737 carnales

396 3763 636 3837 genuit;
669 3781 744 3824 ex
779 3783 845 3825 ea
884 3784 1042 3839 vero,
1081 3786 1198 3845 qua
1236 3770 1551 3844 spiritualis
1588 3776 1691 3837 est,
1740 3767 2100 3842 spiritualem

399 3867 475 3910 ex
501 3869 562 3911 se
588 3854 776 3914 ﬁlium
822 3859 1159 3930 procreavit.
1199 3884 1223 3906 ‹‹
1252 3857 1416 3928 Quod
1460 3857 1619 3914 enim
1662 3864 1867 3915 natum
1907 3862 1991 3914 est
2032 3855 2103 3913 de

398 3958 570 4004 carne
605 3960 735 4004 caro
781 3953 884 4017 est,
922 3952 977 4004 et
1024 3948 1176 4019 quod
1224 3954 1426 4005 natum
1473 3953 1559 4003 est
1602 3962 1676 4003 ex
1722 3944 1951 4019 spiritu,
1980 3944 2097 4017 spi-

398 4032 545 4090 ritus
599 4041 683 4092 est
736 4037 915 4103 (Joan.
952 4042 1054 4105 In).
1093 4059 1114 4087 ιι
1144 4036 1306 4105 Quod
1351 4040 1545 4093 autem
1606 4041 1827 4092 tantum
1883 4031 2103 4090 civitati

397 4118 487 4176 illi
525 4120 851 4187 tribuimus,
894 4130 956 4182 ut
993 4125 1192 4183 Romae
1240 4124 1494 4182 similem
1531 4139 1654 4182 esse
1710 4122 1991 4189 dicamus,
2032 4120 2103 4177 ad

400 4208 631 4266 laudem
669 4209 774 4267 Dei
816 4212 1138 4285 referimus,
1185 4215 1304 4271 non
1349 4212 1575 4270 favores
1626 4212 1932 4270 hominum
1964 4208 2103 4266 atl'e-

400 4308 642 4361 ctamus.
698 4302 842 4367 Nam
891 4314 1128 4364 ornatus
1175 4305 1566 4375 habitationis,
1599 4305 1899 4364 decusest
1935 4301 2102 4361 habi-

395 4391 610 4463 tantis;
638 4399 693 4451 et
720 4394 907 4453 honor
932 4395 1152 4461 militis,
1184 4395 1367 4469 gloria
1398 4403 1484 4455 est
1510 4393 1890 4469 imperatoris.

2181 3152 2399 3212 prunas
2431 3141 2579 3194 stare
2607 3132 3009 3206 compellitur;
3037 3129 3134 3187 sed
3178 3127 3317 3186 dum
3352 3133 3593 3198 uterque
3625 3134 3897 3212 pessuli-

2179 3206 2364 3302 posito
2391 3225 2525 3298 igne
2555 3222 2937 3290 comburitur,
2967 3218 3172 3290 lingua
3202 3216 3263 3273 in
3293 3212 3651 3302 confessione
3679 3206 3899 3302 Christi

2184 3295 2440 3373 liberius
2464 3312 2777 3369 relaxatur.
2825 3307 3068 3381 Segnior
3105 3303 3323 3381 quippe
3360 3304 3548 3361 fuerat
3583 3297 3758 3372 ignis,
3795 3295 3898 3368 qui

2182 3403 2439 3462 exterius
2460 3398 2819 3464 incendebat,
2839 3406 3016 3470 quam
3048 3394 3154 3469 qui
3182 3394 3429 3451 inferius
3457 3383 3896 3454 inﬂammabat;

2183 3501 2453 3566 tanquam
2532 3489 2677 3549 alter
2758 3492 3128 3560 coqueretur,
3194 3491 3250 3541 et
3316 3482 3456 3539 alter
3528 3479 3897 3566 loqueretur;

2182 3565 2333 3644 alius
2360 3583 2533 3642 verba
2584 3581 2793 3649 ederet,
2826 3579 2981 3637 alius
3018 3575 3257 3634 verbera
3305 3570 3634 3630 sustineret.
3676 3565 3752 3623 Et
3806 3578 3898 3621 re-

2186 3689 2319 3733 vera
2362 3671 2525 3742 alter,
2563 3670 2815 3728 Veritate
2855 3672 3174 3734 attestantc,
3211 3679 3346 3737 quas
3381 3661 3462 3718 ait
3492 3680 3505 3717 :
3558 3680 3586 3710 «
3616 3656 3750 3715 Non
3796 3668 3897 3711 vos

2183 3762 2338 3833 estis,
2383 3762 2485 3836 qui
2520 3757 2851 3834 loquimini,
2886 3756 2987 3815 sed
3031 3754 3284 3830 Spiritus
3331 3749 3516 3810 Patris
3556 3746 3771 3836 vestri,
3790 3742 3893 3817 qui

2185 3834 2444 3926 loquitur
2472 3850 2533 3908 in
2560 3849 2724 3908 vobis
2758 3848 2976 3917 (Matth.
3019 3846 3104 3917 X).
3140 3865 3167 3896 »
3210 3841 3300 3912 Et,
3337 3847 3399 3899 ut
3429 3837 3729 3910 triumpho
3759 3834 3894 3926 bea-

2187 3923 2392 4001 tissimi
2441 3939 2712 4014 martyris
2738 3938 2862 4011 ipsa
2899 3934 3186 3995 contraria
3219 3933 3504 3991 elementa
3537 3923 3895 4014 concorditer

2186 4032 2456 4101 serviant,
2509 4012 2653 4087 dum
2708 4025 2862 4099 ignis
2913 4022 3219 4100 potentiori
3293 4021 3427 4093 igne
3478 4012 3889 4081 contemnitur,

2184 4136 2336 4191 caro,
2377 4134 2508 4193 quae
2546 4124 2675 4175 usta
2727 4117 2932 4184 fuerat,
2973 4112 3141 4187 aquis
3182 4106 3566 4170 bullientibus
3597 4102 3891 4193 elixatur;

2186 4190 2381 4285 sicque
2399 4190 2472 4265 in
2519 4208 2693 4265 odore
2737 4202 3038 4263 suavitatis
3076 4201 3322 4260 Domino
3348 4197 3465 4256 duo
3507 4190 3789 4253 sacriﬁcia
3819 4202 3891 4246 ex

2186 4316 2305 4359 una
2332 4299 2483 4357 ﬁunt
2510 4296 2766 4354 victima.

2260 4390 2402 4460 Age,
2434 4400 2558 4457 age,
2599 4382 2878 4457 responde
2922 4381 3089 4450 mihi,
3130 4377 3297 4437 turba
3344 4371 3694 4448 phrenetica,
3726 4376 3785 4460 et
3820 4365 3890 4460 ab

473 4480 638 4539 Libet
688 4489 904 4552 autem,
942 4444 1323 4555 dilectissimi,
1355 4444 1664 4558 pulchrutfn
1720 4482 1936 4541 divinae
1991 4444 2163 4538 dis-D
2188 4478 2330 4554 ipsis
2378 4475 2610 4534 furiosis
2656 4474 2859 4531 merito
2904 4469 3236 4530 deridenda.
3292 4460 3719 4558 QuidfurisE’.
3747 4456 3897 4558 Οῑξίά

400 4569 752 4642 pensationis
792 4572 1051 4630 ordinem
1094 4575 1346 4632 studiose
1398 4573 1785 4646 perpendere;
1831 4578 1887 4628 et
1929 4584 2108 4642 quam

401 4659 743 4721 mirabiliter
778 4664 1140 4738 omnipotens
1176 4665 1332 4723 Deus
1370 4664 1622 4738 regionis
1659 4663 1819 4720 illius
1847 4662 2109 4719 tenebras

398 4748 690 4808 illustrare
736 4752 1067 4823 decreverit,
1108 4753 1397 4825 indagare.
1453 4753 1614 4812 Sicut
1658 4752 1816 4809 enim
1873 4750 2108 4808 matuti-

402 4856 512 4898 nus
539 4839 774 4898 Lucifer
802 4840 875 4898 ab
904 4848 1033 4899 ortu
1067 4858 1308 4912 surgens
1336 4841 1514 4900 solem
1546 4841 1834 4915 praecedit,
1865 4842 1944 4898 ita
1974 4841 2109 4898 bea-

403 4926 665 4986 tissimus
706 4936 926 5004 martyr
956 4929 1027 4987 ab
1064 4929 1329 4987 orientali
1368 4929 1533 5002 plaga
1581 4928 1967 5001 progrediens,
2008 4943 2110 4985 no-

404 5031 539 5074 men
592 5017 823 5075 Domini
876 5016 1054 5076 nostri
1097 5018 1235 5077 Jesu
1275 5017 1507 5088 Christi,
1555 5017 1656 5090 qui
1706 5032 1841 5073 vere
1887 5024 1971 5073 est
2028 5016 2113 5074 sol

400 5104 675 5176 Justitiaa,
729 5106 949 5180 primus
1004 5106 1296 5165 Ravennm
1363 5106 1578 5165 ﬁnibus
1633 5105 1976 5164 introduxit.
2045 5104 2112 5161 Et

405 5210 579 5269 quam
636 5194 780 5254 bene
816 5193 929 5251 sibi
980 5195 1230 5254 Luciferi
1279 5210 1486 5254 nomen
1529 5195 1814 5267 congruit,
1850 5193 1951 5267 qui
1992 5193 2113 5264 pri-

404 5298 567 5340 mum
585 5284 867 5343 adventus
890 5286 980 5343 sui
1010 5284 1363 5343 miraculum
1390 5286 1460 5343 de
1501 5283 1725 5342 lumine
1755 5282 1887 5339 fecit
1916 5283 1929 5337 ι
1967 5280 2113 5338 Nam

407 5388 544 5431 mox
582 5381 648 5434 ut
707 5374 767 5434 in
812 5375 1147 5434 suburbano
1199 5383 1283 5433 est
1320 5381 1580 5449 receptus
1642 5372 1909 5447 hospitio,
1962 5386 2113 5429 careo

406 5463 614 5523 Irenzei
661 5464 860 5523 militis
898 5463 1019 5522 ﬁlio
1058 5464 1256 5523 lumen
1300 5462 1566 5535 reddidit,
1602 5470 1656 5521 et
1682 5463 1764 5520 sic
1805 5461 1877 5519 de
1905 5475 2113 5534 paren-

406 5562 529 5619 tum
560 5553 830 5618 cordibus
860 5555 1217 5617 inﬁdelitatis
1248 5554 1510 5615 tenebras
1545 5552 1856 5625 eﬂ'ugavit;
1890 5555 1944 5609 et
1972 5550 2115 5609 dum

2190 4548 2410 4628 saevis?
2449 4567 2600 4636 Quid
2645 4561 2904 4622 cruentis
2950 4559 3222 4619 dentibus
3268 4563 3325 4614 et
3362 4554 3561 4628 lupina
3598 4548 3759 4608 rabie
3799 4549 3897 4605 de—

2195 4654 2540 4717 baccharis?
2592 4652 2869 4727 Nunquid
2917 4665 3111 4725 speras
3148 4644 3446 4721 suppliciis
3491 4639 3698 4700 Christi
3743 4636 3900 4695 mili-

2194 4754 2308 4804 tem
2369 4744 2590 4814 cedere,
2644 4748 2698 4799 et
2747 4756 2781 4797 a
2853 4746 3048 4797 sancto
3089 4733 3377 4810 proposito
3432 4735 3684 4788 mentem
3734 4736 3901 4814 posse

2196 4834 2467 4893 mutare?
2494 4812 2619 4889 Non
2648 4836 2733 4887 est
2764 4825 3099 4901 hujusmodi
3133 4839 3296 4881 mens
3328 4823 3391 4878 in
3422 4819 3603 4876 Deum
3636 4816 3778 4881 lixa,
3810 4812 3903 4901 ig-

2195 4930 2360 4982 norat
2390 4921 2451 4979 in
2494 4918 2645 4977 bello
2686 4899 2923 4992 perdere
2954 4912 3224 4973 militiam
3261 4907 3668 4968 Christianam.
3710 4899 3905 4992 Nescit

2198 5011 2487 5085 przeliator
2539 4990 2733 5067 noster
2790 5006 2979 5077 rigore
3036 5003 3389 5070 mollescere,
3449 4995 3631 5054 nescit
3677 4990 3903 5085 gladios

2197 5079 2693 5169 formidare;imo
2742 5111 2859 5169 quo
2913 5092 3096 5165 magis
3143 5087 3456 5162 impetitur,
3505 5100 3572 5143 eo
3613 5079 3906 5139 robustior

2198 5187 2516 5246 invenitur.
2553 5185 2655 5242 Eia
2675 5189 2926 5257 percute,
2962 5179 3223 5246 incende,
3254 5191 3453 5249 coque,
3480 5188 3646 5247 gyra,
3678 5183 3901 5241 τεεῖτε,

2201 5278 2417 5336 divelle
2473 5293 2506 5334 a
2564 5275 2885 5334 visceribus
2942 5273 3183 5341 viscera,
3233 5267 3505 5340 imprime
3559 5258 3906 5321 vulneribus

2204 5369 2463 5427 vulnera.
2498 5364 2851 5440 Apollinaris
2878 5369 3091 5431 noster,
3117 5358 3167 5418 si
3204 5355 3529 5421 discutitur,
3575 5350 3728 5409 idem
3756 5346 3904 5440 ipse,

2200 5458 2303 5533 qui
2343 5434 2927 5527 fueraﬂinvenitur;
2970 5466 3088 5511 non
3123 5453 3307 5524 potest
3338 5446 3461 5519 jam
3505 5439 3806 5533 Christum
3845 5434 3907 5491 in

2202 5526 2493 5625 loquendo
2522 5534 2740 5620 negare.
2759 5543 2983 5617 lingua,
3011 5553 3190 5615 quem
3233 5539 3440 5594 caetera
3470 5526 3736 5607 patiendo
3764 5539 3906 5583 con-
