4070 6198
190 327 302 387 673

1692 332 1942 395 SERMO
1980 332 2219 396 XXXII.

3599 358 3705 418 674

190 450 348 541 fessa
383 456 523 541 sunt
561 450 843 541 membra.
878 450 1025 511 Nam
1065 454 1114 511 si
1150 452 1323 513 lictile
1355 456 1448 515 sui
1488 458 1746 530 corporis
1783 459 2105 518 vas-Aria.
2146 460 2240 518 Illi
2274 463 2426 520 enim
2468 464 2539 522 ad
2601 471 3059 541 expugnandum
3097 472 3442 535 Christianae
3477 478 3705 539 militiae

188 539 421 611 culum,
446 539 589 599 dum
626 539 818 600 adhuc
856 557 1066 601 sanum
1093 549 1244 602 esset
1271 559 1372 616 pro
1411 547 1806 605 conservando
1843 548 1914 603 fi-

190 630 287 689 dei
338 631 608 691 thesauro
662 633 900 691 lacerari
949 631 1230 707 permisit,
1264 641 1478 709 quanto
1527 636 1713 708 magis
1776 642 1916 695 tunc

189 738 298 797 pro
337 722 464 796 jam
508 726 779 795 quassato
821 728 876 780 et
922 723 1102 782 fracto
1152 729 1269 783 tam
1311 725 1625 798 pretiosum
1680 726 1914 784 thesau-

190 827 329 871 rum
360 810 599 883 perdere
624 809 957 871 formidabit
987 816 1000 870 l

267 900 362 960 Tu
390 914 546 975 ergo,
586 904 647 959 tu
680 900 1029 963 miserabilis
1062 905 1229 965 turba
1266 905 1667 981 agonothetam
1698 903 1914 964 Christi

191 991 339 1050 dum
389 992 635 1061 dejicere
682 992 925 1063 moliris,
967 996 1231 1067 extollis;
1257 997 1400 1057 dum
1439 1013 1708 1071 superare
1772 997 1914 1055 nite-

194 1079 297 1151 ris,
340 1080 795 1155 insuperabilem
829 1083 1040 1143 reddis.
1078 1085 1168 1145 Tu
1193 1088 1357 1158 facis,
1397 1094 1461 1145 ut
1494 1103 1701 1161 corpus
1739 1103 1915 1146 suum

194 1168 295 1228 ille
351 1170 649 1244 despiciat,
680 1178 735 1229 et
771 1188 844 1230 ex
880 1189 945 1231 eo
983 1176 1178 1249 egredi
1227 1182 1340 1234 tota
1385 1176 1571 1235 animi
1620 1174 1914 1234 alacritate

192 1258 540 1330 contendat;
595 1267 651 1317 et
702 1260 843 1319 dum
900 1265 1067 1321 novis
1139 1271 1194 1321 et
1250 1264 1558 1339 exquisitis
1603 1262 1915 1338 suppliciis

193 1362 334 1407 eum
387 1346 734 1406 mirabiliter
782 1351 1008 1410 crucias
1050 1357 1116 1410 ut
1163 1352 1490 1411 mirabilem
1536 1353 1714 1411 facias
1758 1368 1915 1409 mar-

193 1442 409 1511 tyrem,
470 1436 745 1495 elaboras.
804 1438 928 1497 Tua
982 1439 1142 1498 enim
1198 1441 1373 1499 stulta
1427 1441 1704 1515 sapientia
1760 1442 1911 1513 fecit,

194 1527 355 1602 quod
410 1525 584 1584 hodie
632 1542 846 1586 nomen
895 1527 960 1588 B.
1016 1529 1372 1603 Apollinaris
1426 1537 1539 1588 tam
1590 1531 1817 1589 clarum
1859 1536 1915 1589 et

197 1614 425 1673 celebre
449 1630 551 1688 per
584 1630 684 1673 ora
715 1615 977 1675 fidelium
1010 1618 1209 1676 currit.
1247 1617 1486 1678 Servisti
1522 1636 1752 1695 nempe,
1773 1621 1914 1679 dum

198 1701 421 1760 savisti
448 1720 464 1771 ;
495 1708 549 1760 et
572 1702 792 1762 auxisti
825 1703 1101 1779 palmam,
1130 1705 1274 1765 dum
1306 1722 1623 1782 exaggeras
1658 1722 1911 1781 poenam.

1999 555 2299 607 strenuum
2339 550 2694 624 bellatorem,
2729 570 2845 613 non
2881 556 3071 615 solum
3112 560 3292 618 ferrea
3329 578 3490 621 arma
3525 566 3706 624 corri-

1996 638 2186 711 piunt,
2235 640 2333 698 sed
2381 640 2562 715 ignes,
2606 660 2808 718 aquas,
2850 646 3028 720 ligna,
3070 650 3305 724 lapides,
3335 659 3390 711 et
3430 654 3706 713 universa

1998 726 2169 800 plane
2218 727 2504 787 elementa
2550 738 2848 791 armorum
2904 736 3201 795 materiam
3257 739 3499 808 faciunt,
3534 750 3586 799 et
3638 743 3698 800 in

1997 816 2301 891 praeliandi
2365 826 2708 891 argumenta
2778 833 3141 885 convertunt.
3203 826 3315 886 Iste
3378 846 3514 889 vero
3586 847 3702 904 quo

1996 905 2187 964 acrius
2224 904 2621 979 impugnatur,
2657 924 2723 967 eo
2774 910 3064 971 robustior
3117 914 3443 989 invenitur;
3490 926 3547 977 et
3590 935 3706 992 quo

1998 994 2182 1081 magis
2224 1009 2431 1068 corpus
2490 1012 2590 1069 per
2648 1004 2928 1056 tormenta
2983 999 3347 1074 distenditur,
3389 1021 3457 1064 eo
3522 1009 3708 1081 magis

1997 1079 2141 1141 ﬁdes
2167 1092 2431 1155 augetur.
2457 1083 2868 1159 Insuperabilis
2890 1088 3141 1162 denique
3165 1091 3332 1150 miles
3351 1101 3454 1164 est,
3475 1097 3569 1154 cui
3594 1079 3709 1155 vir-

1996 1180 2090 1232 tus
2131 1191 2205 1233 ex
2245 1174 2588 1234 vulneribus
2634 1177 2853 1246 crescit,
2911 1194 2985 1236 ex
3034 1179 3329 1240 minarum
3390 1186 3703 1245 terroribus

1996 1263 2332 1323 animositas
2375 1265 2576 1336 surgit.
2608 1264 2768 1323 Nova
2812 1272 2868 1323 et
2911 1266 3169 1326 inaudita
3216 1287 3414 1344 pugna
3459 1283 3562 1344 est,
3602 1276 3704 1334 ubi

1996 1353 2339 1428 peregrinus
2373 1359 2668 1426 expugnat
2706 1354 2930 1425 urbem,
2970 1356 3158 1415 incola
3195 1360 3506 1433 civitatem,
3549 1381 3706 1424 unus

1996 1440 2300 1515 populum,
2339 1439 2592 1498 imbellis
2629 1456 2900 1514 cuneum,
2942 1443 3182 1505 inermis
3218 1449 3422 1521 aciem,
3463 1468 3705 1526 persona

1997 1526 2192 1601 dejicit
2225 1525 2531 1600 legionem.
2567 1526 2848 1588 Mirabilis
2891 1538 2945 1589 et
2991 1536 3268 1607 stupenda
3320 1525 3560 1597 victoria
3600 1548 3705 1611 est,

1998 1617 2100 1677 ubi
2139 1617 2304 1687 vivit,
2335 1618 2434 1690 qui
2464 1618 2777 1690 occiditur;
2811 1622 3014 1695 surgit,
3039 1624 3140 1697 qui
3170 1624 3468 1700 dejicitur;
3503 1628 3703 1699 vincit,

1998 1706 2101 1781 qui
2131 1712 2473 1780 superatur;
2508 1713 2563 1764 et
2588 1713 2892 1782 postquam
2934 1718 3198 1770 mortuus
3235 1714 3431 1786 fuerit,
3469 1730 3701 1775 omnem

199 1792 348 1853 Nam
381 1791 523 1866 quid
562 1808 677 1851 non
709 1793 781 1851 ad
820 1794 1056 1853 victoris
1091 1795 1335 1869 gloriam
1374 1813 1572 1857 vecors
1609 1796 1910 1872 ingenium
1932 1798 2257 1875 Badversze
2292 1795 2468 1869 partis
2503 1796 2686 1853 aciem
2727 1795 2796 1853 ad
2837 1798 2928 1855 sui
2966 1796 3328 1873 imperatoris
3363 1803 3529 1877 signa
3566 1822 3707 1865 con-

198 1886 371 1940 tuum
399 1880 627 1955 reperit,
663 1883 897 1955 quando
918 1884 979 1941 in
1008 1885 1288 1944 honorem
1314 1888 1669 1947 transierunt
1704 1887 1910 1946 trium-

198 1970 301 2044 phi
328 1971 457 2044 ipsa
483 1970 657 2029 etiam
688 1970 1074 2031 instrumenta
1106 1975 1415 2049 supplicii?

271 2058 386 2119 Sed
411 2060 604 2141 adhuc
627 2059 971 2134 diligentius
1016 2063 1330 2123 laceratum
1380 2080 1588 2139 corpus
1619 2064 1907 2134 examina,

194 2151 394 2223 adhuc
421 2165 489 2208 ea
521 2151 666 2224 ipsa,
702 2167 836 2225 quae
863 2153 1124 2212 confossa
1168 2161 1308 2212 sunt
1337 2154 1616 2225 membra,
1648 2159 1907 2224 retracta,

194 2253 401 2314 coque,
428 2238 685 2314 discerpe
737 2239 908 2312 ictus,
944 2243 1121 2314 caede,
1165 2243 1424 2313 verbera,
1466 2248 1734 2317 percute;
1786 2241 1909 2315 jam

194 2328 266 2387 de
320 2334 436 2388 toto
491 2345 726 2405 corpore
776 2331 1148 2391 invictissimi
1221 2334 1493 2407 martyris
1540 2334 1682 2407 quid
1723 2332 1906 2403 aliud,

194 2418 310 2476 nisi
340 2418 537 2491 plagas
564 2419 775 2492 poteris
808 2420 1157 2480 vulnerare?
1176 2421 1393 2481 Bulliat
1411 2438 1646 2491 aurum,
1668 2438 1783 2480 non
1807 2420 1910 2478 mi-

194 2505 441 2578 nuitur;
495 2506 750 2566 caedatur
803 2509 1059 2581 adamas,
1088 2524 1203 2567 non
1232 2516 1473 2569 secatur.
1503 2509 1631 2568 Jam
1659 2509 1909 2581 denique

193 2592 295 2651 ille
322 2592 396 2651 ad
415 2594 547 2652 coeli
575 2596 806 2655 culmen
855 2598 1113 2666 anhelat,
1141 2598 1263 2671 jam
1317 2605 1511 2656 mente
1540 2598 1603 2656 in
1636 2596 1906 2656 sublimi-

192 2681 303 2739 bus
354 2682 611 2754 habitat;
643 2684 793 2742 nihil
831 2685 1002 2757 dolet,
1037 2686 1189 2744 nihil
1240 2685 1419 2756 timet,
1471 2685 1605 2756 nisi,
1645 2700 1678 2742 o
1715 2698 1907 2758 perse-

192 2764 443 2847 cutores,
478 2776 658 2836 solam
689 2779 957 2851 pietatem
985 2786 1257 2849 vestram,
1288 2792 1421 2852 quae
1444 2777 1493 2834 si
1522 2777 1577 2835 ei
1609 2775 1905 2845 tribuitur,

192 2862 265 2921 ab
306 2863 434 2938 ipso
480 2864 746 2937 impietas
792 2864 1191 2924 crudelissima
1240 2865 1578 2939 deputatur;
1618 2870 1673 2924 et
1710 2864 1761 2922 si
1798 2862 1908 2921 tela

191 2961 385 3012 vestra
417 2954 489 3012 ad
520 2955 646 3027 ejus
672 2955 850 3013 vultis
880 2954 1156 3013 interiora
1194 2955 1538 3029 pertingere,
1577 2955 1697 3013 sola
1735 2953 1905 3011 illum

188 3042 400 3114 pietate
444 3041 625 3100 ferite.
681 3042 849 3101 Tunc
898 3044 1056 3101 enim
1100 3043 1352 3118 graviter
1404 3042 1812 3116 indignamini,
1857 3040 1906 3098 si

1991 1886 2181 1945 vertit.
2217 1882 2331 1941 Ubi
2363 1898 2518 1941 mors
2547 1884 2831 1953 evaditur,
2862 1900 2997 1944 cum
3030 1886 3259 1946 subitur
3285 1908 3300 1960 ;
3333 1890 3451 1949 vita
3479 1891 3702 1967 incipit,

1989 1993 2126 2037 cum
2166 1974 2390 2033 linitur.
2424 1973 2652 2033 Novum
2706 1974 2981 2047 litigium,
3030 1977 3132 2035 ubi
3180 1978 3395 2051 iudicio
3435 1984 3706 2055 praesidet

1988 2064 2260 2142 populus,
2292 2058 2347 2121 et
2372 2079 2531 2122 unus
2558 2062 2865 2122 deducitur
2884 2064 3272 2140 judicandus;
3305 2070 3407 2128 ubi
3435 2087 3589 2130 unus
3616 2074 3704 2131 in-

1990 2169 2206 2215 nocens
2249 2157 2574 2222 accusatur,
2621 2152 2938 2210 multorum
2987 2153 3411 2217 damnabilium
3459 2177 3703 2222 censura

1989 2242 2384 2318 depromitur;
2415 2239 2519 2298 ubi
2546 2239 2739 2313 justus
2763 2240 3015 2313 vapulat,
3050 2258 3182 2301 reus
3211 2245 3470 2307 damnat.

2062 2331 2175 2391 Sed
2211 2330 2364 2388 inter
2403 2343 2605 2386 omnes
2643 2326 2709 2384 B.
2743 2328 3117 2400 Apollinaris,
3155 2347 3272 2391 non
3314 2334 3504 2395 dicam
3540 2337 3702 2410 judi-

1987 2434 2100 2489 ces,
2139 2418 2237 2476 sed
2277 2416 2596 2486 carniﬁces,
2634 2431 2749 2474 non
2797 2418 3087 2489 prmsides,
3122 2421 3217 2479 sed
3271 2429 3530 2498 tortores,
3579 2435 3698 2498 tua,

1989 2505 2311 2573 Messaline,
2357 2503 2669 2563 crudelitas
2717 2504 2989 2578 luporum
3037 2507 3265 2567 excedit
3299 2512 3535 2583 rabiem,
3580 2514 3699 2576 leo-

1988 2612 2133 2655 num
2157 2599 2467 2666 exsuperat
2501 2592 2803 2649 feritatem.
2840 2592 2982 2650 Nam
3011 2602 3135 2667 post
3165 2607 3538 2660 cruentorum
3568 2618 3701 2660 ver-

1986 2684 2193 2743 herum
2241 2681 2480 2750 caedem,
2510 2687 2636 2751 post
2686 2681 3005 2753 patentium
3056 2684 3371 2745 vulnerum
3430 2691 3702 2749 multitu-

1987 2777 2207 2846 dinem,
2266 2779 2392 2848 post
2452 2770 2689 2845 equulei
2742 2774 3177 2848 appensionem,
3240 2786 3366 2851 post
3417 2795 3701 2852 aquarum

1987 2862 2433 2923 fervescentium
2485 2860 2798 2932 ustionem,
2827 2876 2891 2919 os
2922 2862 3046 2935 ejus
3072 2879 3215 2923 saxo
3242 2867 3521 2926 contundi
3550 2884 3702 2942 prae-

1987 2954 2131 3027 cipis
2181 2958 2236 3010 et
2286 2966 2439 3009 novo
2512 2950 2780 3007 tormenti
2847 2966 3053 3023 genere
3110 2953 3287 3011 verba
3360 2955 3701 3016 verberibus

1985 3043 2179 3118 punis.
2213 3043 2356 3100 Ecce
2405 3040 2617 3099 artifex
2670 3039 2894 3099 saevitia
2941 3047 3039 3099 tua
3094 3056 3199 3114 per
3245 3044 3490 3102 effusam
3546 3046 3701 3104 fellis

190 3131 554 3190 miseremini
606 3151 620 3190 :
667 3138 807 3190 tunc
855 3132 1190 3190 immaniter
1232 3132 1512 3202 laceratis,
1545 3133 1593 3189 si
1630 3130 2438 3229 parcitis:camaritudinem
2486 3129 2624 3188 novi
2679 3134 2728 3187 te
2775 3129 3045 3203 supplicii
3087 3130 3221 3188 fecit
3264 3138 3576 3192 auctorem.
3628 3134 3701 3192 Et

188 3229 264 3293 et,
295 3228 364 3280 ut
388 3221 468 3279 ita
495 3220 768 3292 dixerim,
800 3225 940 3278 tunc
964 3221 1207 3294 punitis,
1241 3221 1289 3278 si
1330 3226 1468 3278 tunc
1504 3236 1621 3278 non
1658 3220 1899 3293 punitis.

272 3308 417 3365 160
443 3311 488 3370 Ο
513 3310 985 3369 robustissimum
1022 3318 1242 3384 pectus,
1284 3311 1439 3385 quod
1476 3311 1641 3369 nulla
1679 3319 1902 3384 queunt

187 3398 301 3457 tela
350 3399 670 3474 perfodere,
716 3400 877 3458 nulla
925 3408 1168 3473 possunt
1217 3401 1435 3474 spicula
1488 3403 1820 3474 penetrare!
1856 3400 1900 3460 Ο

185 3487 655 3547 munitissimum
720 3487 931 3546 Christi
996 3488 1238 3559 vallum,
1290 3488 1439 3562 quod
1495 3503 1611 3545 non
1667 3487 1898 3563 impacti

183 3577 394 3635 arietes
414 3577 678 3650 diruunt,
718 3576 878 3636 nulla
916 3577 1321 3636 machinarum
1366 3582 1629 3635 armenta
1666 3576 1902 3635 convel-

182 3664 343 3723 lunt!
381 3665 604 3735 Quanta
632 3667 793 3724 hunc
821 3665 1219 3725 retributionis
1256 3664 1440 3740 gloria
1482 3681 1645 3723 nunc
1680 3663 1902 3723 extollit

180 3753 244 3813 in
278 3755 549 3824 summis,
575 3770 750 3829 quem
779 3761 933 3813 tanta
961 3753 1350 3813 tribulationis
1384 3754 1703 3812 adversitas
1739 3769 1900 3826 pres-

179 3844 255 3899 sit
305 3844 367 3900 in
406 3842 578 3900 imis!
633 3844 901 3913 Econtra,
950 3858 1112 3902 nunc
1152 3859 1288 3901 cum
1348 3842 1545 3916 ignitis
1601 3842 1900 3899 beatorum

181 3930 502 4005 spirituum
530 3932 777 3991 cnatibus
812 3932 1037 4002 emicat,
1065 3947 1198 3990 cum
1242 3931 1508 3990 trabeatis
1541 3929 1902 3988 senatoribus

178 4020 364 4080 curiae,
406 4021 656 4080 caelestis
699 4020 971 4092 exsultat,
1018 4036 1155 4079 cum
1211 4019 1555 4096 patriarchis
1608 4020 1669 4076 in
1725 4033 1902 4077 aureo

180 4110 518 4169 sublimiter
545 4110 689 4168 solio
732 4109 1178 4182 inthronizatus,
1214 4125 1344 4168 cum
1378 4108 1707 4182 purpuratis
1746 4124 1900 4166 mar-

181 4200 416 4271 tyribus
484 4196 826 4256 mirabiliter
885 4205 1211 4257 coronatus.
1269 4199 1414 4256 Cum
1480 4197 1572 4256 his
1629 4196 1903 4256 omnibus

181 4286 326 4345 stola
354 4286 597 4345 indutus
638 4287 843 4359 glorias
880 4285 1250 4345 ineffabiliter
1287 4287 1513 4358 emicat,
1543 4292 1598 4345 et
1626 4294 1759 4345 ante
1787 4285 1900 4343 im-

1988 3226 2236 3279 caacatus
2286 3216 2422 3273 161
2476 3234 2596 3293 pero
2625 3217 2988 3276 iracundiam
3033 3218 3241 3278 mentis
3294 3221 3498 3281 oculus
3553 3222 3703 3283 illud

1991 3307 2369 3383 excogitando
2424 3322 2576 3365 novo
2631 3306 2912 3379 supplicio
2994 3309 3289 3380 praevidet,
3349 3311 3500 3384 quod
3559 3328 3702 3371 sano

1990 3399 2233 3458 consilio
2283 3396 2610 3470 conspicere
2659 3398 2763 3453 vix
2798 3395 3030 3455 valeret.
3065 3398 3137 3455 Et
3174 3414 3375 3457 revera
3415 3402 3559 3474 quid
3593 3401 3699 3460 tibi

1989 3486 2215 3561 reliqua
2260 3483 2520 3542 membra
2555 3484 2828 3555 fecerant,
2877 3499 3012 3542 cum
3057 3484 3336 3560 laniabas,
3377 3505 3510 3550 cum
3562 3506 3697 3549 cru-

1988 3577 2202 3645 ciabas,
2241 3590 2375 3632 cum
2416 3573 2741 3647 torquebas,
2772 3591 2907 3633 cum
2935 3577 3132 3635 omnia
3168 3578 3501 3640 immaniter
3545 3580 3700 3655 lupi-

1988 3667 2083 3726 nis
2127 3665 2418 3724 morsibus
2457 3662 2846 3736 depascebas?
2886 3664 2994 3724 Ore
3033 3670 3085 3724 te
3125 3667 3460 3741 offenderat,
3501 3687 3598 3731 ore
3648 3679 3700 3731 te

1988 3754 2411 3829 objurgaverat,
2467 3766 2565 3809 ore
2618 3751 2823 3809 frontis
2871 3758 2983 3811 tua:
3040 3752 3515 3817 inverecundiam
3569 3774 3703 3820 con-

1988 3844 2229 3905 futabat.
2261 3842 2422 3900 Muta
2449 3840 2710 3899 membra
2742 3840 2824 3899 nil
2853 3841 3124 3901 fecerant.

2058 3933 2175 3993 Cur
2198 3948 2353 4005 ergo,
2383 3930 2537 4004 quod
2563 3945 2681 3988 non
2710 3929 2945 3990 admisit
2991 3931 3243 4006 culpam,
3288 3933 3534 3995 sustinet
3577 3953 3698 4012 pm;

1986 4021 2168 4080 nam?
2200 4020 2362 4090 Quod
2397 4034 2513 4078 non
2551 4018 2719 4089 laesit,
2749 4034 2853 4077 cur
2894 4019 3165 4080 laeditur?
3188 4021 3353 4092 Quod
3392 4040 3510 4084 non
3552 4025 3700 4085 deli-

1986 4110 2133 4185 quit,
2173 4124 2278 4168 cur
2322 4104 2704 4165 vindicatur?
2730 4105 2792 4165 Si
2819 4107 2906 4164 vis
2939 4123 3074 4181 ergo
3111 4109 3175 4167 in
3217 4127 3383 4170 reum
3424 4112 3701 4172 districtaa

1987 4198 2289 4259 sententiae
2320 4200 2486 4254 tuum
2516 4195 2771 4269 proferre
2802 4195 3081 4270 vigorem,
3110 4199 3360 4259 verbum
3395 4202 3700 4261 examine-

1985 4298 2102 4362 tur,
2132 4289 2376 4348 verbum
2412 4287 2724 4362 judicetur,
2768 4286 3009 4346 verbum
3049 4288 3390 4349 verberibus
3429 4297 3699 4367 torquea-

182 4382 507 4449 peratorem
530 4392 705 4436 suum
734 4374 1029 4434 melodum
1054 4375 1290 4434 alleluia
1317 4377 1648 4449 perenniter
1667 4374 1897 4450 jubilat.
1987 4385 2100 4439 tur.
2132 4377 2202 4435 Et
2230 4376 2369 4451 quid
2397 4375 2530 4449 plus
2557 4376 2791 4433 dicam?
2819 4376 3032 4433 Anima
3063 4375 3308 4451 lingua,
3339 4395 3473 4453 qua;
3498 4397 3700 4454 pecca;

181 4465 307 4535 Quo
335 4472 394 4524 te
430 4482 753 4541 precamur,
796 4471 1019 4540 martyr
1063 4465 1415 4537 beatissime,
1446 4472 1510 4525 ut
1548 4482 1654 4524 nos
1692 4480 1962 4541 manus“
1985 4468 2151 4538 verit,
2184 4467 2305 4540 ipsa
2360 4465 2659 4523 moriatur.
2693 4462 2806 4521 Sed
2861 4463 3002 4537 quid
3057 4465 3305 4536 prodest,
3336 4468 3383 4525 si
3443 4466 3505 4525 in
3561 4484 3700 4527 eum

181 4563 301 4616 tua;
352 4524 628 4616 ordtionis
674 4557 874 4631 erigat,
907 4571 1054 4632 quos
1098 4563 1289 4616 reatus
1321 4557 1504 4615 nostri
1543 4556 1768 4630 pondus
1807 4524 2255 4616 in-Dexerceas
2302 4552 2639 4621 vindictam,
2668 4551 2730 4608 in
2780 4566 2895 4624 quo
2934 4551 3205 4610 vindictae
3253 4568 3508 4628 nequeas
3550 4571 3703 4614 com-

182 4643 373 4703 ferius
412 4652 647 4720 gravat;
675 4650 966 4720 quatenus
991 4644 1093 4718 qui
1140 4644 1232 4701 hic
1269 4652 1385 4703 tuae
1416 4643 1649 4702 virtutis
1684 4658 1905 4717 przeco-
1985 4660 2214 4720 pescere
2258 4643 2543 4701 causam?
2577 4639 2639 4698 Si
2682 4638 2839 4696 enim
2887 4640 3259 4700 contunderis
3285 4657 3350 4699 os
3397 4656 3698 4712 carneum,

182 4735 286 4791 nia
327 4736 544 4793 referre
586 4736 928 4809 gaudemus,
951 4734 1072 4792 illic
1119 4743 1234 4793 tuae
1282 4734 1655 4794 beatitudinis
1686 4740 1905 4808 partem
1988 4738 2072 4791 est
2120 4730 2221 4804 qui
2263 4727 2508 4786 interius
2548 4724 2784 4783 fabricet
2827 4724 3009 4794 aliud,
3037 4727 3194 4800 quod
3242 4726 3478 4800 quidem
3515 4730 3701 4803 possis

184 4820 450 4897 aliquam
506 4824 844 4882 sentiamus.
874 4823 983 4881 Per
1029 4822 1342 4881 Dominum
1388 4828 1651 4882 nostrum
1704 4822 1905 4881 Jesum
1989 4820 2212 4889 audire,
2247 4815 2346 4875 sed
2369 4814 2530 4873 nulla
2554 4812 2748 4871 valeas
2775 4812 3283 4873 animadversione
3314 4816 3566 4888 punire;
3600 4815 3701 4874 ille

186 4910 511 4981 Christum,
555 4912 656 4984 qui
694 4927 829 4970 cum
864 4910 1030 4969 Patre
1075 4916 1131 4967 et
1170 4909 1389 4984 Spiritu
1429 4916 1625 4969 sancto
1660 4908 1807 4969 vivit
1853 4914 1908 4968 et
1988 4908 2277 4977 videlicet,
2307 4906 2408 4981 qui
2439 4904 2741 4978 discipulis
2774 4903 2898 4962 suis
2913 4902 3093 4962 dicit:
3132 4924 3161 4958 ι(
3194 4904 3314 4978 Ego
3351 4905 3498 4964 dabo
3534 4904 3702 4964 vobis

126 5034 133 5042 ι
189 5003 396 5070 regnat
424 5014 525 5072 per
548 5000 747 5060 omnia
772 4999 989 5058 saacula
1022 4997 1390 5059 saeculorum.
1418 5002 1629 5059 Amen.
1989 5015 2054 5059 os
2081 5006 2137 5057 et
2165 4996 2529 5072 sapientiam,
2567 4994 2662 5053 cui
2687 5008 2805 5053 non
2846 4999 3115 5068 poterunt
3152 4994 3434 5065 resistere,
3463 5000 3519 5052 et
3563 5009 3703 5053 con-

791 5105 1041 5166 SEBMO
1070 5105 1309 5163 XXXII,
1990 5088 2268 5149 tradicere
2314 5101 2517 5145 omnes
2543 5082 2860 5143 adversarii
2900 5082 3078 5141 vestri
3114 5086 3268 5151 (Luc.
3320 5086 3473 5153 XXI).
3508 5106 3537 5131 π
3570 5081 3700 5155 Ille,

266 5206 351 5254 III.
390 5205 465 5252 DE
495 5205 718 5253 SANCTO
764 5206 1133 5253 APOLLINARE
1170 5207 1439 5255 EPISCOPO
1472 5208 1836 5256 RAVENNATE

2060 5191 2255 5251 quam,
2284 5174 2385 5249 qui
2429 5172 2570 5232 dicit
2602 5191 2615 5230 ε
2653 5196 2674 5223 α
2708 5170 2837 5229 Non
2886 5185 2989 5228 vos
3013 5169 3169 5241 estis,
3212 5170 3316 5247 qui
3362 5169 3699 5246 loquimini,

660 5278 732 5324 ET
760 5277 1063 5328 MARTYRE.
1096 5267 1271 5339 (XXIII
1299 5268 1444 5338 JUL.)
1992 5266 2093 5325 sed
2166 5264 2417 5338 Spiritus
2465 5261 2651 5321 Patris
2706 5258 2881 5319 vestri
2935 5259 3039 5333 qui
3087 5258 3352 5333 loquitur
3400 5260 3466 5319 in
3536 5258 3704 5318 vobis

262 5351 626 5411 Audivimus
662 5353 851 5427 hodie,
894 5353 1100 5413 fratres
1148 5355 1497 5428 charissimi,
1548 5355 1908 5430 insuperabi-

186 5439 307 5499 lem
358 5439 576 5499 Christi
612 5440 819 5500 militis
862 5441 1285 5515 fortitudinem,
1325 5444 1663 5504 audivimus
1701 5445 1909 5503 trium-

182 5531 427 5605 phalem
468 5530 766 5606 apostolici
816 5532 1087 5607 martyris
1131 5534 1479 5608 passionem.
1522 5533 1806 5593 Mirabilis
1847 5534 1910 5592 in

183 5619 676 5694 persequentibus
719 5637 937 5698 pugna,
963 5622 1246 5684 mirabilis
1289 5624 1354 5683 in
1397 5629 1695 5700 persecute
1729 5622 1909 5685 victo-

2205 5372 2336 5414 .X).
2377 5372 2406 5405 ι)

2205 5399 2219 5414 .
2323 5398 2336 5412 .
2377 5372 2406 5405 ι)

1994 5358 2417 5504 (Μὲἒῖίἡίίέίυω
2442 5439 2507 5498 in
2533 5453 2760 5497 carcere
2804 5435 3075 5495 horriﬁco
3119 5434 3429 5509 clauditur,
3476 5435 3702 5510 gravis-

1994 5534 2143 5593 simo
2193 5536 2525 5591 catenarum
2569 5526 2822 5601 pondere
2848 5524 3183 5599 impeditur,
3220 5523 3283 5583 in
3309 5524 3472 5600 ligno
3498 5530 3705 5583 exten-

1994 5622 2172 5695 ditur,
2204 5618 2364 5681 omni
2396 5617 2809 5678 alimentorum
2850 5613 3264 5675 sustentatione
3295 5614 3581 5689 privatur.
3609 5611 3703 5672 Ad
