4070 6198
371 325 476 388 675

984 325 1044 386 S.
1085 319 1307 385 PETRI
1348 315 1666 384 DAMIANI
1706 317 2100 383 OPP.-PARS
2140 317 2280 382 SEU
2317 316 2568 383 TOMUS
2606 321 2683 381 ΙΙ.
2721 353 2792 367 -
2833 317 3258 383 SERMONES.

3775 323 3884 383 676

367 451 885 526 constringendum
939 448 1175 522 quidem
1227 449 1467 506 omnino
1525 461 1715 505 carcer
1770 446 2489 518 sufficeret,Abelluarum
2535 446 2764 505 excedit
2813 445 3116 504 saavitiam.
3180 443 3476 504 Stoliditas
3539 450 3637 504 tua
3692 447 3882 521 ipsam

367 543 592 600 etiamsi
643 549 842 598 catena
889 539 1146 606 deesset;
1177 537 1248 594 ad
1278 535 1643 609 puniendum
1689 543 1880 594 autem
1910 535 2075 594 sufﬁ-

368 639 519 690 ceret
546 631 700 703 ignis
730 644 918 702 pmna,
961 626 1184 685 etiamsi
1219 625 1386 683 famis
1430 632 1675 682 cessaret
1713 624 1927 698 inopia.
1964 625 2073 683 Sed

371 722 466 780 cui
500 727 725 778 terrena
753 735 879 777 esca
907 718 1285 780 subtrahitur,
1341 717 1670 774 cmlestibus
1707 717 1893 790 epulis
1922 733 2073 774 enu-

367 812 557 869 tritur.
593 809 662 866 Et
704 809 894 866 victus
937 822 1111 880 quem
1155 805 1370 877 judicis
1417 803 1681 878 impietas
1732 811 1916 878 negat,
1972 804 2075 862 Dei

365 897 598 971 largitas
640 895 1023 953 administrat.
1081 894 1151 951 Et
1211 894 1362 966 quod
1418 910 1531 951 non
1581 892 1784 950 tribuit
1826 908 2077 950 carcera-

366 985 507 1056 rius,
559 985 822 1043 minister
867 983 1124 1041 hominis
1153 982 1335 1040 factus
1363 982 1598 1040 exhibet
1627 980 1889 1054 angelus.
1949 983 2073 1039 An-

363 1075 524 1148 gelus
571 1074 724 1131 enim
763 1071 995 1130 Domini
1039 1078 1203 1128 nocte
1241 1070 1482 1127 veniens
1526 1070 1596 1126 ad
1630 1087 1790 1141 eum,
1823 1070 2074 1129 videnti-

362 1164 473 1221 bus
510 1161 847 1220 custodibus
891 1159 1048 1234 pavit
1077 1166 1131 1217 et
1161 1160 1521 1218 confortavit.
1569 1158 1750 1227 Quam
1799 1159 2074 1217 deliciosa

367 1251 517 1309 fame
571 1250 868 1322 aﬂligitur,
924 1249 1025 1321 qui
1081 1247 1328 1304 cmlestis
1399 1247 1780 1319 promptuarii
1829 1247 2074 1320 dapibus

368 1340 627 1410 satiatur,
668 1339 763 1397 cui
804 1337 1015 1394 caelum
1059 1337 1123 1393 lit
1171 1335 1493 1405 cellarium,
1544 1335 1791 1394 caelestis
1837 1352 2075 1410 promus

367 1430 604 1488 exhibet
655 1426 1064 1485 ministerium.
1105 1425 1291 1494 Quam
1339 1425 1576 1482 feliciter
1622 1425 1798 1484 miser
1837 1431 1942 1494 est,
1972 1426 2076 1500 qui

367 1518 510 1576 dum
556 1515 799 1574 terrenis
845 1520 971 1587 eget
1007 1512 1336 1586 impendiis,
1371 1512 1647 1583 angelicis
1695 1513 1936 1572 fulcitur
1980 1515 2076 1573 ob-

368 1604 614 1677 sequiis;
675 1603 770 1661 cui
821 1602 1061 1660 xenium
1119 1601 1402 1658 divinitus
1454 1600 1722 1671 mittitur,
1776 1602 2074 1676 angelicus

373 1690 754 1748 ministratur.

2159 537 2591 594 insensibilium
2643 552 2837 594 rerum
2885 542 3196 608 exsuperat
3243 535 3651 606 ignorantiam.
3698 534 3883 594 Inter-

2159 640 2295 698 roga
2321 632 2525 683 nautas
2553 613 2707 694 tuos,
2745 625 2898 682 disce
2927 629 3154 683 furores
3195 629 3342 682 tuos.

2231 717 2394 787 Ecce,
2432 716 2530 773 ubi
2572 717 2680 789 ipsi
2723 716 2822 772 vix
2862 716 3092 773 tandem
3152 714 3464 773 laborando
3501 715 3708 774 solutis
3746 715 3882 772 bra-

2158 804 2304 861 chiis
2349 811 2610 876 pereunt,
2667 803 2845 861 nostri
2895 802 3053 876 ligati
3098 803 3342 877 jacendo
3389 809 3444 860 et
3486 804 3707 877 absque
3760 803 3879 860 ulla

2160 893 2420 950 molestia
2470 893 2559 950 sui
2614 892 2828 950 laboris
2877 891 3146 949 evadunt.
3204 890 3414 949 Milites
3459 899 3675 961 autem,
3719 898 3778 948 et
3833 892 3882 948 si

2158 999 2275 1041 non
2308 989 2571 1056 pereunt,
2605 982 2707 1039 tibi
2740 987 2931 1039 tamen
2965 980 3230 1039 funditus
3261 987 3522 1054 pereunt.
3563 980 3707 1038 Nam
3742 981 3882 1052 jure

2156 1074 2386 1133 dicendi
2415 1073 2612 1132 fideles
2640 1074 2977 1145 transfugae,
3021 1076 3217 1144 utpote
3257 1072 3552 1128 venientes
3578 1070 3649 1128 ad
3679 1069 3878 1140 ﬁdem,

2156 1163 2434 1236 abjuratis
2482 1163 2745 1237 prmsidis
2791 1163 2988 1234 armis,
3017 1166 3344 1236 sequuntur
3392 1159 3655 1217 militiam
3695 1175 3878 1216 exsu-

2156 1251 2249 1310 lis.
2284 1253 2472 1310 Aiunt
2506 1252 2663 1309 enim
2691 1251 2762 1310 ad
2793 1267 2927 1310 eum
2959 1250 3175 1308 milites
3204 1248 3500 1306 :-Domine
3540 1248 3722 1314 Pater,
3762 1261 3878 1319 quo

2158 1340 2416 1398 ibimus?
2439 1338 2590 1409 Quid
2621 1340 2943 1397 faciemus?
2973 1336 3196 1407 Quibus
3233 1337 3314 1394 ait
3345 1361 3358 1394 :
3395 1335 3777 1410 Baptizamini
3815 1335 3873 1393 in

2157 1426 2394 1484 nomine
2447 1426 2606 1495 Jesu,
2663 1432 2719 1483 et
2770 1426 2996 1484 vivetis.
3053 1423 3162 1493 Qui
3221 1423 3412 1482 statim
3476 1423 3878 1482 renuntiantes

2158 1515 2348 1582 idolis,
2402 1514 2668 1588 baptizati
2714 1521 2852 1574 sunt
2895 1515 2955 1574 in
3007 1513 3247 1573 nomine
3292 1512 3497 1583 Patris,
3539 1520 3595 1571 et
3622 1511 3782 1584 Filii,
3821 1519 3878 1571 et

2163 1603 2418 1679 Spiritus
2447 1605 2648 1663 sancti.

2231 1693 2347 1752 Nos
2387 1702 2606 1765 autem,
2639 1695 2846 1753 fratres
2883 1692 3264 1763 dilectissimi,
3298 1691 3399 1766 qui
3436 1691 3730 1750 veritatem
3767 1693 3878 1750 ite-

446 1777 555 1836 Sed
609 1792 642 1868 ο
693 1790 899 1868 quam_
927 1775 1239 1868 pulchrum
1283 1776 1702 1868 spectaculum,
1748 1785 1803 1836 et
1858 1785 2077 1852 quanta
2098 1800 2294 1868 Brum
2331 1784 2446 1842 Deo
2468 1790 2720 1854 auctore,
2751 1781 3165 1857 cognovimus;
3200 1781 3302 1856 qui
3333 1788 3414 1839 tot
3438 1781 3720 1840 virtutum
3781 1782 3879 1839 in-

373 1867 755 1942 spectantium
833 1866 1215 1924 admiratione
1261 1865 1714 1939 dignissimuml
1769 1883 1902 1925 cum
1960 1865 2136 1926 tam—
2164 1873 2353 1947 signia
2403 1889 2522 1946 pra;
2565 1871 2749 1930 oculis
2791 1870 2995 1944 posita,
3026 1869 3098 1927 ad
3145 1868 3480 1942 exemplum
3538 1868 3880 1926 imitationis

369 1963 602 2014 strenue
649 1955 774 2014 dux
823 1954 1228 2027 imperatorem
1278 1955 1563 2028 sequitur,
1620 1962 1837 2034 martyr
1884 1972 2077 2028 regem

368 2045 646 2103 imitatur.
678 2043 817 2114 Quis
867 2043 1023 2100 enim
1072 2048 1260 2115 posset
1306 2041 1378 2098 ab
1425 2042 1589 2100 illius
1627 2045 1938 2116 spectaculi
1987 2047 2080 2104 vi-

372 2136 533 2194 sione
572 2137 811 2195 satiatus
851 2133 1178 2204 abscedere,
1211 2133 1259 2190 si
1290 2134 1360 2190 ad
1408 2133 1722 2192 vivendum
1765 2136 1922 2210 quod
1960 2151 2074 2194 non

371 2223 694 2294 videbatur,
742 2223 963 2282 clarum
1007 2223 1219 2280 mentis
1261 2222 1498 2281 oculum
1534 2223 1809 2294 potuisset
1847 2225 2076 2297 habere,

369 2328 503 2371 cum
539 2319 796 2372 cerneret
842 2311 1292 2370 invictissimum
1345 2312 1679 2371 bellatorem
1726 2313 1961 2385 Christi,
2018 2315 2079 2371 in

373 2405 615 2462 carceris
662 2405 896 2462 horrore
922 2403 1284 2472 conclusum,
1317 2417 1487 2474 quem
1523 2409 1636 2460 tam
1673 2404 1936 2460 alacriter
1971 2420 2080 2461 ex-

371 2493 657 2564 spectabat
701 2490 1169 2564 splendidissima
1211 2490 1346 2547 aula
1381 2491 1545 2562 regni
1572 2490 1850 2548 cmlorum
1877 2491 1903 2549 ?
1933 2490 2080 2550 Cum

369 2583 649 2655 aspiceret
693 2581 878 2639 civem
903 2580 1034 2637 coeli
1061 2595 1195 2637 cum
1242 2586 1400 2638 tanto
1449 2581 1745 2652 triumpho
1776 2580 1846 2638 de
1873 2581 2082 2639 exsilio

373 2671 444 2727 ad
488 2670 732 2743 patriam
775 2669 1064 2726 revocari?
1098 2669 1245 2726 Cum
1295 2668 1516 2726 videret
1561 2669 1773 2726 Christi
1815 2669 2082 2741 militem,

376 2763 489 2814 tam
541 2763 801 2830 potenter
852 2755 1077 2813 devicto
1126 2757 1369 2827 mundo,
1421 2772 1596 2828 regna
1650 2756 1870 2816 siderea
1916 2774 2088 2831 pene-

376 2853 617 2906 trantem
640 2848 666 2902 ?
695 2845 1108 2905 Verumtamen
1132 2846 1321 2904 adhuc
1346 2846 1629 2916 differtur,
1669 2847 1858 2905 adhuc
1887 2848 1948 2904 in
1977 2865 2084 2906 ex-

2167 1961 2470 2030 habemus,
2519 1960 2854 2018 studeamus
2901 1959 2972 2016 ad
3029 1957 3191 2016 illam
3237 1956 3650 2015 beatitudinem
3711 1956 3878 2014 omni

2166 2049 2447 2108 desiderio
2501 2049 2750 2118 tendere,
2787 2049 2847 2106 in
2902 2064 3018 2121 qua
3055 2047 3175 2120 jam
3226 2045 3881 2118 novimus.triumpha-

2167 2142 2315 2195 tores
2351 2135 2554 2194 mundi
2587 2135 2657 2193 de
2685 2135 2949 2194 laborum
2979 2136 3220 2193 suorum
3252 2132 3714 2193 remuneratione
3736 2147 3884 2203 gau-

2166 2225 2320 2283 dere.
2355 2224 2569 2283 Eorum
2617 2223 2858 2295 vestigia
2904 2228 3204 2281 teneamus
3245 2222 3304 2280 in
3351 2222 3462 2290 via,
3496 2235 3744 2293 quorum
3784 2235 3884 2277 so-

2165 2314 2428 2372 cietatem
2492 2313 2705 2370 habere
2771 2310 3168 2369 desideramus
3226 2310 3290 2368 in
3351 2311 3562 2384 patria.
3621 2309 3886 2368 Profecto

2167 2402 2287 2460 illic
2321 2402 2542 2461 erimus
2561 2402 2715 2476 quod
2743 2407 2896 2470 sunt,
2930 2402 2977 2458 si
3008 2400 3104 2458 hic
3129 2399 3410 2458 fuerimus
3437 2399 3590 2473 quod
3619 2399 3884 2456 fuerunt.

2169 2493 2316 2550 Nam
2352 2492 2401 2549 si
2440 2491 2842 2564 compatimur,
2889 2498 2944 2548 et
2974 2490 3478 2564 conregnabimus,
3527 2488 3576 2546 si
3628 2503 3889 2546 commo-

2170 2580 2374 2649 rimur,
2405 2587 2460 2638 et
2492 2579 2872 2638 convivemus
2909 2583 2986 2647 (II
3025 2582 3162 2634 Tim.
3197 2582 3258 2647 ι).
3306 2598 3332 2630 α
3373 2577 3442 2634 Et
3481 2577 3528 2634 si
3578 2577 3890 2649 complan-

2170 2663 2269 2727 tati
2303 2669 2436 2725 facti
2485 2684 2688 2726 sumus
2735 2666 3108 2725 similitudini
3160 2665 3360 2723 mortis
3399 2664 3652 2734 Domini,
3702 2665 3888 2722 simul

2169 2767 2224 2819 et
2253 2758 2691 2818 resurrectionis
2728 2759 2948 2816 erimus
2975 2761 3145 2829 (Rom.
3179 2760 3278 2828 v1).
3319 2778 3340 2807 ι

2242 2849 2368 2907 Non
2417 2863 2552 2920 ergo
2599 2847 2933 2906 dividamur
2957 2847 3014 2903 in
3046 2846 3273 2916 itinere,
3307 2846 3353 2903 si
3391 2845 3560 2920 jungi
3606 2844 3891 2903 volumus

375 2935 505 2994 silio
547 2935 854 3002 retinetur;
910 2939 974 2992 ut
1032 2933 1317 2990 redeundi
1370 2933 1440 2989 ad
1493 2933 1735 3005 patriam
1784 2935 1966 3007 magis
2020 2951 2087 2993 ac
2170 2939 2231 2995 in
2261 2938 2654 3010 perventione.
2691 2937 2817 2996 Non
2844 2937 3148 2996 abhorreat
3184 2944 3602 2994 momentanea:
3630 2935 3890 3008 potionis

374 3024 558 3095 magis
601 3023 951 3080 desiderium
993 3030 1289 3097 augeatur.
1339 3021 1466 3080 Non
1499 3023 1654 3081 enim
1687 3029 1868 3081 cessat
1897 3025 2088 3084 adhuc
2170 3026 2624 3085 amaritudinem
2656 3027 2872 3099 bibere,
2907 3028 3008 3100 qui
3035 3027 3107 3084 ad
3138 3033 3430 3099 perpetuae
3471 3024 3891 3082 incolumitatis

376 3111 641 3169 diabolus
663 3125 763 3183 per
783 3111 1085 3169 vasculum
1112 3126 1285 3168 suum
1315 3111 1650 3170 immaniter
1673 3113 1938 3185 tremere,
1966 3131 2081 3173 non
2104 3156 2148 3216 Ο
2171 3115 2542 3174 dulcedinem
2597 3115 2883 3174 desiderat
2934 3115 3256 3190 pervenire.
3319 3114 3428 3184 Qui
3491 3114 3612 3173 vult
3667 3113 3890 3172 ascribi

375 3209 556 3260 cessat
581 3201 774 3260 adhuc
801 3207 1039 3258 cruenta
1067 3199 1248 3258 bestia
1277 3201 1407 3258 totis
1437 3201 1675 3260 malitia:
1707 3219 1830 3261 sua:
1860 3199 2320 3262 viribusuinter
2365 3204 2578 3262 milites
2624 3203 2856 3276 Christi,
2910 3220 3068 3262 nunc
3119 3219 3180 3261 se
3224 3205 3484 3278 accingat
3527 3203 3775 3261 viriliter
3814 3203 3888 3259 ad

373 3292 523 3350 circa
572 3291 784 3350 Christi
828 3296 1139 3362 martyrem
1193 3289 1470 3347 insanire.
1512 3291 1658 3348 Nam
1699 3307 1826 3350 ecce
1873 3293 2085 3351 iterum
2167 3296 2521 3366 conﬂictum,
2550 3303 2615 3354 ut
2654 3301 2779 3368 post
2816 3300 3101 3368 peractam
3142 3293 3413 3352 militiam
3453 3293 3632 3352 beatae
3667 3292 3890 3367 quietis

377 3388 688 3453 catenatus,
718 3381 866 3439 sicut
919 3380 990 3437 de
1027 3395 1250 3438 carcere
1301 3379 1564 3450 trahitur,
1619 3381 1680 3437 in
1727 3382 1864 3439 navi
1917 3383 2086 3456 poni-

377 3481 491 3545 tUr,
552 3468 694 3526 162
754 3470 816 3528 in
870 3469 1147 3527 exsilium
1200 3469 1470 3542 mittitur,
1524 3471 1732 3529 deinde
1785 3477 2088 3545 tempestas

377 3564 584 3630 oritur,
619 3559 784 3618 navis
821 3557 1129 3631 frangitur,
1162 3565 1354 3617 nauta:
1383 3575 1587 3619 omnes
1622 3560 1926 3634 naufragio
1961 3577 2089 3619 mo-

381 3651 655 3709 riuntur:
692 3650 893 3708 beatus
947 3656 1166 3722 martyr
1207 3665 1340 3708 cum
1385 3651 1572 3709 tribus
1614 3651 1740 3710 suis
1777 3651 1998 3710 clericis
2035 3658 2091 3710 et

379 3739 610 3798 duobus
639 3737 926 3796 militibus
955 3737 1246 3796 liberatur.

451 3827 599 3898 Quid
651 3833 735 3884 est
781 3826 910 3894 hoc,
964 3825 1321 3886 Messaline?
1380 3829 1496 3887 Cur
1545 3828 1754 3888 iterum
1827 3828 2091 3889 insanis?

381 3915 500 3974 Cur
528 3915 740 3972 iterum
767 3912 1020 3986 desipiS?
1048 3914 1119 3971 Et
1145 3917 1358 3975 amisso
1386 3917 1623 3976 rationis
1658 3917 1920 3987 consilio,
1947 3918 2090 3992 quid

381 4001 852 4062 irrationabiliter
895 4001 1092 4072 facias,
1119 4017 1237 4060 non
1289 4003 1581 4064 attendis?
1626 4006 1754 4078 Eia,
1801 4023 1955 4080 rogo,
2002 4008 2094 4066 dic

384 4091 552 4162 mihi,
583 4091 717 4164 quis
748 4095 932 4164 potest
976 4089 1241 4148 exsulem
1274 4092 1337 4150 in
1366 4094 1642 4152 exsilium
1681 4096 1926 4167 mittere,
1960 4098 2096 4170 quis

382 4181 753 4254 peregrinum
800 4193 1037 4251 peregre
1081 4178 1415 4239 destinare?
1464 4183 1861 4243 Antiochenus
1917 4192 2097 4258 potest

383 4270 457 4326 de
502 4268 778 4325 Itavenna
819 4267 878 4321 in
918 4265 1195 4323 exsilium
1233 4266 1444 4340 dirigi?
1485 4269 1792 4329 Orientalis
1836 4273 1906 4330 de
1946 4273 2096 4331 occi-

385 4356 519 4428 duis
572 4356 788 4413 ﬁnibus
831 4353 1163 4427 deportari?
1205 4354 1316 4413 Sed
1354 4355 1493 4414 dum
1532 4359 1673 4416 facis
1710 4363 1993 4433 exsulem,
2027 4363 2098 4420 si-

383 4443 624 4518 gniﬁcas
682 4443 888 4501 civem.
943 4442 1012 4499 Et
1067 4458 1200 4500 cum
1257 4446 1389 4518 jure
1437 4447 1777 4520 postliminii
1828 4465 2092 4510 reversus

388 4516 582 4603 fuerit,
617 4531 677 4588 in
716 4531 953 4589 urbana:
990 4516 1336 4590 conditionis
1375 4516 1588 4606 titulos,
1629 4535 1846 4608 quibus
1883 4516 2158 4612 depor?D

387 4629 535 4681 tatus
584 4621 790 4690 fuerat,
839 4618 1064 4693 legibus
1109 4621 1404 4678 remeabit.
1432 4621 1502 4678 Et
1549 4631 1700 4682 certe
1742 4625 1788 4682 si
1830 4625 1917 4684 vir
1954 4642 2087 4684 san-

382 4717 512 4768 ctus
555 4709 829 4768 exsilium
882 4710 1189 4780 timuisset,
1244 4710 1578 4770 Ravennam
1626 4731 1813 4788 usque
1855 4716 1924 4774 de
1973 4718 2091 4774 An-

387 4798 596 4856 tiochia
654 4812 768 4856 non
820 4801 1087 4857 venisset.
1147 4797 1440 4859 Postremo
1494 4819 1667 4875 quem
1725 4805 1955 4877 longius
2007 4807 2090 4863 ire

383 4887 700 4962 compellis,
721 4903 824 4946 cur
875 4895 1204 4946 catenarum
1249 4889 1498 4948 nexibus
1542 4908 1659 4950 non
1706 4893 2089 4953 absolvis?Si

381 4975 473 5034 vis
511 4983 723 5047 tenere,
759 4993 862 5034 cur
897 4976 1184 5034 mittitur?
1213 4975 1274 5035 Si
1300 4977 1387 5035 vis
1415 4979 1657 5050 mittere,
1690 4997 1796 5040 cur
1831 4982 2042 5056 ligatur
2063 4982 2092 5041 ?

383 5068 640 5126 maxime
677 5083 810 5126 cum
845 5075 1062 5126 catenae
1095 5075 1210 5126 tua:
1236 5084 1353 5126 non
1383 5069 1564 5143 magis
1600 5073 1849 5132 nexibus
1889 5074 2088 5146 ligent,

383 5173 556 5231 quam
595 5157 948 5231 ponderibus
985 5160 1271 5231 gravent?
1309 5159 1572 5231 Econtra,
1606 5162 1708 5220 ubi
1739 5179 1894 5222 mare
1924 5164 2091 5224 detu—

385 5247 604 5317 mescit,
632 5253 692 5304 tu
734 5245 987 5315 inﬂaris;
1014 5247 1114 5304 ubi
1145 5255 1356 5306 ventus
1394 5248 1513 5306 vim
1553 5258 1848 5324 temperat,
1878 5260 1938 5312 tu
1971 5254 2091 5327 spi-

386 5349 504 5402 ras;
530 5335 630 5392 ubi
667 5334 858 5393 Eurus
885 5342 1085 5405 cessat,
1119 5343 1180 5394 tu
1209 5338 1432 5409 suﬂlas;
1473 5355 1646 5411 quem
1685 5344 1932 5413 procella
1969 5358 2091 5401 me-

387 5420 498 5478 tuit
541 5437 814 5496 mergere,
849 5430 909 5483 tu
951 5439 1068 5482 non
1103 5423 1332 5483 dubitas
1367 5427 1428 5484 in
1467 5429 1714 5502 equuleo
1751 5429 2088 5501 sublevare;

386 5525 562 5585 quem
600 5511 806 5584 frigida
841 5513 944 5570 vix
978 5513 1152 5572 audet
1185 5514 1340 5572 unda
1376 5517 1740 5589 perfundere,
1776 5526 1836 5580 tu
1866 5536 1980 5579 non
2017 5521 2092 5578 ti-

387 5612 511 5659 mes
553 5598 722 5672 aquis
764 5599 1124 5660 ferventibus
1155 5601 1393 5661 elixare.
1426 5603 1608 5664 Furor
1653 5614 1793 5669 tuus
1827 5611 2092 5671 omnium

2167 3385 2407 3459 accipiat
2455 3385 2914 3458 municipatum;
2964 3399 3122 3442 nunc
3159 3399 3220 3442 se
3261 3389 3541 3457 praeparet
3589 3382 3890 3455 congredi,

2169 3482 2234 3534 ut
2283 3477 2486 3533 merito
2542 3473 2727 3532 valeat
2779 3479 2902 3547 post
2953 3473 3254 3532 victoriam
3313 3472 3576 3531 coronari
3621 3491 3634 3529 :
3685 3493 3706 3521 α
3753 3471 3892 3529 Non

2169 3565 2328 3623 enim
2400 3562 2790 3632 coronabitur,
2871 3562 2986 3620 nisi
3069 3562 3170 3636 qui
3247 3561 3504 3634 legitime
3581 3560 3894 3618 certaverit

2171 3656 2208 3725 (1
2264 3657 2403 3713 Tim.
2452 3654 2534 3725 Il).
2594 3675 2615 3704 ι
2682 3652 2825 3710 Nam
2881 3650 3162 3711 delicatus
3219 3649 3361 3707 163
3409 3659 3494 3710 est
3543 3651 3729 3722 miles,
3781 3652 3892 3724 qui

2173 3743 2334 3817 prius
2365 3741 2490 3801 vult
2519 3742 2771 3812 vincere,
2810 3757 2987 3815 quam
3015 3741 3252 3814 incipiat
3279 3740 3584 3810 dimimre;
3615 3741 3720 3814 qui
3759 3742 3895 3800 vult

2173 3831 2298 3890 sine
2342 3847 2538 3906 pugna
2584 3831 2903 3902 victoriam,
2927 3837 3028 3889 aut
3071 3831 3197 3888 sine
3246 3829 3484 3888 victoria
3531 3830 3766 3887 anhelat
3816 3829 3892 3887 ad

2172 3923 2446 3998 palmam.
2507 3922 2729 3981 Stultus
2779 3927 2864 3980 est
2913 3921 3162 3995 agricola
3192 3965 3208 3994 ,
3260 3921 3361 3994 qui
3411 3921 3536 3980 vult
3593 3928 3893 3995 turgentes

2174 4027 2422 4071 uvarum
2472 4011 2663 4070 botros
2708 4011 2779 4068 de
2814 4009 2930 4068 vite
2979 4009 3233 4068 suaviter
3267 4025 3520 4084 carpere,
3547 4016 3604 4068 et
3647 4011 3892 4083 negligit

2173 4100 2561 4175 propaginum
2605 4098 2871 4157 surculos
2921 4097 3201 4156 laboriose
3243 4099 3528 4172 plantare;
3570 4099 3734 4171 cupit
3774 4101 3892 4157 im-

2177 4191 2331 4264 plere
2362 4190 2630 4262 frugibus
2659 4189 2951 4259 horreum,
2982 4204 3096 4246 non
3128 4204 3338 4246 curans
3387 4189 3653 4247 excolere
3679 4189 3891 4247 inbor‘

2178 4286 2491 4339 rescentem
2547 4279 2820 4353 vepribus
2845 4295 3069 4354 agrum.
3107 4279 3222 4350 Sic,
3256 4281 3458 4338 fratres
3488 4279 3599 4338 mei
3629 4280 3892 4339 dilectis-

2178 4369 2332 4439 simi,
2365 4375 2670 4442 angustam
2707 4368 2875 4427 nobis
2898 4369 3148 4442 expedit,
3179 4377 3235 4427 et
3272 4370 3458 4444 asperi
3492 4370 3704 4429 laboris
3734 4372 3890 4428 viam

2177 4474 2313 4516 cum
2363 4458 2574 4515 sanctis
2627 4458 2684 4516 in
2740 4457 2847 4515 hoc
2891 4456 3108 4515 saeculo
3144 4474 3396 4530 carpere,
3430 4459 3477 4516 si
3518 4462 3890 4533 postmodum

2175 4547 2446 4605 volumus
2475 4547 2544 4604 ad
2569 4563 2769 4606 eorum
2798 4545 2996 4620 gaudii
3025 4544 3386 4605 latitudinem
3421 4548 3741 4622 pervenire.
3779 4547 3891 4617 Qui

2174 4635 2333 4694 enim
2353 4635 2491 4692 dicit
2515 4650 2576 4692 se
2597 4636 2654 4693 in
2679 4635 2903 4692 Christo
2927 4635 3380 4706 manere,debet,
3401 4637 3549 4694 sicut
3571 4633 3670 4694 ille
3683 4636 3892 4693 ambu—

2172 4723 2333 4796 lavit,
2370 4730 2426 4782 et
2465 4724 2586 4797 ipse
2627 4723 2926 4781 ambulare
2979 4726 3156 4794 (Joan.
3193 4725 3274 4792 ιι.)
3315 4722 3522 4782 Procul
3559 4724 3742 4782 dubio
3782 4740 3891 4781 au-

2175 4819 2290 4872 tem
2327 4830 2359 4871 a
2417 4811 2670 4885 vestigiis
2711 4811 2922 4870 Christi
2969 4813 3267 4885 exorbitat,
3297 4812 3399 4887 qui
3449 4819 3755 4888 angustam
3801 4815 3892 4874 fu-

2174 4903 2357 4978 giens,
2400 4901 2722 4960 latitudinis
2773 4903 2926 4960 viam
2971 4903 3148 4962 calcat
3194 4927 3206 4961 :
3261 4928 3282 4955 ι
3336 4903 3443 4962 Per
3483 4905 3689 4964 multas
3729 4906 3892 4964 enim

2177 4989 2574 5048 tribulationes
2633 4995 2851 5064 oportet
2905 5004 3011 5048 nos
3064 4990 3301 5050 introire
3351 4991 3414 5049 in
3469 5009 3714 5066 regnum
3786 4993 3892 5051 Dei

2175 5080 2315 5151 (Act.
2362 5081 2505 5152 xxv).
2560 5103 2586 5130 ι)
2627 5080 2788 5148 Ecce,
2841 5077 2908 5136 B.
2956 5078 3326 5153 Apollinaris,
3356 5081 3523 5154 cujus
3563 5081 3734 5141 hodie
3785 5098 3895 5141 nos

2178 5167 2382 5226 festiva
2411 5167 2536 5226 dies
2565 5166 2784 5237 illuxit,
2817 5182 2934 5225 non
2964 5173 3216 5227 terrenos
3248 5170 3494 5230 honores
3531 5171 3738 5242 voluit,
3770 5187 3893 5231 non

2177 5257 2406 5315 fallaces
2433 5256 2666 5314 divitias
2690 5257 3077 5329 congregavit,
3110 5272 3222 5315 non
3261 5258 3470 5318 mundi
3505 5259 3749 5333 gioriam
3789 5277 3894 5334 pe-

2176 5346 2285 5418 tiit,
2338 5361 2453 5404 non
2502 5344 2845 5403 transitoria:
2900 5345 3272 5419 possessionis
3319 5348 3537 5421 praedia
3582 5348 3892 5419 dilatavit;

2175 5432 2527 5507 propinquos
2570 5433 2803 5506 sprevit,
2856 5433 3103 5507 patriam
3147 5433 3478 5510 dereliquit,
3515 5437 3892 5511 semetipsum

2174 5536 2406 5595 quoque
2433 5521 2697 5581 funditus
2719 5521 3054 5596 abnegavit;
3083 5523 3153 5581 ad
3177 5529 3505 5584 extremum
3533 5541 3766 5602 quoque
3793 5541 3900 5598 per

2178 5613 2416 5690 ferrum,
2446 5633 2546 5690 per
2591 5615 2834 5691 gladios,
2865 5632 2968 5691 per
3016 5617 3150 5690 tela,
3195 5633 3298 5692 per
3344 5617 3528 5694 ignes,
3566 5635 3670 5695 per
3705 5633 3902 5678 moro-
