4070 6198
174 309 286 370 677

1669 309 1918 372 SERMO
1956 307 2192 373 XXXII.

3567 321 3673 383 678

173 453 266 496 sas
312 442 368 495 et
415 437 752 494 innumeras
802 442 1013 495 mortes
1057 451 1230 510 regna
1279 437 1498 496 siderea
1541 440 2052 512 penetravit.Ates
2091 442 2345 512 proprias
2385 441 2440 497 in
2481 440 2753 499 omnibus
2801 442 3083 516 frangere,
3112 450 3168 501 et
3211 445 3443 520 majoris
3479 450 3667 523 impe-

176 528 274 589 Sic
315 528 379 586 in
417 527 628 586 sanctis
679 527 810 585 luce
853 527 1067 587 clarius
1118 529 1536 600 manifestatur,
1585 532 1738 605 quod
1785 547 1887 604 per

172 619 489 678 Veritatem
515 619 577 677 in
606 619 925 691 Evangelio
953 618 1169 678 dicitur
1203 639 1214 676 :
1257 644 1278 671 ι(
1315 619 1465 688 Quia
1495 636 1737 692 regnum
1770 637 1887 679 cre-

172 714 366 770 lorum
437 713 558 770 vim
628 711 862 784 patitur,
939 714 994 768 et
1063 710 1303 770 violenti
1380 711 1666 784 diripiunt
1739 711 1886 770 illud

173 806 396 876 (Matth.
431 804 535 874 XI).
574 823 602 857 »

237 891 439 965 Neque
473 896 663 949 tamen
703 891 815 947 hoc
842 889 1114 963 dicimus,
1154 895 1219 950 ut
1256 888 1344 949 illi
1375 888 1739 949 solummodo
1769 905 1885 948 cce-

171 980 417 1039 lestibus
447 981 608 1053 digni
647 980 905 1055 praemiis
937 982 1279 1052 habeantur,
1321 981 1424 1056 qui
1454 990 1887 1054 persecutorum

169 1067 379 1140 gladiis
408 1069 719 1128 feriuntur.
763 1069 927 1143 Saepe
959 1070 1116 1129 enim
1145 1071 1316 1130 multi
1357 1073 1624 1144 perfectae
1671 1078 1726 1128 et
1756 1071 1887 1129 lau-

169 1157 386 1216 dabilis
435 1159 569 1215 vita)
608 1158 718 1217 viri
772 1165 885 1217 toto
929 1161 1141 1218 mentis
1183 1159 1466 1217 desiderio
1511 1161 1581 1217 ad
1627 1157 1889 1232 martyrii

170 1247 489 1306 voluerunt
526 1247 758 1306 culmen
787 1249 1067 1321 attingere
1097 1271 1110 1318 ;
1149 1250 1246 1306 sed
1280 1249 1421 1321 quia
1458 1249 1657 1306 divina
1688 1247 1886 1321 provi-

170 1336 369 1393 dentia
406 1335 574 1394 aliter
611 1337 814 1409 sensit,
855 1339 916 1395 in
953 1354 1058 1396 suo
1098 1337 1282 1409 gradu
1311 1338 1486 1396 coacti
1527 1344 1664 1394 sunt
1695 1353 1884 1394 rema-

170 1441 314 1484 nere
339 1443 354 1495 ;
384 1425 486 1499 qui
514 1426 739 1485 etiamsi
767 1443 1136 1500 nequaquam
1165 1426 1390 1485 fuerint
1413 1443 1516 1500 per
1539 1427 1886 1499 martyrium

171 1517 585 1586 consummati,
626 1533 659 1574 a
702 1517 964 1592 martyrii
1006 1524 1196 1575 tamen
1239 1517 1423 1590 gloria
1462 1517 1705 1575 minime
1751 1525 1888 1577 sunt

170 1603 373 1661 alieni.
408 1604 556 1662 Nam
593 1611 646 1663 et
675 1607 857 1664 sancti
884 1606 1154 1680 discipuli
1184 1607 1248 1664 B.
1282 1606 1657 1680 Apollinaris,
1692 1608 1883 1666 Adhe-

171 1694 324 1752 ritus
372 1694 642 1753 videlicet
699 1702 755 1754 et
816 1696 1144 1769 Calocerus,
1205 1696 1532 1756 Marcianus
1595 1705 1649 1756 et
1711 1698 1884 1756 Eleu-

1966 528 2052 584 rio
2097 527 2394 585 humiliter
2441 528 2693 586 obedire.
2739 529 3016 604 Quisquis
3059 539 3248 591 autem
3301 550 3403 607 per
3450 539 3668 612 proprii

1966 616 2188 673 arbitrii
2219 616 2583 674 latitudinem
2611 618 2833 687 defluit,
2881 620 3082 691 pedem
3117 623 3329 680 mentis
3356 625 3428 681 ab
3476 642 3667 700 angu-

1968 715 2070 764 stae
2099 705 2210 763 Δνὶξιὶ
2239 706 2442 763 semita
2472 706 2803 765 declinavit.
2841 706 2951 764 Sed
2985 715 3140 766 tanto
3175 726 3275 783 per
3309 712 3456 770 hanc
3495 729 3670 772 suum

1965 795 2074 853 iter
2100 793 2329 867 plenius
2355 793 2571 867 dirigit,
2607 801 2823 868 quanto
2858 813 2918 855 se
2947 798 3160 856 arctius
3189 800 3250 856 in
3283 799 3442 872 ligno
3479 801 3669 860 cordis

1965 885 2146 944 clavis
2174 883 2520 943 obedientiaa
2551 885 2860 958 crucifigit.

2040 973 2150 1032 Sed
2175 973 2312 1047 quia
2355 974 2426 1031 ad
2476 974 2917 1032 aediﬁcationem
2965 982 3236 1047 nostram,
3279 976 3664 1052 dilectissimi,

1964 1062 2143 1136 hujus
2170 1069 2283 1119 tam
2331 1062 2641 1136 praecipua:
2674 1063 2904 1122 virtutis
2945 1068 3276 1137 exemplum
3319 1083 3532 1140 ponere
3561 1085 3663 1127 vo-

1965 1151 2182 1222 lumus,
2226 1152 2364 1224 quia
2414 1152 2486 1208 de
2533 1151 2696 1210 nullo
2740 1152 2912 1210 citius
2959 1154 3227 1224 occurrit,
3274 1155 3412 1213 hinc
3455 1157 3524 1214 de
3552 1173 3666 1230 quo

1963 1239 2173 1309 agitur,
2221 1239 2285 1296 Β.
2331 1240 2724 1311 Apollinarem
2771 1241 2842 1298 ad
2876 1243 3132 1300 medium
3175 1243 3550 1304 deducamus.
3595 1244 3666 1303 Ut

1965 1327 2122 1384 enim
2150 1327 2270 1399 jam
2321 1327 2582 1396 audistis,
2614 1329 2676 1385 in
2720 1328 2843 1401 ipso
2880 1337 3170 1400 gestorum
3206 1331 3367 1389 illius
3398 1339 3666 1391 narratur

1967 1419 2224 1489 exordio,
2258 1418 2394 1491 quia
2430 1417 2494 1475 B.
2537 1418 2739 1477 Petrus
2770 1421 3064 1492 apostolus
3102 1422 3184 1480 ait
3224 1423 3549 1495 Apollinari
3577 1424 3667 1482 di-

1965 1508 2186 1581 scipulo
2214 1523 2320 1566 suo
2354 1527 2366 1566 :
2397 1507 2544 1577 Quid
2571 1508 2734 1566 sedes
2761 1509 3108 1569 nobiscum?
3137 1511 3278 1569 Ecce
3320 1514 3580 1572 eruditus
3605 1530 3666 1572 es

1965 1597 2036 1656 de
2061 1597 2337 1657 omnibus
2361 1613 2494 1672 quae
2518 1597 2650 1655 fecit
2684 1598 2873 1656 Jesus.
2911 1598 3112 1671 Surge,
3151 1601 3343 1673 accipe
3384 1601 3666 1675 Spiritum

1965 1695 2252 1757 sanctum,
2293 1687 2583 1761 simulque
2613 1687 3028 1759 pontificatum,
3063 1697 3117 1746 et
3152 1705 3323 1763 perge
3353 1691 3425 1747 ad
3464 1692 3666 1751 urbem

170 1783 440 1854 chadius,
507 1783 639 1842 licet
687 1800 1060 1861 nequaquam
1113 1786 1456 1846 carnificum
1522 1787 1713 1861 gladio
1768 1788 2099 1854 sinthum
2136 1781 2370 1834 vocatur
2407 1775 2704 1833 Ravenna.
2746 1775 3054 1835 Multitudo
3092 1777 3252 1834 enim
3304 1777 3503 1851 populi
3549 1778 3668 1837 illic

171 1873 457 1946 percussi,
518 1890 551 1930 a
608 1875 872 1948 martyrii
935 1880 1128 1933 tamen
1195 1876 1478 1934 desiderio
1552 1877 1887 1936 nullatenus

171 1962 495 2020 creduntur
524 1961 703 2020 fuisse
728 1963 1012 2033 extranei,
1043 1963 1140 2020 sed
1168 1965 1537 2037 omnipotens
1572 1963 1748 2036 Deus,
1781 1967 1886 2039 qui

169 2065 274 2108 eos
310 2058 443 2108 ante
473 2050 690 2109 saecula
726 2050 1040 2108 clementer
1077 2051 1268 2125 elegit,
1313 2053 1374 2109 in
1413 2068 1531 2125 quo
1569 2053 1755 2112 voluit
1791 2069 1886 2111 or-

168 2139 334 2209 dine,
378 2141 662 2212 profunda
693 2140 922 2199 consilii
952 2141 1042 2200 sui
1081 2141 1510 2214 dispensatione
1543 2141 1841 2200 constituit
1871 2164 1884 2217 ;

168 2243 310 2302 quae
343 2229 612 2302 quamvis
649 2230 723 2286 sit
769 2229 934 2286 nobis
971 2230 1214 2298 occulta,
1258 2230 1422 2288 nullo
1462 2232 1632 2288 modo
1693 2237 1886 2289 tamen

168 2317 336 2374 credi
362 2317 528 2376 debet
554 2319 768 2392 injusta
794 2336 809 2388 ;
845 2319 1113 2393 quamvis
1149 2320 1221 2376 sit
1260 2318 1885 2393 incomprehensibilis,

171 2404 350 2462 nullo
377 2403 545 2462 modo
578 2411 769 2463 tamen
799 2405 1082 2464 censenda
1122 2406 1617 2479 reprehensibilis.
1661 2407 1758 2466 Sic
1792 2423 1888 2465 ar-

169 2494 461 2553 chitectus
507 2511 643 2554 cum
688 2495 967 2568 parietem
1027 2496 1240 2554 domus
1287 2497 1552 2567 aediﬁcat,
1604 2497 1750 2555 alios
1804 2499 1887 2556 la-

169 2585 343 2656 pides
378 2585 442 2640 in
495 2582 630 2640 imis
667 2584 968 2657 aequaliter
1003 2584 1301 2653 construit,
1342 2584 1486 2642 alios
1542 2584 1604 2642 in
1644 2587 1889 2645 summis

169 2671 491 2730 artiﬁciosa
518 2672 875 2732 sublimitate
905 2673 1218 2746 componit.
1255 2672 1366 2731 Sed
1407 2674 1548 2733 dum
1586 2673 1675 2732 illi
1716 2691 1888 2749 supe-

171 2761 304 2818 rius
350 2762 628 2833 eminent,
674 2762 768 2820 isti
815 2763 1062 2821 inferius
1095 2763 1308 2836 jacent,
1339 2764 1608 2822 concordi
1639 2764 1888 2823 diversi-

171 2855 292 2906 tate
345 2865 533 2908 unum
586 2851 764 2910 simul
819 2852 1095 2925 parietem
1149 2853 1455 2924 complent.
1517 2853 1612 2912 Sic
1671 2855 1888 2927 peritus

167 2940 390 2996 artifex
446 2955 578 2998 cum
630 2957 826 3009 aurea,
892 2940 986 2998 vel
1046 2949 1314 3012 argentea
1374 2957 1510 3000 vasa
1573 2945 1884 3016 componit,

166 3028 308 3086 aliis
357 3028 610 3087 diversas
651 3029 974 3102 sculpturas
1015 3035 1072 3084 et
1113 3029 1398 3100 imagines
1437 3030 1737 3102 imprimit,
1775 3029 1888 3086 alia

169 3131 312 3174 vero
365 3115 729 3174 solummodo
785 3117 959 3190 polita
1011 3132 1085 3173 ex
1134 3116 1326 3174 studio
1376 3116 1768 3188 derelinquit;
1824 3125 1887 3174 ut

168 3202 319 3261 dum
349 3205 411 3261 in
448 3204 558 3274 his,
593 3205 701 3262 hoc
725 3211 809 3261 est
836 3203 1219 3276 simplicibus,
1265 3203 1546 3261 naturalis
1577 3204 1732 3262 color
1768 3206 1885 3262 cla-

167 3295 294 3352 rius
335 3294 581 3363 rutilat;
631 3294 694 3350 in
738 3293 860 3350 illis
906 3307 1060 3363 vero,
1102 3292 1161 3348 id
1201 3300 1306 3364 est,
1347 3294 1711 3367 anaglyphis,
1745 3310 1886 3351 ana-

168 3384 380 3458 glyphi
420 3384 724 3458 sculptoris
762 3383 1068 3455 ingenium
1098 3397 1191 3439 ars
1221 3381 1476 3440 studiosa
1500 3384 1884 3456 commendat,

167 3475 560 3548 spectantium
607 3473 806 3532 oculos
857 3472 1102 3546 pulchra
1144 3472 1215 3528 ad
1275 3487 1334 3528 se
1391 3487 1585 3530 rerum
1641 3473 1889 3530 varietas

166 3565 384 3622 trahat.
426 3563 914 3621 Indumentorum
955 3575 1186 3635 quoque
1225 3560 1508 3633 regalium
1537 3561 1650 3619 alia
1683 3562 1886 3620 viden—

165 3660 262 3712 tur
292 3653 610 3727 conchylii,
641 3651 735 3710 vel
767 3652 1006 3710 muricis
1035 3652 1355 3722 sanguineo
1381 3653 1593 3711 rubore
1628 3655 1882 3727 perfusa,

163 3743 279 3800 alia
309 3759 450 3800 vero
477 3743 634 3800 nivei
666 3741 876 3799 coloris
904 3741 1089 3798 nitore
1119 3741 1439 3800 candentia.

237 3831 358 3890 Sed
387 3831 528 3889 dum
566 3848 642 3889 ex
677 3832 907 3904 prepria
960 3830 1234 3904 qualitate
1277 3831 1427 3888 inter
1473 3848 1534 3890 se
1569 3835 1882 3893 admodum

162 3917 476 3991 differunt,
505 3936 684 3978 unam
727 3926 918 3978 tamen
948 3920 1286 3994 dignitatem
1324 3923 1394 3980 de
1423 3939 1511 3996 eo,
1551 3921 1694 3978 164
1730 3923 1885 4000 quod

159 4010 561 4068 communiter
608 4015 938 4082 contegunt,
985 4025 1219 4083 corpore
1272 4011 1424 4085 regis
1478 4012 1734 4070 trahunt.
1791 4011 1887 4071 Sic

161 4099 476 4167 nimirum,
510 4098 592 4156 sic
627 4098 993 4172 omnipotens
1031 4098 1188 4157 Deus
1218 4099 1358 4157 dum
1399 4100 1608 4159 electos
1651 4116 1786 4160 suos
1811 4101 1885 4159 ad

165 4187 354 4245 unius
385 4187 676 4245 felicitatis
704 4187 952 4260 gradum
977 4187 1261 4261 provehit,
1305 4188 1576 4247 Ecclesiae
1605 4205 1728 4248 suae
1757 4205 1886 4248 cor-

163 4293 281 4351 pus
331 4294 436 4351 per
486 4280 646 4337 varia
699 4279 1096 4338 membrorum
1159 4279 1508 4339 lineamenta
1557 4281 1883 4354 distinguit.

162 4365 329 4424 Hinc
357 4375 440 4424 est
469 4367 649 4438 enim,
681 4369 836 4442 quod
875 4385 975 4440 per
1011 4370 1356 4442 Apostolum
1394 4371 1607 4428 dicitur
1639 4394 1651 4428 :
1699 4396 1726 4419 κ
1757 4371 1887 4444 Ipse

1972 1872 2248 1935 moratur,
2281 1864 2525 1938 prtedica
2563 1864 2647 1922 eis
2681 1864 2753 1922 de
2794 1865 3028 1922 nomine
3074 1865 3233 1933 Jesu,
3264 1873 3320 1923 et
3356 1882 3430 1924 ne
3467 1867 3672 1924 formi-

1970 1953 2217 2012 daveris.
2280 1955 2345 2011 Et
2402 1954 2576 2028 paulo
2625 1961 2752 2027 post
2803 1954 3223 2027 subjungitur:
3282 1954 3355 2011 Et
3403 1955 3673 2014 osculans

1972 2057 2133 2112 eum,
2185 2042 2376 2100 emisit
2425 2059 2458 2100 a
2513 2057 2592 2099 se.
2655 2042 3015 2115 Perpendite,
3070 2043 3276 2100 fratres
3324 2043 3457 2112 mei,
3497 2059 3672 2116 quam

1971 2129 2152 2188 libera
2186 2130 2248 2188 in
2294 2131 2566 2203 magistro
2595 2129 2970 2204 praecipiendi
3013 2131 3343 2202 auctoritas,
3375 2147 3551 2205 quam
3579 2133 3676 2190 de-

1971 2236 2103 2286 vota
2132 2229 2194 2286 in
2223 2229 2508 2302 discipulo
2533 2227 2837 2286 obediendi
2890 2226 3190 2286 humilitas
3219 2247 3231 2285 :
3273 2244 3448 2299 quam
3476 2246 3676 2303 prom-

1971 2323 2104 2391 ptus
2144 2316 2244 2373 ille
2271 2317 2382 2374 fuit
2410 2317 2482 2374 ad
2511 2316 2930 2389 imponendum
2960 2318 3188 2391 imperii
3228 2319 3462 2392 jugum,
3495 2336 3674 2395 quam

1973 2404 2078 2462 iste
2131 2411 2362 2477 paratus
2414 2404 2634 2463 exstitit
2689 2404 2762 2461 ad
2821 2404 3280 2464 submittendum
3329 2407 3673 2466 obedientiaa

1973 2494 2212 2552 collum.
2262 2494 2366 2552 Ille
2411 2495 2691 2567 jussionis
2742 2510 2865 2553 sum
2913 2497 3276 2555 severitatem
3325 2497 3672 2556 blandiendo

1972 2599 2091 2641 non
2123 2589 2414 2657 temperat,
2451 2583 2550 2642 ille
2580 2584 2721 2642 tanti
2771 2583 2979 2642 laboris
3011 2585 3209 2643 subire
3238 2587 3524 2645 sarcinam
3555 2602 3674 2644 non

1972 2680 2218 2730 recusat.

2047 2763 2246 2821 Solent
2311 2762 2607 2820 mundana
2654 2761 2989 2836 eloquentia
3047 2763 3260 2821 eruditi
3323 2762 3670 2823 locutionem

1974 2868 2140 2911 suam
2211 2851 2481 2909 rhetorici
2559 2850 2761 2909 coloris
2831 2853 3113 2909 suavitate
3184 2866 3542 2924 componere,
3619 2859 3676 2910 et

1973 2953 2219 3012 quaeque
2250 2939 2525 3008 difﬁcilia,
2567 2955 2701 2996 cum
2743 2939 2968 3008 volunt,
3005 2938 3234 2994 blandis
3282 2945 3338 2996 et
3367 2939 3677 3012 exquisitis

1973 3027 2168 3086 verbis
2195 3028 2346 3085 levia
2372 3027 2784 3098 demonstrare,
2819 3034 2883 3085 ut
2912 3028 2960 3084 si
2989 3027 3224 3101 quando
3248 3043 3427 3100 grave
3453 3029 3673 3102 aliquid

1909 3145 1952 3206 Ο
1974 3117 2280 3191 imperant,
2317 3117 2637 3206 auditorem
2659 3117 2750 3206 ad
2791 3133 2893 3174 sua
2923 3125 3054 3174 vota
3080 3123 3438 3176 convertant.
3465 3117 3678 3177 Beatus

1972 3222 2108 3265 vero
2135 3207 2428 3280 apostolus
2471 3221 2588 3264 non
2617 3205 2830 3263 blanda
2860 3205 3034 3264 verba
3067 3207 3414 3278 composuit,
3445 3223 3564 3265 non
3593 3207 3678 3266 rei

1969 3305 2246 3354 eventum
2293 3312 2633 3370 prosperum
2674 3296 3022 3369 repromisit,
3073 3297 3170 3353 sed
3215 3312 3339 3354 rem
3379 3297 3675 3359 difﬁcilem

1967 3384 2307 3456 simpliciter
2337 3383 2658 3456 imperavit.
2689 3383 2847 3440 Inter
2878 3384 3002 3440 hzec
3026 3382 3177 3440 illud
3203 3383 3378 3440 etiam
3405 3385 3476 3441 ad
3507 3401 3678 3444 men-

1970 3480 2083 3531 tem
2126 3473 2291 3543 redit,
2320 3473 2475 3547 quod
2505 3472 2787 3530 Dominus
2812 3471 3061 3529 Abrahae
3103 3471 3386 3530 dissimile
3415 3473 3674 3546 quidem,

1967 3566 2066 3624 sed
2113 3580 2231 3624 non
2283 3563 2641 3621 dissimiliter
2683 3563 2904 3637 jussit:
2945 3586 2967 3613 τι
3001 3562 3182 3634 Tolle,
3227 3563 3438 3636 inquit,
3486 3564 3678 3625 filium

1967 3659 2156 3723 tuum,
2185 3668 2364 3726 quem
2390 3652 2586 3725 diligis
2625 3651 2804 3720 Isaac,
2843 3660 2899 3708 et
2924 3651 3066 3709 offer
3100 3651 3270 3710 illum
3306 3653 3452 3711 mihi
3481 3654 3541 3712 in
3568 3655 3678 3713 ho-

1967 3743 2289 3801 locaustum
2337 3744 2489 3812 (Gen.
2540 3748 2696 3810 XXI).
2737 3763 2759 3791 ι
2798 3739 3098 3800 SulIiceret
3137 3757 3390 3815 namque
3430 3743 3682 3804 Domino

1965 3832 2155 3890 dicere
2188 3851 2200 3890 :
2239 3855 2265 3883 α
2292 3831 2454 3889 Tolle
2486 3831 2672 3889 ﬁlium
2707 3837 2873 3889 tuum
2903 3847 2962 3901 u;
2994 3829 3094 3887 sed
3118 3830 3382 3903 adjungit
3409 3855 3421 3889 :
3452 3857 3478 3881 α
3501 3848 3679 3905 quem

1965 3921 2160 3994 diligis
2201 3921 2380 3989 Isaac,
2407 3945 2432 3968 ιθ
2465 3927 2528 3978 ut
2576 3920 2808 3978 reducta
2857 3919 3005 3993 patri
3047 3919 3119 3976 ad
3166 3935 3334 3979 aures
3377 3920 3684 3981 dilectione

1967 4008 2109 4079 ﬁlii,
2169 4009 2506 4081 probaretur
2559 4008 2622 4066 in
2674 4009 2871 4066 animo
2926 4015 3180 4082 quantus
3244 4007 3468 4070 viveret
3521 4025 3685 4069 amor

1966 4098 2108 4169 Dei;
2151 4106 2440 4172 quatenus
2476 4095 2672 4156 audita
2703 4095 2934 4155 dilectio
2969 4096 3079 4154 filii
3126 4103 3431 4170 paternum
3481 4105 3682 4171 pectus

1965 4188 2330 4258 accenderet;
2380 4187 2479 4246 sed
2534 4203 2737 4246 rursus
2789 4194 3174 4261 exsuperante
3223 4185 3415 4245 divini
3470 4189 3682 4248 amoris

1971 4275 2112 4332 165
2163 4277 2431 4347 ﬂamma,
2489 4276 2864 4348 semetipsum
2913 4275 3261 4335 obedientiae
3317 4277 3510 4350 gladio
3561 4293 3684 4334 ma-

1964 4373 2143 4437 ctans,
2173 4367 2235 4423 in
2290 4383 2387 4424 ara
2443 4366 2631 4424 cordis
2687 4366 2883 4424 verius
2933 4366 3282 4425 immolaret.
3323 4366 3448 4425 Hoc
3510 4367 3684 4425 etiam

163 4455 335 4513 dedit
385 4457 665 4530 quosdam
713 4458 950 4530 quidem
1003 4458 1309 4532 apostolos,
1361 4461 1640 4533 quosdam
1689 4456 2144 4556 autemDmodo
2181 4456 2392 4556 beatus
2436 4455 2727 4552 apostolus
2772 4469 2906 4512 cum
2953 4454 3239 4556 discipulo
3271 4472 3378 4556 suo
3413 4456 3633 4554 diceret
3670 4480 3682 4513 :

160 4546 513 4618 prophetas,
551 4547 695 4604 alios
744 4563 882 4605 vero
931 4547 1336 4619 evangelistas,
1386 4549 1530 4606 alios
1558 4555 1751 4606 autem
1797 4563 1893 4620 pa-

160 4641 366 4692 stores
395 4641 450 4691 et
488 4635 764 4705 doctores,
809 4635 879 4692 ad
925 4637 1486 4694 consummationem
1536 4642 1888 4704 sanctorum,

159 4723 226 4780 in
270 4738 430 4795 opus
471 4723 799 4794 ministerii,
849 4726 913 4781 in
957 4724 1404 4782 aedificationem
1448 4723 1703 4797 corporis
1735 4723 1893 4781 Chri-

158 4812 237 4870 sti
279 4813 513 4882 (Ephes.
555 4817 659 4882 ιν).
695 4838 721 4861 »
762 4812 869 4871 Sed
899 4811 1033 4870 licet
1061 4812 1222 4869 varia
1267 4812 1340 4870 sit
1369 4812 1671 4870 diversitas
1705 4817 1894 4868 trans-

157 4900 477 4972 euntium,
525 4916 645 4958 una
687 4908 879 4958 tamen
923 4909 1008 4958 est
1059 4901 1172 4970 via,
1217 4917 1319 4974 per
1358 4916 1532 4975 quam
1571 4901 1890 4958 transitur:

158 4989 272 5048 illa
325 4988 634 5055 nimirum,
681 5005 857 5062 quam
893 4989 1118 5048 Veritas
1158 5006 1218 5048 se
1256 4990 1634 5062 sequentibus
1673 4995 1895 5048 sterne-

157 5078 292 5148 bat,
346 5093 483 5135 cum
515 5077 730 5135 diceret
760 5097 773 5136 :
829 5101 855 5128 α
884 5079 1149 5150 Angusta
1183 5084 1266 5136 est
1298 5078 1412 5148 via,
1451 5093 1585 5150 quae
1630 5078 1788 5136 ducit
1824 5077 1897 5135 ad

156 5165 410 5234 vitam;
483 5172 537 5220 et
582 5165 755 5237 pauci
803 5171 958 5235 sunt,
1014 5164 1117 5238 qui
1164 5163 1568 5238 ingrediantur
1623 5180 1724 5237 per
1768 5181 1896 5223 eam

158 5257 412 5322 (Matth.
451 5260 578 5323 vn).
613 5279 639 5306 »
670 5254 835 5312 Hanc
870 5255 1027 5313 viam
1065 5255 1188 5329 ipse
1219 5254 1504 5312 Dominus
1531 5257 1716 5313 tenuit
1749 5273 1765 5326 ;
1798 5270 1899 5327 per

157 5349 334 5407 hanc
367 5345 706 5420 quicunque
739 5361 874 5405 eum
905 5345 1071 5420 sequi
1103 5345 1374 5416 voluerit,
1412 5345 1678 5403 incedere
1702 5345 1896 5419 jussit.

157 5436 350 5494 Hanc
382 5435 537 5492 viam
583 5433 766 5492 sancti
801 5441 1085 5506 martyres
1131 5434 1292 5492 omni
1328 5433 1518 5492 studio
1566 5440 1897 5507 tenuerunt,

155 5533 506 5597 antequam
567 5522 640 5579 ad
723 5523 1073 5598 martyrium
1147 5524 1472 5597 pertingere
1530 5521 1899 5581 meruissent.

157 5617 514 5688 Angustam
551 5611 768 5686 quippe
813 5614 965 5673 viam
1000 5615 1251 5688 perfecte
1285 5621 1480 5675 tenere
1513 5619 1600 5673 est
1629 5613 1898 5674 volunta-

1977 4545 2155 4616 Perge
2181 4543 2545 4614 Ravennam,
2572 4559 2639 4600 ac
2659 4541 2709 4598 si
2738 4547 3012 4601 terrorem
3041 4543 3153 4600 sibi
3193 4543 3368 4602 vellet
3409 4544 3688 4616 incutere,

1978 4633 2241 4706 protinus
2288 4631 2508 4688 addidit
2540 4655 2552 4688 :
2579 4629 2888 4689 Multitudo
2937 4631 3094 4688 enim
3141 4630 3341 4704 populi
3389 4630 3513 4690 illic
3557 4646 3687 4689 mo-

1980 4729 2164 4781 ratur.

2052 4811 2278 4870 Poterat
2317 4816 2509 4868 autem
2561 4809 2624 4868 B.
2661 4808 3014 4883 Apollinaris
3061 4809 3334 4882 magistro
3381 4825 3487 4868 suo
3527 4809 3689 4867 verbi

1980 4900 2321 4974 hujusmodi
2357 4901 2703 4975 respondere
2741 4919 2754 4958 :
2797 4899 3233 4958 Multitudinem
3279 4899 3480 4972 populi
3523 4898 3692 4970 dicis,

1979 4997 2035 5048 et
2088 5006 2276 5049 unum
2332 4998 2526 5049 contra
2582 4989 3017 5050 multitudinem
3067 4989 3289 5062 dirigis.
3334 4988 3513 5047 Multa
3566 5003 3690 5046 esse

1980 5082 2236 5140 hostium
2274 5080 2508 5153 agmina
2545 5081 2667 5154 ipse
2701 5097 2817 5139 non
2857 5095 3069 5153 negas;
3110 5086 3164 5138 et
3194 5094 3382 5138 unum
3408 5078 3690 5136 inermem

1981 5169 2277 5228 hominem
2335 5175 2532 5226 contra
2580 5184 2676 5227 eos
2731 5169 2958 5226 mittere
3006 5183 3122 5226 non
3171 5165 3500 5226 formidas?
3537 5166 3692 5236 Quo-

1981 5258 2151 5315 modo
2184 5257 2461 5330 pugnabit
2490 5257 2645 5315 nuda
2677 5257 2872 5330 lingua
2897 5257 3076 5316 unius
3115 5257 3371 5315 hominis
3409 5255 3691 5316 adversus

1981 5352 2231 5404 armatas
2259 5361 2471 5403 manus
2494 5345 2843 5403 adversariae
2877 5343 3320 5404 multitudinis?
3348 5344 3499 5415 Quid
3530 5352 3692 5419 pote-

1981 5435 2058 5493 rit
2105 5435 2358 5493 imbellis
2403 5435 2690 5509 peregrini
2727 5451 2970 5509 persona
3015 5436 3295 5495 adversus
3332 5443 3411 5494 tot
3447 5437 3694 5495 fremen-

1983 5524 2130 5582 tium
2169 5523 2389 5582 civium
2426 5522 2702 5596 agmina?
2740 5523 2868 5582 Non
2905 5523 3055 5583 bene
3091 5531 3427 5600 coaequatur
3469 5541 3687 5601 pugna,

1981 5613 2086 5673 ubi
2122 5629 2198 5673 ex
2231 5628 2353 5675 una
2389 5612 2590 5685 lingua
2620 5611 2918 5687 jaciuntur
2945 5613 3145 5688 verba,
3174 5618 3231 5673 et
3263 5629 3336 5674 ex
3365 5613 3692 5677 innumeris
