4070 6198
388 291 498 357 679

1005 289 1065 350 S.
1102 289 1327 352 PETRI
1364 286 1686 348 DAMIANI
1724 287 1896 374 OPP.
1925 286 2116 349 PARS
2157 281 2298 349 SEU
2336 282 2587 349 TOMUS
2624 281 2703 347 II.
2743 318 2811 331 —
2850 282 3266 350 SERMONES.

3774 293 3882 354 680

391 422 662 484 manibus
703 415 1070 477 incutiuntur
1114 413 1350 475 verbera
1381 429 1392 467 :
1426 412 1527 472 ubi
1575 412 1712 469 hinc
1746 411 2091 472 emittuntur
2107 412 2380 475 Ahabere
2406 428 2541 472 cum
2567 414 2672 472 Dei
2698 411 2984 486 adjutorio
3023 428 3352 488 possumus.
3385 414 3588 489 Neque
3622 415 3785 474 enim
3811 416 3883 476 de

388 524 705 579 sermones,
734 507 871 565 inde
914 502 1145 561 evolant
1186 508 1393 560 vectes.
1451 501 1669 559 Saltem
1718 513 1908 560 unum
1946 502 2093 560 mihi

388 603 610 664 socium
657 600 840 665 dares,
867 592 1135 652 solatium
1177 599 1292 648 tam
1335 589 1719 649 irremeabilis
1769 591 2093 664 peregrina-

388 695 582 766 tionis,
613 691 705 750 vel
735 691 908 748 etiam
942 685 1125 759 ipsius
1167 682 1593 758 praedicationis
1623 683 1944 755 adjutorem
1976 682 2084 740 im—

384 785 681 858 penderes.
730 779 874 837 Nam
902 782 959 833 et
981 776 1103 848 ipse
1131 774 1403 847 magister
1431 779 1566 831 tuus
1599 771 1884 829 Dominus
1920 771 2088 830 Jesus

384 872 645 932 Christus
680 884 815 927 cum
851 882 953 924 vos
978 864 1048 923 ad
1086 863 1523 938 praedicandum
1563 860 1810 919 mitteret
1839 877 2084 935 semper,

383 968 552 1035 prout
588 975 733 1032 opus
770 963 910 1025 erat,
944 953 1107 1013 vobis
1145 951 1417 1010 solatium
1452 950 1777 1010 adhibebat.
1821 950 2084 1024 Evange-

383 1050 514 1107 lista
551 1062 798 1121 quoque,
840 1044 944 1117 qui
975 1042 1149 1101 illum
1195 1040 1555 1113 septuaginta
1590 1039 1736 1097 duos
1773 1038 2086 1097 destinasse

380 1137 453 1196 ad
503 1135 935 1210 praedicandum
988 1138 1199 1201 narrat,
1228 1146 1345 1189 non
1399 1145 1569 1199 unos,
1601 1130 1699 1187 sed
1745 1129 1913 1188 binos
1952 1134 2085 1187 ante

378 1224 583 1284 faciem
609 1239 776 1280 suam
806 1221 1030 1279 misisse
1062 1217 1396 1292 pronuntiat
1429 1221 1577 1286 (Luc.
1614 1224 1704 1287 X).

453 1314 613 1385 Haec,
647 1320 702 1370 et
727 1310 913 1370 multa
941 1308 1280 1382 hujusmodi
1323 1306 1715 1365 excusationis
1746 1306 1918 1363 verba
1944 1306 2082 1364 bea-

380 1410 474 1461 tus
513 1407 731 1474 martyr
765 1398 1040 1472 potuisset
1075 1393 1403 1464 obtendere,
1443 1393 1492 1450 si
1530 1389 1812 1449 indomita
1863 1392 2083 1450 cervice

378 1489 593 1550 mentis
638 1490 845 1561 jugum
889 1485 1161 1544 voluisset
1205 1481 1550 1541 obedientiaa
1595 1480 1925 1540 detrwtare.
1970 1480 2080 1539 Ve-

379 1582 708 1637 rumtamen
753 1588 870 1632 non
919 1570 1147 1642 restitit,
1184 1586 1300 1628 non
1351 1567 1734 1640 contradixit;
1779 1568 1876 1626 sed
1917 1584 2077 1642 mox,

378 1672 445 1725 ut
484 1664 743 1738 jubentis
789 1660 1005 1734 accepit
1048 1659 1379 1733 imperium,
1411 1657 1651 1716 omnino
1693 1657 1936 1715 credidit
1972 1674 2078 1716 ne-

2165 500 2730 560 abrenuntiatoribus
2782 498 2923 559 Saul
2979 499 3183 576 fuerat,
3226 501 3327 575 qui
3372 500 3444 560 ab
3492 503 3638 560 irato
3684 508 3883 561 contra

2167 604 2302 648 eum
2341 587 2611 648 Samuele
2651 588 2924 649 audiebat
2963 612 2976 646 :
3032 609 3059 642 «
3102 589 3377 662 Nunquid
3414 589 3540 648 vult
3594 590 3883 650 Dominus

2168 677 2499 735 holocausta
2545 684 2601 733 et
2647 676 2928 748 victimas,
2962 682 3019 734 et
3059 692 3177 734 non
3218 675 3432 750 potius,
3469 684 3536 735 ut
3575 677 3882 737 obediatur

2167 767 2295 825 voci
2352 764 2631 823 Domini?
2688 765 2891 825 Melior
2946 773 3030 825 est
3076 764 3235 824 enim
3295 765 3636 839 obedientia,
3702 784 3877 841 quam

2167 854 2423 914 victima
2447 856 2527 928 (II
2555 858 2687 924 Reg.
2727 858 2853 927 XV).
2888 876 2917 910 ››

2238 942 2517 1019 Quisquis
2552 958 2688 1016 ergo
2728 944 2974 1017 perfecte
3012 943 3101 1002 vis
3137 943 3291 1002 hanc
3327 942 3538 1003 habere
3577 944 3879 1017 virtutem,

2167 1038 2287 1090 esto
2326 1032 2601 1091 obediens
2641 1033 2776 1105 Deo,
2826 1049 2931 1092 nec
2960 1040 3154 1092 tamen
3190 1032 3270 1091 sis
3300 1031 3637 1091 inobediens
3673 1035 3880 1108 proxi-

2170 1137 2286 1180 mo.
2318 1121 2420 1181 Vis
2468 1122 2669 1181 audire
2722 1123 2970 1197 qualiter
3017 1122 3252 1182 obedias
3302 1121 3465 1180 Deo?
3523 1120 3670 1181 Cave
3716 1125 3878 1198 quod

2169 1210 2479 1284 prohibet,
2509 1211 2686 1284 imple
2718 1210 2873 1286 quod
2897 1210 3083 1285 jubet.
3114 1210 3315 1284 Neque
3345 1210 3504 1268 enim
3532 1228 3721 1271 unum
3746 1214 3882 1270 sine

2165 1301 2347 1359 altero
2396 1302 2545 1360 valet
2583 1317 2705 1360 esse
2746 1301 3085 1376 perfectum.
3119 1300 3224 1359 Vis
3271 1301 3443 1360 etiam
3489 1303 3692 1361 audire
3726 1319 3879 1377 qua-

2165 1389 2296 1450 liter
2335 1391 2570 1453 obedias
2608 1391 2925 1465 proximo?
2963 1390 3109 1449 Cum
3150 1395 3202 1447 te
3237 1390 3412 1448 frater
3446 1394 3584 1448 tuus
3619 1390 3779 1449 videt
3816 1391 3879 1449 in

2163 1479 2399 1553 aliquod
2448 1479 2656 1538 vitium
2705 1478 3085 1549 delabentem,
3112 1486 3168 1537 et
3222 1476 3455 1552 corripit
3505 1484 3558 1536 te
3610 1478 3674 1536 in
3724 1479 3883 1539 bono

2161 1584 2334 1641 opere
2369 1568 2650 1642 tepidum,
2684 1574 2742 1627 et
2767 1570 2841 1629 ad
2869 1567 3155 1628 fervorem
3197 1572 3250 1626 te
3285 1567 3481 1626 verbis
3516 1568 3881 1628 charitativaa

2162 1660 2584 1719 exhortationis
2629 1660 2910 1729 accendit,
2950 1660 3001 1718 si
3050 1675 3168 1718 non
3216 1659 3454 1729 resistis,
3485 1659 3534 1718 si
3580 1675 3697 1718 non
3733 1676 3881 1719 con-

376 1753 713 1823 cessarium,
747 1752 900 1824 quod
933 1749 1044 1809 sibi
1072 1765 1173 1824 per
1201 1765 1264 1807 os
1289 1746 1548 1819 magistri
1573 1748 1648 1805 ab
1677 1746 1801 1819 ipso
1832 1747 2143 1834 DominoB
2165 1749 2416 1820 tradicis,
2458 1750 2555 1807 sed
2597 1749 2899 1809 humiliter
2933 1748 3124 1819 audis,
3152 1754 3208 1806 et
3237 1755 3290 1806 te
3320 1748 3392 1807 ad
3423 1748 3481 1806 id
3512 1748 3666 1824 quod
3703 1764 3881 1808 voca-

375 1847 645 1921 cognovit
677 1845 1028 1918 injunctum.
1062 1841 1132 1900 Et
1163 1849 1221 1900 ut
1251 1857 1350 1914 per
1379 1840 1574 1900 omnia
1606 1840 1669 1897 in
1696 1839 1906 1899 virtute
1942 1840 2080 1899 ohe-

373 1935 612 1993 dientire
637 1932 704 1991 B.
735 1929 1088 2002 Apollinaris
1114 1929 1363 1987 Abrahae
1391 1927 1603 1986 similis
1626 1927 1909 2001 videatur,
1933 1929 2084 1987 sicut

373 2024 463 2083 illi
499 2023 657 2081 Deus
696 2018 986 2096 praecepit,
1033 2016 1273 2075 dicens:
1315 2038 1336 2066 ι
1368 2017 1481 2073 Exi
1509 2018 1580 2075 de
1608 2023 1756 2074 terra
1787 2024 1898 2085 tua,
1927 2021 1983 2073 et
2010 2015 2084 2073 de

369 2113 710 2185 cognatione
763 2116 883 2178 tua,
914 2114 970 2165 et
1026 2106 1098 2164 de
1145 2105 1318 2163 domo
1365 2105 1543 2178 patris
1592 2105 1699 2174 tui,
1747 2110 1803 2162 et
1837 2104 1971 2163 veni
2018 2106 2080 2163 in

372 2208 602 2270 terram,
659 2214 837 2272 quam
896 2202 1288 2255 monstravero
1342 2194 1447 2251 tibi
1491 2194 1644 2265 (Gen.
1702 2197 1834 2265 xu),
1891 2215 1919 2248 »
1976 2196 2079 2269 qui

369 2290 520 2348 nihil
580 2289 858 2345 haesitans
908 2288 1134 2359 paruit;
1183 2284 1265 2343 sic
1321 2289 1378 2340 et
1434 2282 1541 2341 iste
1591 2298 1752 2352 mox,
1784 2291 1849 2343 ut
1909 2288 2080 2343 verba

371 2379 699 2453 apostolicae
745 2376 1025 2451 jussionis
1071 2374 1308 2447 accepit,
1366 2373 1628 2446 protinus
1679 2372 1752 2429 ad
1803 2373 2077 2431 obedien-

371 2470 513 2529 dutn
545 2487 643 2542 spe
683 2476 835 2526 certa
872 2467 1135 2525 animum
1174 2463 1482 2522 roboravit.
1517 2462 1587 2519 Et
1611 2463 1765 2537 quod
1803 2463 2080 2522 docturus

368 2566 488 2617 erat
539 2557 730 2626 verbo,
758 2554 948 2629 operis
991 2552 1455 2628 praemonstravit
1499 2550 1786 2624 exemplo.
1814 2550 1936 2610 Hoc
1975 2551 2078 2610 de-

368 2648 550 2721 nique
605 2645 829 2706 studuit
879 2642 1180 2702 humiliter
1237 2641 1517 2700 exhibere
1577 2640 1865 2712 subjectis,
1921 2641 2076 2716 quod

361 2739 516 2812 juste
557 2745 895 2810 accepturus
937 2740 1078 2803 erat,
1105 2740 1161 2791 et
1205 2732 1328 2805 ipse
1370 2733 1664 2806 prmlatus.
1692 2732 1779 2800 Et,
1821 2733 1970 2790 sicut
2005 2732 2077 2789 de

364 2828 614 2886 Domino
641 2826 897 2898 legitur:
943 2845 965 2875 ι
1000 2822 1173 2880 Prius
1222 2821 1395 2894 coepit
1444 2822 1625 2878 facere
1668 2826 1724 2878 et
1761 2828 1953 2893 postea
1981 2820 2078 2878 do-

363 2934 493 2977 cere
540 2919 687 2987 (Act.
727 2919 810 2986 1);
851 2932 881 2968 »
921 2919 988 2971 ut
1034 2911 1098 2968 in
1148 2911 1453 2983 semetipso
1494 2918 1769 2984 expertus
1811 2912 2072 2983 disceret,

364 3008 613 3083 qualiter
669 3008 898 3078 accepta
950 3000 1242 3076 potestatis
1289 2999 1645 3071 auctoritate,
1703 2997 1838 3057 aliis
1889 3000 2075 3073 impe-

363 3102 535 3157 raret.
632 3146 637 3149 .

2163 1838 2263 1909 ris,
2302 1836 2574 1911 accingis,
2617 1853 2753 1895 mox
2792 1837 3046 1897 reditum
3084 1843 3251 1896 tuum
3295 1838 3365 1895 ad
3404 1837 3669 1911 patriam,
3713 1838 3879 1898 unde

2162 1926 2502 1985 inobediens
2542 1926 2797 1999 dejectus
2834 1927 3047 1997 fueras,
3077 1943 3181 2001 per
3217 1927 3490 1986 virtutem
3526 1927 3876 1987 obedientize

2161 2010 2522 2076 reformabis.
2572 2018 2697 2078 Hoc
2722 2017 2917 2092 itaque
2944 2017 3114 2077 modo
3141 2017 3315 2076 etiam
3339 2017 3390 2077 si
3418 2034 3535 2077 non
3575 2019 3730 2078 vales
3768 2034 3878 2093 pro

2160 2108 2281 2167 Deo
2329 2116 2572 2168 mortem
2625 2108 2845 2178 subire,
2882 2108 3036 2166 vales
3079 2114 3268 2167 tamen
3312 2109 3488 2167 vitam
3531 2109 3646 2169 Deo
3688 2110 3878 2183 placa-

2158 2195 2335 2255 bilem
2375 2196 2605 2255 ducere.
2641 2196 2919 2271 Magnum
2948 2196 3160 2270 quippe
3190 2201 3276 2255 est
3301 2197 3450 2256 mori
3481 2213 3583 2272 pro
3620 2197 3877 2269 Christo,

2159 2287 2259 2345 sed
2285 2303 2402 2346 non
2430 2293 2523 2346 est
2546 2287 2792 2345 inferius
2821 2287 3020 2345 vivere
3058 2285 3303 2347 Christo.
3350 2287 3676 2363 Utrumque
3710 2288 3877 2347 enim

2158 2383 2365 2436 statera
2414 2378 2633 2436 Paulus
2676 2393 2845 2451 aequa
2886 2377 3049 2436 lance
3078 2378 3382 2452 pendebat,
3425 2394 3561 2437 cum
3605 2378 3874 2437 diceret:

2161 2493 2189 2522 ι
2221 2469 2358 2530 Sive
2394 2468 2552 2526 enim
2591 2469 2871 2541 vivimus,
2909 2468 3155 2528 Domino
3193 2468 3488 2540 vivimus;
3530 2468 3654 2527 sive
3688 2470 3876 2527 mori-

2158 2575 2313 2631 mur,
2346 2558 2587 2617 Domino
2621 2559 2921 2617 morimur.
2958 2556 3093 2617 Sive
3119 2574 3253 2633 ergo
3284 2559 3561 2630 vivimus,
3587 2559 3711 2616 sive
3738 2574 3876 2617 mo-

2154 2649 2364 2719 rimur,
2397 2648 2629 2707 Domini
2657 2663 2861 2707 sumus
2892 2652 3067 2718 (Rom.
3103 2652 3253 2719 XIV).
3282 2674 3310 2697 ι»
3338 2648 3492 2707 Dicis
3528 2648 3696 2719 mihi,
3726 2648 3879 2721 quia

2155 2754 2270 2798 non
2300 2754 2535 2811 possum
2559 2738 2825 2797 invenire
2852 2739 3195 2813 martyrium
3219 2758 3237 2811 ;
3261 2739 3475 2799 exhibe
3503 2746 3556 2798 te
3586 2738 3878 2813 martyrio

2155 2830 2421 2903 dignum,
2455 2836 2509 2889 et
2550 2831 2815 2905 martyrii
2852 2826 3240 2906 consequeris
3259 2830 3461 2904 procul
3494 2830 3675 2889 dubio
3713 2846 3875 2904 prae-

2155 2918 2363 2977 mium.
2407 2918 2536 2976 Non
2574 2925 2732 2991 potes
2764 2918 3111 2991 sanguinem
3150 2916 3412 2988 fundere,
3451 2924 3611 2992 potes
3658 2924 3874 2977 temet-

2153 3005 2350 3079 ipsum
2391 3007 2748 3081 poenitentiae
2785 3007 2898 3065 telo
2945 3010 3258 3079 percutere,
3307 3011 3365 3064 et
3400 3007 3462 3064 in
3502 3005 3692 3065 cordis
3733 3022 3877 3066 con-

2093 3118 2137 3180 ρ
2157 3092 2387 3151 tritione
2435 3100 2701 3153 mactare.
2742 3094 3103 3173 Praeparetur
3126 3093 3197 3150 ad
3236 3093 3562 3153 feriendum
3593 3094 3872 3169 iugulus,

434 3185 547 3245 Sed
577 3197 755 3258 quam
791 3179 1032 3262 pulcher
1067 3178 1288 3238 divinae
1324 3177 1771 3252 dispensationis
1812 3177 1951 3237 ordo
1974 3193 2070 3237 co-
2107 3177 2272 3239 "non
2317 3180 2498 3239 deerit
2549 3188 2968 3251 remunerator,
3031 3181 3256 3239 etiamsi
3305 3181 3555 3242 defuerit
3608 3182 3871 3256 gladius.

359 3273 672 3348 gnoscitur,
711 3271 760 3328 si
816 3270 993 3343 hujus
1032 3267 1116 3326 rei
1151 3267 1400 3341 dignitas
1436 3282 1539 3339 pro
1577 3267 1668 3326 sui
1711 3267 1915 3326 merito
1953 3275 2075 3326 stu-
2148 3269 2320 3328 Deest
2366 3268 2646 3340 carnifex,
2700 3267 2804 3343 qui
2855 3269 3106 3327 cervices
3160 3270 3418 3330 exterius
3467 3271 3666 3342 feriat;
3704 3273 3878 3331 adest

362 3363 523 3422 diose
559 3360 867 3436 pensatur!
902 3358 1070 3429 Nam,
1111 3356 1212 3432 qui
1258 3356 1330 3415 ab
1371 3356 1557 3415 Adam
1588 3357 1843 3430 primum
1872 3357 2075 3415 inobe—
2151 3356 2367 3429 Judex,
2393 3357 2498 3431 qui
2528 3357 2698 3416 bonae
2724 3356 3011 3416 voluntati
3037 3357 3348 3432 praemium
3372 3358 3588 3418 reddat.
3619 3359 3874 3419 «Gloria

356 3454 594 3513 dientise
653 3451 863 3511 vitium
914 3449 1065 3507 male
1121 3447 1389 3507 instructi
1441 3446 1776 3522 didicimus,
1825 3449 2074 3523 primam
2152 3447 2312 3504 enim
2367 3445 2429 3504 in
2481 3445 2727 3505 excelsis
2774 3445 2914 3515 Deo,
2948 3445 3102 3503 etin
3158 3451 3306 3505 terra
3354 3462 3462 3521 pax
3521 3446 3877 3507 hominibus

356 3544 700 3605 obedientiaa
762 3541 1035 3599 virtutem
1115 3538 1189 3597 ab
1258 3539 1368 3598 hoc
1427 3537 1757 3597 beatissimo
1822 3543 2074 3614 martyre
2150 3535 2323 3595 bona;
2351 3535 2668 3596 voluntatis
2696 3539 2847 3607 (Luc.
2871 3537 2953 3607 Il).
2987 3560 3008 3588 ι
3045 3536 3258 3595 Amen.

357 3634 541 3692 edocti
602 3646 829 3691 sumus.
880 3629 951 3687 Et
996 3630 1143 3687 sicut
1198 3627 1299 3687 ille
1346 3628 1499 3686 inter
1547 3638 1751 3687 caetera
1797 3629 2073 3689 vitiorum

355 3723 617 3798 germina
654 3720 902 3795 primam
948 3717 1419 3789 inobedientiam,
1459 3733 1578 3776 non
1616 3717 1922 3793 loquendo,
1971 3717 2072 3777 sed

355 3803 806 3885 praevaricando,
865 3805 1155 3863 carnalem
1215 3806 1476 3864 sobolem
1529 3806 1761 3878 docuit;
1823 3806 1903 3864 ita
1966 3806 2073 3865 iste

2734 3641 2982 3703 SERMO
3015 3642 3279 3701 XXXIII.

2340 3728 2415 3776 DE
2438 3728 2485 3775 S.
2517 3727 2958 3775 CHRISTOPHORO
3001 3726 3285 3774 MARTYRE
3309 3718 3463 3787 (XXV
3489 3716 3668 3788 IUL).

2222 3806 2374 3866 Dum
2405 3806 2695 3881 cupimus,
2725 3804 3107 3876 dilectissimi,
3139 3805 3211 3864 de
3235 3805 3576 3880 triumphali
3601 3804 3669 3863 B.
3701 3806 3875 3867 Chri-

358 3898 509 3957 inter
552 3895 668 3954 alia
704 3895 1049 3953 documenta
1110 3893 1414 3962 virtutum,
1474 3892 1742 3965 inprimis
1794 3892 2071 3951 obedien-
2151 3895 2405 3969 stophori
2462 3894 2739 3968 martyris
2793 3893 3033 3953 victoria
3083 3894 3395 3968 disputare,
3454 3893 3641 3969 primo
3693 3895 3874 3954 nobis

356 3989 518 4058 tiam,
546 4001 665 4044 non
716 3983 1027 4058 loquendo,
1066 3981 1164 4040 sed
1214 3982 1495 4053 faciendo,
1544 3980 1697 4040 filios
1742 3982 2071 4055 spirituales
2149 3983 2276 4058 ejus
2303 3999 2516 4042 nomen
2546 3982 2794 4042 occurrit
2824 4001 2838 4039 :
2869 3982 3025 4056 quod
3056 3982 3106 4041 si
3132 3982 3397 4055 sollicita,
3419 3988 3587 4056 prout
3610 3981 3872 4057 dignum

355 4076 655 4136 instruxit.
698 4074 810 4144 Qui
867 4088 1003 4145 ergo
1057 4072 1439 4130 inobediendo
1482 4088 1517 4129 a
1564 4087 1832 4144 supernae
1868 4072 2068 4145 patriae
2149 4080 2254 4146 est,
2286 4072 2651 4148 indagatione
2696 4072 3061 4143 discutimus,
3099 4088 3213 4132 non
3257 4073 3321 4131 in
3352 4071 3468 4130 ﬁne
3507 4072 3700 4130 divini
3739 4072 3871 4131 dis-

354 4163 711 4222 sublimitate
753 4163 1092 4231 cecidimus,
1117 4160 1191 4219 ad
1246 4162 1395 4218 hanc
1443 4159 1627 4218 versis
1673 4159 1930 4234 vestigiis
1970 4176 2070 4233 per
2147 4165 2485 4237 pensatione
2535 4161 2799 4237 praesagii
2854 4161 2968 4221 sibi
3019 4168 3159 4221 tunc
3210 4161 3463 4221 inditum
3511 4161 3870 4235 reperimus.

354 4253 739 4312 obedientiam
776 4251 848 4308 de
885 4249 1081 4308 exsilii
1120 4248 1435 4323 dejectione
1467 4249 1745 4307 redimus.
1793 4248 1947 4307 Hinc
1984 4256 2069 4307 est
2147 4251 2199 4308 A
2241 4249 2466 4307 Christo
2502 4249 2786 4309 nimirum
2834 4250 3281 4325 Christophorus
3322 4250 3642 4309 derivatur.
3695 4249 3876 4309 Unde

355 4340 533 4409 enim,
569 4339 725 4412 quod
774 4354 875 4412 per
924 4338 1231 4396 Veritatem
1276 4338 1488 4397 dicitur
1542 4361 1557 4396 :
1606 4358 1634 4391 «
1680 4335 1883 4409 Omne,
1912 4339 2066 4411 quod
2148 4353 2358 4413 sponsa
2402 4339 2609 4397 dilecto
2656 4355 2762 4398 suo
2801 4339 2940 4398 dicit
2990 4340 3051 4398 in
3099 4340 3383 4398 Canticis:
3417 4339 3675 4399 «Oleum
3714 4339 3874 4399 effu-

352 4428 452 4488 dat
490 4428 639 4486 mihi
670 4427 852 4497 Pater,
886 4427 957 4485 ad
988 4442 1082 4485 me
1110 4425 1340 4499 veniet;
1374 4433 1430 4486 et
1457 4442 1614 4498 eum,
1654 4427 1754 4500 qui
1795 4427 1957 4485 venit
1989 4426 2061 4484 ad
2084 4442 2280 4501 “sum
2306 4441 2515 4487 nomen
2550 4435 2715 4486 tuum
2745 4429 2920 4501 (Cant.
2953 4430 2992 4501 Ι)
3017 4451 3031 4499 ;
3068 4449 3096 4482 »
3124 4428 3388 4488 Chrisma
3422 4429 3661 4499 scilicet,
3704 4428 3879 4488 unde

352 4532 468 4588 nte,
526 4531 643 4574 non
694 4515 918 4589 ejiciam
971 4516 1124 4574 foras
1167 4480 1347 4585 (Joan’.
1399 4520 1503 4584 v1).
1550 4536 1579 4569 »
1626 4480 1737 4585 qui
1783 4516 1940 4574 enim
1989 4480 2414 4575 adDChristus
2443 4517 2638 4576 unctio
2666 4480 2895 4575 dicitur.
2934 4480 3041 4574 Per
3068 4515 3264 4575 oleum
3294 4533 3431 4576 vero
3457 4480 3693 4577 sanctas
3725 4518 3874 4594 Spi-

351 4606 608 4680 primum
645 4604 832 4663 Adam
871 4604 1135 4677 veniunt,
1164 4605 1239 4662 ab
1267 4606 1491 4664 intimis
1517 4604 1680 4663 exire
1717 4621 1819 4680 per
1856 4606 2062 4664 inobe-
2146 4605 2292 4663 ritus
2348 4605 2591 4679 mystice
2636 4605 2992 4679 designatur.
3033 4604 3158 4663 Hoc
3189 4605 3317 4664 oleo
3359 4605 3622 4665 Salvator
3664 4615 3881 4667 noster

349 4693 627 4752 dientiam
682 4690 823 4748 166
861 4694 1110 4753 discunt.
1166 4693 1468 4754 Secundus
1506 4711 1642 4754 vero
1677 4694 1865 4753 Adam
1902 4716 1931 4748 ι(
1974 4695 2058 4752 fa-
2144 4692 2539 4766 principaliter
2590 4698 2801 4752 unctus
2853 4699 2958 4765 est,
3006 4708 3139 4752 cum
3188 4693 3458 4768 baptismi
3496 4702 3879 4755 sacramenta

348 4790 476 4841 ctus
524 4781 800 4840 obediens
852 4797 1039 4856 usque
1084 4783 1157 4841 ad
1210 4790 1475 4854 mortem,
1542 4787 1787 4842 mortem
1862 4789 2059 4841 autem
2143 4782 2413 4856 suscepit,
2449 4781 2592 4840 167
2644 4789 2702 4841 et
2752 4800 2891 4843 mox
2929 4801 3105 4860 super
3152 4800 3288 4844 eum
3328 4783 3575 4859 Spiritus
3619 4792 3879 4846 sanctus

347 4872 536 4931 crucis
587 4873 812 4944 (Philip.
870 4873 945 4945 ll),
972 4892 1000 4924 »
1057 4871 1118 4929 in
1169 4887 1256 4939 eo,
1287 4872 1440 4945 quod
1474 4872 1547 4929 ad
1591 4887 1653 4930 se
1689 4870 2059 4931 venientibus
2141 4871 2200 4929 in
2237 4870 2527 4931 columbae
2565 4874 2751 4949 figura
2815 4873 3112 4932 descendit
3150 4876 3370 4945 (Matth.
3410 4875 3508 4947 In).
3552 4872 3725 4933 Unde
3758 4891 3877 4950 per

347 4962 685 5035 exemplum
714 4958 1059 5019 obedientiae
1099 4960 1320 5031 tribuit,
1348 4975 1447 5018 eos
1468 4976 1503 5018 a
1531 4959 1781 5034 paradisi
1827 4960 2057 5034 gaudiis
2141 4958 2485 5034 Prophetam
2522 4963 2735 5022 dicitur
2768 4981 2782 5021 :
2817 4988 2845 5013 κ
2876 4963 3062 5023 Unxit
3087 4968 3141 5022 te
3168 4962 3345 5035 Deus,
3387 4963 3542 5022 Deus
3578 4970 3754 5036 tuus,
3799 4966 3873 5025 in

345 5064 464 5109 non
495 5048 753 5123 expellit.
2136 5050 2263 5108 oleo
2286 5050 2505 5111 laetitiae
2527 5054 2693 5125 (Psal.
2712 5053 2894 5126 XLIV).
2925 5074 2954 5107 ››
2976 5053 3100 5112 Hoc
3119 5052 3314 5111 oleum
3333 5052 3585 5111 effusum
3604 5059 3692 5111 est
3711 5067 3876 5113 cum

415 5141 505 5198 Ad
554 5140 681 5198 haec
735 5138 969 5212 gaudia,
1022 5138 1405 5211 dilectissimi,
1456 5139 1642 5199 redire
1688 5138 2052 5211 festinemus,
2135 5139 2319 5211 gratia
2369 5141 2550 5199 sancti
2609 5140 2884 5215 Spiritus,
2935 5156 3112 5217 quam
3161 5139 3530 5214 singulariter
3580 5138 3881 5202 Christus

344 5244 463 5287 non
501 5229 767 5303 passibus
801 5227 1034 5302 pedum,
1066 5228 1160 5286 sed
1200 5228 1486 5288 bonorum
1523 5228 1874 5304 profectibus
1914 5244 2053 5302 ope-
2134 5227 2368 5301 accepit,
2396 5228 2592 5289 electis
2637 5230 2912 5290 omnibus
2953 5231 3344 5306 dispensativa
3395 5229 3489 5290 sui
3534 5230 3877 5306 participa-

344 5332 496 5376 rum.
523 5318 793 5377 Nondum
821 5317 1105 5377 saeculum
1134 5319 1375 5378 fortasse
1402 5319 1770 5393 reliquimus,
1788 5318 2051 5378 nondum
2135 5316 2290 5375 tione
2327 5319 2627 5377 concessit.
2670 5317 3055 5389 Quamobrem
3084 5319 3225 5379 dicit
3247 5319 3557 5394 Apostolus
3589 5343 3604 5377 :
3637 5345 3666 5369 σι
3707 5319 3877 5382 Uni-

343 5403 883 5464 ahrenuntiatorum
920 5419 1101 5477 more,
1135 5421 1322 5465 unum
1354 5423 1476 5481 pra:
1511 5408 1758 5479 cunctis,
1788 5408 1882 5466 cui
1919 5407 2052 5467 obe-
2130 5407 2342 5480 cuique
2369 5414 2632 5468 nostrum
2658 5409 2790 5469 data
2817 5417 2903 5469 est
2932 5410 3118 5484 gratia
3148 5410 3469 5471 secundum
3503 5424 3875 5471 mensuram

340 5490 467 5550 dire
492 5492 825 5564 debeamus,
849 5492 1133 5567 elegimus
1164 5517 1177 5550 :
1208 5494 1357 5552 hanc
1383 5501 1573 5554 tamen
1611 5495 1905 5567 virtutem,
1948 5510 2050 5568 per
2129 5494 2460 5555 donationis
2509 5496 2724 5556 Christi
2762 5500 2984 5571 (Ephes.
3030 5504 3139 5571 Iv).
3181 5519 3210 5553 »
3250 5498 3416 5558 Unde
3451 5504 3507 5556 et
3540 5512 3577 5556 a
3612 5496 3879 5558 Christo

340 5593 519 5654 quam
537 5580 828 5655 praecipue
851 5581 926 5643 ad
951 5582 1165 5643 coelum
1192 5583 1434 5657 reditur,
1463 5584 1851 5646 obedientiam
1892 5584 2046 5658 dico,
2127 5584 2380 5647 dicimur
2427 5587 2761 5662 Christiani,
2795 5589 3104 5667 quppiam
3156 5588 3359 5650 eodem
3420 5586 3548 5647 oleo
3604 5600 3873 5664 sumus,
