4070 6198
453 369 547 425 681

1813 335 2043 422 senato
2083 325 2316 421 xxxni.

3616 349 3723 420 sse

453 482 569 549 ίμεο
613 468 898 549 ῖπὲῖθίιιθέ
929 471 1200 550 peruncti.
1239 469 1356 534 Hoc
1398 469 1730 558 unguentum
1765 481 1821 534 et
1864 480 2034 534 David
2065 481 2116 540 Α
2143 489 2315 545 aquas
2355 490 2420 531 ex
2449 473 2658 546 puteis;
2689 472 2776 529 via
2811 472 2958 544 regia
2982 473 3309 542 gradiemur‘,
3338 469 3509 556 donec
3543 473 3727 558 tran’ss

458 567 828 638 promittebat,
869 567 991 620 cum
1034 562 1288 623 diceret:
1341 585 1360 619 ι
1398 561 1552 622 Sicut
1597 561 1932 638 unguentum
1984 569 2038 622 in

450 661 652 728 capite,
703 654 1146 728 qubd'desce'ridlt
1191 659 1246 714 in
1278 649 1525 723 barbam,
1569 655 1793 713 barbam
1823 659 2036 724 Aaron;

451 750 541 818 qui
565 747 843 803 descendit
863 741 913 801 in
931 745 1089 804 oram
1101 741 1413 803 vestimenti
1436 748 1551 818 ejus
1576 747 1747 820 (Ps’al.
1767 749 1996 818 cxxxu).
2016 767 2035 800 ι

452 836 800 906 Unguentum
832 834 1047 893 scilicet
1075 837 1132 892 in
1163 835 1340 907 capite
1369 835 1605 908 Spiritus
1633 839 1855 893 sanctus
1876 846 1960 892 εει
1988 838 2039 891 in

452 927 758 991 Salvatore,
781 925 876 995 qui
903 925 1168 989 nimirum
1200 942 1298 998 per
1323 925 1504 983 Aaron
1535 921 1760 1000 mystice
1790 927 2044 998 designa-

437 1026 560 1082 ‘tur,
583 1017 674 1086 qui
699 1031 853 1070 mons
900 1013 1233 1073 fortitudinis
1263 1006 1641 1073 dicunt-(cuin
1673 1017 1838 1086 igitur
1860 1007 2042 1072 Aart‘m

451 1117 608 1166 mons
637 1110 709 1166 sit
747 1108 1111 1176 fortitudinis,
1139 1094 1545 1183 barba'qnoque
1570 1095 1780 1182 signum
1808 1120 1891 1164 est
1915 1101 2044 1164 viii-

451 1202 640 1254 litatis.
667 1199 844 1266 Hujtss
870 1217 1000 1273 ergo
1037 1203 1215 1280 Aaron
1242 1199 1409 1258 barba
1441 1204 1611 1259 sancti
1643 1202 1868 1271 ’θροεῑοῐὶ
1897 1193 2041 1266 Sunt,

451 1294 545 1363 qui
580 1293 861 1350 virilitatis
901 1291 1012 1349 suae
1052 1290 1276 1359 robore,
1320 1280 1459 1364 quod
1503 1285 1569 1350 de
1603 1282 1772 1348 sancti
1811 1291 2046 1363 Spiritus

455 1375 717 1439 unctione
739 1378 1135 1453 conceperant,
1181 1378 1367 1438 omnia
1409 1375 1701 1436 timentium
1736 1379 2045 1450 persecuto-

453 1477 574 1522 run‘t
597 1473 743 1527 bella
763 1468 1029 1534 vicerunt,
1052 1479 1106 1524 et
1130 1470 1312 1534 mundi
1337 1462 1909 1541 principem'tanqtmm
1939 1469 2046 1523 leo-

453 1573 584 1616 netn
628 1565 888 1617 adversus
932 1562 1062 1616 oves
1107 1560 1309 1616 Christi
1361 1553 1671 1614 immaniter
1707 1558 2039 1629 rugientem,

455 1664 583 1708 eum
617 1647 786 1722 gloria
829 1652 1248 1721 triumpharunt.
1285 1650 1438 1705 Unde
1481 1648 1717 1704 Petrus:
1767 1668 1784 1698 ι
1815 1641 1913 1703 cui
1959 1647 2046 1704 re-

2139 581 2325 622 eamus
2367 565 2627 621 terminos
2654 573 2772 620 tuos
2812 563 3001 636 (Num.
3025 566 3170 640 _xxr').
3201 583 3221 616 ι
3271 564 3373 632 Qui
3420 553 3714 622 concedere

2139 649 2311 711 noluit
2338 663 2397 710 ut
2427 654 2684 734 transiret
2707 649 2871 734 lsraiel
2890 670 2991 734 per
3020 651 3155 734 lines
3182 647 3328 734 suos,
3357 646 3485 734 quin
3511 653 3715 727 potius,

2141 745 2202 799 ut
2224 743 2412 799 eadem
2440 724 2598 821 sacra
2626 724 2860 822 testator
2891 724 3138 808 historia,
3173 763 3191 795 ‹
3225 727 3467 816 euercitu
3494 747 3721 817 congre—

2142 833 2290 906 ‘gat'o,
2312 831 2461 888 'Seon
2485 815 2735 905 egressus
2755 815 2839 889 est
2862 829 3076 888 obviam
3101 829 3156 888 in
3182 821 3477 901 desertum,
3501 815 3721 894 etvenit

2150 922 2204 977 in
2248 909 2400 976 lsaar
2443 909 2636 995 [Jasa],
2683 909 3045 1000 pugnavitque
3086 915 3273 987 contra
3317 915 3502 989 lsrael,
3542 942 3570 979 a
3611 912 3718 995 quo

2142 1009 2434 1080 percussus
2466 1019 2550 1066 est
2593 1009 2646 1065 in
2694 999 2789 1067 ore
2829 998 3014 1082 gladii,
3058 1021 3114 1067 et
3152 1005 3402 1087 possessa
3446 1013 3532 1069 est
3561 1013 3719 1070 terra

2142 1093 2260 1180 ejus
2285 1101 2353 1180 ab
2379 1099 2564 1155 ls'rael.
2587 1120 2605 1152 ι
2635 1100 2742 1157 Sed
2771 1088 2912 1170 quod
2941 1105 3068 1157 tunc
3091 1085 3190 1180 sub
3213 1085 3392 1174 Moyse
3420 1102 3520 1158 fuit
3547 1099 3718 1159 histo-
3809 1157 3812 1161 .

2148 1177 2355 1246 rialiter
2400 1181 2624 1256 factum,
2661 1191 2765 1246 sub
2797 1182 3016 1247 Christo
3056 1177 3296 1261 quotidie
3337 1179 3395 1246 nt
3421 1193 3516 1262 per
3561 1191 3718 1264 spiri-

2101 1290 2105 1294 '
2147 1280 2304 1334 tualis
2330 1280 2541 1334 militiae
2563 1270 2986 1336 sacramentum.
3019 1280 3168 1336 Hanc
3197 1279 3339 1337 enim
3368 1285 3600 1353 pugnam
3631 1269 3720 1356 ille

2097 1368 2100 1370 ⁷
2147 1378 2259 1425 tum
2290 1366 2516 1440 populus
2543 1371 2921 1438 adumbrabat,
2963 1389 3068 1442 qua
3096 1365 3239 1429 nunc
3267 1386 3452 1429 sancta
3481 1367 3722 1433 ECcleSia

2139 1460 2344 1532 j’ufgiter
2372 1471 2559 1518 contra
2602 1462 2872 1518 diabolum
2917 1459 3160 1520 dimicat.
3200 1464 3341 1520 Seou
3377 1467 3573 1552 quippe
3617 1471 3720 1523 du-

2147 1553 2341 1623 plicem
2389 1555 2550 1608 habet
2586 1554 3114 1623 interpretatiOnem.
3150 1554 3358 1610 Dicitur
3384 1557 3528 1612 enim
3566 1559 3724 1613 arbor

2148 1642 2509 1713 infructuosa,
2562 1644 2763 1699 dicitur
2806 1653 2862 1699 et
2907 1643 3095 1700 elatus.
3140 1645 3276 1713 Quis
3321 1643 3464 1702 enim
3503 1657 3585 1703 est.
3622 1649 3727 1705 iste

460 1745 660 1804 sistite,
707 1743 905 1812 inquit,
946 1728 1114 1796 fortes
1161 1741 1213 1794 in
1255 1737 1357 1793 ﬁde
1403 1739 1454 1809 (1
1482 1734 1626 1792 Petr.
1671 1732 1747 1807 ἢ).
1775 1755 1804 1790 'r
1847 1731 2046 1809 Paulus
2108 1729 2342 1812 gelatus,
2392 1733 2515 1803 quis
2562 1737 2645 1787 e'st
2690 1732 2792 1788 iste
2837 1727 3132 1804 Superbus,
3174 1734 3279 1791 nisi
3331 1731 3592 1807 reprobus
3640 1739 3730 1793 ille

418 1857 425 1862 -
462 1829 628 1886 etiam
667 1809 838 1886 dicit:
889 1850 908 1883 ε
940 1832 1103 1885 Arma
1149 1829 1354 1884 inilitim
1387 1839 1586 1884 nostra:
1626 1826 1732 1884 neu
1780 1827 2042 1896 ca‘rnalia,

2149 1823 2393 1893 spiritus,
2427 1823 2518 1892 qui
2563 1815 2725 1878 dicit:
2767 1842 2785 1875 ι
2818 1824 2873 1877 In
2908 1819 3104 1906 caelum
3144 1821 3529 1893 conscendam,
3567 1843 3731 1908 super

469 1923 563 1976 sed
586 1912 826 1990 potentia
853 1921 963 1975 Deo
983 1923 1108 1974 sunt
1130 1920 1195 1974 ad
1218 1915 1639 1975 destructionem
1665 1913 2041 1985 munitionum,

463 2013 690 2068 Consi-lia
717 2011 963 2082 corporis
994 1993 1356 2074 destruentes,
1386 2019 1440 2065 et
1465 2005 1679 2064 omnem
1705 2007 2042 2064 altitudinem

437 2105 812 2160 extollentem
842 2119 902 2158 se
929 2099 1192 2158 adversus
1235 2095 1522 2158 scientiam
1560 2101 1677 2168 Dei,
1706 2111 1760 2156 et
1791 2101 1844 2155 in
1874 2089 2046 2171 capti-

462 2193 684 2249 vitarem
709 2193 1018 2264 redigentes
1043 2191 1257 2247 Omnem
1283 2185 1618 2247 intellectum
1643 2185 1695 2244 in
1725 2181 2044 2259 obsequium

464 2283 665 2339 Christi
694 2281 782 2356 (Π
805 2283 929 2337 Cor.
957 2282 1038 2354 Χ).
1073 2302 1092 2335 ι
1772 2336 1783 2349 ,

537 2375 620 2429 Ab
651 2375 753 2429 hac
794 2368 924 2444 ergo
964 2371 1133 2428 barba
1171 2363 1368 2428 'summi
1411 2363 1685 2450 pontiﬁcis
1727 2361 1909 2426 Aaron
1946 2373 2049 2426 un-

467 2455 722 2536 guentum
749 2465 801 2517 in
831 2476 992 2539 oram
1011 2457 1320 2519 veStimenti
1344 2463 1460 2532 ejus
1487 2462 1745 2539 instillat;
1772 2462 1898 2531 quia
1927 2465 2050 2532 po'st

466 2556 656 2622 beatos
683 2538 1401 2626 apostolosfconsequenter
1427 2562 1481 2609 et
1511 2549 1728 2608 sanctos
1755 2550 2046 2622 martyres,

471 2660 536 2701 ac
567 2635 819 2714 deinceps
857 2647 1025 2699 telam
1073 2631 1235 2698 simul
1279 2639 1595 2707 Ecclesiam,
1627 2637 1837 2698 ﬂuento
1873 2643 2048 2697 sancti

441 2734 711 2805 Spiritus
761 2735 969 2804 irrigat.
1017 2734 1072 2788 ln
1126 2749 1230 2803 qua
1276 2727 1530 2787 nimirum
1578 2743 1672 2786 ora
1723 2725 1934 2803 mystici
1985 2723 2050 2785 ac

469 2823 823 2879 sacerdotalis
867 2822 1169 2877 indumenti
1216 2822 1275 2875 Β.
1314 2815 1756 2890 Cln'iStophorns,
1799 2821 1901 2874 hoc
1943 2807 2046 2896 est,

442 2913 746 2969 'Christum
787 2912 989 2980 ferens,
1035 2913 1238 2968 meruit
1267 2913 1587 2981 nuncupari.
1623 2901 1900 2990 Christum
1937 2905 2049 2992 sci-

479 3003 603 3057 licet
634 2999 844 3058 l'erebat
869 3003 921 3057 in
952 3002 1134 3068 corde,
1165 3001 1440 3056 Christum
1472 2992 1782 3069 proferebat
1809 2991 1861 3052 in
1893 2991 2045 3053 γοοδ.

2147 1909 2296 1966 astra
2340 1912 2460 1967 coeli
2514 1913 2767 1969 ex'altabo
2810 1903 3004 1969 Solium
3053 1910 3266 1982 meum;
3310 1917 3598 1973 ascendam
3634 1905 3732 1988 per

2147 1991 2487 2082 altitudinem
2553 2003 2827 2078 nubium,
2878 2007 2935 2057 et
2989 1995 3186 2060 Similis
3246 2021 3343 2060 ero
3407 2005 3731 2063 Altiésimo?

2148 2084 2282 2158 (Isa.
2326 2085 2459 2161 xiv.)
2491 2086 2512 2142 ι’
2547 2091 2698 2158 Quis,
2751 2093 2995 2163 inquam,
3024 2089 3128 2163 iste
3161 2094 3338 2151 elatus
3372 2099 3473 2163 est,
3503 2093 3607 2154 nisi
3641 2099 3730 2155 ille

2146 2165 2212 2231 de
2239 2171 2348 2246 quo
2376 2168 2658 2248 Scriptura
2688 2180 2820 2236 dicit
2845 2199 2869 2260 ς
2892 2174 3021 2251 quia
3047 2181 3163 2251 ipse
3189 2189 3277 2239 est
3302 2177 3399 2240 rex
3421 2182 3583 2254 super
3606 2202 3728 2242 om-

2113 2259 2244 2321 nes
2267 2263 2728 2338 filiossupe'rbizei
2755 2259 2876 2341 (Job
2898 2269 3031 2341 xu.)
3064 2270 3232 2340 Adeo,
3277 2274 3337 2326 ut
3372 2272 3526 2342 juxta
3565 2275 3720 2345 Apo-

2147 2351 2344 2442 stolum
2375 2377 2390 2414 :
2420 2354 2717 2443 ln‘templo
2744 2360 2838 2441 Dei
2882 2357 3175 2443 aliquando
3202 2359 3413 2430 sedeat,
3440 2365 3732 2420 ostendens

2147 2445 2206 2504 se
2225 2439 2498 2520 tamquam
2525 2439 2597 2506 sit
2620 2443 2763 2505 Deus
2792 2439 2883 2520 (II
2901 2441 3083 2504 Tum.
3117 2449 3201 2520 ιι).

2217 2538 2371 2606 Quod
2396 2549 2578 2595 autem
2625 2541 2766 2609 idem
2795 2541 2868 2594 sit
2910 2540 3075 2596 arbor
3113 2541 3473 2610 infructuosa,
3516 2545 3730 2614 exposi-

2121 2625 2124 2628 “
2149 2622 2298 2685 tione
2322 2637 2431 2684 non
2458 2619 2684 2699 indiget,
2709 2622 2835 2684 dum
2860 2629 2975 2700 ipSe
2999 2623 3256 2701 tauquam
3285 2631 3490 2700 lignum
3518 2634 3730 2712 aridum

2147 2713 2368 2774 aeternis
2397 2717 2468 2772 sit
2510 2717 2725 2788 ignibus
2755 2718 3066 2789 deputatus.
3101 2719 3196 2774 llic
3236 2720 3423 2790 itaque
3452 2717 3592 2778 Seo'n
3633 2739 3730 2779 rex

2118 2811 2234 2862 iest
2281 2799 2747 2874 Amorrhaeorunt,‘
2791 2808 2886 2877 qui
2932 2801 2987 2877 et
3037 2811 3139 2880 ipsi
3186 2801 3613 2882 interpretantur
3653 2813 3734 2868 lo-

2147 2893 2392 2986 quentes,
2449 2898 2536 2953 vel
2594 2900 2651 2954 in
2715 2889 3122 2982 amaritudinem
3193 2900 3531 2958 adducentes.
3587 2900 3725 2960 Nam

2148 2980 2457 3060 quicunque
2483 2981 2720 3062 maligno
2747 2980 2961 3062 spiritui
2985 3003 3084 3064 per
3105 2994 3389 3064 reprobam
3414 2995 3575 3049 vitam
3604 2991 3733 3050 sub-

467 3093 670 3149 Gratize
697 3094 962 3163 siquidem
990 3092 1232 3149 caelestis
1261 3091 1382 3148 oleo
1409 3091 1698 3157 delibutus,
1730 3099 1787 3146 et
1813 3081 2045 3145 onerosa

2145 3077 2350 3147 iacent,
2389 3079 2624 3150 ejusque
2655 3080 2879 3138 ditionis
2926 3072 3133 3156 legibus
3170 3093 3394 3154 parent,
3444 3085 3731 3155 ldquentes

470 3191 700 3238 terrenae
728 3157 1178 3251 concupiscentiae
1201 3187 1353 3235 veste
1380 3179 1636 3244 nudatus,
1671 3177 2045 3248 tan'quam'pa-

2151 3165 2368 3240 quidem
2407 3164 2554 3237 sunt,
2599 3163 2696 3226 sed
2742 3163 2853 3251 non
2891 3174 3184 3243 sapientes.
3227 3171 3477 3244 Plerique
3521 3175 3734 3231 scilicet

468 3271 691 3327 uestrita
720 3271 986 3328 mirabilis
1014 3271 1240 3341 prosilit,
1264 3270 1318 3325 in
1351 3269 1593 3336 arenam,
1621 3269 1676 3324 et
1701 3266 1895 3339 arripit
1923 3275 2046 3326 cer-

471 3360 691 3416 taminis
720 3360 943 3416 laetam.
973 3359 1153 3416 Novus
1177 3359 1357 3415 adhuc
1379 3360 1533 3416 miles
1558 3360 1787 3429 corripit
1811 3359 2046 3431 gladium

469 3451 714 3523 spiritus,
747 3451 890 3522 quod
925 3457 1012 3506 est
1032 3451 1260 3506 verbum
1293 3451 1390 3504 Dei
1421 3448 1648 3521 (Ephes:
1669 3451 1768 3521 vi),
1796 3459 1851 3506 et
1877 3451 2048 3522 preti-

470 3557 580 3597 nus
617 3542 672 3597 in
717 3541 860 3598 bella
890 3540 1262 3613 congreditur,
1294 3549 1351 3597 et
1395 3541 1476 3597 sic
1519 3541 1778 3596 adversus
1827 3540 2048 3596 humani

472 3632 690 3702 generis
733 3631 1014 3691 inimicum
1055 3630 1415 3687 infmderabili
1450 3632 1749 3688 certamine
1791 3623 2050 3688 collucta-

471 3732 581 3775 tur.
632 3721 824 3777 Vibrat
864 3720 1158 3792 ancipitem
1197 3721 1458 3792 gladium,
1503 3721 1595 3790 qui
1635 3721 1702 3775 de
1751 3720 2050 3775 SalVatoris

468 3826 566 3868 ore
603 3812 866 3883 procedit,
906 3820 962 3867 et
1007 3810 1244 3868 fervidus
1295 3811 1520 3867 bellator
1545 3827 1666 3867 cum
1697 3811 1854 3867 hoste
1894 3827 2046 3867 com-

469 3903 663 3969 mittit,
701 3903 974 3959 consertis
1013 3903 1184 3958 armls
1229 3902 1476 3958 cominus
1521 3901 1766 3964 dimicat.
1809 3909 1864 3958 et
1891 3899 2047 3958 obvia

468 4009 698 4066 qumque
725 4008 880 4050 mens
911 3991 1178 4064 superbas
1223 3992 1626 4048 adversantium
1657 3991 1894 4048 hostium
1924 3991 2048 4048 cer-

468 4085 617 4139 vices
644 4083 949 4138 obtruncat.
980 4081 1130 4137 Fidei
1158 4081 1358 4151 quippe
1385 4080 1554 4134 loriea
1585 4081 1844 4146 munitus,
1873 4087 1930 4136 et
1954 4096 2050 4135 ex-

467 4171 614 4228 celsa
657 4185 766 4226 non
804 4170 1004 4226 montis
1041 4170 1135 4225 sed
1181 4169 1379 4224 mentis
1413 4183 1541 4224 arce
1583 4169 1870 4235 subnixus,
1920 4168 2052 4224 licet

466 4263 707 4332 undique
737 4261 941 4318 fremat
975 4276 1040 4316 ac
1080 4260 1326 4316 frendeat
1361 4261 1510 4316 acies
1557 4252 1826 4327 hostium,
1874 4261 2048 4317 nescit

465 4352 670 4408 athleta
693 4351 1025 4408 fortissimus
1055 4351 1314 4422 impetum
1340 4350 1635 4408 formidare
1664 4353 1958 4418 bellorum;
1991 4357 2048 4408 et

465 4441 832 4497 exterioribus
854 4443 1074 4510 quidem
1121 4441 1400 4510 suppliciis
1432 4455 1632 4511 corpus
1663 4444 1905 4512 exponit,
1950 4443 2044 4498 sed

465 4531 651 4596 homo,
676 4532 765 4600 qui
791 4531 923 4587 latet
943 4531 1193 4598 interior,
1215 4531 1792 4602 illatae-persecutionis
1805 4532 2046 4601 iaculum

463 4635 575 4676 non
611 4621 870 4676 admittit.
896 4621 1120 4677 Terram
1164 4619 1598 4691 repromissionis
1622 4623 1826 4693 ingredi
1858 4638 2050 4694 prope-

464 4717 571 4774 rat,
595 4711 690 4766 sed
715 4710 840 4766 huic
866 4711 920 4765 in
949 4710 1389 4781 persequentium
1413 4711 1561 4767 rabie
1585 4712 1853 4768 veternosi
1879 4713 2051 4769 hostis

465 4801 761 4873 phalanges
787 4811 1099 4868 occurrunt,
1125 4803 1216 4872 qui
1243 4805 1421 4860 tamen
1444 4803 1562 4874 ejus
1587 4804 1694 4859 iter
1720 4804 1845 4858 dum
1875 4805 2048 4875 impe-

465 4889 586 4944 dire
609 4889 874 4957 nituntur,
901 4891 1212 4960 expediunt.
1237 4891 1396 4958 Nam,
1420 4893 1549 4948 dum
1573 4902 1778 4964 parant
1794 4895 2046 4960 obruere,

465 4982 754 5044 corruunt;
795 4979 922 5035 dum
961 4980 1211 5035 occidere
1253 4988 1541 5047 conantur,
1576 4983 1878 5048 intereunt;
1921 4983 2047 5038 dum

466 5066 780 5136 intorquent
793 5066 1008 5136 'jacula,
1020 5066 1215 5137 iaculis
1244 5070 1542 5126 acrioribus
1568 5073 1974 5144 transfiguntur.

540 5154 710 5226 Hujus
766 5157 1063 5226 spiritualis
1095 5159 1415 5215 certaminis
1447 5159 1673 5230 ﬁguram
1713 5161 2046 5217 lsraeliticus

471 5246 636 5318 168
678 5247 766 5302 ille
807 5247 1037 5318 populus
1077 5250 1270 5314 tenuit,
1308 5250 1393 5304 cui
1438 5251 1639 5320 petenti
1667 5261 1724 5305 et
1769 5251 2047 5308 humiliter

467 5340 761 5409 postulanti
823 5340 966 5396 Seo'n
1020 5355 1118 5398 rex
1166 5342 1605 5397 Amorrhzeorum
1657 5344 1894 5397 transire
1948 5359 2045 5414 per

467 5442 598 5486 suos
635 5433 901 5488 terminos
947 5447 1055 5487 non
1106 5432 1374 5503 permisit.
1420 5431 1576 5498 Nam,
1633 5432 1916 5502 Scriptura
1966 5443 2046 5490 te-

466 5535 684 5582 stante:
720 5546 741 5580 ι
777 5523 920 5583 Misit
941 5529 1353 5584 lsrael'nuntios
1378 5529 1446 5582 ad
1479 5527 1642 5592 Seon,
1678 5527 1903 5584 dicens:
1937 5529 2044 5584 0b-

467 5630 625 5672 sccro
654 5627 714 5672 ut
746 5619 979 5674 transire
1007 5620 1136 5674 mihi
1173 5619 1333 5674 liceat
1359 5633 1458 5690 per
1495 5627 1696 5674 terram
1731 5629 1904 5684 tuam;
1937 5635 2045 5676 non

469 5707 866 5764 dedinabimus
895 5711 949 5787 in
996 5725 1156 5774 agros
1193 5722 1246 5762 ct
1291 5711 1354 5764 in'
1388 5710 1593 5775 vineas,
1639 5726 1747 5766 non
1798 5709 2045 5767 bibemus

719 5803 988 5862 Ρλτειοι..
1029 5811 1298 5874 CXLIV,

2151 3267 2454 3317 amatorum
2496 3261 2708 3328 mundi,
2749 3248 2876 3316 dum
2925 3262 2979 3317 in
3027 3272 3240 3319 terrena
3287 3273 3416 3319 sunt
3462 3266 3730 3336 sapientia

2144 3345 2328 3418 'vacu'i,
2343 3367 2442 3424 per
2459 3351 2698 3421 leporem
2715 3353 3009 3408 exterioris
3031 3353 3352 3425 eloquentiae
3367 3364 3492 3410 sunt
3511 3357 3728 3412 diserti.

2135 3431 2228 3499 ‘De
2265 3444 2462 3515 quibus
2494 3456 2594 3513 per
2626 3429 2980 3500 Salomb'n'e'm'
3012 3444 3250 3500 dicitur:
3295 3456 3324 3498 c'
3350 3443 3540 3502 Omnis
3577 3447 3733 3502 labor

2151 3533 2204 3589 in
2254 3532 2350 3590 ore
2399 3535 2655 3601 hominis,
2709 3529 2804 3591 sed
2855 3535 3036 3590 anima
3091 3535 3210 3607 ejus
3263 3533 3381 3592 non
3419 3533 3732 3608 implebitur

2152 3623 2352 3696 (Eccle.
2387 3625 2487 3697 vn).
2518 3643 2537 3678 ι
2576 3616 2897 3680 Sanctorum
2937 3638 3117 3682 autem
3159 3643 3381 3699 regnum
3421 3633 3528 3684 non
3560 3637 3644 3686 est
3672 3629 3728 3684 in

2150 3723 2422 3782 sermone,
2449 3715 2544 3772 sed
2576 3718 2630 3771 in
2666 3715 2885 3773 virtute.
3063 3791 3066 3796 ν
3172 3768 3176 3772 .

2223 3807 2329 3861 Sed
2360 3799 2460 3876 q‘ui‘
2489 3813 2616 3861 sunt
2644 3801 2950 3877 loquentes,
2987 3806 3152 3864 iidem
3199 3818 3324 3866 sunt
3357 3819 3414 3867 et
3443 3808 3498 3865 in
3525 3803 3730 3867 amarl-
3768 3874 3778 3884 .

2151 3895 2390 3951 tudinem
2436 3891 2788 3952 adducentes;
2823 3895 2959 3974 Quia
2995 3898 3138 3954 sicut
3185 3885 3364 3955 sancti
3392 3901 3594 3972 quique
3617 3899 3734 3956 cd-

2149 3976 2301 4041 lestis
2337 3985 2539 4057 eloquii
2585 3986 2742 4042 mella
2791 3988 3087 4055 distillant,
3127 3990 3208 4046 sic
3246 3990 3467 4060 reprobi
3503 3989 3732 4061 quilibet

2148 4075 2260 4130 suis
2287 4076 2629 4132 auditoribus
2658 4077 2810 4152 virus
2853 4087 3096 4136 terrente.
3123 4080 3376 4136 versutia
3411 4078 3731 4134 amaritudi-

2148 4173 2380 4237 nemque
2425 4159 2734 4239 propinaut.
2782 4167 2908 4225 Istis
2954 4170 3100 4224 enim
3158 4171 3211 4225 in
3258 4186 3490 4242 persona
3531 4179 3737 4228 sancta
3832 4225 3835 4227 .

2147 4257 2403 4313 EccleSiie
2426 4257 2626 4314 dicitur
2648 4278 2661 4315 :
2692 4259 2714 4313 ι’
2741 4258 2921 4316 Favus
2942 4259 3211 4318 distillan‘s
3231 4261 3372 4321 labia
3395 4273 3505 4328 tua,
3532 4279 3732 4335 sponsa

2149 4347 2327 4420 (cam.
2351 4351 2456 4422 ιν).
2492 4351 2516 4403 ι’
2545 4342 2649 4418 Qui
2691 4351 2856 4406 etiam
2888 4347 2942 4406 in
2987 4344 3160 4424 ﬁgura
3201 4352 3442 4423 ejusdem
3478 4354 3737 4411 Ecclesia;

2140 4435 2447 4495 'concinun't
2480 4458 2494 4494 :
2541 4459 2561 4492 ι
2601 4440 2775 4508 Quam
2814 4441 2994 4496 dulcia
3048 4441 3297 4499 faucibus
3341 4445 3478 4499 meis
3517 4444 3736 4514 eloquia

2157 4537 2269 4596 tua,
2310 4533 2472 4600 super
2510 4522 2627 4587 mel”
2654 4537 2709 4587 et
2744 4532 2928 4586 favum
2964 4531 3047 4588 ori
3088 4549 3211 4588 meo
3259 4533 3432 4606 (Paul.
3461 4537 3670 4607 cxvm).
3707 4555 3727 4588 ι

2155 4617 2232 4674 De
2256 4635 2484 4692 quorum
2519 4620 2685 4675 etiam
2721 4620 2944 4676 doctore
2974 4621 3174 4692 spansa
3205 4621 3339 4679 dicit
3369 4624 3425 4678 in
3451 4621 3689 4681 Canticis
3714 4643 3730 4680 :
3780 4618 3782 4620 ’

2161 4730 2180 4762 ‹
2210 4703 2409 4765 Gu’ttnr
2445 4709 2562 4780 ejus
2607 4707 2938 4780 dulcedines,
2989 4722 3046 4767 et
3097 4721 3243 4770 totus
3288 4714 3732 4785 concupiscentia

2156 4800 2332 4872 (Cant.
2360 4799 2436 4871 v).
2459 4819 2477 4854 ι
2508 4801 2582 4856 De
2602 4800 2708 4857 illis
2737 4802 2918 4856 autem
2943 4819 2973 4858 e
2994 4802 3276 4859 contrario
3297 4801 3521 4860 dicitur:
3551 4823 3569 4856 ι
3592 4803 3732 4872 Quia

2153 4891 2358 4961 linguis’
2381 4893 2494 4948 suis
2529 4893 2714 4949 dolose
2750 4896 3006 4965 agebant,
3038 4895 3306 4952 venenum
3346 4880 3604 4966 aspidum'
3629 4889 3731 4957 sub

2153 4982 2314 5040 labiis
2332 4999 2520 5039 eorum
2543 4984 2718 5056 (Psal.
2743 4985 2887 5059 xm).
2915 5005 2933 5038 ι
2964 4985 3067 5044 Ubi
3090 4983 3213 5043 mox
3239 4981 3510 5061 sequitur:
3539 5007 3558 5041 ι
3586 4977 3731 5058 Quo-

2153 5091 2274 5131 rum
2316 5089 2380 5131 os
2432 5075 2820 5132 maledictione'
2865 5088 2921 5133 et
2967 5069 3327 5136 amaritudine
3376 5073 3604 5151 plenum
3644 5071 3730 5138 est

2150 5167 2170 5239 (
2204 5165 2396 5238 Ibid.).
2434 5186 2452 5220 ι
2490 5165 2642 5223 Unde
2665 5175 2722 5224 et
2749 5170 2966 5225 vineam
3004 5171 3151 5225 illam
3183 5173 3445 5227 Dominus
3474 5188 3572 5242 per
3599 5190 3725 5244 pro-

2148 5257 2366 5327 phetam
2411 5257 2765 5327 conqueritur
2799 5260 2854 5314 in
2893 5259 3313 5318 amaritudinem
3349 5257 3470 5338 ease
3502 5255 3731 5321 conver-

2148 5363 2286 5414 sam,
2326 5363 2446 5419 quzc
2491 5349 2747 5404 nimirum
2804 5351 2879 5406 illi
2918 5345 2948 5406 a
2993 5346 3101 5424 quo
3157 5351 3358 5409 dudum
3405 5343 3725 5427 perceperat

2149 5447 2350 5495 terram
2381 5438 2537 5494 lactis
2566 5447 2622 5494 et
2657 5439 2854 5507 mellis,
2903 5433 3247 5512 pustmodum
3288 5439 3484 5516 obtulit
3514 5439 3724 5504 amari-

2148 5529 2391 5585 tudinem
2434 5531 2597 5596 aceti,
2646 5531 2808 5585 simul
2851 5543 2908 5590 et
2951 5530 3092 5590 fellis
3125 5521 3722 5609 .(JerJ‘ItDeuthxn;

2149 5617 2341 5674 Matth.
2367 5620 2560 5691 xxvii).

2217 5711 2419 5768 Horum
2459 5713 2642 5785 itaque
2678 5716 3038 5799 loquentium,
3085 5721 3170 5775 vel
3208 5723 3261 5776 in
3303 5711 3720 5797 amaritudinem

3129 5812 3207 5872 22
