4070 6198
388 312 498 369 685

978 309 1036 364 S.
1073 307 1276 374 PETRI
1309 305 1591 362 DAMIANI
1629 302 1779 360 OPP.
1824 301 2002 358 PARS
2036 298 2169 356 SEU
2206 296 2443 356 'I‘OMUS
2478 296 2545 353 II.
2586 327 2656 339 —-
2685 293 3077 356 SERMONES.

3546 299 3652 358 εει

394 420 776 479 adducentium
804 418 947 473 Seon
972 403 1065 472 rex
1094 427 1197 483 est,
1223 418 1313 487 qui
1340 416 1512 470 elatus
1538 410 1818 479 a‘sseritur,
1843 414 1971 485 quia
2002 427 2047 482 Λ
2075 409 2381 480 pollicitus,
2428 408 2729 480 gradiatur.
2762 427 2781 462 ι
2828 410 2959 478 Via,
3003 408 3210 480 inquit,
3253 409 3398 482 regia
3437 414 3657 484 gradia-

393 511 701 581 vaniloquis
723 519 779 564 et
801 506 1003 562 amaris
1028 505 1188 575 hujus
1218 506 1403 559 mundi
1450 506 1784 559 amatoribus
1812 503 1975 573 169

394 601 638 658 diabolus
658 606 848 653 auctor
886 595 1156 665 superbiae
1194 593 1554 663 principatur.
1585 593 1739 648 Unde
1773 601 1830 647 et
1860 594 1975 660 ipse

395 690 647 761 princeps
676 682 864 740 mundi
897 681 1096 738 dicitur
1124 677 1309 751 (Joan.
1338 692 1441 743 xn,
1470 683 1602 746 xiv).
1644 672 1788 732 illius
1811 673 1964 729 vide-

397 781 526 836 licet
575 779 644 833 de
700 789 809 847 quo
841 771 973 829 dicit
1001 772 1236 829 Joannes
1290 786 1304 826 :
1365 787 1384 821 ι
1422 768 1654 825 Mundus
1701 766 1759 823 in
1814 763 1968 820 mali-

397 887 504 943 gno
540 869 746 939 positus
777 875 861 923 est
888 862 938 937 (I
960 863 1123 920 Joan.
1152 863 1230 934 v).
1255 879 1275 915 ι
1305 859 1374 917 Et
1402 858 1665 915 Dominus
1698 855 1970 930 promittit

399 962 549 1017 illum
576 958 863 1030 discipulis
895 956 1160 1028 Spiritum
1192 968 1313 1011 esse
1339 952 1663 1007 mittendum
1690 963 1853 1021 quem
1884 946 1974 1002 hic

392 1045 627 1100 mundus
659 1059 769 1099 non
793 1052 973 1116 potest
1028 1042 1272 1110 accipere
1301 1038 1483 1110 (Joan.
1516 1040 1650 1109 xw).
1682 1037 1823 1092 Dicit
1846 1052 1977 1108 ergo

390 1135 561 1190 Israel
589 1136 657 1191 ad
686 1134 869 1190 Seon:
928 1150 947 1184 ι
980 1131 1242 1186 Transire
1278 1144 1378 1184 nos
1430 1129 1593 1184 liceat
1626 1143 1723 1197 per
1774 1136 1975 1183 terram

394 1236 564 1294 tuam,
607 1242 715 1281 non
755 1224 1150 1280 declinabimus
1202 1220 1257 1276 in
1296 1236 1458 1291 agros
1488 1231 1543 1275 et
1568 1221 1755 1274 vineas
1784 1216 1975 1289 (Num.

393 1319 533 1389 ut).
558 1337 577 1369 ι
620 1315 729 1371 Nos
752 1316 935 1385 plane,
963 1328 1062 1366 nos
1090 1326 1296 1375 sumus,
1346 1310 1440 1379 qui
1480 1323 1577 1378 per
1626 1309 1769 1362 hunc
1824 1321 1979 1359 mun-

394 1411 523 1464 dum
552 1409 618 1463 ad
646 1416 846 1461 terram
895 1403 1145 1473 cupimus
1193 1400 1426 1455 transire
1478 1397 1798 1452 viventium.
1848 1394 1978 1460 Nos,

396 1505 641 1570 inquam,
673 1512 774 1568 per
810 1496 1072 1550 terminos
1120 1489 1339 1561 superbi
1396 1488 1539 1558 regis
1584 1485 1862 1541 humiliter
1898 1484 1981 1538 in-

390 1594 590 1650 cedere
628 1587 875 1643 volumus
926 1584 995 1638 ad
1045 1582 1276 1652 patriam
1330 1579 1525 1635 divina:
1581 1574 1976 1646 promissionis.

396 1684 461 1738 Et
504 1679 758 1752 quoniam
800 1675 1058 1730 Hebraeus
1103 1671 1496 1741 interpretatur
1541 1676 1822 1731 transiens,
1880 1678 1979 1719 nos

2077 516 2216 555 mur.
2249 518 2268 552 ι
2311 500 2443 567 Qua:
2463 508 2549 555 est
2568 509 2752 554 autem
2773 500 2919 572 regia
2948 500 3056 566 via,
3096 500 3200 555 nisi
3225 500 3313 557 illa
3336 517 3455 571 quae
3475 504 3608 558 dicit
3637 521 3651 558 :

2079 606 2098 639 ι
2138 589 2249 659 Ego
2277 604 2395 643 sum
2441 588 2527 642 via
2561 588 2747 646 (Joan.
2771 589 2906 660 xlv).
2931 607 2950 640 ι
2984 588 3088 656 Qui
3118 590 3283 645 etiam
3315 591 3368 646 in
3397 592 3518 662 ipso
3543 608 3657 649 sum

2075 678 2343 748 passionis
2364 678 2591 734 articqu
2616 693 2677 734 se
2719 692 2903 750 regem
2928 680 3197 749 perhibet,
3226 697 3348 736 cum
3375 685 3452 738 ait
3476 701 3491 738 :
3526 703 3544 736 ι
3575 686 3654 739 'I'u

2075 768 2215 824 dicis
2239 783 2254 823 :
2282 767 2421 835 Quia
2452 784 2548 825 rex
2571 784 2693 824 sum
2719 784 2819 841 ego
2847 768 3032 842 (Joan.
3055 771 3234 844 xvm).
3254 792 3273 825 ι
3302 772 3659 832 Promisimus

2075 872 2206 929 ergo
2250 860 2487 929 superbo
2541 860 2655 930 regi
2704 859 2847 914 Seon
2876 859 2994 927 eius
3045 860 3246 919 ﬂuenta
3294 880 3398 919 non
3446 866 3654 932 bibere,

2078 962 2186 1003 non
2238 947 2292 1003 in
2343 962 2505 1019 agros
2550 948 2639 1003 vel
2680 949 2868 1005 vineas
2911 950 3206 1018 declinare,
3243 954 3387 1025 regia
3439 956 3525 1010 via
3555 971 3658 1012 nos

2078 1036 2351 1103 incedere,
2377 1037 2481 1093 hoc
2528 1047 2633 1103 est,
2682 1039 2751 1095 ad
2802 1032 3077 1095 Christum
3113 1056 3211 1111 per
3244 1043 3420 1112 ipsum
3463 1060 3658 1117 prope-

2077 1137 2280 1191 rantes,
2309 1127 2381 1183 ab
2399 1129 2649 1186 omnibus
2673 1131 2872 1186 diaboli
2900 1133 3112 1204 pompis
3137 1141 3194 1187 et
3218 1135 3473 1204 operibus
3498 1138 3659 1207 170

2085 1224 2379 1280 abstinere.
2411 1222 2519 1280 Sed
2544 1224 2722 1280 elatus
2751 1225 2841 1281 ille
2864 1225 3010 1282 Seon
3035 1228 3334 1283 exercitum
3355 1228 3579 1299 colligit,
3603 1241 3660 1285 et

2078 1312 2240 1369 Israel
2266 1328 2365 1385 per
2384 1330 2513 1371 suos
2533 1314 2666 1371 lines
2691 1315 2894 1373 habere
2920 1318 3205 1372 transitum
3236 1334 3343 1373 non
3372 1319 3655 1388 permittit.

2148 1402 2280 1471 Quis
2299 1413 2380 1462 est
2406 1415 2586 1461 autem
2614 1405 2844 1477 populus
2889 1406 2979 1462 ille
3016 1422 3176 1478 quem
3205 1408 3345 1463 Seon
3367 1417 3665 1480 congregat

2080 1494 2344 1551 adversus
2396 1493 2585 1562 Israel,
2649 1495 2755 1551 nisi
2804 1496 3018 1566 reprobi
3059 1497 3281 1567 quique,
3331 1498 3422 1567 qui
3475 1512 3660 1567 perse-

2079 1595 2324 1657 quuntur
2353 1585 2696 1642 Ecclesiam?
2727 1587 2802 1642 Ex
2852 1587 2939 1642 his
2964 1597 3090 1643 sunt
3122 1588 3363 1659 tyranni,
3391 1589 3555 1644 duces
3593 1602 3661 1644 ac

2077 1676 2351 1746 principes
2377 1675 2587 1742 mundi,
2617 1676 2709 1746 qui
2753 1675 2838 1730 vel
2861 1676 3147 1733 catholicis
3170 1677 3302 1733 viris
3341 1692 3438 1748 per
3479 1678 3660 1733 hazre-

396 1774 489 1844 qui
523 1768 771 1840 discipuli
834 1780 1021 1822 sumus
1072 1763 1213 1818 illius
1256 1762 1349 1832 qui
1384 1776 1489 1815 non
1541 1759 1830 1824 habitavit,
1876 1755 1974 1812 sed

2080 1767 2242 1824 ticam
2282 1768 2605 1838 pravitatem
2652 1778 2929 1839 opponunt
2983 1770 3430 1828 contradictionis
3473 1770 3661 1826 obsta-

390 1861 746 1934 pertransivit
784 1855 1173 1912 benefaciendo
1199 1891 1215 1919 ,
1255 1860 1311 1910 et
1361 1851 1605 1906 sanando
1642 1862 1831 1903 omnes
1873 1860 1974 1916 op-

397 1948 616 2024 pressos
645 1968 675 2005 a
708 1947 922 2003 diabolo
947 1945 1087 2015 (Act.
1121 1943 1201 2014 ι),
1250 1941 1506 2013 quoniam
1535 1940 1678 1994 Deus
1700 1946 1820 1993 erat
1854 1950 1978 1991 cum

398 2045 534 2110 illo;
568 2054 843 2110 nunquam
872 2051 972 2090 nos
1011 2034 1347 2087 babitaturos
1374 2046 1496 2085 cmn
1534 2028 1678 2083 Seon
1706 2042 1833 2098 rege
1854 2040 1980 2096 pro-

402 2135 692 2197 mittimus,
738 2129 833 2185 sed
877 2128 963 2181 via
1016 2124 1388 2179 tantummodo
1435 2122 1584 2191 regia
1625 2130 1978 2190 processuros

399 2243 497 2283 nos
524 2238 647 2280 esse
674 2221 1021 2293 spondenms.
1060 2214 1165 2270 Sed
1188 2214 1403 2283 quando
1434 2225 1533 2267 nos
1568 2210 1678 2279 regi
1706 2208 1847 2264 Seon
1873 2207 1979 2264 ista

390 2311 790 2387 promisimus?
826 2308 1053 2380 Quando
1088 2302 1479 2360 cohabitationi
1528 2297 1644 2368 ejus
1693 2297 1975 2369 repudium

401 2408 667 2471 dedimus,
700 2402 917 2473 quando
958 2396 1242 2455 divisionis
1280 2403 1500 2450 aeterna;
1540 2392 1716 2450 foedus
1744 2406 1867 2449 cum
1909 2404 1976 2448 eo

391 2500 541 2570 ,pacti
562 2510 771 2553 sumus.
1304 2502 1311 2505 '

476 2589 795 2646 ltecolamus
838 2585 1022 2653 itaque
1047 2580 1188 2636 diem
1216 2577 1359 2635 sacri
1397 2574 1759 2646 baptismatis,
1798 2573 1976 2643 ipsum

393 2694 554 2737 novae
580 2670 1021 2747 regenerationis
1047 2670 1328 2725 exordium
1358 2666 1426 2722 ad
1472 2665 1788 2721 memoriam
1819 2666 1977 2717 rettu-

400 2785 631 2835 camus;
661 2776 717 2822 et
744 2766 818 2819 ibi
844 2778 944 2817 nos
970 2760 1160 2830 procul
1186 2758 1352 2813 dubio
1391 2755 1729 2812 renuntiasse
1763 2750 1977 2808 diabolo

394 2878 469 2918 ac
514 2857 724 2915 cunctis
781 2854 899 2925 ejus
949 2848 1159 2922 pompis
1206 2856 1264 2903 ct
1312 2846 1568 2917 operibus
1618 2842 1972 2898 inveniemus.

402 2953 803 3009 Commemoret
825 2941 1197 3011 unusquisque
1238 2937 1474 2993 ﬁdelium
1506 2949 1627 2990 cum
1651 2933 1885 3004 primum
1908 2931 1977 2986 ad

398 3045 607 3099 fontem
657 3036 857 3091 lavacri
902 3032 1156 3088 salutaris
1213 3028 1480 3090 accessit,
1531 3040 1656 3080 cum
1699 3021 1975 3094 signacula

2079 1855 2223 1923 cuia,
2255 1856 2341 1911 vel
2365 1857 2569 1912 sanctis
2596 1857 2930 1929 martyribus
2968 1857 3262 1912 moliuntur
3308 1856 3511 1914 inferre
3546 1867 3660 1913 tor-

2080 1954 2283 2002 menta.
2314 1944 2422 2002 Sed
2453 1946 2583 2016 quid
2611 1946 2678 2000 ad
2701 1948 2819 2001 haec
2848 1945 2980 2002 facit
3021 1946 3229 2005 Israel?
3260 1947 3661 2017 Intermgemus

2078 2035 2423 2091 historiam:
2464 2035 2645 2100 Venit,
2678 2034 2874 2104 inquit,
2925 2035 2979 2089 in
3006 2034 3182 2090 lssaar
3230 2033 3427 2107 [Jasa],
3475 2044 3532 2089 et
3559 2050 3661 2104 pum

2077 2124 2263 2195 gnavit
2282 2132 2473 2179 contra
2495 2137 2641 2179 eum.
2663 2123 2707 2177 A
2736 2138 2844 2194 quo
2865 2138 3155 2194 percussus
3181 2132 3264 2179 est
3300 2123 3442 2179 Seon
3474 2124 3527 2178 in
3560 2136 3660 2179 ora

2078 2212 2241 2281 gladii
2274 2230 2288 2267 :
2330 2220 2383 2267 et
2436 2226 2687 2283 possessa
2715 2220 2800 2266 est
2848 2220 2990 2266 terra
3020 2210 3135 2281 ejus
3161 2213 3229 2267 ab
3270 2210 3456 2268 Arnon
3484 2225 3657 2281 usque

2075 2298 2534 2373 Laboch'[Jeboc]
2581 2299 2772 2370 (Num.
2796 2299 2934 2371 xxi).
2959 2318 2977 2351 ι
3017 2300 3157 2355 Ecce
3184 2300 3470 2370 superbus,
3520 2313 3652 2354 ecce

2075 2390 2254 2446 elatus
2304 2404 2629 2461 congressus
2672 2397 2777 2456 est,
2829 2388 2926 2445 sed
2972 2390 3239 2445 contritus
3279 2388 3552 2446 commisit
3595 2397 3655 2443 et

2076 2480 2350 2550 perdidit;
2381 2480 2434 2534 in
2474 2493 2628 2534 arma
2655 2478 2906 2549 prosiluit
2938 2489 2994 2535 et
3016 2479 3319 2536 succubuit.
3344 2479 3447 2546 Qui
3474 2479 3653 2535 noluit

2076 2573 2208 2628 dare
2232 2573 2394 2636 viam,
2419 2571 2653 2641 perdidit
2677 2571 2883 2638 vitam;
2931 2580 2987 2626 et
3011 2573 3139 2627 dum
3179 2570 3504 2640 contempsit
3553 2585 3655 2623 an-

2078 2676 2246 2718 nuere
2280 2661 2509 2733 publica:
2540 2660 2641 2716 viae
2673 2662 2978 2726 transitum,
3021 2663 3205 2717 amisit
3245 2662 3519 2732 proprium
3568 2676 3655 2716 re-

2078 2751 2215 2823 galis
2235 2749 2419 2820 gloria:
2454 2749 2839 2820 principatum.
2875 2749 3040 2804 Israel
3089 2760 3292 2815 autem,
3334 2749 3426 2819 qui
3474 2760 3654 2802 trans-

2078 2840 2216 2894 itum
2243 2854 2351 2895 non
2380 2839 2638 2907 obtinuit,
2666 2840 2733 2894 ad
2760 2839 3113 2894 haereditariae
3155 2838 3509 2909 possessionis
3528 2839 3651 2907 jura

2075 2932 2367 3003 pervenit;
2404 2938 2459 2987 et
2483 2929 2570 2985 cui
2603 2930 2837 2985 transire
2872 2944 2980 2986 non
3013 2930 3186 2998 licuit,
3215 2930 3282 2985 de
3308 2929 3395 2986 via
3418 2930 3651 3000 patriam

2078 3024 2228 3082 fecit.

396 3136 527 3192 ﬁdei
558 3133 731 3203 prima
766 3126 1025 3195 suscepit.
1080 3122 1268 3176 Nonne
1312 3134 1411 3190 per
1453 3116 1975 3207 catechismumsa-
2002 3104 2048 3166 C
2153 3134 2258 3192 sed
2284 3135 2399 3203 ubi,
2422 3150 2628 3207 quaeso,
2668 3135 2863 3191 fratres
2887 3137 3016 3202 mei,
3038 3137 3130 3192 ubi
3169 3137 3287 3193 hac
3321 3146 3404 3192 es,
3431 3145 3651 3205 peracta

404 3223 696 3282 ccrdotalis
723 3217 883 3274 oﬂieii
932 3217 1017 3271 his
1065 3228 1196 3268 usus
1249 3220 1334 3266 est
1364 3210 1545 3265 verbis
1573 3207 1769 3278 quibus
1818 3220 1877 3260 se
1904 3204 1978 3259 si-

396 3316 688 3388 gniﬁcaret
715 3308 955 3365 letiferas
982 3303 1166 3359 mundi
1190 3299 1348 3369 hujus
1371 3298 1697 3379 cupiditates
1721 3295 1975 3365 abjicere,

405 3420 469 3459 ac
515 3399 797 3457 diabolica:
847 3393 1126 3452 societatis
1172 3388 1589 3448 contubernium
1634 3390 1979 3458 protiteretur

404 3514 437 3553 a
467 3511 526 3552 se
552 3491 797 3548 funditus
824 3484 1120 3542 abdicare?
1163 3482 1231 3536 Et
1271 3482 1373 3537 hoc
1409 3479 1661 3549 estquod
1707 3477 1761 3531 in
1807 3477 1978 3530 histo-

404 3587 504 3642 ria:
526 3579 867 3638 sermonibus
894 3574 1268 3635 adumbratur,
1299 3569 1425 3639 quia
1472 3583 1580 3622 non
1628 3565 1862 3621 declinet
1908 3564 1982 3619 ls-

405 3673 519 3731 rael
546 3684 719 3741 neque
753 3670 806 3723 in
838 3680 1028 3737 agrum
1067 3662 1210 3732 regis
1238 3659 1401 3725 Seon,
1431 3670 1604 3728 neque
1654 3656 1708 3712 in
1742 3657 1977 3719 vineam,

403 3780 582 3838 neque
610 3763 676 3818 de
729 3761 849 3814 lacu
880 3757 997 3827 ejus
1031 3769 1090 3810 se
1133 3752 1420 3823 pollicetur
1470 3749 1650 3818 aliquo
1699 3748 1856 3838 modo
1876 3759 1980 3815 po-

405 3835 663 3911 taturum.
718 3849 820 3904 Per
876 3858 1065 3917 agrum
1110 3841 1337 3905 scilicet,
1393 3838 1576 3908 operis
1631 3835 1971 3898 exercitium;

389 3958 502 4014 ,pcr
554 3941 764 3996 vineam
808 3944 866 3990 et
915 3934 1117 3997 lacum,
1150 3942 1413 3983 vanarum
1439 3926 1634 3979 artium
1665 3921 1980 3991 intelligitur

398 4010 697 4104 poculum;
737 4022 1047 4092 astrologia:
1076 4017 1303 4079 scilicet,
1335 4015 1543 4083 magiae,
1576 4010 1976 4073 necromantize,

405 4100 462 4179 et
484 4116 742 4191 quidquid
773 4122 858 4169 est
907 4110 1049 4179 quod
1078 4121 1274 4159 vanum
1315 4104 1517 4172 aliquid
1547 4101 1629 4191 vel
1658 4100 1978 4191 sacrileguﬁm

406 4185 736 4279 dogmatizat
791 4208 979 4255 contra
1044 4193 1326 4249 catholicae
1388 4191 1511 4245 lidei
1574 4190 1852 4258 pietatem.
1904 4185 1981 4240 De

406 4299 602 4369 quibus
632 4294 815 4360 utique
861 4284 1237 4359 pestilentibus
1284 4280 1489 4352 poculis
1520 4287 1710 4335 contra
1760 4292 1983 4347 perver-

407 4405 528 4445 sum
551 4383 801 4457 pOpulum
848 4395 943 4451 per
971 4375 1260 4433 Jeremiam
1310 4373 1566 4426 Dominus
1608 4370 1977 4439 conqueritur,

2054 3226 2308 3281 ,victoria
2330 3227 2353 3280 i
2378 3226 2528 3280 Felix
2558 3225 2765 3282 scilicet
2810 3225 2983 3294 locus,
3008 3226 3098 3296 qui
3126 3234 3290 3281 tanta;
3329 3225 3513 3297 gloria!
3538 3239 3656 3279 me-

2081 3316 2192 3371 ruit
2218 3316 2401 3371 videre
2431 3316 2796 3384 triumphum!
2832 3315 2957 3382 Ubi,
2986 3316 3226 3385 inquam,
3252 3314 3541 3385 superbum
3568 3325 3655 3367 re-

2079 3418 2199 3477 gem
2230 3404 2464 3459 obtinuit
2488 3403 2653 3459 Israel
2681 3404 2704 3457 ?
2734 3405 2792 3459 In
2832 3404 3028 3458 Issaar.
3075 3403 3251 3458 lssaar
3279 3412 3457 3456 autem
3485 3401 3655 3454 inter-

2080 3502 2324 3564 pretatur
2348 3493 2587 3546 mandati
2612 3491 2934 3563 adimpletio.
2954 3492 3018 3547 Et
3040 3506 3138 3547 nos
3160 3492 3205 3547 si
3222 3491 3287 3545 ad
3304 3492 3449 3545 hunc
3473 3489 3651 3544 locum

2082 3583 2192 3638 Deo
2228 3584 2364 3639 duce
2386 3584 2765 3653 pertingimus,
2793 3582 3063 3637 diabolum
3111 3580 3301 3651 procul
3335 3580 3519 3645 dubio,
3556 3577 3651 3647 qui

2080 3682 2239 3743 caput
2258 3682 2344 3728 est
2369 3682 2423 3727 et
2448 3674 2600 3742 origo
2623 3673 2908 3743 superbize,
2936 3686 3274 3742 superamus.
3304 3669 3459 3727 Tune
3500 3669 3649 3723 enim

2081 3762 2352 3817 diabolum
2384 3763 2667 3829 vincimus,
2715 3778 2839 3817 eum
2892 3762 3271 3831 Redemptoris
3301 3759 3472 3815 nostri
3502 3773 3652 3811 man-

2081 3849 2205 3904 data
2247 3850 2602 3920 complemus.
2649 3852 3003 3921 Quanquam,
3060 3851 3203 3921 quod
3246 3857 3331 3905 est
3375 3847 3650 3903 diabolum

2080 3940 2321 4005 vincere,
2365 3942 2468 3995 hoc
2513 3942 2687 4011 ipsum
2726 3944 2794 3997 sit
2827 3942 3010 3997 divina
3063 3943 3313 3997 mandata
3358 3940 3650 4010 complere.

2082 4027 2240 4093 Nam,
2271 4030 2398 4083 dum
2426 4031 2607 4086 carnis
2634 4030 2920 4087 illecebras
2946 4030 3243 4102 frangimus
3268 4047 3284 4096 ;
3315 4030 3442 4085 dum
3471 4029 3653 4101 pravis

2082 4120 2353 4175 viscerum
2385 4123 2727 4192 passionihus
2775 4123 3127 4189 reluctamur,
3166 4124 3293 4177 dum
3320 4123 3517 4177 divinae
3540 4120 3654 4191 jus-

2082 4210 2253 4266 sionis
2297 4212 2523 4281 imperio
2556 4213 2857 4279 subdimnr,
2904 4224 2960 4269 et
2986 4229 3093 4268 non
3138 4222 3322 4268 nostra
3366 4224 3515 4279 vota,
3556 4212 3653 4267 sed

2083 4301 2226 4357 illius
2256 4300 2407 4369 jussa
2467 4316 2743 4359 servamus
2772 4342 2789 4368 ,
2832 4314 2961 4359 tunc
3009 4304 3213 4374 absque
3261 4302 3422 4357 dubio
3467 4301 3654 4356 mundi

2085 4392 2383 4463 principem
2411 4401 2465 4446 et
2507 4394 2672 4448 totius
2717 4394 2972 4463 nequitiae
2997 4393 3331 4449 debellamus
3354 4400 3650 4447 auctorem.

407 4453 595 4535 dicens
620 4453 635 4505 ί
665 4492 684 4526 ι
714 4473 828 4528 Duo
858 4470 996 4525 111³1³
1046 4467 1174 4522 fec“
1203 4464 1430 4554 Ροβυλυξ
1477 4477 1630 4518 meus
1658 4476 1799 4554 ί-Ψθ
1819 4462 1980 4554 ,δεῖθ’
2007 4453 2059 4513 D
2086 4453 2236 4540 :l‘unc
2261 4453 2555 4554 apostolica
2587 4484 2674 4539 illa
2713 4453 2887 4539 oratio
2916 4485 3215 4554 completur
3248 4484 3301 4537 in
3343 4482 3516 4546 nobis,
3545 4496 3653 4549 qua

408 4570 705 4639 liquerunt,
730 4562 933 4617 fontem
957 4571 1112 4629 aqua":
1135 4557 1290 4620 vivae,
1314 4563 1368 4610 et
1390 4553 1643 4615 foderunt
1660 4552 1759 4607 sibi
1784 4551 1979 4606 cister-

394 4676 528 4725 nas,
560 4659 825 4713 cisternas
871 4650 1180 4719 dissipatas,
1212 4660 1330 4716 quze
1355 4645 1633 4700 continere
1670 4657 1776 4697 non
1803 4640 1984 4695 valent

410 4765 580 4821 aquas
602 4749 737 4818 (Jer.
764 4745 885 4813 11).»
921 4744 997 4798 De
1044 4740 1241 4811 quibus
1290 4750 1346 4793 et
1391 4750 1488 4807 per
1535 4732 1982 4791 Salomonemdi-

409 4844 554 4899 citur
581 4858 594 4894 :
624 4858 642 4890 ι
670 4839 836 4904 Aqua:
867 4832 1080 4886 furtiva:
1108 4829 1383 4884 dulciores
1423 4836 1551 4881 sunt
1587 4824 1769 4896 (Prov.
1821 4823 1930 4890 Ix).
1955 4840 1974 4874 ι

411 4934 586 4990 Habet
608 4936 790 4983 autem
835 4923 999 4979 Israel
1029 4922 1205 4977 fontes
1243 4936 1388 4975 suos.
1424 4940 1439 4969 ι
1482 4918 1539 4973 In
1590 4916 1867 4982 Ecelesiis,
1898 4915 1977 4968 in-

410 5025 563 5095 quit,
619 5016 919 5075 benedicite
975 5014 1087 5067 Deo
1136 5012 1362 5066 Domino
1409 5011 1476 5066 de
1525 5008 1764 5064 fontibus
1814 5008 1978 5063 Israel

411 5113 585 5189 (Psal.
643 5108 831 5178 van).
868 5125 886 5159 ι
950 5104 1181 5174 Superbi
1232 5118 1362 5172 ergo
1423 5103 1563 5171 regis
1624 5101 1766 5155 Seon
1812 5116 1981 5168 aquas

414 5214 667 5274 respuat,
720 5198 1096 5256 haereticorum
1152 5196 1462 5267 dogmatum
1530 5196 1731 5250 ﬂuenta
1795 5206 1983 5253 conte-

372 5281 604 5361 ’mnat;
658 5301 715 5347 et
757 5291 974 5347 hauriat
1022 5303 1194 5358 aquas
1255 5288 1311 5344 in
1366 5287 1563 5360 gaudio
1620 5288 1688 5344 de
1747 5287 1983 5345 fontibus

414 5381 712 5438 Salvatoris
732 5378 866 5451 (Isa.
892 5377 1014 5449 xu).
1040 5378 1142 5445 Qui
1169 5377 1311 5431 enim
1339 5378 1541 5446 dirupit
1582 5376 1760 5433 fontes
1787 5386 1841 5433 et
1873 5387 1984 5434 tor-

415 5483 597 5528 rentes
612 5472 784 5545 (Prol.
810 5476 1027 5544 LXXIII),
1052 5471 1140 5525 bic
1162 5471 1214 5525 in
1236 5469 1527 5541 Evangelia
1544 5470 1673 5527 dicit
1696 5488 1709 5525 :
1732 5488 1750 5521 ι
1772 5471 1873 5537 Qui
1906 5470 1987 5524 bi-

414 5566 557 5623 berit
569 5580 761 5634 aquam
777 5579 941 5634 quam
957 5580 1057 5636 ego
1072 5565 1158 5631 do,
1176 5563 1397 5618 ﬂumina
1413 5565 1477 5619 de
1492 5574 1681 5625 ventre
1694 5564 1810 5634 ejus
1822 5559 1987 5617 ﬂuent

414 5671 570 5727 aqua
601 5656 735 5717 viva:
763 5655 943 5725 (Joan.
970 5656 1086 5725 vn).
1111 5676 1129 5708 ι
1163 5654 1270 5711 Sed
1308 5665 1362 5710 et
1404 5656 1487 5709 via
1532 5655 1698 5725 regia,
1733 5654 1872 5710 sicut
1904 5662 1989 5708 est

2085 4571 2320 4627 dicitur:
2360 4590 2378 4623 ι
2413 4572 2552 4627 Deus
2593 4582 2775 4628 autem
2803 4573 2955 4642 pacis
2981 4581 3227 4627 conterat
3259 4571 3516 4625 Satanam
3552 4570 3654 4623 sub

2083 4660 2311 4729 pedibus
2340 4662 2537 4715 vestris
2567 4660 2919 4732 (Rom.xvr).o
2938 4661 3145 4717 Etillud
3164 4660 3319 4715 nobis
3370 4659 3650 4720 Dominus,

2083 4750 2226 4817 quod
2264 4749 2538 4818 promisit,
2590 4749 2875 4818 impertit:
2913 4767 2931 4800 ι
2963 4747 3105 4803 Ecce
3154 4748 3275 4803 dedi
3305 4747 3458 4801 vobis
3502 4756 3653 4815 pote-

2082 4846 2277 4893 statem
2331 4839 2574 4893 calcandi
2618 4854 2779 4908 supra
2811 4847 3090 4908 serpentes
3131 4837 3568 4907 etscorpiones,
3596 4841 3653 4888 et.

2084 4944 2247 4999 super
2270 4943 2485 4982 omnem
2528 4928 2782 4982 virtutem
2820 4927 3045 4992 inimici,
3089 4937 3144 4980 et
3185 4926 3316 4979 nihil
3356 4923 3506 4979 vobis
3555 4940 3653 4978 no-

2085 5018 2229 5074 cebit
2251 5015 2401 5088 tLuc.
2429 5018 2508 5081 κ).
2533 5037 2551 5071 ι
2593 5016 2699 5073 Sed
2736 5032 2857 5073 eum
2902 5015 3046 5072 Seon
3070 5015 3337 5085 exprimat
3370 5014 3652 5081 antiquum

2086 5109 2319 5172 hostem,
2348 5108 2578 5177 populus
2630 5115 2810 5162 autem
2839 5107 2956 5177 ejus
2978 5118 3218 5175 quosque
3262 5103 3541 5174 reprobos,
3569 5101 3653 5155 vel

2088 5197 2342 5254 Ecclesia:
2368 5206 2765 5268 persecutores,
2799 5197 2891 5269 qui
2913 5197 3080 5252 armis
3120 5196 3189 5253 ab
3216 5193 3401 5260 Israel,
3426 5193 3529 5249 hoc
3549 5205 3655 5259 est,

2087 5303 2120 5343 a
2149 5288 2354 5344 sanctis
2387 5288 2831 5357 pmdicatoribus
2869 5296 2999 5344 sunt
3052 5286 3345 5358 prostrati,
3392 5299 3504 5357 quo
3546 5300 3658 5340 mu~

2087 5391 2253 5433 crone
2299 5375 2551 5447 perfossi,
2588 5392 2696 5447 quo
2721 5376 2948 5447 denique
2977 5376 3154 5447 gladio
3198 5382 3324 5431 sunt
3349 5373 3659 5447 perempti?

2089 5468 2331 5523 Sedaudi
2351 5464 2661 5538 Apostolum
2681 5467 2980 5538 spiritualis
3002 5468 3185 5537 utique
3208 5466 3416 5523 militia:
3438 5466 3657 5529 ducem,

2088 5566 2142 5613 ct
2175 5564 2457 5612 strentmm
2498 5557 2740 5615 intestini
2796 5558 2964 5628 pmlii
3014 5558 3373 5613 bellatorem:
3423 5576 3442 5609 ι
3489 5555 3656 5610 Vivus

2090 5662 2192 5719 est,
2240 5650 2434 5721 inquit,
2467 5665 2649 5709 sermo
2689 5652 2805 5717 Dei,
2836 5660 2892 5705 et
2921 5649 3127 5717 cllicax,
3180 5656 3238 5707 et
3270 5648 3660 5722 penetrabilior
