4070 6198
334 460 438 518 635

1718 448 1954 507 SERMO
2006 446 2239 503 XXXIII.

3494 444 3598 499 686

328 569 479 629 omni
503 567 683 638 gladio
703 565 949 637 ancipiti,
978 563 1293 635 pertingens
1310 574 1483 631 usque
1501 560 1567 615 ad
1596 560 1915 616 divisionem
1944 565 1992 623 Α
2020 558 2163 625 quod
2192 557 2577 625 interpretatur
2610 553 2893 607 luctamen.
2928 549 3159 606 Necesse
3192 563 3272 606 est
3305 552 3448 607 enim
3483 570 3598 609 om-

330 659 529 715 animat
576 672 641 712 ac
667 655 913 727 spiritus,
956 666 1275 723 compagem
1308 664 1524 721 quoque
1568 658 1622 703 et
1652 646 1912 702 medulla-

330 763 471 810 rum,
504 756 561 803 et
603 746 871 800 discretor
901 742 1294 814 cogitationum
1323 747 1378 793 et
1412 739 1773 793 iuteutiouum
1797 751 1911 790 cor-

328 840 416 894 dis
441 836 629 909 (Hebr.
658 835 755 906 tv).
782 854 801 887 ι
841 833 995 888 Hunc
1019 831 1304 888 divisionis
1333 829 1568 900 gladium
1589 827 1911 897 evaginahat

328 929 439 984 dux
460 936 517 982 et
559 933 754 980 auctor
779 923 871 979 ille
898 922 1282 986 certaminum,
1330 935 1394 975 ac
1440 919 1693 974 dominus
1738 916 1912 971 bella-

330 1024 529 1077 torum,
556 1028 680 1068 cum
712 1011 928 1067 dicebat
958 1028 972 1063 :
1002 1028 1021 1060 ι
1064 1009 1239 1065 Nolite
1264 1017 1458 1079 putare
1482 1007 1609 1077 quia
1641 1005 1760 1060 veni
1795 1003 1915 1057 mit-

330 1114 446 1160 tere
470 1117 658 1173 pacem
682 1102 735 1156 in
758 1110 983 1155 terram.
1016 1099 1131 1154 Non
1154 1100 1298 1154 enim
1319 1099 1440 1153 veni
1466 1113 1653 1168 pacem
1677 1096 1911 1158 mittere,

326 1194 424 1250 sed
451 1192 684 1263 gladium
720 1190 939 1261 (Matth.
964 1189 1042 1255 χ).
1080 1208 1099 1241 ι

398 1280 612 1337 Audisti
660 1278 897 1350 gladium
946 1278 1295 1341 dividentem,
1348 1275 1473 1330 audi
1521 1281 1916 1343 consequenter

330 1378 391 1425 et
433 1369 604 1439 ipsam
637 1366 993 1423 divisionem:
1046 1383 1065 1416 ι
1099 1363 1255 1429 Veni,
1306 1364 1499 1432 inquit,
1536 1378 1789 1433 separare
1819 1362 1917 1415 ho-

324 1457 530 1513 minem
567 1455 828 1509 adversus
883 1465 1090 1523 patrem
1141 1468 1317 1516 suum,
1363 1464 1416 1505 et
1448 1452 1611 1505 filiam
1657 1452 1915 1506 adversus

325 1557 558 1604 matrem
612 1560 792 1609 suam,
842 1552 899 1597 et
952 1559 1146 1597 nurum
1193 1544 1453 1598 adversus
1484 1558 1696 1597 SOCI‘UIII
1734 1558 1914 1609 suam,

324 1648 379 1693 et
408 1636 614 1691 inimici
642 1633 877 1689 hominis
912 1632 1195 1687 domestici
1223 1632 1339 1701 ejus
1379 1630 1588 1701 (Ibid).
1620 1650 1638 1682 ι
1675 1630 1787 1685 Iloc
1810 1632 1915 1684 ita-

326 1743 433 1798 que
461 1726 639 1796 gladio
690 1734 745 1779 et
803 1722 945 1779 Seou
975 1732 1060 1777 est
1106 1731 1436 1791 peremptus,
1482 1730 1537 1775 et
1592 1722 1771 1776 omnis
1798 1720 1914 1788 ejus

325 1817 599 1873 exercitus
632 1816 787 1885 171
821 1812 1093 1868 communi
1120 1813 1266 1866 caede
1311 1820 1633 1882 prostratus.
1672 1809 1809 1876 Quia
1833 1810 1915 1863 ni-

2014 663 2112 703 nes
2138 648 2229 717 qui
2261 646 2449 701 volunt
2484 645 2635 699 exire
2665 644 2729 698 de
2767 657 2934 712 regno
2977 640 3170 697 diaboli
3219 651 3276 698 et
3308 642 3428 712 ejus
3464 643 3598 700 fines

2011 736 2263 799 evadere,
2307 733 2665 789 teutatiouum
2715 732 3078 803 ingruentium
3122 734 3419 787 certamina
3462 735 3600 792 tole-

2015 840 2157 881 rare.
2183 825 2335 893 Quod
2364 828 2411 879 si
2454 825 2739 894 quisquam
2788 823 3027 894 iegitime
3075 824 3388 889 certaverit,
3435 835 3491 880 et
3517 827 3599 882 vi-

2013 916 2189 971 riliter
2229 915 2537 970 obluctatus
2579 914 2821 985 eviccriit,
2851 911 2965 980 jam
2993 928 3099 967 non
3128 913 3231 966 erit
3271 913 3485 970 Laboch
3512 916 3595 970 ci-

2012 1007 2153 1061 vitas
2207 1003 2373 1068 Seon,
2428 1004 2521 1059 sed
2576 1002 2770 1057 civitas
2822 1002 3021 1067 Israel;
3076 1018 3183 1056 non
3240 1003 3450 1065 scilicm
3500 1005 3595 1075 qui

2013 1098 2068 1153 in
2104 1112 2273 1153 carne
2307 1097 2377 1153 sit
2402 1094 2565 1152 Israel
2593 1111 2608 1161 ;
2642 1110 2743 1150 nec
2778 1094 2833 1149 in
2881 1093 3169 1149 manifesto
3204 1093 3420 1151 Judaeus
3450 1113 3465 1162 ;
3499 1099 3595 1153 sed

2013 1186 2103 1257 qui
2148 1187 2201 1241 in
2242 1185 2460 1242 Christo
2510 1185 2582 1241 sit
2633 1182 2820 1249 Israel,
2867 1183 3219 1238 circumcisus
3260 1183 3443 1251 corde,
3490 1200 3599 1240 non

2014 1292 2197 1333 carne.

2086 1365 2211 1420 Ilaec
2233 1363 2405 1430 vobis,
2438 1364 2635 1418 fratres
2653 1361 2982 1428 charissimi,
3008 1362 3161 1433 quasi
3185 1378 3283 1434 per
3308 1378 3595 1420 excessum

2015 1454 2269 1519 diximus,
2318 1463 2376 1508 ut
2403 1453 2681 1524 spirituale
2715 1463 2987 1509 certamen
3021 1453 3073 1507 in
3106 1470 3213 1523 quo
3243 1452 3303 1508 Β.
3347 1455 3596 1511 Christo-

2014 1546 2219 1616 phorus
2245 1546 2474 1615 insignis
2528 1545 2891 1614 triumphator
2918 1544 3133 1608 enituit,
3179 1543 3342 1597 etiam
3387 1559 3484 1614 per
3512 1560 3593 1599 sa-

2016 1654 2123 1693 cra:
2150 1637 2392 1694 historia:
2440 1636 2755 1707 mysterium
2801 1637 3111 1690 doceamus.
3143 1634 3256 1689 Nec
3286 1635 3445 1690 debet
3492 1636 3594 1689 mi—

2018 1745 2136 1782 rum
2167 1728 2338 1783 videri
2390 1732 2434 1783 si
2486 1744 2655 1782 sacra:
2692 1742 2883 1796 pugna:
2926 1709 3285 1781 describimus
3332 1727 3597 1790 Ordinem,

2016 1821 2108 1888 qui
2158 1828 2437 1875 strenuum
2492 1819 2713 1873 laudare
2760 1818 3005 1887 cupimus
3053 1828 3431 1887 pugnatoreut.
3482 1818 3599 1889 Ipse

327 1906 526 1961 mirum
549 1904 726 1976 gladio
758 1902 1005 1973 spiritus,
1033 1902 1175 1972 quod
1199 1909 1281 1956 est
1308 1900 1531 1955 verbum
1562 1900 1655 1954 Dei
1687 1899 1904 1969 (Ep/tes.
1934 1899 1983 1959 B
2011 1910 2287 1976 nimirum,
2319 1920 2574 1979 umquam
2618 1924 2780 1963 νοτυς
2831 1918 2886 1962 et
2924 1908 3080 1962 [orlis
3112 1908 3379 1971 [gl-actim,
3428 1907 3598 1983 Aeg”-

324 2001 427 2069 vr),
452 2008 509 2053 et
560 1996 805 2052 diabolus
858 1996 1089 2059 corruit,
1120 2002 1177 2048 et
1231 1990 1508 2061 subjectus
1549 1990 1649 2045 sibi
1680 1990 1909 2060 populus

327 2092 399 2145 ab
428 2088 766 2144 inﬁdelitatis
814 2102 927 2141 sua:
976 2086 1087 2140 vita
1115 2083 1333 2140 defecit.
1366 2081 1501 2138 Cum
1533 2082 1714 2151 itaque
1762 2081 1911 2137 Scri-

326 2190 489 2251 ptura
538 2178 823 2250 perhibeat
846 2177 988 2247 quod
1016 2176 1089 2230 illi
1130 2177 1183 2230 in
1210 2190 1305 2230 ore
1334 2174 1496 2245 gladii
1546 2182 1909 2245 suntperem-

328 2270 452 2341 pti;
490 2270 558 2324 de
611 2268 732 2323 istis
780 2282 889 2322 non
926 2266 1222 2336 incongrue
1268 2264 1376 2319 dici
1430 2272 1609 2335 potest
1652 2264 1908 2333 quoniam

330 2356 605 2412 interfecti
636 2365 762 2411 sunt
792 2354 973 2427 gladio
1011 2353 1144 2408 oris.
1186 2353 1252 2407 Et
1288 2367 1410 2407 cum
1439 2353 1696 2408 Dominus
1715 2351 1861 2405 dicat
1894 2368 1908 2404 :

334 2466 355 2500 ι
387 2446 523 2514 Quia
564 2445 816 2516 princeps
845 2443 1028 2498 mundi
1063 2442 1309 2512 ejicietur
1334 2441 1481 2497 foras
1526 2439 1708 2513 (Joan.
1731 2440 1849 2510 xu),
1888 2456 1907 2492 ι

332 2553 459 2592 mox
488 2545 548 2590 ut
573 2535 717 2590 Seou
744 2534 978 2604 ejicitur,
1010 2533 1154 2588 illico
1196 2547 1292 2602 per
1320 2545 1534 2587 omnem
1577 2530 1761 2585 mundi
1792 2529 1913 2583 lati-

334 2626 577 2681 tudinem
624 2623 809 2686 Israel,
848 2624 899 2676 id
932 2635 1036 2687 est,
1065 2631 1249 2677 sancta
1282 2619 1533 2699 Ecclesia
1563 2626 1908 2689 prOpagatur.

335 2716 459 2771 ιιοι
487 2715 631 2770 enim
687 2723 744 2766 ut
776 2728 897 2767 cum
930 2713 1173 2783 principe
1204 2726 1303 2765 suo
1332 2709 1618 2765 inﬁdelitas
1645 2708 1915 2764 exstincta

336 2804 642 2866 collabitur,
674 2802 806 2856 fides
837 2801 1216 2871 triumphantis
1246 2801 1501 2856 Ecclesia:
1528 2798 1805 2853 dilatatur.
1849 2797 1916 2850 Et

336 2896 431 2966 qui
485 2893 696 2946 fuerant
741 2901 967 2946 eatenus
995 2890 1231 2956 exsules,
1281 2890 1415 2944 fiunt
1460 2897 1583 2960 post
1628 2888 1914 2943 victoriam

336 2995 703 3054 possessores.
757 2978 910 3035 Unde
961 2988 1016 3035 et
1067 2980 1241 3035 eidem
1287 2979 1542 3034 Ecclesia:
1588 2993 1686 3049 per
1720 2978 1915 3033 Isaiam

337 3072 584 3127 dicitur:
618 3088 636 3121 ι
669 3067 901 3138 Populus
927 3077 1107 3124 autem
1135 3079 1279 3134 tuus,
1306 3084 1495 3125 omnes
1519 3067 1675 3136 justi,
1710 3068 1764 3121 in
1792 3081 1916 3136 per-

336 3171 565 3233 petuum
611 3159 1006 3214 haereditabunt
1031 3167 1229 3213 terram
1260 3157 1394 3229 (lsa.
1430 3174 1496 3212 ιι
1535 3160 1576 3227 ).
1629 3176 1649 3210 ι
1689 3156 1765 3211 De
1807 3170 1914 3226 quo

338 3232 539 3323 populo
589 3259 645 3304 et
680 3248 1020 3319 postmodum
1075 3248 1245 3302 dicit:
1292 3264 1311 3299 ι
1358 3247 1426 3301 Ει
1473 3247 1813 3311 habitabunt,
1860 3232 1986 3300 etC

337 3343 670 3415 plantahunt
729 3341 952 3405 vineas,
998 3348 1054 3394 et
1119 3339 1403 3393 comedent
1463 3336 1674 3392 fructus
1729 3350 1915 3391 earum

342 3428 484 3497 (Ira.
505 3423 1056 3498 va).nAdhucetiam
1074 3429 1215 3484 idem
1244 3430 1526 3500 propheta,
1557 3430 1700 3499 quod
1729 3436 1915 3483 sancta

342 3524 507 3578 debet
535 3521 774 3575 Ecclesia
799 3536 896 3590 per
943 3518 1077 3573 lines
1104 3519 1343 3588 gentium
1374 3518 1609 3583 dilatari,
1635 3516 1918 3573 manifeste

343 3614 669 3669 denuntiat:
726 3628 745 3663 ο
776 3610 974 3675 Dilata,
1023 3608 1221 3678 inquit,
1257 3607 1433 3664 locum
1480 3607 1696 3662 tentorii
1730 3606 1830 3674 tui,
1863 3616 1919 3663 et

343 3707 515 3778 pelles
544 3703 1011 3758 tabernaculorum
1044 3711 1253 3757 tuorum
1289 3701 1552 3767 extende;
1588 3715 1657 3754 ne
1688 3715 1915 3769 parcas;

344 3794 537 3863 longos
579 3791 664 3846 fac
702 3790 966 3846 funiculos
999 3798 1120 3845 tuos
1168 3799 1222 3844 et
1251 3788 1431 3844 clavos
1476 3799 1597 3843 tuos
1647 3788 1919 3844 consolida

344 3884 483 3954 (Isa.
519 3883 651 3952 LIV).
691 3900 710 3935 ι
744 3880 853 3936 Cur
886 3890 1065 3934 autem
1096 3880 1211 3934 haec
1245 3893 1407 3950 agere
1452 3877 1670 3943 debeat,
1722 3879 1918 3949 aperit,

344 3987 472 4025 eum
499 3969 774 4040 subjungit
807 3985 822 4022 :
860 3986 879 4021 ι
910 3968 992 4024 Ad
1039 3967 1319 4022 dexteram
1354 3967 1496 4021 enim
1524 3976 1581 4022 et
1630 3967 1697 4021 ad
1730 3966 1919 4021 larvam

343 4059 657 4132 penetrabis
684 4097 699 4123 ,
749 4066 806 4113 et
866 4071 1051 4113 semen
1126 4064 1273 4110 tuum
1333 4065 1519 4127 gentes
1584 4057 1921 4112 haareditabit

345 4153 603 4221 Ubid.).i
636 4150 824 4208 Omnis
868 4163 998 4221 ergo
1049 4157 1194 4204 terra
1236 4147 1378 4204 Seou
1432 4148 1628 4204 cecidit
1673 4149 1725 4203 in
1750 4149 1919 4203 haere-

345 4245 572 4300 ditatem
614 4239 779 4296 Israel
826 4256 842 4306 ;
877 4239 1029 4309 quia,
1074 4239 1199 4294 dum
1254 4238 1502 4309 princeps
1542 4236 1731 4293 mundi
1762 4236 1924 4308 hujus

346 4333 528 4405 gladio
584 4330 751 4387 divini
812 4328 960 4384 verbi
1024 4327 1308 4385 confossus
1366 4327 1641 4400 egreditur
1670 4367 1687 4394 ,
1737 4337 1923 4383 sancta

346 4420 672 4476 universalis
703 4418 944 4476 Ecclesia
995 4432 1095 4490 per
1136 4416 1380 4488 ejusdem
1423 4418 1612 4474 mundi
1660 4418 1924 4475 terminos

347 4512 627 4568 dilatatur.

420 4602 534 4658 Nec
560 4603 991 4672 praetereundum
1040 4600 1276 4656 arbitror
1305 4614 1426 4656 esse
1487 4599 1630 4669 quod
1677 4600 1919 4656 dicitur:

347 4692 489 4762 Quia
518 4705 764 4761 possessa
787 4700 871 4745 est
895 4699 1037 4745 terra
1070 4689 1187 4760 ejus
1211 4689 1280 4745 ab
1304 4690 1486 4745 Arnon
1509 4705 1679 4760 usque
1706 4690 1925 4747 Lahoch

347 4780 583 4858 [Jeboc].
609 4782 790 4836 Arnon
824 4781 1023 4851 itaque,
1074 4796 1191 4851 qute
1221 4790 1304 4836 est
1332 4781 1544 4836 initium
1572 4780 1723 4850 regni
1756 4779 1923 4847 Seon,

349 4878 743 4945 interpretatur
800 4872 1189 4928 maledicttones
1250 4888 1451 4927 eorum.
1528 4871 1719 4928 Omnis
1780 4873 1925 4928 enim

352 4964 609 5028 mundus,
660 4964 749 5034 qui
778 4973 902 5019 ante
947 4964 1245 5021 Salvatoris
1270 4963 1556 5019 adventum
1585 4964 1685 5019 sub
1726 4963 1925 5021 diaboli

349 5054 700 5125 premebatur
752 5055 997 5125 imperio,
1055 5054 1449 5109 maledictionis
1484 5054 1720 5111 habebat
1759 5055 1942 5127 origiw

353 5161 505 5213 nem,
555 5147 680 5217 quia
726 5147 1122 5203 benedictionis
1170 5146 1452 5215 ignorabat
1485 5156 1808 5213 auctorem;
1860 5150 1926 5204 de

353 5253 467 5309 quo
502 5239 757 5295 nimirum
798 5253 892 5308 per
946 5236 1274 5306 Prophetam
1329 5238 1572 5293 dicitur;
1629 5256 1648 5289 ι
1698 5237 1929 5293 Benedi-

356 5332 594 5386 ctionem
644 5329 818 5393 dabit,
851 5327 941 5396 qui
981 5326 1152 5395 legem
1210 5326 1359 5381 dedit
1404 5324 1578 5395 (Psal.
1619 5328 1871 5399 uxxnt).
1903 5344 1924 5378 ι

355 5420 515 5478 Unde
536 5430 591 5476 et
614 5418 903 5490 Apostolus
944 5419 1056 5473 ait:
1104 5436 1121 5470 ι
1166 5416 1485 5486 Quicunque
1516 5419 1659 5472 enim
1706 5429 1773 5470 ex
1803 5433 1931 5487 ope-

353 5506 510 5562 ribus
544 5507 675 5577 legis
705 5514 849 5569 sunt,
882 5505 981 5560 sub
1022 5505 1309 5560 maledicto
1340 5514 1485 5559 sunt.
1509 5522 1528 5556 ι
1558 5503 1640 5559 An
1668 5520 1773 5562 non
1811 5521 1927 5559 ma-

351 5595 662 5653 Iedictionis
694 5598 1025 5655 habebamus
1078 5598 1313 5665 initium,
1354 5600 1422 5656 de
1455 5600 1651 5669 quibus
1697 5600 1924 5656 dicitur:

362 5702 383 5736 ι
414 5684 664 5751 Eramus,
703 5688 898 5759 inquit,
938 5698 1131 5745 natura
1183 5689 1275 5745 filii
1306 5690 1419 5754 irze,
1448 5691 1589 5746 sicut
1635 5699 1691 5746 et
1722 5692 1923 5747 caeteri.

358 5774 581 5843 (Ephes.
603 5781 723 5850 11.)»
776 5777 923 5834 Finis
968 5788 1148 5837 autem
1179 5780 1332 5852 regni
1377 5780 1519 5837 illius
1552 5790 1637 5837 est
1684 5779 1922 5848 Labocb,

2010 2008 2161 2067 ptum
2193 2013 2258 2053 ac
2306 1999 2496 2053 ferrea:
2527 1999 2804 2053 servitutis
2825 1997 2951 2066 jura
2992 1998 3315 2068 contempsit
3346 2014 3361 2064 ;
3397 2008 3450 2053 et
3496 2014 3593 2068 per

2011 2086 2174 2149 bella,
2205 2102 2305 2158 per
2345 2087 2520 2158 ignes,
2570 2103 2667 2156 per
2720 2086 2953 2153 ferrum,
2990 2098 3216 2158 sagittas
3266 2098 3321 2142 et
3365 2090 3591 2159 gladios,

2015 2188 2218 2232 terram
2249 2178 2687 2248 repromissionis
2740 2178 2984 2232 intravit.
3041 2178 3143 2245 Qui
3194 2179 3447 2233 nimirqu
3479 2190 3594 2232 tau-

2012 2284 2174 2338 quam
2214 2282 2337 2323 rosa
2363 2282 2633 2338 purpurea
2678 2268 2745 2323 de
2782 2266 3211 2323 Chananaecrum
3252 2269 3421 2339 spinis
3446 2268 3595 2323 cillo-

2014 2359 2145 2423 ruit,
2169 2366 2233 2414 et
2262 2359 2416 2430 quasi
2445 2359 2513 2414 de
2537 2358 2878 2415 silvestribus
2913 2359 3164 2415 oleastris
3210 2360 3426 2431 pinguis
3457 2361 3602 2415 oliva

2018 2448 2175 2518 172
2202 2450 2489 2518 processit,
2522 2449 2846 2505 Christianae
2898 2449 3104 2505 militia:
3150 2450 3462 2505 tirocinium
3508 2466 3595 2520 pe-

2017 2539 2119 2603 tiit,
2149 2555 2213 2594 ac
2239 2556 2389 2596 nova:
2429 2540 2552 2595 tidei
2589 2539 2894 2595 rudimenta
2924 2541 3246 2611 suscipiens,
3291 2542 3345 2597 in
3385 2544 3595 2597 medios

2014 2630 2369 2685 certaminum
2419 2640 2583 2687 aestus
2631 2630 2871 2686 fervidus
2932 2647 2991 2687 se
3031 2632 3259 2688 bellator
3307 2634 3597 2689 immersit.

2014 2720 2186 2787 Quem
2216 2730 2476 2791 tyrannus
2504 2730 2563 2777 ut
2593 2723 2946 2793 prmcinctum
2974 2723 3068 2779 Dei
3114 2726 3338 2780 militem
3366 2741 3601 2798 conspe—

2016 2811 2113 2875 xit,
2146 2810 2446 2877 infremuit,
2480 2827 2713 2882 eumque
2736 2813 2962 2868 diversns
2988 2814 3215 2869 telorum
3242 2816 3438 2885 modis,
3468 2816 3602 2871 nud-

2018 2900 2088 2955 tis
2136 2901 2399 2956 bellorum
2460 2903 2731 2958 machinis
2784 2918 3096 2975 oppugnare
3152 2908 3392 2961 tentavit.
3444 2907 3601 2963 Modo

2015 2991 2214 3062 quippe
2256 2991 2474 3046 molitur
2516 3008 2614 3064 per
2661 2993 3021 3049 lenocmantia
3068 2998 3415 3052 meretricum
3443 2997 3598 3052 hiat]-

2013 3084 2254 3138 dimenta
2284 3083 2378 3139 Dei
2426 3085 2649 3141 militem
2682 3085 2923 3153 ﬂectere,
2978 3086 3137 3142 modo
3183 3088 3453 3142 minarum
3505 3088 3634 3147 in-.

2018 3176 2319 3231 tonantium
2372 3177 2667 3247 asperitate
2712 3187 2938 3244 terrere,
2996 3180 3157 3235 modo
3184 3189 3339 3251 parat
3387 3182 3602 3253 sagittis

2017 3266 2251 3331 insuere,
2297 3269 2457 3323 modo
2492 3266 2753 3324 ferventis
2779 3268 2885 3324 olei
2913 3268 3172 3325 ﬂuoribus
3200 3270 3461 3340 eliquare.
3491 3271 3600 3328 Sed

2016 3355 2409 3411 iuvictissimus
2451 3355 2656 3412 Christi
2710 3358 2863 3413 miles
2916 3367 2971 3413 et
3016 3360 3413 3428 imperterritus
3459 3376 3599 3429 pne-

2012 3443 2195 3510 Iiator,
2249 3461 2349 3500 nec
2394 3459 2493 3514 per
2545 3445 2911 3501 blandimenta
2962 3448 3170 3515 seduci,
3213 3464 3314 3504 nec
3363 3465 3460 3519 per
3504 3465 3596 3504 ex-

2014 3539 2215 3611 quisita
2258 3555 2541 3609 poenarum
2588 3541 2849 3612 supplicia
2893 3541 3090 3613 frangi,
3139 3558 3239 3599 nec
3288 3559 3385 3614 per
3416 3543 3598 3599 furen-

2018 3638 2128 3683 tem
2184 3629 2505 3685 carnificum
2554 3632 2761 3686 rabiem
2808 3646 2838 3686 a
2890 3642 3081 3689 sancto
3131 3633 3272 3691 valet
3318 3635 3596 3706 proxiosito

2017 3734 2074 3774 re
2080 3734 2206 3774 νοςει
2214 3736 2255 3773 I'I
2262 3759 2277 3773 .

2088 3810 2308 3865 Diversa
2342 3821 2731 3869 tormentorum
2764 3820 2959 3885 genera
2980 3814 3127 3869 circa
3149 3813 3351 3871 Christi
3372 3814 3599 3872 militem

2020 3907 2285 3970 tyrannus
2316 3910 2626 3972 exaggerat,
2654 3903 2749 3958 sed
2772 3903 2987 3958 invicta:
3013 3902 3139 3957 fidei
3186 3902 3598 3961 fundamentum

2020 3989 2296 4046 immobile
2341 4001 2675 4062 perseverat.
2729 3993 2978 4048 Flumina
3032 3992 3324 4049 tumefacta
3368 3994 3601 4050 circum-

2019 4086 2286 4148 strepunt,
2331 4081 2569 4149 spumosi
2619 4080 2979 4151 procellarum
3038 4083 3241 4138 cumuli
3294 4084 3602 4156 praecipites

2020 4167 2254 4232 irruunt,
2285 4167 2520 4238 undique
2566 4170 2710 4225 venti
2756 4169 2998 4226 furentes
3027 4172 3352 4243 impingunt,
3380 4174 3475 4229 sed
3507 4190 3603 4230 ex-

2020 4256 2165 4312 celsa
2192 4255 2387 4313 domus
2408 4258 2633 4323 fabrica,
2658 4275 2778 4330 quae
2816 4260 2883 4315 de
2924 4260 3094 4316 firma:
3138 4272 3305 4331 petrae
3329 4261 3601 4319 soliditate

2021 4346 2319 4417 consurgit,
2368 4348 2434 4402 ad
2484 4348 2747 4403 violentiae
2793 4348 3078 4417 cujuslibet
3116 4350 3375 4422 impetum
3406 4359 3600 4406 nutare

2022 4451 2131 4492 non
2158 4439 2325 4494 novit.
2355 4437 2517 4493 Stetit
2562 4440 2811 4495 columna
2860 4441 2955 4495 Dei
3007 4442 3148 4496 inter
3191 4451 3600 4511 persecutorum

1948 4527 2267 4628 I)undique
2320 4530 2655 4585 saevientium
2701 4531 2944 4589 turbines
2990 4532 3311 4597 immobilis,
3368 4533 3605 4604 perstitit

2027 4615 2170 4673 inter
2195 4620 2517 4689 grandinum
2564 4620 2875 4677 immaniter
2920 4620 3284 4691 ingruentium
3314 4631 3604 4692 tempesta-

2026 4718 2129 4765 tes.
2160 4707 2312 4763 Miles
2342 4709 2489 4763 enim
2532 4707 2737 4763 Christi
2781 4709 2922 4763 inter
2966 4709 3186 4766 hostiles
3236 4710 3382 4765 acies
3407 4711 3602 4780 depre-

2026 4801 2249 4865 hensus,
2276 4813 2383 4854 non
2405 4798 2565 4855 modo
2592 4797 2735 4854 ﬂecti
2761 4799 3017 4855 caadendo
3047 4815 3153 4854 non
3192 4800 3386 4870 potuit,
3432 4800 3525 4855 sed
3546 4808 3604 4857 et

2028 4900 2229 4948 sancta:
2282 4889 2689 4960 pmdicationis
2722 4888 2903 4960 jaeula
2948 4889 3189 4945 valenter
3217 4890 3476 4955 intorsit;
3524 4900 3600 4957 et,

2028 4980 2171 5035 sicut
2191 4978 2419 5035 bellator
2441 4980 2758 5047 instructus,
2783 4978 2838 5033 in
2866 4979 3111 5051 proprios
3142 4994 3275 5035 usus
3294 4979 3467 5034 aliena
3497 4979 3603 5036 tela

2029 5068 2313 5123 convertit.
2369 5067 2695 5125 Persecutor
2742 5069 2887 5125 enim
2936 5068 3205 5125 saeviendo
3249 5070 3495 5134 servivit,
3526 5078 3601 5136 et,

2031 5157 2158 5212 dum
2199 5173 2393 5213 nocere
2420 5159 2605 5225 voluit,
2648 5160 2896 5214 nesciens
2935 5159 3299 5225 ministravit;
3330 5161 3467 5230 quia-
3494 5176 3603 5230 quo

2033 5249 2206 5319 magis
2228 5264 2351 5304 eum
2389 5251 2591 5319 reperit
2616 5250 2699 5305 sui
2750 5249 2949 5304 furoris
3002 5248 3265 5306 insaniam
3297 5251 3607 5319 aequanimi-

2036 5348 2119 5392 ter
2153 5338 2467 5405 patientem,
2494 5352 2561 5393 eo
2588 5337 2733 5393 velut
2758 5337 2878 5392 auri
2906 5337 3114 5394 decocti
3158 5339 3392 5411 speciem
3430 5339 3610 5395 reddi-

2035 5428 2116 5484 dit
2141 5427 2445 5483 clariorem.
3026 5426 3031 5431 ’

2106 5516 2277 5587 Ilujus
2316 5517 2520 5587 itaque,
2572 5517 2769 5573 fratres
2818 5518 2950 5585 mei,
3002 5528 3112 5574 tam
3162 5519 3364 5590 egregii
3395 5519 3609 5590 prmlia-

2033 5609 2168 5665 toris
2198 5608 2472 5664 imitemur
2500 5608 2829 5679 exemplum,
2864 5610 3017 5664 istius
3050 5609 3301 5676 formam,
3343 5611 3499 5665 istius
3528 5619 3610 5664 te—

2030 5713 2257 5752 neamus
2302 5697 2355 5751 in
2397 5706 2583 5752 nostra
2632 5698 2930 5754 tentatione
2966 5699 3292 5755 custodiam.
3331 5699 3608 5753 Adversus

2029 5787 2174 5842 hunc
2212 5796 2475 5859 tyrannus
2518 5789 2706 5845 omnia
2750 5788 2862 5847 fere
2891 5789 3156 5846 elementa
3198 5790 3508 5854 commovit,
3552 5795 3607 5842 et
