4070 6198
466 412 570 467 687

1045 411 1101 466 S.
1143 409 1346 465 PETRI
1389 410 1669 466 DAMIANI
1711 409 1860 466 OPP.
1905 410 2027 463 PAH

2128 412 2256 466 seu
2299 394 2534 469 veluus
2573 413 2634 468 ιι.
2676 444 2746 456 -
2786 415 3170 471 SEftMONES.

465 544 726 599 superare
755 543 858 583 non
889 524 1081 595 potuit.
1117 523 1225 579 Nos
1247 524 1436 580 saltem
1463 523 1645 579 carnis
1667 532 1867 577 nostrae
1909 521 2042 575 resi-
2072 521 2125 580 Α
2151 519 2254 575 Pro
2292 523 2515 579 ruinalis
2559 524 2693 579 aulm
2725 525 2974 585 tricliniis
3000 523 3197 582 meruit
3223 528 3438 582 domum
3476 544 3584 586 non
3610 547 3729 586 ma-

463 637 672 680 statnus
737 621 1046 684 illecebris,
1095 618 1458 689 reprimamus
1511 617 1669 680 iram,
1730 615 2042 670 studeamus

463 720 717 773 edomare
753 711 1084 782 superbiam,
1110 708 1459 778 omniumque
1505 707 1760 760 vitiorum
1800 712 2041 759 monstra

461 808 582 862 fidei
615 806 812 859 virtute
833 801 1144 863 calcemus;
1172 808 1226 854 et
1259 799 1348 867 qui
1376 797 1666 869 gloriosum
1694 796 1839 850 hunc
1867 795 2040 849 virum

459 891 1042 954 novimus'tormentis
1095 905 1201 944 non
1246 890 1478 944 cessisse
1530 885 1847 943 carnificum
1877 926 1893 948 ,
1944 900 2042 940 nos

457 989 650 1043 saltem
673 967 790 1040 non
822 983 1232 1052 acquieseamus
1259 978 1592 1034 titillantium
1631 966 1900 1030 illecebris
1947 991 2041 1029 vo-

457 1083 745 1151 luptatum,
802 1077 932 1132 licet
983 1071 1241 1150 necdum
1285 1071 1562 1152 valeamus
1612 1070 1679 1124 ad
1733 1067 2039 1138 exemplum

453 1177 598 1232 beati
625 1175 785 1244 hujus
813 1167 1068 1242 martyris
1113 1166 1284 1222 Deum
1339 1163 1578 1235 perfecte
1631 1162 1874 1233 diligere,
1920 1169 2036 1215 stu-

454 1269 680 1322 deamus
705 1279 826 1320 eum
860 1261 1080 1328 interim
1110 1257 1340 1328 amando
1378 1256 1591 1322 timere,
1623 1251 1862 1307 timendo
1885 1265 2040 1304 man-

437 1360 594 1414 datis
622 1343 1050 1426 ejus-insistere,
1081 1351 1270 1420 sicque
1296 1346 1554 1418 paulatim
1594 1343 1661 1398 ad
1693 1341 1895 1398 amoris
1919 1339 2036 1411 ejus

453 1448 754 1503 valebimus
779 1444 991 1508 culmen
1021 1439 1338 1496 ascendere.
1381 1435 1517 1492 Nam
1546 1433 1592 1489 si
1617 1431 1902 1503 diligenter
1949 1431 2034 1484 in-

456 1517 928 1606 tendimus,huucb
972 1529 1349 1602 dispositionis
1373 1527 1620 1584 ordinem
1664 1533 1721 1579 et
1763 1523 1815 1577 in
1860 1521 2035 1592 ipsius

455 1630 666 1686 Domini
696 1627 1040 1683 sermonibus
1088 1622 1414 1678 invenimus.
1457 1616 1590 1672 Nam
1620 1617 1672 1670 in
1702 1615 2032 1671 Deuterono-

453 1721 564 1774 mio
589 1719 786 1789 legitur
815 1730 830 1770 :
865 1734 884 1768 ι
923 1715 991 1769 Ει
1017 1727 1160 1768 nunc
1212 1709 1400 1774 Israel,
1430 1707 1560 1778 quid
1606 1705 1864 1760 Dominus
1893 1703 2034 1758 Deus

453 1824 580 1866 tuus
607 1810 804 1880 quaerit
850 1809 948 1863 abs
977 1815 1052 1873 te',
1095 1803 1199 1860 nisi
1233 1812 1296 1857 ut
1324 1802 1518 1856 timeas
1549 1797 1835 1852 Dominum
1863 1795 2028 1849 Deum

2146 610 2439 676 nufactam,
2466 623 2723 667 aeternam
2753 615 2804 667 in
2835 615 3010 669 ctelis.
3035 615 3102 669 Et
3115 631 3278 684 quam
3301 617 3525 687 pulchra
3546 633 3727 674 rerum

2144 703 2370 771 species,
2405 712 2459 757 ut
2490 704 2580 773 qui
2619 704 2772 774 prius
2798 705 2973 759 fuerat
3004 714 3261 775 tanquam
3329 710 3418 762 leo
3466 709 3727 764 frendens

2145 795 2286 850 inter
2303 795 2471 851 lustra
2489 798 2744 866 ferarum,
2759 801 2871 871 jam
2898 801 3037 856 intra
3062 803 3243 858 caulas
3258 805 3535 871 Ecclesize,
3554 805 3727 863 factus

2143 882 2290 939 mitis
2320 887 2621 956 agniculus,
2655 889 2820 943 ubera
2846 900 3064 958 augeret
3082 890 3292 946 oviuml

2217 977 2311 1033 llis
2333 995 2461 1052 ergo
2500 983 2708 1036 duabus
2732 985 2937 1038 sanctis
2962 984 3262 1054 virginibus
3292 985 3581 1042 manifeste
3602 1001 3724 1041 con-

2141 1083 2351 1125 cessum
2396 1088 2516 1129 esse
2549 1075 2934 1144 perpendimus
2971 1077 3115 1147 quod
3144 1092 3355 1147 sponsae
3404 1093 3632 1149 sponsus
3667 1081 3722 1135 in

2141 1159 2382 1217 Canticis
2420 1164 2646 1234 mystice
2682 1165 3005 1235 pollicetur:
3039 1185 3058 1218 ‹
3089 1166 3480 1233 Coronaberis,
3519 1170 3722 1242 inquit,

2141 1250 2208 1326 de
2233 1252 2437 1307 vertice
2467 1253 2655 1321 Sanir,
2704 1257 2770 1311 de
2795 1257 2980 1326 capite
3019 1257 3224 1312 Amana
3264 1271 3317 1313 et
3349 1247 3616 1329 Hermon,
3656 1264 3723 1316 de

2115 1349 2122 1352 '
2140 1322 2406 1398 cubilibus
2434 1342 2670 1411 leonum,
2688 1344 2755 1400 de
2775 1322 3050 1402 montibus
3071 1349 3360 1417 pardorum
3387 1347 3564 1418 (Cant.
3696 1370 3716 1404 ι

2137 1431 2345 1486 Amana
2396 1433 2662 1502 siquidem
2703 1451 2860 1492 mons
2903 1451 3022 1492 esse
3053 1438 3253 1512 Cilicia:
3282 1439 3498 1508 dicitur,
3536 1441 3626 1511 qui
3667 1451 3725 1496 et

2117 1519 2351 1578 Taurus
2371 1537 2400 1578 a
2429 1523 2797 1594 compluribus
2820 1518 3137 1596 appellatur.
3164 1527 3324 1584 Sanir
3348 1545 3477 1584 vero
3499 1539 3555 1585 et
3579 1530 3720 1586 Her-

2137 1627 2262 1666 mon
2291 1605 2527 1669 Iudaica:
2550 1624 2709 1670 terra:
2739 1626 2950 1673 montes
2979 1627 3122 1685 sunt,
3153 1620 3204 1674 in
3233 1621 3426 1689 quibus
3465 1621 3643 1677 leones
3665 1631 3723 1677 et

2135 1708 2287 1776 pardi
2311 1708 2556 1764 habitare
2576 1711 2890 1766 creduntur.
2918 1711 3020 1765 Per
3039 1711 3140 1768 bos
3160 1727 3289 1784 ergo
3326 1722 3538 1774 montes
3563 1730 3721 1786 reges

2135 1805 2186 1850 et
2235 1797 2505 1870 principes
2554 1799 2887 1870 diversazque
2934 1799 3094 1869 hujus
3128 1802 3322 1856 mundi
3361 1802 3720 1875 intelligendas

447 1879 707 1968 tuum,et
732 1898 976 1954 ambules
998 1897 1054 1952 in
1081 1894 1343 1964 viis'ejus,
1367 1899 1424 1946 et
1449 1889 1645 1961 diligas
1673 1887 1822 1943 eum?
1848 1885 2025 1956 (Deut.
2057 1895 2105 1956 Β
2133 1898 2259 1945 sum
2308 1899 2623 1961 potestates,
2673 1907 2794 1967 quae
2831 1879 2977 1948 νρῖιη
3011 1903 3233 1949 momes.
3261 1908 3320 1957 se
3362 1895 3412 1950 ίη
3451 1896 3718 1972 superbia,

446 1994 531 2061 ι.)
579 2010 598 2044 ι
636 1989 708 2045 Ut
756 1986 1007 2042 videlicet
1051 1984 1367 2040 Creatorem
1413 1994 1569 2034 suum
1605 1991 1758 2031 mens
1793 1976 2027 2028 humana

445 2082 641 2136 timere
675 2079 827 2148 prius
882 2074 1128 2144 incipiat,
1159 2070 1354 2128 deinde
1402 2083 1461 2124 se
1491 2069 1545 2122 in
1595 2063 1865 2121 mandatis
1911 2061 2028 2131 ejus

448 2179 719 2235 exerceat,
753 2169 831 2224 sic
855 2151 1137 2239 postremo
1159 2163 1224 2218 ad
1247 2157 1654 2234 concipiendam
1686 2153 1854 2210 divini
1879 2167 2028 2208 amo-

445 2265 523 2319 ris
560 2260 903 2327 dulcedinem
956 2255 1320 2313 convalescat.
1369 2249 1526 2328 Hunc
1573 2245 1780 2322 scilicet
1827 2245 2030 2300 intima:

441 2338 749 2408 dilectionis
773 2339 1019 2418 ordinem
1043 2359 1240 2416 sponsa
1263 2341 1458 2412 quaerit
1479 2340 1534 2394 in
1556 2334 1796 2393 Canticis
1824 2353 1837 2389 :
1869 2351 1890 2386 ι
1923 2333 2027 2389 Or-

437 2441 650 2505 dinate,
676 2423 874 2507 inquit,
903 2436 956 2489 in
981 2449 1070 2490 me
1096 2431 1422 2506 charitatem
1451 2425 1725 2504 (CanIJI).
1749 2443 1767 2475 ι
1791 2421 1874 2477 Ad
1892 2424 2025 2477 cha-

439 2531 660 2583 ritatem
690 2539 842 2597 ergo,
871 2521 1230 2584 dilectissimi,
1277 2517 1476 2573 mentis
1519 2524 1718 2570 nostra:
1758 2527 1816 2567 se
1847 2510 2029 2566 fervor

442 2598 730 2682 accendat,
760 2629 859 2684 per
898 2597 1155 2682 quamet
1203 2599 1419 2664 hostilis
1465 2602 1717 2660 versutim
1745 2599 2027 2655 machinas

443 2715 715 2780 respuat,
765 2688 835 2760 et.
881 2685 1092 2780 lubrica
1149 2685 1336 2756 mundi
1407 2692 1566 2765 huius
1626 2694 2026 2748 oblectamenta

433 2799 604 2872 "173
639 2803 969 2874 contemnat.
1029 2793 1226 2846 Demus
1280 2784 1566 2868 repudium
1608 2783 1830 2844 mundo,
1883 2792 2024 2848 prte-

440 2871 667 2946 beamus
685 2871 749 2942 in
791 2883 991 2939 nostris
1018 2879 1319 2936 visceribus
1375 2872 1744 2931 habitaculum
1793 2871 1935 2935 Deo;
1966 2878 2027 2923 ut

440 2982 509 3046 si,
560 2979 716 3048 juxta
749 2960 950 3032 nomen
1001 2973 1063 3028 Β.
1113 2969 1395 3048 martyris,
1446 2965 1722 3021 Christum
1773 2977 1917 3016 nunc
1967 2961 2023 3015 in

441 3046 631 3125 nostro
655 3075 873 3138 pectore
896 3049 1144 3128 ferimus,
1161 3060 1227 3115 ad
1257 3046 1380 3113 eum
1409 3053 1751 3127 postmodum
1782 3049 2024 3121 angelico

354 3224 358 3229 ,
441 3158 777 3216 subvehente
800 3152 1073 3223 'remigio,
1099 3149 1432 3207 deferamur.
1466 3144 1586 3214 lpse
1619 3151 1707 3198 est
1755 3140 1904 3196 enim
1929 3139 2023 3209 qui

2130 1995 2386 2034 cacumen
2429 1981 2715 2046 attollunt,
2746 1990 2802 2036 et
2829 1982 3080 2054 malignis
3121 1983 3402 2052 spiritibus
3458 1994 3714 2054 tauquam

2130 2071 2312 2139 pardis
2343 2079 2505 2140 atque
2545 2071 2790 2127 leonibus
2837 2073 3205 2136 habitaculum
3239 2073 3432 2128 ferunt.
3463 2073 3714 2131 Pervers’i

2123 2160 2330 2230 'quippc
2350 2150 2572 2230 spiritus
2590 2161 2772 2216 leones
2793 2173 3049 2216 vocantur
3075 2153 3293 2234 propter
3304 2163 3710 2232 crudelitatem;

2127 2252 2279 2319 pardi
2331 2260 2506 2305 autem
2538 2293 2553 2317 ,
2595 2252 2721 2321 quia
2770 2252 2872 2306 huc
2927 2253 3128 2308 animal
3177 2254 3310 2325 varii
3351 2254 3548 2308 coloris
3593 2264 3710 2321 est,

2127 2349 2352 2425 propter
2399 2341 2729 2411 deceptionis
2799 2355 2864 2397 ac
2916 2341 3118 2398 fraudis
3189 2344 3558 2421 multimodam
3611 2359 3711 2399 va-

2131 2433 2400 2486 rietatem.

2125 2516 2130 2520 ’
2205 2521 2278 2578 De
2311 2522 2397 2577 his
2435 2537 2565 2594 ergo
2598 2522 2869 2578 montibus
2897 2523 2996 2600 vel
3037 2538 3260 2592 quaeque
3309 2523 3480 2581 fidelis
3529 2525 3713 2594 anima

2125 2613 2214 2667 vel
2245 2622 2430 2668 sancta
2454 2623 2748 2684 coronatur
2777 2613 3036 2679 Ecclesia,
3066 2615 3279 2684 quando
3302 2613 3482 2668 seculi
3507 2614 3719 2685 princi—

2131 2721 2226 2774 pes
2253 2706 2520 2761 convertit
2552 2707 2618 2761 ad
2645 2705 2803 2760 fidem
2821 2747 2835 2770 ,
2859 2705 2939 2761 vel
2962 2707 3028 2777 ad
3051 2717 3254 2760 sanctae
3279 2706 3717 2761 conversationis

2131 2797 2315 2867 dirigit
2347 2798 2742 2872 rectitudinem.
2774 2797 3078 2853 Coronatur
3106 2807 3309 2862 autem,
3333 2797 3457 2868 quia
3497 2797 3579 2851 vel
3609 2812 3717 2866 pro

2129 2897 2412 2957 apportato
2439 2902 2625 2963 eorum
2652 2887 2804 2941 lucro
2837 2885 2996 2959 174
3022 2895 3399 2962 remuneratur
3419 2903 3448 2940 a
3470 2887 3714 2951 Christo,

2131 2981 2213 3034 vel
2243 2979 2311 3034 ab
2337 2979 2541 3046 eisdem
2589 2978 2787 3048 quibus
2816 2988 2974 3032 antea
3015 2979 3384 3048 premebatur,
3411 2977 3718 3032 honoratur

2120 3070 2182 3144 in
2210 3069 2426 3144 saeculo.
2471 3067 2798 3136 Coronatur,
2829 3069 3072 3139 inquam,
3105 3069 3172 3123 de
3201 3068 3468 3128 cubilibus
3492 3067 3714 3124 leonum

2131 3173 2187 3216 et
2226 3156 2500 3216 montibus
2544 3161 2858 3234 pardorum,
2890 3160 3108 3228 quando
3161 3160 3423 3229 superbos
3463 3174 3716 3229 quosque

440 3263 495 3310 et
519 3251 726 3308 sanctis
762 3247 969 3318 praebet
997 3240 1329 3314 martyribus
1366 3236 1622 3321 gloriam,
1654 3242 1711 3289 et
1743 3230 2022 3287 conversis

2128 3259 2287 3321 atque
2327 3230 2600 3306 dolososa
2633 3230 2734 3306 suaw
2759 3250 3025 3321 pravitate
3053 3250 3349 3320 convertit,
3380 3258 3434 3304 et
3463 3265 3563 3320 pro
3587 3264 3715 3305 eor-

441 3341 819 3416 peccatoribus
863 3323 1028 3392 donat
1053 3321 1336 3389 offensam.
1372 3319 1489 3400 ipse
1517 3335 1603 3380 est
1625 3324 1716 3395 qui
1743 3332 1799 3377 et
1828 3322 1881 3376 in
1903 3336 2020 3376 cer-

439 3415 675 3492 tantium
707 3428 935 3486 victoria
965 3431 1215 3496 superat,
1248 3429 1304 3477 et
1351 3421 1418 3475 de
1467 3415 1844 3488 ptenitentium
1897 3427 2028 3466 cou-

439 3525 688 3580 versione
711 3519 1034 3589 triumphat,
1071 3515 1228 3571 Jesus
1254 3507 1503 3568 Christus
1530 3507 1789 3562 Dominus
1817 3513 2026 3567 noster,

442 3612 534 3684 qui
561 3625 685 3666 cum
718 3597 826 3662 Deo
852 3606 1016 3660 Patre
1034 3613 1091 3659 et
1111 3600 1318 3672 Spiritu
1351 3605 1546 3654 sancto
1572 3594 1707 3650 vivit
1731 3600 1786 3648 et
1829 3591 2028 3662 gloria-

441 3717 533 3762 tur
563 3706 618 3760 in
644 3701 841 3764 sateula
863 3697 1204 3756 saeculorum.
1234 3694 1428 3749 Amen.

977 3805 1212 3890 SERMQ
1249 3801 1491 3883 xxxw.

440 3925 480 3965 ι.
509 3923 577 3963 ne
601 3921 676 3963 ss.
708 3918 880 3960 reuna
902 3915 972 3956 ur
995 3882 1221 3955 mam
1245 3906 1462 4035 νςίὶειίιιιηιιῖ
1492 3905 1561 3945 s-r
1593 3901 1845 3943 IIAPJI'YRE
1871 3883 2021 3954 (xm

440 3990 451 3995 “
554 3977 659 3992 ””
863 3975 866 3979 ’
1061 3975 1066 3982 ’
1151 3981 1311 4020 ιυι..

439 3990 451 3995 -
863 3975 866 3979 ’
1061 3975 1066 3982 ’
1151 3975 1311 4020 ww.

439 4085 442 4088 ’
512 4067 840 4128 Gaudemus,
871 4061 1071 4117 fratres
1095 4053 1424 4118 eharissimi,
1452 4049 1720 4122 virginum
1749 4046 2027 4102 celebrare

438 4147 793 4232 triumphum,
826 4135 917 4223 qui
959 4146 1275 4218 virginalem
1321 4151 1534 4214 partum
1563 4155 1671 4194 non
1703 4136 2028 4205 ambigimus

436 4225 645 4304 nostra:
675 4239 1058 4311 redemptionis
1095 4234 1396 4311 exordium.
1446 4231 1650 4286 Auctor
1686 4228 1884 4297 quippe
1912 4225 2025 4280 vir-

441 4327 708 4412 ginitatis.
755 4332 847 4405 qui
894 4346 992 4403 per
1038 4325 1302 4396 virginem
1346 4323 1598 4394 dignatus
1645 4328 1731 4375 est
1767 4318 1822 4372 in
1867 4316 2025 4386 hujus

441 4410 628 4487 mundi
653 4440 901 4502 campum
920 4419 1264 4500 praeliaturus
1283 4415 1563 4478 accedere,
1587 4427 1684 4483 per
1697 4410 1878 4482 plures
1895 4423 2026 4480 quo-

436 4507 549 4593 que
584 4518 822 4589 virgines
857 4511 1108 4588 victoriae
1125 4524 1240 4565 suae
1269 4506 1440 4564 voluit
1483 4503 1715 4574 insignia
1746 4513 2022 4572 reparare.

443 4617 523 4672 Ex
547 4597 740 4687 quibus
768 4608 1020 4676 nimirum
1033 4613 1088 4684 et
1115 4604 1231 4660 ista
1249 4600 1490 4678 virgines
1515 4605 1772 4668 tanquam
1797 4595 2024 4667 gemina:

438 4691 721 4782 lampades
743 4693 1076 4784 effulserunt,
1118 4709 1258 4767 quae,
1299 4691 1452 4772 juxta
1481 4688 1716 4747 nominis
1742 4687 2025 4778 utriusque

441 4779 786 4876 pmsagibm,
816 4779 920 4848 una
947 4779 1163 4860 quidem
1189 4781 1377 4842 florem
1402 4782 1630 4858 redolet,
1660 4781 1827 4867 micat
1855 4779 2025 4833 altera

440 4875 639 4960 lucem.
663 4888 784 4946 Ista:
808 4885 1014 4960 itaque,
1045 4879 1190 4960 sicut
1209 4877 1263 4932 in
1291 4875 1537 4931 veterum
1570 4882 1844 4945 gestorum
1868 4883 2025 4944 repe-

441 4958 583 5052 ritur
617 4959 888 5054 historia,
917 4988 952 5054 a’
987 4958 1223 5054 barbaro
1245 4959 1496 5050 'quodam
1535 4977 1660 5041 rege
1693 4970 1886 5034 capta,
1925 4975 2026 5031 per

439 5047 715 5152 geminata.
738 5047 984 5145 decennii
1013 5047 1306 5147 'Curricula
1330 5151 1333 5152 ν
1359 5061 1465 5152 διώ
1493 5059 1723 5152 honesta
1774 5056 2018 5152 custodia

439 5145 845 5224 Euidamus.
890 5157 1005 5212 Rex
1050 5145 1228 5216 autem
1259 5149 1490 5231 primum
1522 5147 1737 5217 quidem
1784 5145 2023 5212 libidinis

435 5231 884 5330 igue'suceensus
906 5241 1290 5325 efferbuit,
1316 5247 1502 5300 earum
1528 5237 1833 5318 constantia
1861 5237 2022 5291 vehe-

444 5326 656 5404 menter
684 5326 966 5406 infraVCtus,
1003 5337 1216 5392 tandem
1245 5330 1514 5390 castitatis
1534 5329 1758 5386 consilio
1791 5326 2023 5394 salubri-

445 5445 527 5502 ter
547 5433 837 5504 acquievit.
858 5429 1142 5502 Postremo
1171 5427 1373 5502 etiam,
1388 5423 1481 5494 qui
1506 5421 1749 5493 captivas
1768 5421 2020 5486 duxerat,

443 5513 796 5594 concaptivus
823 5520 997 5594 factus
1024 5515 1242 5594 regalia]
1270 5517 1481 5590 sceptra
1513 5511 1788 5581 deposuit,
1819 5518 1872 5564 et
1897 5523 2022 5564 cum

441 5616 523 5672 eis
551 5613 711 5670 simul
750 5626 846 5683 per
897 5607 1156 5682 martyrii
1188 5606 1422 5685 palmam
1473 5614 1744 5680 terrenum
1796 5616 2022 5682 regnum

433 5705 680 5766 caelestis
708 5698 920 5772 imperii
947 5693 1117 5772 gloria
1163 5697 1508 5767 permutavit.
1553 5694 1807 5765 Deposuit
1837 5692 2024 5747 volati-

444 5795 562 5857 Catit
587 5807 900 5866 purpuram,
931 5799 984 5847 et
1013 5786 1431 5860 immortalitatis
1453 5786 1672 5853 adeptus
1693 5795 1775 5840 est
1807 5786 2018 5842 stolam.

2130 3341 2295 3397 rectis
2330 3333 2788 3414 eoruin'rnorilms
2815 3348 3017 3395 aeterna
3047 3340 3272 3410 praemia
3305 3340 3516 3408 recipit.
3554 3338 3716 3408 Quod

2121 3429 2374 3502 profecto
2403 3431 2487 3484 his
2511 3429 2684 3484 sacris
2712 3429 3010 3500 virginibus
3034 3419 3326 3507 contigis'se
3351 3431 3628 3499 probatur,
3661 3431 3714 3484 si

2132 3531 2310 3592 tamen
2343 3521 2419 3574 rei
2450 3519 2582 3576 fides
2629 3527 2710 3574 est
2745 3519 3048 3590 adhibenda
3095 3535 3214 3592 quae
3243 3520 3460 3592 dicitur,
3490 3535 3610 3590 qum
3656 3531 3716 3574 et

2119 3607 2196 3664 'de
2227 3606 2408 3680 iniquo
2430 3609 2580 3680 prius
2613 3623 2738 3679 rege
2782 3607 3025 3663 victoriae
3062 3589 3329 3680 palmam,
3367 3604 3436 3664 'et
3466 3611 3534 3664 de
3583 3625 3715 3665 con-

2125 3712 2286 3756 verso
2337 3701 2676 3773 postmodum
2721 3715 2786 3755 ac
2829 3699 3058 3756 feliciter
3102 3713 3478 3770 consummato
3519 3716 3714 3756 conse-

2129 3800 2268 3850 cuta:
2297 3803 2422 3849 sunt
2440 3791 2683 3861 gloriam.
2708 3789 2897 3844 Dicant
2918 3805 3046 3859 ergo
3072 3789 3278 3856 caelesti
3305 3789 3516 3859 Sponso
3535 3790 3714 3846 beam:

2121 3867 2369 3952 virgines
2389 3879 2530 3949 quod
2555 3879 2606 3931 in
2629 3877 2830 3933 eisdem
2855 3877 3080 3949 canticis
3102 3877 3299 3950 dicitur
3323 3894 3336 3931 :
3359 3895 3377 3928 ι
3401 3877 3714 3933 Exsultabi-

2130 3988 2268 4036 mus,
2293 3981 2348 4026 et
2369 3969 2670 4030 Iaztabimur
2690 3969 2744 4024 in
2774 3978 2825 4024 te
2851 3968 3009 4040 (cant.
3043 3967 3104 4040 ι).
3130 3987 3150 4021 ι
3180 3965 3296 4042 Non
3324 3968 3378 4024 in
3399 3969 3579 4040 nobis,
3610 3984 3712 4034 se;

2129 4063 2184 4118 in
2217 4071 2296 4127 te;
2329 4062 2456 4132 quia
2476 4061 2568 4131 qui
2595 4075 2694 4116 nos
2722 4061 2922 4132 dudum
2952 4059 3018 4122 ad
3050 4051 3222 4130 lucem
3246 4060 3492 4130 veritatis
3522 4070 3628 4117 tua:
3642 4062 3711 4122 de

2129 4152 2372 4224 tenebris
2415 4143 2671 4216 eduxisti,
2694 4166 2792 4225 per
2819 4166 2919 4223 nos
2941 4151 3114 4222 etiam
3139 4152 3205 4218 de
3228 4151 3549 4224 ignorantia:
3573 4152 3710 4220 cali-

2129 4243 2252 4312 gine
2281 4235 2349 4296 ad
2379 4242 2630 4314 notitiam
2669 4231 2746 4296 tui
2786 4237 3020 4310 nominis
3046 4249 3101 4297 et
3133 4229 3269 4313 alios
3295 4243 3628 4313 provocasti,
3651 4253 3712 4314 ut

2128 4331 2225 4387 fiat
2250 4325 2618 4403 quod'dicitur
2641 4349 2654 4386 :
2680 4349 2700 4397 ς
2732 4331 2831 4400 Qui
2855 4331 3140 4402 gloriatur,
3173 4323 3224 4387 in
3259 4333 3486 4404 Domino
3511 4331 3716 4403 glorie-

2129 4432 2216 4478 tur
2238 4419 2289 4494 (I
2317 4422 2439 4479 Cor.
2467 4421 2528 4495 ι).
2565 4442 2583 4475 ι
2615 4422 2736 4478 Jam
2764 4417 2916 4488 vero,
2963 4423 3104 4494 quod
3137 4423 3309 4494 stylus
3347 4423 3510 4478 tradit
3540 4425 3714 4479 histo-

2128 4516 2246 4584 rire,
2290 4515 2574 4588 Dominum
2618 4514 2827 4586 scilicet
2855 4514 2934 4571 eis
2980 4523 3245 4569 nocturno
3283 4515 3498 4571 silentio
3540 4513 3716 4569 fuisse

2128 4607 2389 4672 locutum,
2425 4621 2626 4676 easque
2664 4605 2730 4662 ad
2780 4608 3265 4677 con‘summagndum
3300 4606 3486 4682 Roma:
3513 4621 3716 4676 provo-

2117 4690 2282 4769 casse
2316 4688 2668 4767 martyrium.
2712 4693 2900 4750 Nonne
2930 4696 3142 4751 videtur
3180 4696 3247 4750 ad
3275 4697 3376 4769 hoc
3423 4695 3715 4752 manifeste

2128 4803 2430 4863 congruere
2459 4787 2603 4858 quod
2657 4787 2800 4850 inter
2827 4785 3043 4860 eosdem
3071 4801 3326 4856 sponsum
3370 4794 3424 4840 et
3452 4791 3713 4855 sponsam

2127 4897 2224 4954 per
2248 4879 2407 4952 typici
2441 4868 2694 4949 colloquii
2725 4863 3032 4949 conseritur
3069 4867 3506 4944 sacramentum?
3543 4897 3561 4929 ι
3594 4877 3717 4948 Ego

2129 4971 2361 5048 dormio,
2391 4980 2445 5027 et
2483 4986 2578 5028 cor
2612 4985 2790 5026 meum
2833 4969 3037 5042 vigilat.
3065 4967 3182 5026 Vox
3211 4969 3392 5032 dilecti
3442 4969 3547 5030 mei
3588 4958 3717 5038 ραι·

2126 5064 2332 5120 santis:
2360 5062 2548 5134 Aperi,
2581 5077 2736 5119 soror
2759 5076 2899 5126 mea,
2927 5061 3101 5117 amica
3124 5077 3268 5127 mea,
3289 5060 3535 5128 columba
3563 5075 3714 5128 mea,

2128 5148 2472 5231 immaculata
2499 5145 2647 5220 mea;
2673 5154 2797 5226 quia
2821 5162 2980 5224 caput
3006 5169 3183 5210 meum
3205 5153 3530 5226 plenumest
3559 5165 3717 5218 rore,

2128 5255 2184 5302 et
2211 5245 2446 5308 cincinni
2467 5234 2582 5299 'mei
2619 5244 2787 5316 guttis
2809 5243 3048 5298 noctium
3070 5233 3235 5314 (cant.
3257 5243 3335 5314 v).
3365 5262 3384 5295 ι
3417 5233 3558 5296 Dicit
3578 5256 3715 5310 ergo

2128 5346 2362 5408 utraque
2386 5327 2542 5407 beata
2569 5335 2742 5404 virgo,
2769 5347 2997 5404 quarum
3035 5333 3245 5396 scilicet
3269 5340 3388 5387 erat
3416 5345 3511 5390 cor
3537 5345 3714 5385 unum

2117 5435 2183 5498 _et
2204 5426 2383 5488 anima
2408 5438 2551 5490 una:
2588 5440 2607 5474 ι
2642 5422 2754 5492 Ego
2779 5421 3007 5486 dormio,
3029 5429 3084 5494 et
3108 5434 3410 5492 cormeum
3437 5418 3651 5490 vigilat;
3684 5436 3710 5470 ι

2128 5516 2254 5590 quia
2281 5513 2532 5568 videlicet
2559 5518 2756 5579 sancta
2780 5525 2934 5564 mens
2959 5523 3065 5578 quo
3092 5523 3149 5574 se
3179 5523 3207 5561 a
3240 5507 3468 5576 strepitu
3501 5516 3709 5575 tempo-

2118 5603 2257 5661 ralis
2291 5601 2747 5674 concupiscentia:
2791 5600 3120 5670 comprimit,
3175 5615 3240 5674 eo
3287 5598 3466 5653 verius
3495 5598 3712 5660 interna

2128 5695 2444 5767 cognoscit;
2483 5702 2536 5748 et
2579 5701 2729 5746 tanto
2754 5691 2819 5746 ad
2851 5691 3038 5762 intima
3066 5690 3274 5761 vigilat,
3310 5696 3511 5764 quanto
3542 5701 3600 5743 se
3631 5687 3720 5744 ab

2129 5786 2385 5842 exteriori
2415 5783 2785 5852 inquietudine
2821 5782 3047 5836 solerter
3071 5775 3321 5835 ocCultat.
