4070 6198
352 297 454 354 689

1733 293 1966 350 SERMO
2004 294 2240 364 xxxn',
2311 249 2318 256 ’

3503 296 3608 352 090

422 407 773 466 Dormiebant
800 406 980 474 itaque
1007 415 1207 478 sanctae
1237 405 1354 461 istae
1380 408 1618 478 Virgines
1649 424 1679 462 a
1704 408 1933 478 negotiis
1961 410 2014 469 Α
2039 407 2311 462 sazcularis
2337 406 2536 478 negotii
2582 405 3028 476 occupationibus
3075 403 3394 474 impliwtur.
3427 425 3445 457 ι
3480 404 3611 463 Lavi

351 510 408 556 et
452 495 895 567 concupiscentia
921 495 1126 560 saeculi,
1157 496 1252 551 sed
1297 505 1515 567 apertus
1562 507 1727 567 atque
1757 497 1935 568 pervi-

350 589 486 661 giles
511 589 767 643 tenebant
803 586 990 642 oculos
1027 586 1079 640 in
1117 567 1250 641 testu
1278 587 1482 642 amoris
1526 588 1640 642 Dei.
1672 567 1776 642 Sed
1807 588 1934 657 quia

352 697 460 736 non
496 690 582 736 est
607 680 712 734 hoc
742 689 954 748 tempus
1003 677 1174 747 plenae
1204 678 1425 747 quietis,
1465 679 1560 734 sed
1609 678 1813 734 laboris
1840 694 1936 749 po-

354 771 462 826 tius
489 779 651 838 atque
685 767 1023 832 certaminis,
1054 775 1278 837 repente
1312 766 1541 822 dilectus
1578 769 1777 822 ostium
1814 767 1952 837 pul—,

354 872 462 926 sat,
507 875 711 932 easque
759 860 827 916 ad
880 860 1214 930 procinctum
1279 862 1594 916 conserendi
1653 861 1778 916 belli
1823 861 1937 916 suis

352 951 825 1008 exhortationibus
871 950 1112 1004 excitat:
1143 967 1162 1000 ι
1195 949 1334 1015 Vox,
1390 951 1586 1020 inquit,
1623 950 1804 1006 dilecti
1831 950 1936 1005 mei

353 1041 621 1112 pulsantis
649 1039 838 1108 (Ibid).
869 1057 888 1092 ι
939 1037 1126 1094 Pulsat
1155 1033 1404 1107 dilectus,
1449 1055 1569 1095 cum
1599 1039 1784 1096 ﬁdeles
1812 1056 1939 1096 suos

356 1138 614 1201 provocat
655 1127 904 1184 Christus
936 1137 1033 1182 aut
1062 1128 1131 1183 ad
1156 1144 1381 1184 suarum
1411 1130 1742 1185 incrementa
1764 1132 1938 1185 virtu-

359 1229 494 1285 tum,
529 1227 624 1273 aut
669 1211 818 1273 certe
847 1217 910 1271 ad
966 1217 1252 1272 lucrandas
1283 1219 1494 1274 animas
1544 1221 1938 1290 proximorum.

353 1309 518 1379 Aperi
551 1306 706 1372 mihi,
729 1321 884 1362 soror
899 1320 1038 1360 mea.
1065 1305 1236 1362 Soror
1262 1307 1467 1377 utique,
1506 1310 1633 1378 quia
1656 1309 1806 1378 regni
1833 1309 1940 1364 mei

356 1398 490 1452 mihi
513 1398 755 1452 cohaeres
781 1394 995 1460 elfecta,
1015 1404 1068 1450 et
1091 1396 1143 1449 in
1177 1397 1630 1452 necessitudinem
1670 1397 1803 1452 mihi
1833 1397 1943 1452 fra-

359 1496 527 1541 ternae
554 1485 860 1554 adoptidnis
890 1485 1122 1560 adscita.
1160 1486 1348 1540 Amica
1385 1501 1525 1549 mea,
1551 1485 1680 1562 quia
1720 1487 1788 1542 de
1812 1487 1944 1558 jugo

357 1577 636 1630 servitutis
671 1583 883 1646 erepta,
920 1575 1220 1646 cognovisti
1273 1589 1405 1630 meze
1435 1576 1683 1632 veritatis
1721 1592 1939 1632 arcana.

357 1662 619 1718 Columba
665 1676 805 1726 mea,
851 1662 977 1731 quia
1035 1661 1176 1717 fellis
1225 1663 1588 1719 amaritudine
1643 1679 1834 1731 vacua,
1888 1672 1944 1720 et

2035 497 2198 567 pedes
2226 511 2394 563 meos,
2417 497 2690 567 quomodo
2728 496 3024 566 inquinabo
3070 495 3227 550 illos?
3261 494 3438 567 (Cant.
3481 495 3556 563 v).
3591 514 3634 566 »ξ

2035 585 2085 640 id
2118 594 2223 653 est,
2244 600 2462 656 gressus
2497 585 2600 639 mei
2625 585 2807 654 operis
2831 585 2897 639 ab
2927 583 3243 654 aspersione
3272 579 3473 639 terreni
3500 583 3614 653 pul-

2031 678 2174 731 veris
2233 677 2407 747 diguis
2453 675 2782 747 paenitentia:
2827 674 3041 730 fletibus
3079 673 3245 738 ablui,
3302 689 3411 744 quo
3457 683 3617 744 pacto

2029 767 2140 838 jam
2171 775 2381 836 potero,
2417 767 2542 832 nisi,
2574 766 2770 836 quibus
2805 775 3018 820 assueta
3049 780 3194 831 sum,
3222 764 3465 821 caalestia
3503 780 3617 821 me-

2035 859 2230 916 ditari?
2253 858 2612 913 Vernntamen
2643 858 2814 912 beata:
2841 855 3076 926 virgines
3103 856 3241 921 istae,
3265 855 3426 910 Flora
3457 855 3611 910 video

2035 949 2227 1006 licetet
2249 947 2475 1016 Lucilla,
2503 945 2830 1018 postponunt
2851 943 3324 1016 contemplationis
3346 946 3614 1016 requiem,

2036 1056 2160 1097 cum
2193 1056 2299 1110 qua
2325 1040 2379 1096 in
2414 1039 2536 1094 aula
2591 1037 2742 1110 regni
2773 1047 3031 1108 tanquam
3076 1040 3130 1093 in
3176 1054 3361 1095 eremo
3391 1049 3621 1096 eatenus

2037 1131 2314 1196 vixerant;
2365 1138 2443 1196 et,
2474 1129 2541 1183 ad
2583 1128 2885 1186 Salvatoris
2909 1128 3194 1198 imperium
3243 1129 3620 1199 procedentes,

2038 1221 2238 1292 quietis
2266 1220 2781 1280 amissae.damuum
2837 1219 3100 1274 subeundi
3149 1220 3397 1292 martyrii
3449 1219 3624 1289 gloria

2042 1318 2480 1380 recompensant.
2505 1309 2606 1376 Qui
2629 1309 2773 1364 enim
2797 1311 2878 1376 eis
2906 1309 3069 1363 verba
3097 1309 3400 1365 forinsecus
3431 1310 3617 1374 dabat,

2043 1398 2157 1469 ipse
2206 1400 2373 1468 etiam
2417 1405 2629 1452 mentes
2660 1411 2856 1466 earum.
2879 1400 2947 1450 ad
2981 1392 3251 1452 fervorem
3293 1397 3620 1454 obedientize

2043 1477 2370 1558 intrinsecus
2393 1486 2767 1558 accendebat.
2826 1485 2978 1554 Unde
3023 1497 3269 1557 utrasque
3295 1487 3627 1543 beatissima:

2043 1580 2280 1650 virgines
2315 1578 2482 1634 veluti
2511 1577 2769 1646 uniloqua
2810 1576 3097 1647 perhibent
3143 1591 3302 1641 voce,
3339 1575 3627 1634 dicentes:

2049 1691 2068 1724 ι
2099 1670 2335 1726 Dilectus
2356 1682 2508 1722 meus
2537 1665 2682 1722 misit
2707 1682 2926 1721 manum
2957 1681 3111 1722 suam
3148 1683 3244 1738 per
3266 1666 3536 1741 foramen,
3575 1673 3634 1722 et

359 1761 583 1832 spiritus
611 1760 713 1814 mei
741 1759 832 1829 qui
871 1759 924 1813 in
951 1759 1204 1814 columba
1229 1759 1533 1824 descendit,
1565 1745 1706 1814 deuo
1746 1761 1937 1832 ditata.
1973 1751 2232 1817 B'venter
2262 1776 2415 1816 meus
2457 1760 2740 1814 intremuit
2767 1759 2833 1813 ad
2873 1769 3077 1814 tactum
3103 1757 3222 1826 ejus
3252 1759 3442 1831 (Ibid).
3479 1777 3499 1812 ι
3533 1757 3630 1813 Di-

361 1849 710 1910 lmmaculata
744 1864 884 1914 mea,
936 1849 1062 1918 quia
1094 1847 1357 1922 effusione
1407 1850 1514 1905 mei
1568 1849 1846 1920 sanguinis
1876 1850 1957 1920 ab,

359 1941 508 1996 omni
557 1949 904 2010 peccatorum
952 1925 1168 1993 tuorum
1220 1938 1341 1996 labe
1394 1948 1621 2012 purgata
1668 1954 1748 1995 es.
1780 1939 1957 2016 Aperi.

361 2029 547 2099 itaque
569 2028 724 2092 mihi,
768 2028 872 2083 hoc
918 2035 1022 2094 est,
1056 2027 1122 2082 de
1151 2028 1334 2096 quiete
1364 2037 1420 2082 et
1449 2029 1562 2102 otio
1611 2029 1818 2083 dilecta:
1850 2023 1956 2082 tibi

363 2118 843 2190 contemplationis
881 2119 1164 2189 egredere,
1197 2127 1252 2173 et
1277 2119 1346 2174 ad
1377 2119 1773 2194 perhibendqu
1803 2119 1949 2172 veri-

366 2215 464 2270 tati
505 2229 637 2269 mea:
667 2213 1037 2270 testimonium
1066 2212 1466 2270 ferventissime
1504 2222 1560 2268 te
1607 2221 1662 2267 et
1690 2221 1946 2266 constan-

365 2315 453 2361 ter
479 2305 730 2374 impende
757 2318 772 2358 :
805 2321 824 2356 ι
855 2302 992 2371 Quia
1030 2300 1652 2376 caputlmeum‘plenum
1688 2307 1768 2355 est
1799 2314 1960 2366 rore,

365 2400 423 2444 et
453 2390 693 2446 cincinni
727 2389 833 2444 mei
860 2393 1024 2462 guttis
1053 2393 1346 2447 noctium”
1369 2391 1542 2459 Caput
1566 2390 1770 2445 Christi
1797 2391 1940 2446 Deus

365 2491 484 2548 est,
522 2492 582 2536 ut
609 2483 742 2537 dicit
774 2485 1062 2554 Apostolus
1093 2484 1162 2553 (.1
1190 2485 1313 2544 Cor.
1350 2486 1466 2552 χι).
1521 2481 1774 2538 Cincinnl
1811 2479 1942 2538 vero

368 2573 577 2640 intimae
603 2581 921 2628 sanctorum
965 2571 1325 2647 cogitationes,
1351 2579 1498 2635 sunt,
1541 2584 1660 2639 quae
1687 2585 1792 2623 non
1816 2555 1962 2624 laxae

368 2663 540 2742 linunt
566 2671 624 2719 et
653 2663 946 2736 dissolutae,
993 2663 1087 2717 sed
1131 2662 1340 2716 timoris
1369 2671 1422 2716 et
1460 2662 1663 2718 amoris
1705 2661 1798 2716 Dei
1826 2661 1968 2746 sunt

369 2755 587 2808 vinculo
637 2754 920 2824 colligata).
969 2753 1286 2818 Enimvero,
1347 2753 1475 2822 quid
1526 2767 1622 2822 per
1669 2767 1848 2808 rorem
1897 2761 1953 2808 et

368 2857 554 2918 guttas
584 2847 844 2912 noctium,
879 2845 980 2900 nisi
1011 2845 1324 2900 tenebrosas
1365 2853 1420 2899 et
1446 2843 1673 2912 frigidas
1699 2831 1954 2914 quorum;

367 2940 495 2996 dam
529 2937 881 3008 reproborum
905 2945 1115 3009 mentes
1148 2936 1482 3008 accipimus?
1761 3009 1767 3014 _

441 3029 615 3098 Caput
641 3021 776 3097 ergo
803 3025 987 3096 sponsi
1030 3025 1082 3078 in
1141 3025 1384 3094 reprobis
1411 3025 1628 3093 plenum
1673 3033 1758 3080 est
1806 3039 1950 3091 rore,

373 3083 535 3189 1'75.
562 3133 684 3195 cum
704 3083 1004 3171 gaecfllares
1036 3083 1234 3184 quippe
1273 3129 1302 3167 a
1351 3083 1444 3168 Dei
1475 3109 1739 3169 cha'ritate
1770 3083 1949 3184 torpe;
1979 3083 2026 3147 (ἶ

370 3217 550 3272 scunt,
581 3217 636 3263 et
654 3200 1107 3276 per'vuluptatum
1139 3221 1358 3260 suarum
1384 3205 1660 3260 lasciviam
1691 3205 1951 3262 defluunt.

369 3296 531 3351 Juxta
560 3297 613 3370 id
637 3295 777 3366 quod
803 3295 1059 3364 Dominus
1083 3293 1214 3347 dicit
1245 3311 1258 3346 :
1290 3311 1307 3343 ι
1338 3292 1650 3370 Abundabit
1672 3285 1952 3364 iniquitas,

372 3397 428 3439 et
478 3367 796 3451 refrigescet
847 3369 1086 3436 cba‘ritas
1130 3367 1687 3455 multorum_(Mnuli.
1721 3384 1902 3454 xxiv).
1931 3401 1951 3436 ι

375 3472 692 3552 Huiusmodi
734 3471 891 3554 plane
915 3485 1038 3526 cum
1071 3478 1289 3550 sanctos
1329 3459 1440 3554 Dei.
1472 3465 1876 3543 persequuntur
1900 3463 1964 3528 et

373 3550 586 3640 odiuut,
623 3566 675 3616 in
724 3548 941 3642 illorum
986 3548 1729 3642 corldibusgquasicincinni
1771 3563 1954 3632 sponsi

373 3635 540 3722 guttis
570 3637 810 3727 noctium
858 3629 1002 3724 pleni
1033 3633 1180 3706 sunt.
1230 3629 1474 3722 Cumque
1519 3629 1668 3734 talest
1700 3629 1973 3724 multipli-'

376 3749 570 3796 cantur
622 3752 678 3796 et
731 3741 1030 3796 Ecclesiam
1092 3733 1567 3818 persegcutionibusr
1614 3733 1966 3816 aggravant,

378 3842 508 3908 tuue
530 3831 770 3902 sponsus
797 3847 1050 3903 sponsam
1081 3819 1405 3907 exhortatur
1442 3842 1503 3889 ut
1532 3822 1719 3910 surgat
1753 3843 1810 3890 et
1837 3844 1954 3890 stu-

378 3921 472 3975 dio
519 3921 918 3991 pradicationis
965 3922 1206 3978 valenter
1241 3922 1476 3978 insistat.
1522 3923 1659 3980 Hinc
1699 3933 1781 3980 est
1811 3925 1958 3994 quod

377 4009 558 4086 Flora.
588 4019 643 4066 et
693 4011 900 4067 Lucilla
953 4013 1280 4068 beatissimte
1323 4014 1562 4084 virgines
1595 4019 1702 4083 per'
1739 4003 1962 4070 noctem,

379 4091 635 4154 divinitus
663 4097 1020 4156 admonc'ntur
1048 4112 1105 4155 ut
1133 4095 1362 4158 Romam
1407 4093 1647 4170 redeant,
1699 4113 1863 4173 atque
1888 4104 1957 4160 ad

380 4189 630 4261 martyrii
688 4201 960 4246 certamen
1021 4193 1280 4248 accedere
1343 4187 1649 4250 nullatenus
1701 4189 1960 4265 pertime-

380 4273 556 4334 scanl.
582 4265 687 4360 Ubi
717 4281 863 4334 enim
894 4279 1028 4334 vidit
1053 4279 1396 4352 omnipotens
1435 4283 1575 4342 Deus
1619 4273 1954 4360 persecutio-

382 4359 683 4454 nisaestum
699 4367 1004 4424 ‘ferventius
1043 4367 1288 4435 ebullire,
1317 4371 1430 4444 [illic
1454 4371 1692 4428 decrevit
1722 4387 1818 4443 per
1836 4358 2035 4483 ira-'1‘)

385 4451 543 4483 ..ειη-ιζ..
579 4451 761 4483 ,ιλιι-...ιιι
790 4457 1068 4483 ι-ΙΛ-ΞΑηξιυιι
1103 4459 1426 4483 Ι..ἒ....κ.ι1.-..ιι

383 4445 544 4530 gilem
578 4451 763 4512 sexum
788 4457 1068 4528 gloriosius
1102 4459 1448 4529 triumphare.
1708 4527 1714 4532 Ι

454 4543 560 4626 Sed
606 4556 664 4603 ut
691 4547 758 4603 ad
797 4543 1076 4604 Canticum
1116 4549 1350 4612 redeam,
1393 4558 1618 4618 utraque
1650 4551 1767 4604 haec
1795 4564 1956 4607 vene‘o'

383 4631 572 4692 rabilis
589 4632 750 4708 'virgo
783 4635 1036 4708 tanquam
1061 4635 1320 4708 singulari
1362 4637 1599 4694 unimodi
1626 4640 1736 4694 oris
1764 4641 1956 4709 depro-

381 4723 484 4780 mit
507 4719 759 4796 eloquio:
819 4747 837 4780 ι
891 4727 1193 4795 Exspoliavi
1243 4744 1346 4792 me,
1379 4727 1574 4797 inquit,
1601 4724 1777 4804 tunica
1814 4745 1954 4797 mea,

382 4813 653 4896 quomodo
709 4812 902 4870 induar
949 4816 1179 4870 illam?»
1217 4816 1394 4887 (Cant.
1434 4817 1510 4888 v.)
1561 4815 1643 4872 ac
1691 4816 1735 4871 si
1774 4818 1955 4874 dicat:

381 4902 524 4958 Exui
553 4899 639 4960 me
677 4905 843 4960 curis'
873 4913 928 4960 et
955 4901 1401 4976 occupationibus
1426 4907 1628 4974 saeculi,
1661 4917 1714 4962 et
1745 4908 1797 4964 in
1844 4909 1960 4965 solo

383 5007 475 5049 me
494 5003 598 5050 tua:
617 4995 1085 5066 contemplationis
1113 5011 1298 5051 amore
1328 4998 1649 5052 constrinxi.
1678 4998 1960 5065 Quomodo

384 5082 572 5153 itaque
606 5083 751 5141 nunc
803 5080 1162 5142 discursionis
1208 5089 1311 5142 iter
1351 5087 1959 5158 arripiam?‘Quomodo

384 5172 646 5246 strepitus
688 5171 756 5233 et'
781 5171 1493 5248 luctamen'obloq'uentium
1551 5179 1770 5235 feram?
1805 5179 1972 5248 Quod

385 5277 566 5322 autem
592 5283 690 5338 per
725 5268 936 5323 tunicas
963 5271 1122 5324 curas
1139 5260 1956 5338 sollicitudinesquesigniticet,

385 5348 626 5414 ostendit
670 5359 950 5423 Dominus,
1000 5374 1123 5414 cum
1171 5359 1300 5414 dicit
1333 5377 1344 5412 :
1383 5378 1400 5410 ι
1438 5359 1541 5426 Qui
1575 5359 1630 5413 in
1680 5369 1821 5414 tecto
1853 5371 1958 5426 est,

389 5439 504 5502 non
523 5439 816 5504 descendat
845 5443 1298 5504 tullere'tunicam'
1315 5465 1469 5504 suam
1491 5448 1708 5518 (Matth.
1740 5444 1912 5521 xxiv).
1934 5470 1951 5502 ι

389 5526 542 5602 Quod
568 5548 651 5594 est
680 5547 865 5610 aperte
893 5540 1091 5604 dicere,
1124 5541 1216 5611 qui
1242 5539 1456 5596 sublimi
1487 5539 1958 5610 contemplationis

390 5643 516 5684 arce
557 5631 875 5698 subnititur,
914 5615 1247 5702 nequaquam
1298 5632 1622 5699 descendat,
1671 5643 1726 5687 ut
1765 5635 1956 5689 iterum

2046 1853 2217 1908 lectus
2245 1851 2405 1921 plane
2439 1866 2658 1905 manum
2691 1864 2787 1920 per
2817 1848 3060 1904 foramen
3091 1849 3275 1914 mittit,
3305 1858 3362 1904 et
3385 1857 3632 1917 ventrem

2047 1944 2242 2015 tangit,
2269 1958 2392 1997 cum
2413 1942 2624 1998 occulta
2655 1941 2926 2014 Conditor
2945 1929 3300 2015 inspiratione
3329 1956 3427 1996 cor
3448 1941 3635 1997 visitat

2047 2043 2209 2103 atque
2258 2033 2325 2087 ad
2363 2025 2588 2104 agonem
2625 2023 2945 2088 certaminis
2977 2041 3034 2086 et
3075 2032 3250 2104 sancti
3298 2031 3502 2103 laboris
3551 2032 3635 2096 in-

2047 2123 2305 2179 flammat.
2354 2122 2510 2191 Nam,
2541 2123 2682 2194 quod
2711 2133 2900 2177 venter
2930 2137 3025 2177 cor
3065 2122 3356 2193 significet,
3399 2122 3637 2182 ostendit

2049 2215 2311 2284 propheta
2365 2203 2488 2285 cum
2541 2213 2673 2268 dicit
2713 2231 2726 2266 :
2785 2231 2805 2264 ι
2839 2210 3098 2268 Ventrem
3168 2203 3355 2267 meum
3402 2211 3578 2268 doleo.
3609 2232 3629 2264 ι

2049 2302 2202 2369 Quod
2242 2302 2484 2373 profecto
2532 2303 2660 2372 quid
2717 2313 2886 2366 esset,
2919 2302 3114 2372 aperit,
3161 2317 3282 2356 cum
3325 2301 3632 2373 su‘bjungit:

2055 2413 2080 2460 ι,
2111 2393 2316 2449 Sensus
2349 2389 2530 2464 cerdis
2557 2393 2661 2448 mei
2709 2394 2954 2464 dissipati
2987 2403 3116 2447 sunt
3142 2393 3278 2466 (Jer.
3309 2392 3408 2458 Iv).
3450 2413 3470 2445 ι
3504 2381 3639 2447 Dea-

2051 2494 2228 2538 tarum
2257 2499 2385 2554 ergo
2433 2483 2728 2556 virginum,
2784 2483 2958 2538 Flora:
2997 2484 3251 2538 videlicet
3294 2492 3349 2560 et
3396 2483 3634 2554 Lucilla-,

2051 2563 2239 2626 venter
2265 2571 2575 2638 intremuit,
2603 2588 2725 2626 cum
2759 2572 2988 2626 dilectus
3011 2585 3231 2642 manum
3255 2571 3402 2625 misit
3431 2580 3486 2626 et
3510 2572 3638 2625 teti-

2052 2663 2147 2732 git.
2181 2662 2316 2728 Quia
2359 2659 2480 2717 mox
2513 2670 2570 2716 et
2596 2677 2785 2716 earum
2831 2677 2927 2732 cor
2950 2661 3145 2715 divinae
3180 2661 3443 2731 jussionis
3483 2675 3639 2714 man-

2052 2753 2175 2807 data
2212 2752 2482 2824 concepit,
2519 2765 2578 2806 se
2613 2745 3162 2824 sibimetpabuegans,
3194 2750 3328 2804 nihil
3361 2765 3458 2804 suo
3489 2749 3641 2804 dein-

2053 2858 2180 2913 ceps
2203 2842 2430 2897 arbitrio
2455 2841 2772 2896 reservavit.
2817 2840 2971 2896 Unde
3015 2850 3247 2912 utraque
3275 2833 3455 2894 adhoc
3485 2840 3642 2908 quasi

2053 2935 2399 3008 singulariter
2433 2934 2602 2988 dicit:
2675 2953 2692 2986 ι
2722 2925 2970 2999 Surrexi,
3025 2943 3084 2988 ut
3129 2932 3400 3003 aperirem
3445 2931 3642 2988 dilecto

2057 3043 2178 3084 meo
2227 3026 2558 3100 (Cant.v).i
2613 3025 2986 3096 Surrexerunt
3025 3033 3229 3104 sanctae
3272 3024 3535 3095 virgines,
3583 3032 3650 3093 ut

2057 3117 2254 3172 dilecto
2285 3130 2410 3170 mox
2439 3105 2748 3189 aperirent;
2791 3115 2916 3184 quia
2946 3113 3348 3185 promptissimo
3383 3113 3651 3182 decreve:

2055 3217 2184 3264 runt
2241 3207 2424 3278 animo
2477 3215 2538 3278 ut
2607 3206 2886 3280 humiliter
2941 3196 3245 3274 obedirent.
3295 3191 3641 3276 Aperuerunt

2055 3311 2248 3368 nempe
2279 3295 2506 3361 dilecto,
2533 3311 2678 3361 cum,
2717 3295 2986 3350 cervicem
3021 3295 3200 3354 cordis
3229 3294 3296 3350 ad
3325 3281 3643 3363 ejus‘impe-

2056 3387 2198 3460 rium
2245 3385 2594 3450 inclinantes,
2644 3383 2990 3439 calcaverunt
3036 3382 3335 3458 propriam,
3407 3369 3643 3452 totisque

2054 3475 2263 3550 viribus
2301 3473 2630 3546 voluntatem
2657 3469 2950 3543 implevere
2984 3469 3250 3550 divinam.
3379 3545 3402 3548 η

2130 3551 2300 3636 176
2328 3563 2436 3619 Sed
2463 3551 2562 3619 nes
2585 3562 2724 3618 forte
2742 3557 2871 3632 'quis
2893 3569 3082 3633 arguat
3111 3575 3227 3627 cur,
3265 3558 3470 3639 relictis
3493 3558 3642 3616 Scri-

2053 3666 2336 3726 pturarum
2378 3653 2690 3725 patentibus
2742 3639 2970 3724 campis,
3026 3653 3093 3709 de
3131 3653 3248 3708 solo
3299 3651 3650 3730 cantico-rum

2055 3735 2251 3816 angulo
2312 3731 2506 3816 ﬂorum
2555 3744 2908 3800 odoramenta
2955 3741 3313 3813 decerpimus,
3363 3751 3423 3799 ut
3469 3743 3642 3800 sacris

2054 3817 2592 3904 v'irg'inibus‘sertum’
2637 3831 2822 3903 gloria:
2868 3820 3295 3903 coinpingamus.
3327 3831 3481 3899 Quod
3527 3832 3638 3886 uti-

2055 3910 2413 4000 que,glratres
2441 3913 2568 3991 mei,
2598 3915 2792 3988 fateor,
2821 3938 2888 3978 ex
2918 3917 3183 3986 industria
3223 3922 3474 3988 facimus,
3508 3923 3638 3991 quia

2054 3999 2206 4069 nulli.
2246 4004 2436 4069 melius
2491 4011 2820 4067 arbitramur
2887 4013 3156 4067 canticmn
3213 4003 3454 4082 nuptiale
3504 4028 3640 4068 cono

2053 4091 2268 4177 gruere,
2300 4120 2463 4177 quam
2515 4093 2692 4160 sacris
2724 4100 2843 4158 istis
2884 4097 3205 4174 virginibus,
3247 4117 3367 4172 qua:
3404 4102 3644 4161 caelestis

2057 4197 2242 4267 sponsi
2307 4192 2573 4250 thalamos
2619 4181 2717 4264 per
2765 4181 3028 4264 insignem
3069 4190 3316 4263 martyrii
3355 4191 3640 4246 victoriam

2056 4271 2517 4348 conscenderunt;
2551 4275 2605 4338 in
2660 4279 2806 4336 illius
2854 4273 2996 4337 nunc
3052 4279 3237 4348 sponsi
3266 4271 3642 4351 complexibus

2060 4359 2425 4444 requiescunt,
2477 4361 2580 4442 pro
2617 4359 2784 4442 cujus
2822 4365 3031 4437 amore,
3080 4370 3181 4425 sub
3228 4363 3368 4425 duro
3394 4370 3640 4426 laborum

2060 4479 2124 4520 ac
2150 4455 2521 4536 pressurarum
2555 4463 2792 4532 pondere
2821 4456 3182 4525 desudarunt;
3213 4459 3266 4513 in
3290 4459 3444 4528 cujus
3474 4460 3636 4514 nimi-

2061 4543 2182 4608 rum
2239 4547 2464 4621 nuptiali
2495 4548 2698 4606 {cedere
2740 4565 2847 4604 non
2881 4548 3056 4613 locum
3088 4543 3377 4620 corruptio
3411 4545 3635 4620 reperit,

2060 4643 2154 4697 sed
2177 4627 2456 4712 virginalis
2482 4639 2770 4710 integritas
2793 4635 2992 4694 crevit.

2133 4723 2432 4801 sequamur
2465 4731 2668 4800 itaque,
2708 4728 3066 4795 dilectissimi,
3098 4713 3496 4786 saeratisstmas
3526 4730 3641 4786 vir-

2063 4815 2216 4892 gines
2263 4820 2317 4874 in
2371 4819 2458 4875 via
2501 4817 2748 4878 laborum
2803 4821 2966 4888 atQue
3017 4821 3411 4887 certaminum;
3464 4830 3524 4875 ut
3561 4813 3657 4876 eis‘

2065 4909 2293 4965 extremi
2325 4910 2538 4978 saltem,
2570 4920 2624 4966 et
2648 4897 2819 4965 ultimi
2859 4907 3014 4980 jungi
3065 4926 3375 4966 mereamur
3406 4913 3457 4966 in
3483 4913 3640 4967 retri-

2065 5000 2375 5056 butiouibus
2404 5000 2741 5056 meritorum.
2773 4998 2980 5054 Pudeat
3022 5000 3170 5056 viros
3219 5001 3525 5057 carnalibus
3577 5001 3642 5055 il-

2065 5091 2292 5146 lecebris
2323 5089 2612 5155 deservire,
2643 5090 2735 5160 qui
2767 5089 3010 5160 fragilem
3045 5106 3235 5147 sexum
3257 5087 3501 5147 videmus
3541 5107 3637 5162 per

2065 5167 2274 5234 diversa
2327 5187 2614 5244 tormenta,
2665 5195 2761 5248 per
2813 5179 3042 5244 ferrum,
3087 5196 3184 5250 per
3221 5180 3428 5252 gladios
3475 5195 3636 5252 regna

2063 5266 2303 5324 caelestia
2359 5278 2670 5338 penetrare.
2733 5271 3032 5326 Erubescat
3061 5271 3145 5327 vir
3191 5273 3292 5328 sub
3353 5255 3656 5345 degeneris.

2059 5362 2154 5415 otii
2185 5362 2375 5416 umbra
2401 5371 2729 5432 torpescere,
2759 5357 2854 5434 qui
2882 5363 3085 5434 puellas
3113 5365 3295 5422 videat
3322 5357 3421 5424 sub
3450 5384 3633 5439 perse-

2059 5451 2290 5505 cutionis
2338 5463 2470 5508 testu
2523 5455 2576 5508 in
2632 5441 2821 5534 agonis
2867 5454 3042 5511 stadio
3068 5453 3298 5534 viriliter
3336 5458 3632 5514 decertare.

2062 5541 2151 5595 Sic
2210 5542 2389 5611 itaque
2435 5558 2576 5598 nunc
2630 5529 2908 5599 sacrarum
2936 5529 3224 5618 virginum,
3277 5549 3330 5602 in
3375 5559 3632 5618 quantum

2061 5645 2367 5701 possumus,
2394 5633 2666 5690 imitemur
2691 5623 2992 5707 exemplum
3011 5675 3027 5705 ,
3055 5645 3112 5691 ut
3142 5653 3261 5694 cum
3285 5640 3364 5696 eis
3395 5640 3637 5710 quando-
