4070 6198
386 304 487 360 691

993 298 1051 355 s.
1078 294 1283 353 perm
1322 289 1785 350 nisumaiori).
1813 284 1996 343 rans
2031 282 2163 343 seu
2203 271 2440 344 renus
2470 284 2531 342 ιι.
2564 314 2633 326 -
2672 278 3059 340 sermones.

3548 276 3655 335 69!

386 433 492 486 que
538 414 898 487 perducamur
927 412 992 467 ad
1038 410 1365 482 virginitatis
1416 421 1696 480 auctorem
1729 401 1964 475 Virginis
1991 400 2041 461 Α
2069 402 2183 467 suis
2219 403 2525 458 actionibus
2553 415 2613 457 se
2640 396 2784 455 velut
2810 397 3138 454 exstinctum
3167 394 3435 467 prmbens,
3468 394 3658 450 nunti-

385 506 617 571 Filium;
659 504 748 575 qui
784 519 906 558 eum
940 501 1050 555 Deo
1097 499 1259 554 Patre
1286 508 1344 554 et
1382 496 1590 569 Spiritu
1621 503 1811 555 sancto
1836 492 1969 548 vivit

386 608 444 654 et
474 606 664 667 regnat
690 596 744 651 iu
776 592 972 650 smcula
998 590 1341 646 saeculorum.
1371 588 1565 643 Amen.

931 720 1165 778 SERMO
1204 719 1422 776 XXXV.

423 857 485 904 Π..
524 856 591 896 DE
629 856 704 894 85.
749 853 937 899 FLORA,
969 851 1190 891 LUClLLA
1221 847 1526 904 VIRGIMBUS
1561 846 1632 886 ετ
1671 844 1936 887 ΙΑΒΤΥΒΙ·

920 922 1035 961 eus.
1067 912 1224 975 (xxx:
1264 902 1433 973 tm").

457 1042 670 1107 Adhuc,
715 1038 1079 1102 dilectissimi,
1126 1036 1401 1107 virgineus
1440 1032 1708 1105 germinat
1755 1038 1967 1102 partus,

286 1194 287 1197 η
388 1135 566 1191 adhuc
594 1131 872 1203 virginalis
922 1129 1011 1184 illa
1038 1127 1344 1183 fecunditas
1379 1126 1682 1183 caelestium
1723 1134 1969 1196 segetum

387 1226 599 1281 fructus
646 1221 971 1287 accumulat,
1027 1235 1147 1275 cum
1195 1218 1475 1274 muliebris
1527 1215 1815 1273 infirmitas
1859 1230 1969 1272 non

387 1321 549 1377 modo
574 1333 762 1374 sexum
786 1323 1027 1387 superat,
1076 1314 1169 1369 sed
1195 1322 1250 1368 et
1274 1310 1650 1379 mundithujus
1670 1308 1968 1379 prineipem

386 1406 738 1479 insuperabili
787 1404 985 1459 mentis
1027 1400 1473 1472 magnanimitate
1519 1397 1834 1467 triumphat.
1887 1394 1970 1450 Ad

391 1501 494 1555 hoc
515 1510 753 1567 namque
782 1496 875 1550 Dei
902 1495 1071 1550 Filius
1101 1492 1378 1547 vernantis
1402 1490 1574 1544 vulva:
1601 1489 1734 1544 flore
1771 1501 1969 1543 conce-

390 1600 515 1659 ptus
537 1599 643 1652 est,
675 1596 733 1641 ut
753 1586 1076 1642 fermentum
1099 1590 1254 1638 vetus
1283 1582 1337 1637 in
1361 1595 1607 1653 azymam
1630 1586 1886 1644 verteret,
1915 1586 1972 1632 et

390 1695 486 1750 per
506 1694 748 1744 carnem,
779 1692 899 1748 qua:
919 1677 1063 1744 victa
1100 1675 1295 1740 fuerat,
1326 1675 1565 1729 humano
1590 1672 1772 1742 generi
1802 1671 1970 1726 victo-

391 1772 525 1826 riam
550 1779 870 1831 reportaret.
908 1741 1156 1824 Loricam
1181 1768 1377 1838 quippe
1409 1767 1509 1822 sibi
1540 1741 1606 1821 de
1642 1775 1827 1821 nostra
1859 1762 1968 1818 fra-
1995 1741 2044 1801 Β

232 1886 241 1895 ·
310 1869 314 1873 ‘
390 1861 598 1931 gilitate
648 1860 972 1931 composuit,
1016 1860 1068 1913 in
1097 1874 1200 1928 qua
1225 1857 1503 1913 exsultans
1531 1866 1591 1911 ut
1618 1856 1769 1927 gigas
1798 1851 1970 1926 (Psaf.

390 1950 574 2022 xvm),
602 1960 657 2004 et
683 1963 873 2020 potens
900 1965 963 2005 ac
995 1948 1154 2004 fortis
1214 1949 1267 2003 in
1318 1946 1523 2017 praelio,
1556 1954 1854 2016 potestates
1879 1957 1975 1998 ae-

389 2056 515 2098 reas
554 2036 859 2098 debellavit.

463 2133 555 2188 Sic
587 2134 769 2203 itaque
807 2133 874 2189 de
918 2133 1234 2189 infirmitate
1287 2132 1613 2199 constantia,
1644 2130 1710 2186 de
1747 2127 1975 2200 captivi-

390 2226 505 2275 tate
535 2220 786 2286 victoria,
812 2219 879 2274 de
908 2221 1064 2275 ruina
1095 2229 1178 2276 est
1203 2219 1451 2275 ascensio
1489 2224 1802 2289 procurata.
1836 2212 1974 2270 Hinc

391 2311 659 2382 siquidem
683 2312 882 2367 factum
909 2321 993 2368 est
1018 2321 1079 2367 ut
1118 2311 1370 2381 antiquus
1392 2310 1580 2373 hostis,
1609 2308 1819 2378 quisibi
1850 2319 1977 2377 pro-

391 2403 605 2459 venisse
638 2403 922 2457 victoriam
949 2418 1049 2472 per
1074 2403 1234 2457 unius
1280 2400 1494 2457 feminae
1530 2400 1840 2455 vecordiam
1880 2415 1977 2469 ap-

393 2493 711 2564 plaudebat,
743 2508 841 2563 per
876 2493 1074 2547 multas
1108 2508 1167 2547 se
1198 2491 1310 2561 jam
1342 2491 1615 2564 devictum
1656 2499 1819 2560 atque
1847 2503 1977 2544 con-

395 2560 575 2639 fusum
639 2560 868 2638 feminas
910 2581 1217 2637 erubescat.
1273 2579 1408 2634 llinc
1435 2560 1519 2634 est
1554 2578 1787 2648 etquod
1835 2592 1978 2633 nunc

392 2680 645 2727 versatur
688 2671 745 2727 in
793 2670 1064 2737 manibus,
1116 2671 1240 2741 quia
1293 2670 1544 2725 videlicet
1592 2669 1975 2725 sacratissime

393 2763 515 2817 istae
565 2760 828 2830 virgines,
884 2760 1045 2814 Flora
1088 2760 1294 2815 scilicet
1330 2767 1384 2813 et
1442 2758 1666 2825 Lucilla,
1715 2758 1793 2813 et'
1824 2758 1987 2827 prius,

397 2852 679 2908 illecebras
730 2850 1083 2919 voluptatum,
1142 2858 1195 2905 et
1223 2850 1566 2920 postmodum
1617 2849 1821 2921 gladios
1849 2864 1978 2905 con-

395 2950 669 3010 tempsere
693 2948 978 2996 tortorum.
998 2939 1236 3010 Quaeque
1261 2941 1563 2997 diutissime
1587 2942 1737 3011 prius
1762 2939 1979 2996 fuerant

394 3040 668 3102 martyres
696 3031 749 3084 in
789 3031 1025 3097 occulto,
1055 3030 1367 3086 claruerunt
1416 3031 1757 3101 postmodum
1790 3029 1976 3084 victri-

395 3135 488 3178 ces
510 3122 564 3177 in
594 3122 827 3192 publico.
851 3120 1057 3188 Quibus
1079 3122 1336 3177 nimirum
1369 3121 1500 3177 illud
1531 3121 1813 3191 aptissime
1838 3135 1969 3176 con-

397 3212 543 3282 gruit
577 3213 722 3282 quod
764 3226 959 3281 sponsa
1002 3212 1133 3267 dicit
1180 3212 1236 3266 in
1284 3210 1560 3267 Canticis‘:
1610 3229 1629 3262 ι
1664 3209 1977 3266 Fasciculus

396 3303 634 3374 myrrbze
666 3302 894 3358 dilectus
925 3317 1076 3358 meus
1126 3302 1279 3369 mihi,
1320 3302 1461 3357 inter
1489 3302 1653 3357 ubera
1683 3316 1802 3355 mea
1830 3314 1979 3355 eom-

398 3396 700 3451 morabitur
730 3395 908 3467 (Cant.
940 3394 1005 3466 ι).
1039 3414 1058 3448 ι
1088 3393 1304 3466 Myrrha
1328 3394 1484 3464 plane
1513 3393 1723 3463 species
1746 3400 1831 3449 est
1850 3406 1976 3447 aro-

394 3489 595 3544 matica
625 3489 806 3545 nimia:
836 3488 1231 3555 amaritudinis,
1282 3502 1389 3558 qua
1440 3495 1774 3541 mortuorum
1817 3484 1979 3540 cada-

399 3593 529 3634 vera
562 3579 907 3643 condiuntur,
942 3594 1009 3634 ne
1034 3578 1194 3635 facile
1234 3585 1692 3649 computrescant.
1721 3575 1860 3631 Hinc
1896 3582 1982 3631 est

400 3670 548 3743 quod
577 3680 632 3727 et
656 3673 824 3742 ipsius
850 3672 1034 3742 sponsi
1064 3686 1260 3742 corpus
1293 3685 1324 3725 a
1352 3669 1643 3727 Nicodemo
1671 3677 1725 3723 et
1756 3667 1979 3739 Joseph,

402 3763 470 3819 de
501 3778 666 3820 cruce
707 3764 1043 3835 depositum,
1090 3762 1309 3835 myrrha
1360 3771 1415 3817 et
1459 3760 1579 3818 aloe
1620 3759 1891 3824 conditur,
1925 3767 1982 3813 et

402 3854 586 3910 linteis
612 3855 909 3910 involutum
930 3853 1219 3924 sepultum
1239 3853 1601 3908 committitur
1625 3851 1811 3923 (Joan.
1841 3850 1978 3922 χιι).

478 3947 641 4018 177
659 3946 796 4014 Quid
817 3961 946 4017 ergo
971 3961 1069 4016 per
1092 3946 1326 4017 myrrhae
1358 3944 1816 4009 fasciculum,nisi
1845 3942 1984 3998 mul-

399 4036 567 4109 tiplex
595 4038 941 4093 mortificatio
966 4035 1313 4105 designatur?
1357 4033 1474 4091 Non
1504 4034 1647 4090 enim
1672 4032 1824 4099 dicit,
1864 4048 1985 4088 sur-

400 4129 556 4184 culus
577 4130 831 4198 myrrhze,
845 4128 929 4182 vel
945 4126 1543 4196 ramusculusmyrrhae,
1559 4125 1653 4179 sed
1673 4122 1983 4189 fasciculus,

403 4218 603 4286 inquit,
627 4217 861 4287 myrrha:
883 4215 1113 4270 dilectus
1143 4229 1296 4291 meus
1327 4213 1481 4281 mihi.
1523 4213 1601 4268 Ac
1622 4214 1667 4267 si
1693 4212 1838 4266 dicat
1859 4211 1985 4281 quia

403 4306 460 4361 in
492 4305 637 4358 omni
688 4319 774 4357 me
820 4319 937 4357 mea
967 4302 1377 4357 conversatione
1402 4299 1688 4364 mortifico,
1724 4308 1779 4353 et
1824 4297 1985 4353 nullis

398 4399 511 4469 jam
539 4396 770 4468 propriae
793 4394 1084 4451 voluntatis
1106 4392 1361 4464 operibus
1389 4391 1532 4457 vivo,
1576 4390 1806 4446 dilectus
1833 4403 1986 4443 meus

405 4502 514 4543 non
566 4486 695 4541 mihi
748 4484 973 4554 simplex
1021 4482 1194 4538 factus
1230 4490 1311 4537 est
1351 4495 1557 4545 ramus,
1616 4478 1712 4534 sed
1751 4476 1985 4547 myrrha

348 4639 354 4644 _
403 4578 711 4635 fasciculus.
767 4577 922 4632 Unde
959 4585 1013 4629 et
1060 4574 1385 4645 prtedicator
1419 4570 1653 4627 eximius
1696 4584 1709 4622 :
1771 4584 1790 4618 ι
1850 4565 1983 4635 Ego,

403 4670 604 4739 inquit,
618 4669 872 4739 stigmata
887 4665 1013 4721 Jesu
1030 4665 1082 4719 iu
1104 4678 1335 4734 corpore
1351 4676 1471 4717 meo
1492 4669 1648 4725 porto
1670 4654 1812 4729 (Gal.
1830 4655 1928 4727 vt).
1960 4673 1980 4707 ι

406 4760 489 4815 Ad
525 4777 686 4830 quam
722 4758 975 4813 videlicet
1011 4755 1359 4824 multiplicem
1406 4751 1900 4812 mortificationem,
1931 4755 1987 4802 et

407 4866 510 4907 nos
537 4866 718 4905 secum
758 4839 1027 4911 hortatur,
1054 4848 1277 4901 dicens:
1315 4862 1335 4897 ι
1367 4844 1591 4913 Semper
1617 4839 1988 4897 mortificatio-

408 4960 534 5001 nem
571 4942 698 4999 Jesu
732 4943 785 4996 in
828 4954 1055 5008 corpore
1087 4946 1271 4994 nostro
1301 4935 1763 4995 circumferentes,
1826 4940 1888 4986 ut
1930 4938 1987 4984 et

406 5033 517 5088 vita
541 5030 666 5088 Jesu
706 5030 1081 5086 mauif‘estetur
1111 5027 1166 5081 iu
1207 5039 1371 5080 carne
1414 5033 1599 5078 nostra
1640 5021 1849 5076 mortali
1899 5020 1986 5092 (ΙΙ

406 5122 533 5179 Cor.
560 5124 655 5193 tv).
698 5143 717 5175 ι
752 5121 835 5176 Ab
872 5136 935 5175 eo
968 5132 1199 5187 namque
1224 5115 1367 5186 quod
1398 5128 1625 5183 corpore
1654 5122 1841 5167 nostro
1882 5112 1991 5165 cir-

410 5213 788 5277 cumferimus,
828 5210 1027 5264 nullam
1052 5205 1295 5275 corporis
1332 5213 1539 5274 partem
1568 5215 1789 5255 vacuam
1816 5214 1989 5255 reser-

411 5320 624 5359 vamus.
673 5302 764 5356 llle
798 5315 926 5370 ergo
975 5295 1441 5352 mortificationem
1487 5291 1611 5346 Jesu
1664 5289 1715 5343 iu
1763 5302 1988 5359 corpore

411 5410 513 5451 suo
558 5392 892 5456 circumfert,
928 5389 1018 5459 qui
1050 5387 1118 5441 de
1151 5400 1209 5441 se
1246 5385 1349 5439 sibi
1392 5382 1526 5437 nihil
1573 5379 1853 5448 relinquit,
1894 5377 1986 5447 qui

412 5502 523 5542 non
563 5485 691 5547 sibi,
712 5482 805 5539 sed
833 5480 1049 5537 Christo
1083 5477 1136 5532 in
1174 5474 1423 5531 omnibus
1447 5472 1608 5536 vivit;
1641 5471 1730 5539 qui
1759 5468 1991 5524 certe'se

417 5593 447 5631 a
478 5572 839 5627 voluntatibus
871 5567 1106 5639 propriis
1149 5564 1387 5632 undique
1415 5559 1703 5628 crucifigit.
1748 5556 1846 5612 llic
1890 5557 1992 5610 ita-

416 5683 521 5730 que
545 5665 771 5721 dilectus
816 5660 1049 5721 mvrrbze
1082 5655 1373 5712 fasciculus
1404 5653 1494 5716 fit,
1526 5654 1651 5718 quia
1699 5655 1749 5705 in
1781 5655 1989 5706 cur-("is

2068 495 2265 564 plicem
2290 492 2690 564 quodammodo
2719 487 3153 545 mortificationis
3174 486 3375 542 Christi
3402 487 3659 556 manipu—

2070 583 2179 639 lum
2226 582 2449 654 colligit.
2498 580 2800 636 Concinant
2843 592 2975 647 ergo
3011 576 3341 631 beatissima:
3392 574 3655 645 virgines,

2069 688 2209 743 quae,
2233 688 2397 726 unum
2424 685 2678 742 sponsum
2706 668 2988 733 habentes,
3016 665 3339 736 zelotypiam
3362 680 3467 719 non
3493 678 3658 719 nove-

2071 770 2217 826 runt,
2250 769 2306 816 et
2333 760 2473 815 sicut
2497 773 2592 827 per
2618 756 2903 812 cbaritalis
2929 754 3195 826 glutinum
3230 767 3388 807 unam
3421 768 3485 806 ex
3517 754 3656 805 dua-

2069 851 2169 907 bus
2198 851 2434 905 auimam
2464 846 2721 911 conflant,
2755 846 2829 899 ita
2868 844 3013 899 velut
3040 858 3148 897 uno
3179 857 3277 896 ore
3307 840 3661 909 singulariter

2071 930 2254 1001 dicant
2280 958 2295 997 :
2325 963 2342 994 ι
2378 940 2690 997 Fasciculus
2720 939 2951 1010 myrrhae
2982 936 3207 991 dilectus
3252 949 3403 988 meus
3434 933 3588 986 mihi.
3629 951 3650 985 ι

2077 1035 2173 1092 Ubi
2202 1044 2258 1089 et
2295 1043 2420 1104 apte
2439 1030 2818 1099 subjuugitur:
2855 1045 2874 1079 ‹
2903 1027 3049 1082 lnter
3078 1027 3243 1079 ubera
3270 1038 3387 1077 mea
3415 1038 3659 1078 commo-

2070 1126 2299 1183 rabitur.
2340 1145 2358 1178 ι
2420 1123 2589 1178 Nemo
2629 1121 2840 1199 dubitat
2870 1119 3012 1174 inter
3049 1117 3216 1172 ubera
3254 1113 3491 1185 pectoris
3536 1128 3659 1169 esse

2071 1216 2249 1274 locum
2284 1214 2484 1271 cordis.

2142 1307 2382 1363 Dilectus
2411 1318 2542 1375 ergo
2577 1302 2721 1358 inter
2746 1299 3031 1369 utriusque
3053 1296 3284 1368 virginis
3310 1294 3478 1349 ubera
3505 1308 3659 1348 com-

2071 1406 2337 1463 moratur,
2366 1395 2493 1465 quia
2528 1393 2842 1450 indeficiens
2868 1391 2988 1462 ejus
3035 1402 3190 1442 amor
3220 1402 3286 1441 ac
3325 1384 3659 1441 desiderium

2071 1507 2137 1548 ex
2168 1504 2354 1546 earum
2396 1486 2657 1542 memoria
2688 1500 2795 1539 non
2825 1482 3055 1538 deletur.
3106 1498 3125 1532 ε
3159 1479 3319 1534 .luter
3342 1479 3507 1531 ubera
3539 1490 3660 1530 mea

2071 1578 2519 1643 commorabitur,
2556 1595 2574 1629 ι
2607 1585 2861 1645 tanquam
2888 1572 3095 1628 diceret
3124 1587 3137 1624 :
3171 1568 3271 1636 Qui
3324 1566 3458 1621 mibi
3497 1565 3661 1619 fasci-

2073 1673 2227 1728 culus
2249 1670 2485 1741 myrrha:
2505 1667 2684 1722 factus
2706 1674 2789 1720 est
2806 1678 2901 1734 per
2918 1659 3336 1716 amaritudinem
3364 1653 3656 1727 passionis,

2074 1762 2220 1817 inter
2246 1760 2411 1815 ubera
2435 1756 2772 1827 meajugiter
2799 1758 3165 1809 commoratur
3198 1763 3292 1817 per
3321 1745 3657 1802 dulcedinem

2077 1851 2281 1915 cordis,
2316 1858 2370 1904 et
2398 1847 2489 1918 qui
2523 1860 2608 1900 me
2634 1844 2971 1899 extrinsecus
3012 1855 3108 1909 per
3133 1836 3437 1907 exemplum
3470 1848 3659 1890 susce-

2076 1952 2183 2011 pta:
2235 1939 2426 1994 mortis
2481 1942 2785 2005 exasperat,
2843 1946 2940 2000 per
3004 1927 3235 1982 infusam
3290 1924 3522 1997 gratiam
3570 1936 3661 1977 me

2076 2032 2279 2088 intimae
2298 2027 2581 2084 suavitatis
2605 2022 2897 2089 obdulcat;
2929 2021 3072 2076 sicut
3121 2020 3187 2074 de
3224 2018 3411 2073 eodem
3458 2029 3660 2086 sponsa

2076 2123 2271 2180 iterum
2298 2119 2469 2174 dicit:
2505 2136 2523 2169 ι
2562 2115 2799 2170 Dilectus
2828 2127 2977 2167 meus
3006 2110 3267 2166 candidus
3307 2119 3363 2162 et
3405 2105 3663 2162 rubicun-

2077 2215 2199 2279 dus,
2229 2213 2433 2268 electus
2461 2224 2526 2263 ex
2556 2205 2790 2262 millibus
2821 2202 3000 2274 (Cant.
3030 2200 3105 2272 v).
3142 2219 3160 2252 ι
3210 2193 3485 2255 Candidus
3508 2196 3666 2252 vide-

2076 2304 2205 2361 licet
2241 2318 2309 2358 ex
2358 2299 2529 2372 gloria
2575 2295 2895 2361 divinitatis,
2948 2291 3278 2348 rubicundus
3327 2296 3507 2343 autem
3563 2301 3667 2356 per

2075 2396 2393 2465 sanguinem
2419 2392 2709 2463 passionis.
2738 2387 2957 2441 Electus
2978 2398 3108 2439 vero
3133 2397 3197 2437 ex
3238 2380 3477 2435 millibus
3512 2376 3659 2431 dici-

2076 2464 2189 2548 tur,
2223 2484 2349 2554 quia
2390 2497 2458 2536 ex
2491 2479 2637 2549 omni
2668 2485 2980 2533 sanctorum
3016 2469 3361 2527 multitudine
3400 2464 3549 2521 solus
3575 2471 3666 2519 est

2077 2576 2169 2648 qui
2201 2576 2392 2645 dignus
2424 2572 2528 2626 fuit
2554 2568 2783 2623 audire:
2817 2582 2836 2617 ‹
2876 2564 2976 2618 Hic
3004 2570 3089 2617 est
3131 2559 3302 2616 Filius
3346 2572 3501 2613 meus
3524 2554 3667 2611 dile-

2074 2686 2237 2738 ctus,
2287 2671 2340 2726 in
2402 2683 2511 2740 quo
2564 2665 2697 2721 mibi
2748 2663 2886 2719 bene
2933 2656 3234 2730 complacui
3291 2653 3514 2727 (Matth.
3570 2667 3662 2718 tn,

2074 2760 2241 2832 xvn).
2292 2779 2311 2812 ι

2147 2828 2299 2906 Hanc
2319 2845 2499 2903 dilecti
2530 2840 2991 2916 pulchritudinem
3025 2833 3362 2891 venerabiles
3396 2831 3513 2887 istae
3548 2828 3665 2885 vir-

2078 2942 2231 3013 giues
2276 2936 2379 2992 nisi
2423 2934 2597 2990 oculis
2639 2929 2763 2986 fidei
2795 2928 3163 2984 indesinenter
3202 2924 3528 2992 aspicerent,
3580 2926 3667 2974 tot

2077 3008 2350 3089 aerumnas
2376 3037 2537 3097 atque
2563 3035 2851 3095 pressuras
2872 3018 3020 3074 velut
3042 3029 3287 3071 amarum
3331 3022 3495 3082 atque
3523 3008 3666 3065 mul-

2082 3121 2321 3194 tiplicem
2352 3117 2586 3189 myrrbze
2604 3111 2918 3169 fasciculum
2952 3105 3259 3164 nullatenus
3285 3102 3663 3175 pertulissent.

2078 3192 2247 3271 Plane
2289 3210 2394 3265 nisi
2425 3207 2491 3263 ad
2533 3206 2678 3261 illius
2709 3217 2931 3261 summae
2956 3197 3373 3272 pulchritudinis
3398 3192 3666 3249 accende-

2084 3312 2273 3360 rentur
2294 3299 2596 3371 amplexus,
2631 3308 2971 3365 nequaquam
2998 3292 3067 3348 de
3096 3289 3218 3344 aula
3245 3288 3388 3358 regis
3413 3299 3662 3341 eremum

2082 3395 2346 3459 facerent,
2368 3400 2442 3457 et,
2455 3391 2595 3446 inter
2605 3385 2852 3443 carnales
2871 3382 3171 3438 etlubricos
3190 3379 3458 3442 homines,
3472 3389 3666 3431 omnes

2083 3484 2262 3540 carnis
2290 3480 2576 3537 illecebras
2604 3491 2705 3547 per
2721 3478 2830 3530 tr'Bs
2858 3472 2971 3527 fere
2997 3484 3262 3525 annorum
3291 3463 3665 3523 hebdomadas

2077 3572 2223 3645 jugis
2248 3567 2597 3626 continentia
2618 3576 2879 3620 mucrone
2893 3566 3227 3615 truncarent.
3252 3553 3538 3611 Eratenim
3556 3551 3664 3617 eis,

2083 3663 2226 3719 sicut
2252 3660 2454 3716 dicitur
2480 3674 2494 3711 :
2530 3675 2549 3709 ι
2581 3663 2767 3726 guttur
2790 3651 2974 3723 sponsi
3001 3646 3404 3711 suavissimum,
3433 3650 3490 3698 et
3515 3649 3664 3695 totus

2084 3749 2457 3812 desiderabilis
2485 3746 2662 3819 (Cant.
2689 3744 2766 3815 v).
2788 3762 2806 3796 ι
2832 3739 3225 3797 Suavissimum
3248 3734 3428 3806 sponsi
3450 3739 3663 3804 guttur.

2085 3840 2314 3899 interior
2359 3846 2444 3893 est
2490 3834 2718 3891 dulcedo
2764 3831 3075 3887 verborum.
3127 3826 3186 3883 lu
3236 3824 3418 3880 verbis
3458 3820 3665 3875 etenim

2085 3931 2286 3989 Christi
2329 3927 2677 3999 quamplures
2724 3922 3032 3993 intelligunt
3084 3918 3243 3974 facile
3291 3912 3662 3986 superficiem,

2086 4029 2275 4100 paucis
2294 4039 2426 4081 vero
2454 4025 2640 4079 datum
2666 4028 2752 4076 est
2788 4018 3102 4074 interiorem
3148 4022 3434 4084 penetrare
3470 4006 3664 4064 dulce-

2087 4120 2289 4182 dinem,
2322 4118 2388 4171 de
2415 4129 2520 4184 qua
2556 4127 2652 4183 per
2679 4110 3003 4181 Prophetam
3045 4106 3286 4161 dicitur:
3338 4121 3358 4156 ‹
3411 4100 3663 4166 Gustate,

2085 4218 2140 4264 et
2160 4208 2338 4262 videte
2359 4204 2611 4275 quoniam
2637 4200 2820 4256 suavis
2839 4189 3617 4265 estDominus(Psal.xxxnt).
3638 4206 3659 4242 ι

2088 4297 2193 4354 Sed
2220 4296 2313 4367 qui
2344 4295 2525 4351 suavis
2549 4301 2634 4348 est
2660 4292 2713 4346 in
2741 4297 2978 4359 gutture,
3009 4298 3253 4339 amarum
3287 4281 3429 4351 sapit
3464 4279 3519 4334 in
3541 4292 3662 4333 ore.

2088 4388 2244 4445 Unde
2270 4387 2530 4455 scriptum
2557 4390 2642 4438 est
2669 4398 2682 4435 :
2737 4398 2755 4431 ι
2788 4378 2956 4433 Labia
2999 4375 3145 4429 illius
3178 4372 3319 4426 labia
3348 4367 3665 4425 distillantia

2010 4442 2063 4502 Β
2286 4442 2561 4550 myi-rbam
2583 4475 2808 4546 primam
2827 4467 3003 4540 (Cant.
3021 4466 3100 4538 v).
3124 4484 3143 4517 ι
3171 4464 3275 4519 Per
3301 4461 3447 4516 labia
3470 4472 3666 4553 nempe

2087 4547 2366 4639 {{3}qu
2394 4580 2517 4623 esca
2547 4562 2834 4632 trajicitur.
2861 4557 3028 4613 Labia
3069 4556 3235 4627 igitur
3271 4550 3474 4622 sponsi,
3500 4547 3665 4603 verba

2088 4670 2215 4718 sunt
2236 4656 2630 4729 Redemptoris.
2658 4654 2786 4720 Qua:
2809 4649 3052 4723 profecto
3083 4647 3356 4718 myrrham
3379 4639 3665 4705 distillant,

2088 4753 2215 4824 quia
2254 4765 2350 4821 per
2396 4745 2868 4804 mortificationem
2919 4750 2974 4797 et
3021 4735 3436 4793 amaritudinem
3481 4730 3667 4787 carnis

2087 4822 2508 4913 perveniendum
2536 4849 2657 4891 esse
2686 4832 2894 4887 'docent
2944 4828 3011 4884 ad
3060 4825 3380 4883 suavitatem
3436 4822 3667 4876 interna

2088 4928 2407 4985 dulcedinis.

2157 5020 2263 5074 Per
2308 5018 2448 5071 hanc
2486 5011 2861 5068 amaritudinis
2887 5008 3053 5072 viam,
3102 5004 3299 5058 fratres
3333 4996 3665 5064 charissimi,

2088 5124 2234 5166 nunc
2264 5121 2389 5162 cum
2418 5103 2592 5160 beatis
2620 5100 2918 5171 virginibus
2941 5094 3255 5152 studeamus
3285 5089 3557 5154 incedere,
3603 5096 3668 5142 ut

2090 5211 2210 5253 cum
2241 5193 2441 5263 eisdem
2480 5190 2820 5262 postmodum
2864 5183 2931 5239 ad
2977 5180 3187 5251 regales
3240 5176 3430 5232 aeterni
3481 5174 3667 5245 sponsi

2095 5285 2311 5355 nuptias
2338 5295 2645 5337 mereamur
2686 5292 2807 5334 cum
2839 5270 3213 5330 benedictione
3253 5263 3554 5322 dulcedinis
3580 5265 3670 5319 in-

2094 5377 2281 5431 troire.
2326 5374 2409 5428 Ab
2445 5370 2602 5440 hujus
2641 5383 2737 5423 nos
2769 5364 2953 5421 aeterni
2986 5360 3240 5415 aviditate
3281 5355 3514 5410 convivii
3557 5368 3671 5408 non

2094 5465 2228 5520 falsa
2282 5462 2461 5519 carnis
2497 5457 2721 5515 dulcedo
2772 5452 3092 5514 demulceat,
3142 5462 3248 5502 non
3290 5445 3533 5500 laborum
3577 5442 3668 5496 in-

2098 5554 2401 5625 gruentium
2457 5548 2719 5620 asperitas
2752 5545 3008 5614 frangat,
3061 5552 3167 5593 non
3219 5528 3431 5591 sarcim
3484 5545 3666 5587 rerum

2102 5618 2474 5707 temporalium
2519 5618 2816 5707 aggravet,
2857 5648 2961 5688 non
3006 5627 3236 5683 ﬁliorum
3284 5621 3528 5689 affectus,
3580 5618 3667 5675 vel
