4070 6198
433 336 610 395 893.

1823 333 2056 391 SERMO
2090 289 2324 388 χχχιι.

3581 317 3703 376 69ιί

432 453 726 508 eltarorum
783 447 1150 520 quorumlibet
1203 450 1544 506 necessitudo
1581 459 1852 516 retentet,
1901 465 2007 504 non
2039 459 2083 510 Α
2113 448 2389 518 dignitatis
2432 455 2568 502 utet
2612 457 2865 507 coronam
2903 443 3026 498 vita:
3062 449 3332 511 perpetua:
3376 448 3431 494 et
3468 440 3686 494 immor-

431 539 790 612 implacabills
835 555 964 612 erga
1017 541 1321 612 proximum
1375 541 1457 596 ira
1511 541 1846 611 prmpediat,
1900 554 2008 594 non

429 631 775 701 acquirendae
797 629 879 686 vel
926 630 1208 701 acquisita:
1252 630 1330 686 rei
1361 629 1672 685 sollicitudo
1698 628 2007 697 restringat.

427 722 784 792 Atnputemus
809 737 840 775 a
878 721 1036 776 nobis
1063 735 1254 777 omnes
1283 720 1535 775 vitiorum
1566 718 1712 774 male
1744 716 2011 788 pullulan-

430 813 564 868 tiuin
596 813 802 882 spinas,
832 812 1111 884 abigamus
1136 813 1205 867 ab
1233 811 1404 868 oculis
1431 810 1615 866 cordis
1630 818 1860 884 terrena;
1879 821 2009 862 con-

428 901 775 968 cupiscentia:
803 900 1147 965 tenebras,ut
1170 914 1292 954 cum
1315 899 1489 955 beatis
1503 896 1826 966 virginibus,
1849 894 2008 951 Flora

428 990 637 1046 scilicet
666 999 721 1044 et
747 989 974 1054 Lucilla,
997 989 1341 1044 elaboremus
1370 987 1562 1043 florere
1599 987 1909 1051 virtutibus,
1954 993 2010 1041 et

429 1079 485 1136 in
517 1078 782 1133 bonorum
823 1092 1050 1150 cperum
1101 1075 1221 1133 luce
1270 1079 1549 1143 vivamus,
1604 1085 1871 1147 quatenus
1909 1087 2009 1146 per

425 1186 614 1227 earum
639 1171 865 1243 vestigia
887 1171 1219 1242 gradientes,
1249 1171 1375 1225 dum
1403 1186 1508 1225 non
1536 1171 1806 1225 haeremus
1830 1177 2004 1223 trans-

427 1261 639 1328 itoriis,
691 1262 990 1318 inferamur
1026 1263 1291 1318 aeternis:
1336 1271 1392 1316 et
1435 1262 1562 1317 dum
1613 1259 2006 1316 contemnimus

426 1352 706 1418 mundum,
734 1353 1115 1422 perveniamus
1160 1355 1228 1406 ad
1259 1353 1554 1408 Christum.
1585 1351 1686 1418 Qui
1725 1365 1849 1406 cum
1895 1351 2004 1405 Deo

423 1442 586 1496 Patre
603 1452 660 1497 et
687 1442 890 1513 Spiritu
914 1453 1103 1500 sancto
1133 1443 1267 1498 vivit
1293 1451 1347 1498 et
1374 1451 1566 1514 regnat
1591 1441 1644 1496 in
1669 1439 1870 1497 saecula
1898 1454 2002 1495 sa:-

424 1531 694 1586 culorum.
721 1533 916 1588 Amen.

955 1621 1189 1679 SERMO
1233 1621 1470 1677 XXXVI.

629 1725 696 1766 ns
723 1727 927 1768 sancro
955 1729 1180 1769 nurrmo
1210 1729 1482 1769 ιιΑιιτγιιε.
1516 1714 1648 1785 (xxx
1669 1712 1811 1784 mn.)

2113 537 2332 591 talitatis
2363 535 2555 590 stolam
2578 549 2701 590 cum
2726 533 2841 589 suis
2867 529 3149 586 animabus
3174 530 3282 583 sint
3321 526 3686 582 communiter

2113 636 2424 697 receptura;
2457 626 2586 696 quid
2627 625 2825 681 mirum
2866 623 2912 677 si
2959 635 3102 676 nunc
3148 619 3492 687 omnipotens
3543 616 3685 670 Deus

2108 727 2230 788 apta
2286 717 2392 772 illis
2441 717 2557 772 loca
2606 715 2908 785 provideat,
2955 722 3010 766 et
3050 724 3238 765 eorum
3289 705 3524 762 tumulos
3575 717 3685 759 non

2108 809 2307 878 passim
2353 808 2436 862 vel
2465 822 2560 876 per
2593 821 2778 860 casttm
2805 805 2945 868 fieri,
2990 803 3084 856 sed
3124 818 3188 855 ex
3237 814 3348 853 sua:
3389 792 3686 852 voluntatis

2107 896 2372 953 electione
2393 895 2676 966 disponat?
2696 893 2984 949 Enimvero
2998 899 3052 946 et
3068 890 3197 946 illttd
3221 902 3362 956 saepe
3385 901 3492 940 non
3510 882 3684 937 otiose

2106 987 2368 1057 quaaritnr
2416 1002 2514 1042 cur
2545 987 2842 1048 Abraham,
2898 983 2990 1053 qui
3043 998 3102 1037 se
3149 995 3216 1036 ex
3248 988 3402 1048 parte
3435 973 3683 1044 corporis

2105 1077 2379 1147 pulverem
2408 1091 2528 1131 esse
2575 1074 2865 1130 conﬁtetur
2909 1082 2964 1127 ct
3013 1071 3252 1126 cinerem
3301 1067 3454 1137 (Gen.
3497 1061 3682 1132 xvnt),
3731 1109 3734 1113 .

2107 1175 2215 1220 tam
2243 1165 2587 1220 ambitiosam
2611 1163 2899 1234 sepulturae
2923 1175 3034 1216 sua:
3053 1156 3446 1229 providentiam
3468 1151 3682 1215 habuit,

2104 1266 2164 1310 ut
2213 1271 2282 1310 ex
2328 1255 2474 1310 omni
2511 1252 2961 1324 peregrinationis
3005 1265 3116 1305 sua:
3165 1245 3449 1302 latitudine
3506 1242 3678 1297 solam

2102 1343 2340 1409 ilebron,
2364 1343 2738 1399 Chananitidis
2768 1342 3015 1396 videlicet
3040 1337 3297 1405 regionis,
3340 1334 3583 1403 eligeret,
3623 1331 3678 1384 in
3762 1415 3778 1428 ο

2103 1451 2209 1508 qua
2230 1436 2395 1493 etiam
2430 1451 2534 1490 non
2566 1449 2730 1504 parva
2759 1447 2967 1488 summa
3013 1430 3326 1499 Speluncam
3356 1425 3459 1480 sibi
3505 1422 3678 1492 dupli—

2101 1539 2218 1582 cem
2256 1521 2644 1592 compararet?
2671 1519 2820 1592 (Gen.
2852 1517 3032 1589 xxiii.)
3070 1517 3236 1572 Jacob
3261 1527 3476 1583 quoque
3517 1511 3676 1573 ﬁlios,

2100 1622 2156 1669 et
2187 1611 2385 1682 Joseph
2411 1613 2608 1667 fratres
2636 1627 2782 1675 suos,
2819 1611 3155 1665 obtestantes
3201 1605 3452 1674 adiurant
3486 1611 3545 1657 ut
3581 1617 3677 1658 eo-

2102 1725 2222 1766 rum
2243 1725 2365 1765 ossa
2386 1708 2451 1762 ad
2465 1708 2706 1764 eamdem
2731 1707 3043 1777 speluncam
3066 1709 3190 1773 post
3207 1700 3414 1756 obitum
3439 1695 3676 1753 transfe-

494 1799 697 1866 NOStis,
725 1800 921 1858 fratres
947 1805 1280 1870 charissimi,
1308 1805 1450 1860 sicut
1471 1819 1536 1860 ex
1567 1803 1849 1858 catholica:
1871 1800 1995 1856 fidei
2026 1794 2071 1854 Β
2098 1809 2222 1856 rant
2251 1799 2406 1872 (Gen.
2431 1800 2600 1869 xux).
2628 1797 2766 1864 Quid
2795 1806 2880 1852 est
2903 1810 3033 1865 ergo
3053 1791 3197 1864 quod
3221 1791 3392 1846 sancti
3420 1789 3542 1852 viri,
3581 1788 3675 1856 qui

424 1891 734 1962 magisterio
781 1892 1068 1961 didicistis,
1115 1894 1242 1964 quia
1289 1894 1344 1950 in
1395 1893 1596 1948 ultima:
1647 1889 2000 1947 discussionis

421 1983 696 2048 examine,
727 1996 917 2038 omnes
967 1984 1128 2039 simul
1155 1993 1210 2039 et
1244 1994 1558 2054 peccatores
1601 1993 1656 2038 et
1691 1981 1822 2051 justi
1871 1989 2000 2036 ante

423 2057 659 2123 tribunal
688 2071 876 2125 :eterni
907 2069 1114 2128 Judicis
1167 2087 1290 2128 cum
1343 2072 1458 2128 suis
1511 2081 1638 2127 sunt
1681 2070 1999 2141 corporibus

419 2160 732 2225 exhibendi,
757 2162 1018 2232 Apostolo
1040 2171 1297 2229 testante,
1338 2163 1432 2234 qui
1458 2163 1534 2217 ait
1566 2180 1580 2216 :
1620 2180 1639 2214 ι
1671 2161 1872 2218 Omnes
1899 2174 1998 2216 nos

417 2256 635 2318 oportet
661 2249 997 2306 manifestari
1027 2259 1154 2308 ante
1182 2252 1419 2306 tribunal
1446 2250 1666 2316 Christi,
1707 2258 1768 2303 ut
1795 2247 2000 2303 referat

421 2341 789 2411 unusquisque
845 2342 1062 2412 propria
1131 2342 1410 2412 corporis,
1457 2349 1618 2411 prout
1664 2337 1854 2410 gessit.
1881 2338 1996 2393 sive

420 2428 619 2484 bonum
654 2431 768 2486 sive
796 2431 994 2486 malum
1024 2430 1106 2502 (11
1135 2431 1258 2486 Cor.
1293 2431 1368 2502 v).
1401 2449 1418 2484 ι
1446 2431 1514 2485 Et
1536 2425 1750 2500 reprobi
1777 2425 1993 2499 quidem

416 2519 490 2572 ad
532 2519 633 2574 hoc
658 2529 736 2585 ut,
769 2521 896 2589 quia
927 2521 1016 2576 hic
1039 2537 1163 2577 cum
1193 2536 1358 2576 carne
1385 2521 1544 2576 simul
1569 2531 1623 2576 et
1655 2520 1834 2574 anima
1856 2516 1996 2572 Con-

417 2605 610 2662 ditoris
653 2607 764 2663 sui‘
786 2620 1050 2678 prmcepta
1092 2609 1459 2675 calcaverunt,
1505 2625 1628 2666 cum
1659 2611 1846 2664 eadem
1883 2605 1994 2662 illic

417 2707 649 2766 utraque
707 2699 1008 2754 substantia
1056 2702 1378 2755 sententiam
1420 2699 1578 2768 iusta:
1633 2699 1992 2756 damnationis

416 2787 708 2856 excipiant,
741 2797 904 2859 atque
944 2791 1232 2860 utrobique
1289 2791 1544 2861 deinceps
1603 2789 1990 2860 suppliciorum

415 2875 829 2930 amaritudinem
870 2879 1123 2940 sentiant,
1157 2881 1268 2948 qui,
1301 2881 1427 2935 dum
1478 2881 1745 2944 viverent,
1809 2878 1990 2949 pravis

415 2963 530 3018 suis
567 2964 1017 3023 delectationibus
1062 2983 1126 3024 ex
1169 2979 1399 3038 utroque
1442 2970 1767 3026 serviebant.
1817 2968 1997 3024 Electi'

414 3059 596 3104 autem
624 3061 702 3118 ut,
721 3055 846 3122 quia
867 3070 1084 3112 carnem
1107 3073 1263 3113 suam
1293 3073 1437 3114 nunc
1459 3074 1579 3114 cum
1603 3058 1752 3114 vitiis
1784 3065 1839 3113 et
1862 3072 1988 3113 con-

2100 1900 2155 1945 et
2183 1898 2503 1962 praesentem
2518 1887 2684 1942 vitam
2707 1897 2989 1941 etomnem
3009 1882 3190 1937 mundi
3213 1879 3436 1951 gloriam
3459 1875 3674 1933 sublimi
3752 1931 3763 1945 δ

2097 1980 2296 2034 mentis
2340 1991 2467 2033 arce
2514 1976 2893 2046 despexerant,
2936 1981 3044 2026 tam
3084 1971 3295 2041 cupide,
3333 1977 3440 2022 tam
3491 1964 3672 2030 anxie,

2096 2079 2206 2126 tam
2235 2071 2474 2125 studiose
2523 2068 2736 2123 deloco
2780 2067 2870 2122 tibi
2913 2081 3102 2120 eorum
3132 2062 3495 2118 conderentur
3518 2061 3672 2116 cine-

2096 2175 2206 2226 res,
2237 2159 2540 2229 litigabant,
2569 2158 2674 2214 nisi
2703 2158 2827 2228 quia
2858 2172 2956 2227 per
2994 2156 3267 2226 prepltctaa
3293 2153 3539 2221 spiritum
3571 2165 3672 2205 no-

2094 2259 2286 2306 verant
2315 2250 2650 2306 Salvatorem
2681 2248 2864 2304 mundi
2896 2247 3007 2302 illic
3036 2249 3101 2302 de
3139 2262 3238 2302 suo
3263 2236 3671 2300 semine'nasei-

2095 2347 2296 2404 turum,
2348 2347 2404 2393 et
2437 2339 2756 2407 sanguinem
2809 2337 2902 2406 qui
2940 2335 3124 2390 mundi
3164 2343 3388 2404 peccata
3436 2332 3672 2388 dilueret

2093 2431 2147 2484 in
2188 2430 2275 2486 illa
2317 2430 2626 2502 specialiter
2676 2429 2897 2499 regione
2943 2426 3318 2482 fundendum?
3365 2424 3519 2480 Sicut
3570 2438 3670 2494 per

2090 2517 2431 2575 Psalmistam
2458 2519 2658 2575 dicitur
2683 2536 2696 2572 :
2734 2537 2752 2570 ι
2785 2518 2921 2586 Quia
2946 2517 3089 2572 Deus
3113 2525 3299 2571 noster
3326 2524 3451 2570 ante
3471 2513 3665 2570 smcula

2089 2618 2346 2680 operatus
2371 2618 2457 2664 est
2476 2609 2706 2664 salutem
2729 2609 2786 2662 in
2808 2608 2983 2663 medio
3005 2617 3162 2661 terra:
3183 2605 3354 2677 (Psal’.
3386 2604 3597 2674 Lxxut).
3639 2624 3658 2656 ο

2089 2699 2242 2766 Quod
2275 2700 2528 2754 nimirutn
2571 2715 2880 2770 quanquam
2920 2700 2989 2754 de
3038 2699 3155 2767 ipso
3187 2696 3397 2752 Domini
3438 2710 3663 2765 corpore

2087 2789 2395 2858 specialiter
2439 2790 2610 2859 possit
2665 2789 2919 2860 intelligi,
2970 2791 3038 2846 de
3070 2791 3292 2860 regione
3349 2797 3527 2844 tamen
3571 2789 3661 2842 illa

2086 2893 2300 2947 quoque
2347 2879 2437 2932 ubi
2493 2879 2602 2948 pati
2663 2878 2916 2950 dignatus
2962 2887 3066 2944 est,
3107 2894 3228 2948 qua:
3276 2887 3427 2934 certe
3474 2878 3661 2934 mundi

2087 2967 2442 3022 meditullium
2467 2979 2571 3034 est,
2601 2984 2707 3024 non
2731 2969 3024 3040 incongrue
3045 2970 3152 3025 dici
3177 2970 3410 3025 videtur.

2152 3055 2210 3110 In
2257 3056 2575 3113 Chananaeie
2623 3059 2788 3128 igitur
2843 3068 2988 3114 terra
3038 3061 3211 3115 sancti
3247 3059 3438 3114 Patres
3485 3061 3657 3115 nostri

411 3139 755 3206 cupiscentiis
780 3145 1094 3216 crucifigere
1112 3146 1312 3218 (Galat.
1335 3149 1389 3218 v)
1417 3163 1522 3202 non
1552 3147 1836 3212 desistunt,
1857 3162 1980 3202 cum
2009 3125 2055 3188 (ἶ
2087 3146 2318 3213 tumulos
2347 3125 2742 3218 elegerunt,—ut
2785 3149 2910 3206 inde
2951 3150 3027 3206 illi
3055 3158 3394 3206 mererentur
3417 3150 3662 3220 quando-

411 3225 545 3295 ipsis
563 3230 675 3286 suis
694 3234 1031 3302 corporibus,
1047 3237 1241 3305 quibus
1261 3237 1512 3294 videlicet
1531 3246 1786 3308 tanquam
1801 3238 1983 3293 taber-

411 3319 622 3374 naculis
645 3321 698 3375 in
728 3322 905 3377 divina
935 3325 1125 3380 militia
1151 3327 1233 3382 usi
1262 3336 1411 3393 sunt,
1441 3327 1508 3381 ad
1548 3341 1794 3397 superna:
1822 3327 1983 3383 clari-

412 3410 543 3464 tatis
561 3411 780 3480 gloriam
806 3417 1204 3484 provehantur;
1230 3427 1306 3483 ut,
1329 3417 1506 3474 soluto
1522 3419 1726 3474 militia:
1746 3418 1976 3490 cingulo,

409 3513 575 3552 unum
627 3509 752 3558 tunc
801 3503 1030 3561 interior
1080 3517 1134 3561 et
1181 3509 1420 3564 exterior
1472 3509 1636 3564 homo
1681 3508 1980 3564 sortiantur

409 3586 614 3654 quietis
637 3598 909 3658 perpetuae
937 3593 1306 3664 tnunicipium,
1353 3596 1443 3665 qui
1475 3596 1542 3651 ad
1573 3611 1739 3650 untun
1789 3610 1978 3666 perve-

407 3686 604 3732 nerunt
641 3693 736 3748 per
770 3681 1074 3735 communia
1103 3682 1241 3738 bella
1276 3684 1627 3753 triumphum.
1657 3684 1726 3738 Et
1779 3683 1975 3754 quibus

405 3778 516 3818 una
551 3765 652 3818 fuit
687 3782 888 3837 pugna,
938 3771 1126 3825 eadem
1164 3771 1236 3826 sit
1266 3773 1618 3828 nihilominus
1667 3782 1722 3828 et
1750 3787 1970 3829 corona.

403 3853 536 3909 lilud
563 3857 716 3924 plane
740 3859 845 3912 erit
865 3859 1157 3914 Sabbatum
1177 3870 1440 3926 nostrum,
1456 3862 1544 3917 ille
1564 3863 1823 3931 septimus
1843 3863 1976 3932 legis

403 3959 598 4008 almus,
628 3945 716 4000 illc
737 3949 1000 4003 veraciter
1023 3948 1472 4021 Jubilacus(Deul.
1500 3967 1597 4018 xv;
1629 3950 1793 4006 Leuit.
1819 3953 1970 4023 xxv).

402 4031 698 4090 Sabbatum
719 4036 917 4107 quippe
939 4037 1189 4093 feriatum
1209 4054 1328 4096 esse
1349 4041 1677 4110 prtecipitur,
1695 4051 1756 4096 ut
1772 4052 1972 4098 aaterna

401 4136 498 4190 per
529 4121 654 4177 illud
700 4127 914 4194 requies
965 4127 1244 4198 figuretur.
1303 4129 1417 4186 Sub
1470 4130 1712 4200 ejusdem
1759 4147 1973 4204 quoque

397 4211 596 4280 quietis
627 4224 842 4270 (eterna:
869 4217 953 4272 vel
1005 4219 1419 4276 resurrectionis
1463 4221 1808 4293 designanda:
1854 4240 1975 4296 my-

395 4303 584 4369 sterio,
618 4305 671 4358 in
700 4307 930 4376 septimo
960 4323 1103 4364 anno
1132 4309 1354 4366 libertas
1384 4313 1644 4368 redditur.
1672 4313 1726 4368 lu
1747 4313 1971 4371 Jubilaeo

395 4400 577 4445 autem
601 4394 744 4450 tubis
782 4395 1056 4466 clangitur
1085 4408 1145 4453 ut
1173 4400 1543 4470 unusquisque
1572 4403 1638 4456 ad
1668 4405 1967 4472 possessio-

391 4494 523 4534 nem
547 4484 818 4553 propriam
847 4497 1173 4544 revertatur.
1206 4510 1224 4540 ι
1264 4489 1431 4545 Canet
1453 4492 1596 4546 enim
1637 4495 1784 4558 tuba,
1829 4495 1970 4553 sicut

389 4571 525 4627 dicit
552 4575 858 4644 Apostolus,
888 4589 943 4634 et
967 4583 1186 4648 mortui,
1227 4583 1317 4654 qui
1355 4584 1408 4638 in
1450 4584 1668 4640 Christo
1701 4597 1847 4653 sunt,
1882 4601 1968 4642 re-

384 4675 615 4733 surgent
639 4665 691 4736 (1
722 4666 846 4722 Car.
871 4669 984 4740 xv).
1023 4689 1043 4722 ι
1075 4719 1078 4722 .
1300 4678 1311 4689 '

460 4752 541 4806 Ad
566 4757 932 4822 possessiones
959 4774 1088 4831 ergo
1116 4763 1365 4833 proprias
1389 4780 1577 4820 omnes
1619 4775 1746 4820 tunc
1784 4781 1963 4823 rever-

307 4904 310 4907 _
385 4847 596 4906 tuntttr,
643 4843 802 4914 179
843 4845 965 4914 quia
997 4848 1049 4901 in
1081 4848 1172 4904 illo
1207 4851 1409 4906 ultima:
1440 4855 1850 4909 resurrectionis
1875 4855 1962 4911 die

382 4931 756 5000 unusquisque
783 4936 1060 5005 proprium
1086 4955 1284 5009 corpus
1315 4943 1525 5013 recipit,
1575 4944 1626 4997 in
1653 4961 1782 5015 quo,
1833 4946 1960 5000 dum

380 5031 706 5086 prtesenlein
731 5023 897 5079 vitam
941 5026 1184 5095 duceret,
1235 5031 1514 5087 habitavit.
1570 5033 1722 5090 Tunc
1763 5035 1956 5100 Adam,

380 5113 513 5160 tunc
554 5106 686 5174 Noe,
729 5119 856 5168 tunc
902 5129 1092 5174 omnes
1136 5121 1343 5189 antiqui
1391 5121 1600 5189 Patres,
1634 5125 1742 5181 imo
1770 5141 1958 5182 omnes

377 5195 907 5256 mortaliumanima:
934 5206 1002 5258 ad
1053 5207 1310 5262 amissam
1353 5211 1534 5264 carnis
1588 5226 1700 5266 sua:
1754 5223 1947 5268 terram

379 5280 630 5372 redeunt,
653 5287 741 5354 qui
772 5301 985 5360 recepta
1015 5309 1244 5364 corpora
1271 5313 1368 5351 sita
1398 5299 1450 5352 in
1479 5309 1797 5369 perpetuum
1832 5319 1957 5372 pos-

372 5368 649 5436 sidebunt,
679 5383 733 5428 et
759 5378 999 5446 perducti
1029 5382 1083 5438 in
1109 5383 1408 5440 libertatem
1437 5368 1667 5442 filiorum
1700 5389 1814 5453 Dei,
1833 5368 1951 5459 jam

371 5471 567 5548 secure
595 5464 904 5531 gaudebunt
928 5485 1118 5528 omnes
1137 5475 1325 5528 servili
1356 5476 1569 5530 vinculo
1588 5479 1951 5548 corruptionis

371 5547 625 5605 humana:
646 5554 829 5611 soluti.

444 5637 578 5693 Cum
619 5657 750 5714 ergo
802 5659 1112 5707 sanctorum
1161 5669 1389 5725 corpora
1438 5665 1597 5712 tanta:
1633 5657 1811 5714 futura
1841 5660 1946 5716 sint

2086 3251 2191 3307 quc
2225 3254 2528 3310 resurgere,
2560 3240 2650 3295 ubi
2677 3240 2791 3311 ipse
2819 3240 3232 3296 resurrectionis
3275 3250 3485 3304 auctor,
3543 3239 3657 3293 Pri-

2084 3330 2388 3400 mogenitus
2435 3331 2686 3386 videlicet
2734 3333 2975 3386 vivorum
3028 3343 3082 3386 et
3130 3341 3462 3387 mortuorum
3495 3331 3547 3385 in
3596 3346 3658 3386 so

2083 3421 2332 3492 dignatus
2379 3433 2462 3477 est
2507 3424 2918 3479 resurrectionis
2969 3425 3190 3496 gloriam
3245 3424 3537 3480 declarare.
3590 3424 3656 3478 Et

2081 3509 2207 3577 quid
2236 3509 2464 3578 amplius
2489 3509 2664 3565 dicam
2697 3511 2762 3566 de
2805 3511 3026 3576 honore,
3064 3528 3222 3582 quem
3264 3513 3529 3568 bonorum
3567 3527 3655 3567 re-

2081 3608 2395 3652 munerator
2415 3599 2556 3655 Deus
2578 3610 2888 3656 sanctorum
2915 3617 3135 3656 suorum
3157 3603 3476 3673 corporibus
3497 3603 3653 3658 exhi-

2081 3687 2204 3741 bet?
2232 3687 2670 3756 quandoquidem
2717 3689 2832 3760 ipse
2869 3690 3012 3745 Deus
3058 3691 3401 3762 omnipotens
3450 3692 3650 3764 Moysis

2079 3791 2274 3844 corpus
2306 3778 2555 3848 dignatus
2593 3788 2677 3835 est
2701 3780 2928 3849 sepelire
2963 3781 3142 3852 (Deut.
3174 3784 3382 3853 xxxiv),
3410 3793 3466 3839 et
3489 3784 3647 3839 Elisei

2077 3864 2326 3930 cadaver,
2359 3877 2629 3922 mortuum
2671 3868 2865 3939 legitur
2892 3872 3182 3930 suscitasse
3217 3871 3320 3942 (IV
3345 3871 3471 3943 Reg.
3504 3874 3646 3942 xm).

2076 3954 2207 4020 imo,
2223 3965 2280 4009 ut
2296 3971 2482 4011 verum
2505 3957 2698 4025 fatear,
2721 3962 2862 4030 quod
2883 3961 2935 4015 in
2949 3977 3112 4018 carne
3129 3963 3428 4019 viventibus
3443 3966 3647 4020 sanctis

2075 4043 2298 4099 minime
2312 4045 2558 4117 contulit,
2583 4047 2684 4101 hoc
2705 4064 2846 4118 saepe
2865 4050 3041 4105 divina
3066 4052 3397 4121 dispensatio
3419 4054 3646 4110 mortuis

2072 4134 2412 4203 prmrogavit.
2453 4134 2606 4202 Quod
2636 4137 2688 4191 in
2730 4139 2882 4194 Abdo
2923 4141 3128 4198 scilicet
3166 4143 3283 4198 viro
3327 4144 3419 4198 Dei
3447 4143 3649 4214 liquido

2072 4223 2438 4290 perpenditur,
2470 4241 2629 4296 quem
2654 4227 2921 4284 viventem
2957 4232 3173 4301 quidem
3199 4233 3281 4288 leo
3307 4235 3483 4305 potuit
3502 4235 3649 4290 occi-

2071 4324 2234 4366 surus
2269 4313 2540 4382 invadere,
2578 4318 2673 4372 sed
2717 4319 2948 4374 cadaver
2977 4319 3093 4388 ejus
3140 4337 3480 4393 nequaquam
3527 4342 3650 4396 per-

2072 4401 2270 4457 missus
2293 4412 2378 4459 est
2408 4405 2748 4476 aliquatenus
2779 4408 2980 4467 violare
3005 4411 3122 4481 (111
3149 4413 3271 4484 Reg.
3305 4417 3443 4486 xui).
3484 4435 3503 4468 ι
3526 4417 3647 4472 Pre-

2071 4489 2207 4545 tiosa
2236 4491 2490 4547 nimirum
2516 4495 2570 4549 in
2592 4507 2884 4566 conspectu
2914 4498 3122 4553 Domini
3159 4518 3304 4557 mors
3329 4513 3640 4558 sanctorum

2067 4578 2183 4647 ejus
2208 4580 2379 4649 (Psal.
2419 4586 2566 4654 cxv).
2604 4603 2623 4636 ι
2668 4583 2784 4638 Νοιι
2832 4600 2964 4658 ergo
3011 4589 3208 4643 mirum
3261 4593 3303 4644 si
3353 4593 3532 4646 divina
3563 4595 3642 4647 di-

2063 4669 2339 4737 spensatio
2359 4685 2597 4741 congrua
2619 4681 2933 4728 sanctorum
2963 4677 3285 4746 corporibus
3311 4678 3425 4733 loca
3453 4679 3641 4735 distri~

2064 4759 2199 4823 buit,
2225 4766 2280 4813 et
2301 4775 2444 4815 nunc
2473 4761 2627 4831 quasi
2650 4763 2921 4832 quoddam
2947 4763 3251 4834 depositum
3284 4776 3442 4822 terra:
3483 4785 3635 4824 com-

2063 4849 2299 4914 mendat,
2341 4864 2461 4920 qua:
2504 4854 2843 4920 postmodum
2883 4855 3065 4924 regnis
3112 4854 3424 4913 coelestibus
3456 4869 3633 4914 trans-

2061 4935 2281 4991 ferenda
2319 4941 2586 4995 restituat.
2635 4942 2740 4997 Sed
2764 4943 2895 5013 jam,
2923 4955 3144 5014 propter
3188 4949 3330 5016 quod
3367 4950 3466 5003 ista
3495 4967 3633 5018 pra:-

2061 5028 2328 5095 misimus,
2383 5032 2450 5087 de
2497 5032 2554 5087 Β.
2602 5033 2796 5089 Bullini
2841 5036 3114 5092 miraculis
3166 5039 3404 5094 breviter
3454 5042 3633 5112 aliqua

2058 5120 2499 5188 perstringamus.

2132 5209 2290 5280 180
2323 5211 2470 5266 Beati
2514 5214 2677 5283 igitur
2703 5217 2860 5286 hujus
2886 5221 3140 5289 martyris
3159 5237 3356 5291 corpus
3381 5225 3448 5279 de
3487 5224 3622 5279 Sub-

2057 5300 2210 5354 urbio
2242 5302 2560 5359 Assisiensis
2585 5307 2785 5375 oppidi,
2817 5308 2902 5362 tibi
2949 5311 3243 5380 antiquitus
3287 5313 3461 5368 fuerat
3490 5314 3626 5385 posi-

2057 5398 2190 5454 tum,
2225 5391 2365 5445 intra
2409 5395 2607 5448 mcenia
2649 5398 2990 5464 postmodum
3029 5400 3131 5454 fuit
3153 5402 3371 5472 gentilis
3398 5405 3625 5474 impetus

2055 5485 2261 5533 terrore
2286 5481 2624 5536 translatum.
2651 5484 2884 5541 Labrum
2913 5498 3093 5545 autem
3124 5491 3410 5561 lapideum,
3445 5495 3496 5549 in
3518 5513 3623 5565 qun

2051 5569 2365 5638 praedictum
2394 5588 2591 5644 corpus
2619 5585 2744 5632 ante
2776 5578 3155 5652 jacuerat,per
3176 5585 3388 5657 longum
3416 5572 3622 5656 tempus

2051 5673 2201 5718 extra
2219 5660 2402 5720 muros
2430 5667 2601 5723 fuerat
2633 5671 3060 5734 derelictum.De
3074 5693 3179 5750 quo
3203 5681 3451 5734 nimirum
3485 5681 3618 5746 inter
