2035 3099
193 152 245 179 69b

519 150 548 178 S.
568 150 670 178 PETRI
689 149 829 178 DAMIANI
849 149 922 178 OPP.
945 149 1033 177 PARS
1055 149 1119 178 SEU
1140 149 1258 178 TOMUS
1276 150 1307 179 ll.
1329 165 1362 170 —
1382 150 1576 179 SERMONES.

1773 148 1824 178 696

193 207 321 244 populum
334 211 361 235 et
381 207 502 243 Ugonem
515 207 634 241 ejusdem
658 211 721 235 tunc
737 207 810 235 sedis
824 207 978 241 episcopum
994 210 1017 238 A
1031 215 1090 248 rum
1107 207 1167 234 telis
1179 203 1352 242 opponerent,
1375 215 1471 243 magna
1486 208 1626 235 hominum
1644 212 1751 243 strages
1768 208 1828 236 fusa

193 255 283 289 gravis
295 259 337 281 est
350 258 408 281 orta
417 254 522 281 seditio.
538 253 686 287 Episcopus
700 253 833 288 siquidem
845 253 879 280 ad
893 251 980 279 eccle-
1028 252 1142 286 jaceret.
1159 252 1210 279 Sed
1225 260 1287 279 cum
1308 252 1449 286 episcopus
1467 252 1556 279 adhuc
1574 252 1712 285 htesitans,
1731 261 1763 279 ne
1786 256 1827 280 his

193 299 260 325 siam
280 297 310 324 Β.
324 297 415 324 Maria:
429 305 536 332 semper
547 297 671 331 virginis,
691 305 751 331 quae
771 304 804 325 eo
823 297 874 324 loci
892 297 980 331 prima

191 344 270 371 sedes
283 347 336 376 est,
360 340 533 370 deferendum
552 350 612 372 esse
632 343 772 375 censebat,
793 350 826 370 eo
853 342 981 370 nimirum

191 389 304 416 consilio
318 390 429 423 utquod
446 394 532 416 mater
549 389 663 416 ecclesia
677 395 776 422 corpus
788 389 916 423 martyris
928 395 980 415 non

191 434 314 465 haberet.
332 434 448 468 quodam
462 434 557 461 saltem
574 434 651 462 vacui
665 433 781 468 sepulcri
795 433 892 460 solatio
907 441 980 460 com-

190 482 327 512 pensaret.
352 478 469 505 Econtra
497 479 610 513 populus
635 478 775 506 asserebat
796 479 867 505 inter
889 485 981 505 sacras

191 523 321 558 reliquias
334 528 361 551 et
371 524 510 558 proprium
526 524 656 551 tumulum
677 524 836 552 divisionem
855 524 912 551 fieri
926 532 979 552 non

190 563 299 601 debere,
321 576 371 596 nec
391 569 518 596 humanis
533 576 604 596 nunc
623 569 858 607 adiuventionibus
871 576 981 603 permu-

191 614 313 646 tandum,
328 614 399 648 quod
407 614 441 641 ab
456 615 513 648 ipso
527 614 635 649 gloriosi
651 614 780 649 martyris
792 619 980 641 consummato

144 691 152 699 ’
191 659 327 694 triumpho
352 660 492 687 videretur
522 660 653 687 divinitus
681 659 845 689 institutum.
877 658 980 693 Taliter

191 705 274 739 igitur
287 705 352 733 hinc
362 711 444 740 atque
457 706 520 733 inde
532 706 700 733 certantibus
715 705 819 733 labrum
843 705 979 737 menibus

190 750 266 777 urbis
276 749 402 783 infertur,
416 751 488 778 etab
502 751 626 786 utrisque
640 750 721 778 simul
734 750 856 786 partibus
868 750 903 781 ad
912 750 980 780 bivii

188 794 326 829 cujusdam
341 795 487 831 compitum
505 796 672 830 pervenitur.
846 822 849 825 λ

221 839 278 867 lllic
291 839 382 874 itaque
403 847 465 867 cum
485 840 607 868 fautores
625 840 744 876 episcopi
765 840 800 868 ad
820 839 849 873 S.
873 840 977 877 Merita,

1031 296 1141 331 quidem
1156 296 1246 324 verbis
1258 296 1408 332 presbyteri
1423 297 1502 324 fidem
1518 297 1721 336 accommodare
1736 297 1825 332 dispo-

1031 346 1117 375 neret,
1128 349 1191 374 ecce
1200 342 1321 376 quidam,
1333 343 1378 376 qui
1391 347 1547 370 contractus
1559 342 1655 375 fuerat,
1669 343 1787 377 gaudens
1798 350 1826 380 et

1030 379 1283 421 exsulltans‘eodem
1309 386 1353 413 die
1375 393 1390 413 a
1413 385 1492 413 beato
1507 393 1536 413 se
1556 386 1662 413 Ruttino
1690 387 1825 413 fatebatur

1031 436 1162 469 erectum,
1176 431 1283 466 sibique
1295 432 1329 459 ab
1340 432 1434 459 eodem
1449 432 1529 459 beato
1545 437 1663 467 martyre
1679 433 1729 459 hoc
1747 440 1825 460 man-

1030 469 1290 516 datum-perhibebat
1305 477 1466 512 iniunctum,
1481 483 1511 505 ut
1526 479 1583 505 haec
1599 478 1759 512 ipsacuncta
1775 486 1822 513 per

1030 514 1168 561 ordinem,
1196 531 1257 559 qua:
1290 524 1431 559 presbyter
1459 524 1606 557 asserebat,
1635 524 1692 560 ipse
1715 532 1822 559 quoque

1030 560 1204 607 nihilominus
1220 568 1348 603 episcopo
1372 561 1515 597 nuntiaret.
1534 569 1653 597 Tandem
1668 570 1820 604 episcopus,

1029 613 1101 640 omni
1124 614 1250 648 scrupulo
1262 614 1407 646 dubietatis
1430 621 1530 647 amoto,
1550 615 1622 651 quod
1639 615 1689 642 sibi
1705 615 1816 649 impera-

1030 662 1086 685 tum
1100 663 1141 686 est
1162 659 1350 687 incunctanter
1363 661 1532 695 exsequitur,
1554 666 1634 695 atque
1655 661 1682 687 in
1707 661 1820 695 gratiam

1029 711 1078 731 suo
1092 704 1190 739 populo
1203 698 1310 733 donatis
1319 705 1511 734 offensionibus
1525 705 1681 733 fcederatur.

1066 748 1128 780 Sed,
1142 741 1175 776 ne
1198 750 1268 783 apud
1283 749 1399 784 aliquem
1419 750 1543 777 fortassis
1556 750 1699 785 episcopus
1713 757 1820 778 merum

1029 794 1247 827 reprehensionis
1260 795 1445 829 incurratquia
1458 796 1491 822 ab
1501 795 1613 823 eccleSia
1624 802 1672 821 sua
1681 795 1714 821 ad
1725 795 1820 822 horam

1029 838 1163 866 dissidens
1186 845 1277 872 contra
1304 840 1348 867 Dei
1369 840 1501 875 judicium
1520 841 1663 878 sentiebat,
1685 840 1762 867 Isaac
1784 841 1820 867 ad

186 883 396 921 reliqua'au'tem
411 894 474 922 pars
493 887 584 922 populi
608 887 642 915 ad
664 887 694 914 Β,
719 887 817 915 Rumni
836 887 978 923 basiligam
993 883 1015 920 Β
1029 884 1187 910 memoriam
1201 884 1368 912 reducendus
1382 889 1433 916 est,
1450 886 1494 919 qui
1511 893 1563 911 non
1578 884 1659 916 Esau,
1673 892 1688 911 a
1701 892 1730 912 se
1742 884 1819 915 vide-

148 948 156 957 .
185 925 294 959 sacrum
309 931 446 959 vasculum
463 932 623 967 pertrahere
636 931 812 965 molirentur;
832 931 877 960 his
893 937 979 967 atque,

184 975 238 1003 illis
253 976 279 1003 in
294 976 401 1003 diversa
412 976 570 1010 nitentibus,
583 980 722 1004 crescente
732 975 834 1012 iurgio,
845 984 879 1006 eo
890 984 977 1012 usque

183 1028 338 1057 processum
354 1026 407 1055 est,
418 1026 449 1050 ut
462 1022 583 1050 furentes
592 1030 668 1049 arma
680 1023 860 1056 corriperent,
875 1028 904 1049 et
915 1030 977 1057 mni-4

183 1072 244 1095 tuos
265 1068 336 1095 inter
350 1074 380 1095 se
396 1068 466 1095 ictus
482 1068 581 1095 amissa
606 1067 728 1096 confusae
743 1068 843 1103 mentis
869 1067 976 1102 ratione

182 1112 335 1141 miscerent.
352 1113 472 1140 Vibratis
483 1113 576 1148 itaque
588 1112 686 1148 gladiis
706 1113 832 1141 cominus
845 1113 974 1148 utrinque

180 1159 395 1191 concurritur,et
408 1166 487 1188 acres
498 1159 655 1187 ardentibus
670 1159 768 1187 animis
782 1159 816 1187 ad
829 1158 975 1194 inlligenda,

179 1209 273 1231 mutuo
297 1202 410 1231 vulnera
429 1204 640 1231 debacchantur.
670 1204 733 1236 Sed,
758 1211 775 1231 ο
800 1204 975 1238 praedicanda,

179 1249 270 1276 divina
285 1249 439 1281 clementia,
454 1256 515 1283 qua:
529 1249 655 1282 humanis
667 1249 812 1277 miseretur
821 1249 970 1281 erroribus,

177 1298 203 1320 et
225 1300 295 1328 saepe
307 1293 398 1327 pravis
419 1293 520 1330 nostris
543 1293 730 1321 voluntatibus
757 1293 858 1326 obviat,
877 1297 906 1320 ut
935 1294 969 1321 ad

177 1338 263 1365 bonos
274 1338 364 1365 exitus
377 1338 436 1372 ipsa
453 1338 533 1365 etiam
547 1339 616 1365 male
630 1342 718 1373 empta
737 1338 883 1373 perducat!
900 1338 969 1371 Quid

178 1381 270 1409 multis
285 1382 394 1408 morer?
407 1381 501 1409 Nullus
514 1381 569 1411 illic
582 1381 752 1414 vulneratur,
766 1382 839 1409 nulla
853 1382 969 1416 denique

176 1432 227 1453 nec
240 1426 328 1452 tenuis
342 1425 452 1460 quidem
464 1430 538 1460 gutta
561 1425 700 1461 sanguinis
719 1425 849 1458 funditur,
874 1431 967 1461 atque,

176 1474 206 1496 ut
223 1469 392 1497 mirabilibus
416 1470 505 1499 adhuc
524 1470 691 1498 mirabiliora
712 1471 868 1503 succedant,
889 1478 969 1498 sexa-

174 1514 248 1549 ginta
259 1513 315 1542 fere
329 1514 380 1543 viri
388 1521 421 1542 ex
434 1519 511 1549 parte
523 1515 643 1550 episcopi
656 1515 815 1550 praedictum
826 1516 966 1544 vasculum

1027 927 1089 955 licet
1102 928 1227 961 electum,
1244 929 1291 956 scd
1305 928 1387 965 Jacob
1403 930 1490 964 potius
1504 929 1537 956 ab
1551 936 1636 956 uxore
1648 929 1817 964 suppositum

1025 964 1163 1001 benedixit
1179 973 1255 1008 (Gen.
1272 975 1367 1009 xxvn).
1379 974 1411 1001 Et
1427 974 1480 1001 illic
1492 981 1556 1008 ergo
1567 974 1683 1001 carnalis
1694 981 1773 1005 uxor,
1790 977 1819 1000 et

1025 1018 1069 1045 hic
1083 1019 1229 1053 spiritualis
1247 1027 1343 1054 sponsa
1360 1019 1425 1046 viris
1438 1019 1494 1046 suis
1507 1010 1664 1053 impropria:
1676 1019 1818 1046 sententia:

1025 1064 1183 1101 diversitate
1196 1065 1346 1098 prarvaluit,
1361 1065 1422 1099 quia
1437 1056 1485 1101 qui,
1494 1064 1585 1092 mundi
1601 1065 1707 1095 infirma
1723 1065 1817 1099 elegit,

1024 1113 1054 1137 ut
1067 1110 1214 1137 confundat
1232 1111 1309 1137 fortia
1327 1110 1352 1145 (I
1368 1108 1428 1137 Cor.
1444 1110 1476 1146 ι),
1491 1110 1561 1137 Deus
1575 1110 1683 1145 utrique
1696 1118 1815 1137 consen-

1023 1154 1068 1182 sit.
1082 1155 1218 1190 Propheta
1232 1163 1338 1190 quoque
1353 1155 1437 1182 David
1450 1162 1609 1194 construere
1629 1155 1757 1190 templum
1768 1163 1813 1183 vo-

1023 1199 1072 1235 luit
1086 1200 1129 1236 (II
1145 1200 1209 1235 Reg.
1221 1193 1281 1236 vn),
1301 1201 1349 1236 sed
1368 1202 1419 1229 hoc
1431 1201 1468 1228 illi
1481 1209 1596 1235 superna
1608 1201 1748 1235 dispositio
1760 1209 1815 1228 non

1022 1244 1152 1283 permisit.
1175 1245 1249 1285 inter
1272 1239 1385 1273 Paulum
1411 1254 1517 1281 quoque
1541 1251 1568 1273 et
1591 1246 1740 1273 Barnabam
1766 1254 1814 1281 pro

1021 1288 1124 1326 Joanne
1136 1291 1392 1328 quoddamlegimus
1406 1292 1581 1320 intervenisse
1593 1293 1732 1320 dissidium
1743 1294 1812 1328 (Act.

1021 1335 1078 1371 xv),
1090 1340 1200 1373 propter
1208 1337 1280 1371 quod
1288 1330 1377 1365 tamen
1390 1345 1443 1365 non
1456 1338 1543 1365 solum
1550 1339 1688 1372 utriusque
1696 1331 1815 1372 apostoli

1021 1387 1077 1416 non.
1090 1379 1262 1408 imminutum
1276 1386 1318 1408 est
1332 1382 1469 1414 meritum,
1484 1382 1531 1409 sed
1544 1383 1600 1416 ipse
1613 1390 1719 1417 quoque
1732 1382 1814 1408 disci-

1019 1424 1098 1458 pulus
1108 1425 1142 1452 ab
1155 1425 1309 1460 apostolicae
1321 1426 1470 1461 disciplina!
1482 1427 1553 1454 linea
1565 1435 1618 1454 non
1630 1427 1741 1455 erravit.
1753 1425 1811 1453 Non

1019 1474 1084 1504 ergo
1090 1469 1188 1498 mirum
1200 1470 1222 1497 si
1233 1478 1306 1498 nunc
1314 1471 1394 1499 homo
1405 1471 1550 1510 aliquando
1558 1472 1660 1499 inscius
1671 1479 1685 1498 a
1699 1472 1812 1499 veritate

1021 1512 1172 1554 dissentiat,
1188 1522 1250 1553 cum
1264 1521 1291 1543 et
1307 1516 1372 1556 ipsis
1390 1517 1531 1551 apostolis,
1546 1521 1573 1543 et
1592 1517 1740 1552 prophetis.
1761 1517 1827 1544 hu—-

174 1546 209 1586 ad
222 1558 364 1594 ecclesiam
386 1558 417 1586 Β.
434 1546 528 1587 Mariae
539 1546 721 1595 conabantur
745 1560 895 1593 attrahere,
920 1546 1275 1600 sedcmunita‘tisialiquid
1291 1546 1421 1601 accidisse
1443 1546 1649 1599 Scripturaruu;
1664 1546 1812 1595 auctoritas

177 1602 259 1630 nullis
273 1603 337 1631 illud
348 1603 453 1643 nisibus
466 1604 499 1631 de
511 1604 564 1632 loci
576 1604 618 1632 sui
630 1605 683 1632 lixa
694 1609 841 1639 potuerunt
850 1605 974 1643 statione,

172 1654 293 1675 movere.
306 1641 351 1676 ΙΙΙ(
365 1648 447 1683 igitur
467 1656 528 1676 cum
541 1648 599 1683 jam
620 1655 676 1683 prae
703 1649 861 1678 lassitudine
888 1641 973 1686 fracti,

174 1692 286 1720 omnino
306 1692 464 1728 deficerent,
490 1699 518 1721 et
540 1694 695 1722 vehiculum
719 1695 818 1730 lapidis
845 1695 973 1731 funditus

175 1737 362 1772 desperarent,
376 1742 440 1768 tunc
451 1746 485 1766 ex
496 1738 582 1766 altera
593 1743 670 1773 parte
676 1739 720 1768 vix
727 1744 832 1774 septem
841 1740 966 1768 homines

170 1789 267 1810 urnam
282 1783 470 1822 corripientes,
486 1784 520 1811 ad
544 1784 575 1811 S.
596 1783 694 1812 Bullini
721 1785 862 1815 basilicam
889 1780 965 1813 tanta

171 1826 245 1855 illam
260 1829 385 1863 permissi
401 1833 464 1857 sunt
476 1829 617 1859 celeritate
630 1830 789 1865 pervehere,
813 1838 846 1859 ac
869 1831 893 1859 si
909 1839 963 1859 non

170 1871 301 1908 lapidem,
314 1874 362 1901 sed
375 1873 514 1908 palearum
526 1875 617 1910 potius
632 1875 788 1905 viderentur
805 1875 964 1904 fasciculum

169 1917 307 1948 detulisse.
323 1918 396 1948 lilico
415 1919 507 1954 populi
527 1920 632 1947 clamor
644 1920 806 1947 exsultantis
819 1920 962 1953 attollitur,

170 1963 319 1996 gratiarum
344 1963 416 1991 actio
446 1963 551 1995 fautori
569 1964 624 1991 Deo
648 1964 709 1991 laeta
735 1965 910 1998 persolvitur,
937 1970 964 1993 et

168 2008 231 2042 quia
243 2008 303 2043 pius
316 2009 388 2036 Deus
409 2016 493 2036 unum
517 2017 578 2037 cum
602 2009 702 2044 populo
722 2017 771 2037 suo
797 2011 914 2038 senserit
928 2010 964 2038 ab

169 2054 295 2090 omnibus
309 2053 436 2081 alacriter
449 2054 613 2089 divulgatur.
634 2055 714 2082 ’l‘unc
728 2056 844 2090 denique
867 2056 973 2095 probaj

169 2103 227 2125 tum
239 2102 282 2125 est
294 2105 387 2126 verum
400 2105 460 2127 esse
479 2098 551 2133 quod
566 2099 685 2126 dicitur:
704 2099 760 2127 Vox
783 2100 884 2135 populi,
910 2108 961 2128 vox

169 2142 227 2169 Dei.
519 2134 522 2137 ’
763 2136 766 2140 ’

203 2188 325 2216 Accessit
344 2193 434 2215 autem
450 2189 484 2216 ad
500 2188 537 2215 rei
551 2188 741 2216 certitudincm
767 2194 794 2217 et
817 2190 960 2225 presbyter

168 2233 291 2268 quidam,
321 2234 355 2261 ab
381 2233 439 2268 ipso
453 2234 579 2262 videlicet
601 2234 632 2261 B.
661 2234 767 2262 Rullino
795 2235 829 2263 ad
855 2235 961 2270 episco-

168 2286 230 2312 pum
243 2278 353 2306 missus.
367 2278 435 2305 Nam
453 2279 659 2314 cum'praafatus
672 2280 814 2315 episcopus
828 2281 959 2309 adversus

163 2330 213 2351 eos
242 2323 288 2358 qui
316 2324 366 2352 sibi
398 2324 574 2360 restiterant,
601 2333 656 2353 non
685 2326 781 2353 leviter
806 2331 958 2355 commotus

165 2372 256 2400 esset,
287 2373 368 2403 atque
399 2368 436 2397 illi
461 2374 590 2404 pararent
609 2370 660 2397 sibi
684 2370 763 2405 digne
789 2370 958 2404 satisfacere,

166 2419 194 2440 ut
226 2413 324 2441 devota
348 2413 423 2441 illum
452 2415 605 2442 humilitate
642 2415 767 2449 placare,
799 2417 958 2451 presbytero

164 2466 244 2493 queui
271 2459 409 2492 diximus,
439 2467 488 2494 per
514 2460 601 2488 visum
628 2460 722 2487 beatus
749 2466 852 2496 martyr
875 2468 957 2495 appa-

163 2503 232 2536 ruit,
260 2503 340 2538 eique
367 2504 457 2531 dixit:
474 2504 556 2536 Vade,
577 2509 605 2532 et
630 2505 675 2532 dic
699 2505 834 2540 episcopo,
862 2506 885 2532 si
914 2514 957 2534 me

163 2553 218 2574 non
244 2547 302 2574 vult
328 2547 486 2582 offendere,
516 2549 728 2576 satisfactionem
761 2551 912 2584 quamlibet
939 2559 955 2577 a

163 2592 263 2628 populo
278 2601 330 2621 non
345 2594 468 2628 recipiat,
486 2595 534 2623 sed
549 2595 634 2630 gratis
652 2596 677 2623 ei
700 2603 796 2631 puram
813 2597 855 2624 sui
881 2604 956 2623 amo-

161 2640 202 2668 ris
214 2643 242 2666 et
261 2639 458 2668 benedictionis
477 2642 593 2676 gratiam
608 2642 712 2669 reddat.
736 2641 794 2668 Mea
820 2642 953 2676 siquidem

169 2683 243 2718 [81
254 2684 305 2712 hoc
317 2689 422 2719 gestum
434 2689 476 2713 est
485 2685 632 2719 voluntate,
645 2690 676 2713 ut
686 2686 822 2713 vasculum
839 2685 903 2712 illud
919 2685 954 2712 ad

172 2736 251 2756 neam
262 2729 414 2758 deferretur
427 2731 588 2764 ecclesiam;
611 2736 745 2767 quatenus
765 2739 854 2759 meum
869 2731 897 2759 in
920 2739 953 2759 eo

161 2775 350 2809 corpusculum
367 2776 456 2805 denuo
474 2779 646 2806 recondatur.
662 2777 862 2805 Noveritetiam
877 2777 951 2812 quia,

165 2821 213 2849 nisi
227 2828 278 2856 ego
293 2820 345 2849 illis
363 2823 588 2852 tumultuantibus
609 2824 766 2851 interessem
787 2825 883 2859 meq‘ue
905 2831 951 2851 eo-

1017 1603 1124 1642 prpbet.
1151 1603 1205 1632 Sed
1232 1605 1289 1633 haec
1319 1605 1403 1638 alias,
1427 1613 1498 1633 nunc
1524 1606 1557 1633 ad
1580 1606 1717 1642 proposita
1746 1606 1811 1633 red-

1017 1655 1119 1679 eamus.

1051 1693 1136 1722 Porro
1151 1695 1244 1722 eodem
1259 1696 1302 1723 die
1317 1697 1369 1723 duo
1391 1696 1460 1727 εαξθί
1481 1697 1513 1723 ad
1536 1697 1621 1725 altare
1647 1697 1716 1725 beati
1734 1705 1809 1724 mar-

1016 1739 1085 1778 tyris
1122 1739 1265 1768 illuminati
1302 1745 1374 1768 sunt.
1408 1740 1462 1768 Sed
1487 1746 1515 1769 et
1552 1741 1621 1769 alius
1653 1742 1808 1770 debilitatus

1016 1783 1147 1812 membris
1172 1789 1200 1812 et
1224 1785 1382 1820 gibberosus
1406 1779 1512 1814 erectus
1541 1791 1583 1815 est
1606 1781 1633 1814 et
1656 1787 1735 1814 saluti
1759 1795 1808 1822 per

1014 1828 1105 1866 omnia
1128 1830 1279 1867 restitutus.
1307 1831 1345 1858 De
1362 1832 1460 1867 quibus
1474 1839 1554 1866 porro
1577 1832 1717 1869 miraculis
1738 1833 1807 1859 dun-

1014 1876 1090 1899 taxat
1107 1873 1171 1908 quid
1186 1873 1286 1901 factum
1301 1875 1346 1907 sit,
1363 1876 1441 1902 nobis
1463 1869 1565 1903 referre
1579 1876 1709 1909 sufficiat;
1725 1885 1759 1904 ne
1782 1877 1808 1904 si

1013 1918 1131 1952 qualiter
1142 1919 1213 1946 facta
1228 1920 1333 1956 singula
1349 1928 1398 1955 per
1411 1922 1449 1949 rei
1463 1926 1545 1956 gesta:
1557 1913 1680 1949 ordinem
1702 1922 1805 1950 referre

1014 1964 1212 2000 contendimus,
1234 1965 1372 1993 auditores
1390 1965 1518 1999 fortasse,
1534 1967 1608 2005 quod
1628 1967 1714 2004 absit!
1738 1967 1806 1994 laci-

1012 2008 1085 2036 niosi
1103 2009 1165 2044 styli
1180 2004 1336 2046 prclixitate
1349 2018 1502 2046 gravemus.
1521 2011 1580 2047 ipsa
1603 2019 1709 2047 quoque
1719 2014 1807 2040 mira-

1012 2052 1070 2080 cula
1087 2054 1284 2090 enumerando,
1299 2055 1426 2092 persequi
1442 2059 1540 2083 cuncta
1563 2055 1734 2094 negligimus,
1755 2056 1804 2083 sed

1012 2098 1086 2125 velut
1096 2105 1130 2124 ex
1147 2105 1244 2134 magno
1255 2099 1371 2133 quodam
1381 2098 1491 2127 flumine
1504 2094 1631 2134 cyathum
1646 2100 1804 2137 haurientes

1012 2142 1155 2176 trahimus,
1174 2151 1252 2177 quem
1269 2151 1350 2178 super
1372 2151 1492 2172 mensam
1513 2144 1614 2172 Christi
1635 2144 1804 2172 convivanti-

1011 2188 1061 2215 bus
1071 2188 1214 2215 salubriter
1224 2189 1407 2223 propinemus,
1426 2196 1460 2217 ne
1473 2189 1571 2218 mentis
1584 2190 1740 2228 stomachus
1760 2189 1801 2215 in-

1010 2233 1191 2268 gurgitatione
1212 2234 1332 2268 gravari,
1345 2234 1392 2261 sed
1418 2234 1509 2262 sobrio
1533 2238 1605 2269 potu,
1616 2235 1802 2262 tantummodo

1010 2278 1070 2310 sitis
1084 2278 1170 2313 possit
1187 2278 1298 2306 auferri.
1318 2279 1357 2305 Ad
1381 2279 1433 2306 alia
1448 2279 1530 2314 igitur
1543 2279 1637 2316 adhuc
1648 2272 1811 2316 enarranda

1011 2322 1151 2356 miracula,
1166 2331 1225 2357 quae
1239 2331 1288 2358 per
1302 2324 1427 2351 eumdem
1447 2324 1631 2364 beatissimum
1651 2328 1811 2364 martyrem;

1010 2368 1138 2401 divinitus
1150 2373 1213 2396 sunt
1229 2373 1348 2401 ostensa,
1364 2377 1506 2404 pergamus
1518 2362 1526 2406 ί
1561 2361 1563 2365 ’
1586 2362 1590 2365 ”
1715 2361 1717 2364 ’
1808 2361 1812 2365 ’

1045 2414 1097 2441 Per
1112 2414 1182 2441 idem
1194 2414 1285 2449 itaque
1299 2419 1403 2450 tempus
1419 2415 1462 2441 vir
1474 2415 1583 2451 quidam
1603 2423 1656 2442 non
1681 2415 1810 2453 ferendzn,

1008 2459 1127 2487 vesaniae
1146 2459 1264 2486 crudelis
1286 2464 1314 2486 et
1330 2459 1432 2494 rigidus
1454 2460 1623 2497 pauperculae
1639 2460 1742 2487 mulieri
1765 2461 1810 2496 de:
1847 2462 1849 2464 ’

1008 2504 1050 2531 sui
1070 2502 1139 2537 juris
1161 2511 1225 2539 agro
1252 2497 1404 2532 chartulam
1426 2504 1539 2541 fecerat,
1561 2512 1641 2543 quam
1656 2510 1721 2532 tunc
1734 2512 1799 2532 cum

1006 2548 1097 2584 magni
1112 2548 1323 2587 furoris‘impetu
1336 2550 1533 2577 contumaciter
1543 2550 1711 2585 requirebat;
1726 2550 1809 2583 unde,

1006 2599 1034 2621 et
1048 2594 1144 2621 b0vem
1158 2594 1220 2626 sibi,
1232 2598 1257 2621 et
1271 2602 1353 2631 unam‘
1363 2594 1480 2622 securim
1492 2594 1624 2622 violenter
1634 2594 1797 2627 abstulerat,

1008 2640 1091 2669 robur
1104 2640 1229 2668 videlicet
1239 2641 1394 2668 domestica:
1405 2640 1540 2674 facultatis
1548 2644 1575 2667 et
1585 2646 1660 2674 spem
1674 2639 1797 2674 regenda:
1807 2668 1810 2674 λ

1008 2685 1125 2712 familiae.
1141 2686 1217 2719 Quod
1228 2686 1273 2712 illa
1288 2693 1343 2720 pra:
1355 2686 1447 2713 dolore
1461 2693 1518 2717 non
1534 2683 1625 2713 ferens
1644 2692 1705 2712 cum
1728 2691 1795 2712 ron-

1006 2731 1127 2758 tribulati
1150 2731 1331 2759 amaritudine
1342 2731 1458 2766 ,spiritus
1480 2731 1623 2759 ecclesiam
1644 2730 1674 2757 Β.
1694 2729 1796 2756 Bullini

1005 2775 1165 2804 festinanter
1172 2777 1331 2812 ingreditur,
1342 2781 1405 2804 ante
1418 2776 1504 2804 altare
1512 2775 1694 2810 prosternitur
1703 2774 1794 2809 182,

1005 2828 1084 2858 atque
1098 2829 1127 2851 ut
1147 2824 1197 2851 sibi
1218 2823 1243 2850 in
1259 2827 1339 2851 tantae
1352 2824 1516 2852 calamitatis
1538 2823 1654 2850 articulo
1666 2821 1792 2849 subveni-
