4070 6198
313 285 411 342 697

1714 275 1944 334 SERMO
1984 233 2216 340 xXxva

3463 281 3568 337 698

313 405 398 453 ret
439 392 865 465 lacrymahiliter
923 391 1260 461 deprecatur.
1315 390 1454 457 Quid
1499 390 1684 460 plura?
1733 391 1896 445 Adest
1927 395 1969 450 A
2001 391 2125 455 loci,
2154 405 2312 462 quem
2360 389 2622 455 incolunt,
2674 389 2910 446 lnsulani
2939 404 3218 460 vocantur,
3267 388 3383 460 ipso
3423 407 3565 460 prte-

316 486 533 541 tandem
561 484 742 548 divina
789 480 1182 545 misericordia,
1223 491 1278 534 ct
1304 495 1427 534 mox
1460 489 1518 534 ut
1558 480 1626 533 ab
1654 479 1900 534 oratione

315 575 613 640 consurgit,
640 571 825 640 jacere
861 573 915 624 in
945 570 1255 640 pavimento
1305 569 1538 623 securim
1572 583 1722 622 suam
1773 578 1899 622 ante

318 665 480 735 pedes
515 663 745 737 attonita
797 660 1083 730 conspicit.
1124 659 1272 714 lllico
1314 674 1518 714 mteror
1543 660 1800 713 nimirum
1844 659 1897 713 in

317 754 558 810 lzetitiam
602 751 853 815 vertitur,
885 759 940 817 et
985 751 1143 820 digna
1194 750 1304 803 Deo
1344 749 1641 819 gratiarum
1684 749 1827 802 actio
1869 764 1901 803 a

317 847 530 904 cunctis
597 844 688 914 qui
743 844 994 908 aderant,
1066 840 1395 895 unanimiter
1442 839 1744 894 exhibetur.
1794 838 1900 892 Sed

317 950 450 992 ecce
493 941 678 1004 raptor
701 931 973 1000 negotium
1002 929 1179 983 adhuc
1207 943 1318 982 suae
1343 927 1713 998 perversitatis
1742 942 1898 979 exse-

315 1025 525 1096 quitur,
555 1029 603 1075 et
635 1020 872 1090 pratfatte
892 1017 1126 1083 mulieri,
1155 1017 1258 1072 nisi
1289 1017 1677 1086 monimentum
1704 1015 1902 1069 redde-

319 1123 422 1179 ret,
450 1112 774 1182 supplicium
811 1111 1193 1165 comminatur.
1239 1109 1338 1176 Qui
1365 1118 1543 1163 tamen
1571 1124 1693 1162 mox
1732 1118 1790 1160 ut
1819 1121 1906 1162 se-

320 1205 493 1261 curim
524 1213 632 1257 tam
663 1201 985 1257 mirabiliter
1018 1201 1284 1256 redditam
1325 1199 1534 1264 didicit,
1562 1197 1822 1254 confusus
1849 1205 1904 1252 et

319 1295 678 1366 stupefactus,
709 1294 948 1364 expavit,
986 1293 1178 1348 bovem
1221 1292 1473 1356 reddidit,
1529 1289 1904 1361 paenitentiam

319 1388 450 1460 egit,
479 1396 641 1455 atque
675 1400 890 1441 omnem
921 1384 1221 1454 querelam,
1251 1397 1413 1452 quam
1448 1391 1671 1437 eatenus
1709 1382 1902 1435 adver-

321 1492 417 1532 sus
463 1491 584 1546 eam
614 1474 904 1540 habuerat,
940 1474 1125 1528 sedata
1155 1473 1321 1526 animi
1352 1473 1568 1526 feritate
1601 1469 1818 1540 sopivit.

391 1566 664 1622 Praeterea
693 1562 976 1628 duodecim
1007 1561 1157 1618 fures
1199 1562 1429 1616 invicem
1457 1559 1827 1632 conspirantes
1853 1558 1906 1620 in

325 1659 546 1713 domum
577 1655 857 1726 cujusdam
918 1653 1105 1709 rustici
1153 1653 1424 1709 hostiliter
1464 1653 1754 1716 irruerunt.
1801 1649 1905 1717 Qui

2000 481 2162 538 clarae
2203 481 2360 556 183
2407 480 2716 536 festivitatis
2750 481 2838 534 die
2871 481 3234 536 irreverenter
3262 482 3568 546 abutentes,

2001 583 2283 642 cmperunt
2313 589 2434 628 cum
2467 573 2579 628 suis
2611 573 2941 628 mulierculis
2983 559 3090 628 non
3129 576 3289 629 modo
3318 575 3572 638 textrinis

1999 665 2254 734 Operibus
2279 666 2534 720 audacter
2577 666 2852 730 insistere,
2883 681 3069 723 verum
3100 667 3264 728 etiam
3295 669 3570 724 ruralibus

1999 753 2274 808 exercitiis
2304 754 2526 808 liberius
2547 755 2817 816 insudare.
2844 755 2949 809 Sed
2973 757 3220 824 protinus
3249 757 3301 814 in
3329 773 3422 816 eos
3445 775 3571 814 sen-

2003 843 2166 896 tentia
2194 843 2389 897 divinaz
2420 845 2904 902 animadversionis
2932 846 3234 912 ulciscitur,
3270 858 3325 902 et
3350 848 3577 918 ﬂagellis

2001 934 2198 988 eruditi
2230 935 2296 988 ad
2328 950 2422 989 cor
2451 937 2694 997 redeunt,
2737 936 2828 1004 qui
2860 951 2954 996 cor
2978 937 3184 995 habere
3215 939 3268 993 in
3296 941 3576 1009 prosperi-

2005 1035 2113 1081 tate
2143 1026 2452 1082 noluerunt.
2484 1025 2555 1081 Ut
2577 1026 2657 1082 eis
2699 1027 2978 1095 aptissime
3002 1042 3304 1098 congruere
3333 1030 3580 1084 videatur

2003 1117 2144 1188 quod
2173 1133 2270 1188 per
2298 1119 2614 1186 prophetam
2659 1117 2856 1178 dicitur
2893 1135 2906 1171 :
2935 1139 2978 1176 ,ι
3007 1117 3221 1184 Redite,
3253 1119 3574 1188 prazvaricao

2004 1217 2168 1275 tores,
2197 1209 2266 1262 ad
2307 1223 2400 1263 cor
2431 1208 2566 1277 (Ira.
2603 1207 2770 1278 XLVI).
2823 1225 2843 1260 ›
2878 1207 3016 1264 lllud
3040 1208 3247 1266 etiam:
3279 1228 3296 1260 ‹
3326 1209 3392 1264 Ει
3432 1224 3580 1268 nunc

2004 1300 2145 1370 ignis
2170 1298 2520 1357 adversarius.
2545 1299 2836 1360 consumit.
2868 1317 2888 1349 ι
2922 1297 3066 1357 Νδηι
3098 1313 3252 1354 casas
3276 1313 3463 1354 eorum
3491 1313 3582 1352 req

2003 1397 2166 1458 pente
2213 1386 2427 1450 ﬂamma
2470 1389 2772 1456 corripuit,
2814 1396 2872 1448 et
2911 1402 3018 1444 non
3060 1388 3234 1446 solum
3285 1389 3586 1444 domestica

2004 1477 2369 1548 quaeque,sed
2395 1493 2514 1547 quae
2545 1478 2598 1532 in
2627 1478 2774 1548 agris
2812 1487 2987 1541 erant,
3017 1479 3204 1534 omnia
3228 1479 3583 1547 inexstinguis.

2003 1560 2205 1628 bilibus
2233 1563 2444 1633 ignibus
2471 1563 2855 1636 conﬂagravit;
2893 1565 3028 1623 adeo
3057 1576 3126 1626 ut.
3149 1566 3391 1623 infelices
3416 1569 3495 1622 illi
3527 1570 3584 1624 in

2005 1658 2261 1720 extremis,
2275 1656 2390 1725 jam
2401 1656 2655 1726 periculis
2670 1659 2974 1723 constituti,
2993 1657 3061 1712 ad
3073 1658 3585 1714 annemhincinde

324 1749 556 1820 ligantes
583 1723 717 1816 eum
735 1745 935 1816 primo,
965 1745 1160 1801 deinde
1208 1745 1376 1810 boves
1410 1752 1466 1798 et
1491 1752 1686 1799 caetera
1707 1743 1900 1800 domus
1932 1723 1974 1780 Β
2008 1723 2499 1816 οοιιαυει-ονηιβιίη
2517 1749 3172 1820 εβευηιμιιςῖιίεωηωη
3191 1758 3418 1806 accensa
3438 1765 3589 1821 qua,

321 1835 580 1894 animalia
617 1833 934 1905 diripientes
974 1835 1220 1904 protinus
1252 1832 1518 1897 abierunt.
1547 1831 1772 1892 .lnterea
1817 1845 1904 1881 ru-

323 1925 500 1980 sticus
535 1922 961 1993 lacrymabiliter
989 1921 1414 1986 vociferabatur,
1441 1928 1497 1984 et
1537 1917 1904 1989 gemebundus

324 2014 509 2068 aiebat
548 2031 561 2066 :
613 2011 750 2077 Heu,
781 2019 972 2079 sancte
1010 2009 1237 2076 Ruﬂine,
1285 2009 1466 2079 aspice
1506 2008 1786 2074 miserum,
1822 2020 1908 2060 re-

324 2104 444 2160 leva
482 2103 793 2159 calamitate
819 2083 1161 2172 depressum;
1192 2116 1293 2156 nec
1320 2100 1525 2169 placeat
1553 2098 1649 2153 tibi
1682 2107 1752 2156 ut.
1770 2112 1902 2166 prae-

324 2195 497 2250 dones
537 2201 593 2247 et
611 2191 927 2261 nequissimi
972 2191 1220 2246 homines
1254 2205 1387 2244 mete
1420 2186 1749 2242 facultatulae
1777 2201 1912 2256 pau-.

325 2295 541 2360 pertate
561 2287 818 2340 ditentur.
867 2283 949 2338 Ad
996 2285 1138 2337 hanc
1184 2282 1347 2351 igitur
1390 2294 1596 2342 vocem,
1626 2278 1763 2336 mira
1791 2277 1906 2332 res!

327 2392 452 2434 cum
476 2375 590 2447 jam
622 2382 870 2444 raptores
893 2371 1144 2426 animalia
1183 2378 1591 2440 prosequentes,
1623 2366 1913 2434 duodecim,

325 2451 600 2518 milli'ariis
651 2461 768 2515 fere
821 2459 1170 2520 transmissis,
1215 2457 1399 2525 procul
1454 2455 1733 2519 abiissent,
1785 2467 1912 2508 ecce

326 2563 543 2613 omnes,
577 2548 667 2617 qui
700 2547 896 2616 direpti
923 2545 1159 2610 fuerant,
1187 2559 1397 2614 greges,
1449 2542 1691 2597 balantes
1716 2549 1768 2596 et
1789 2533 1910 2595 mti-

329 2637 546 2708 gientes
574 2642 888 2698 accurrunt,
917 2641 970 2687 et
995 2634 1136 2686 intra
1166 2632 1347 2686 caulas
1370 2644 1428 2684 se
1454 2629 1615 2683 solito
1647 2644 1797 2682 more
1824 2643 1916 2691 re,-

328 2727 558 2796 cipiunt.
605 2724 805 2794 Sicque
841 2723 1044 2777 factum
1072 2731 1157 2776 est
1208 2730 1267 2774 ut
1295 2719 1392 2783 illi,
1436 2733 1555 2788 quae
1584 2733 1696 2788 prae
1736 2717 1914 2772 mani-

328 2811 434 2871 bus
453 2815 654 2870 habere
678 2814 1018 2877 videbantur,
1035 2819 1255 2881 repente
1275 2809 1481 2864 sublata
1506 2811 1916 2878 congemerent;

327 2915 388 2961 et
413 2905 534 2967 iste,
567 2917 686 2973 quae
726 2899 974 2965 deﬂebat,
1003 2901 1203 2955 amissa
1231 2898 1518 2966 recipiens,
1555 2897 1730 2952 versis
1768 2903 1920 2950 utro-

329 2997 500 3076 bique
523 2994 738 3049 vicibus
759 2993 1074 3047 exsultaret.
1111 2990 1254 3045 Visis
1283 2988 1466 3058 itaque
1503 2995 1583 3042 tot
1608 2986 1914 3049 virtutibus,

2008 1854 2113 1909 que
2129 1840 2421 1909 iactarent.
2453 1838 2563 1898 Sed
2590 1851 2651 1896 ut
2683 1842 2964 1911 perspicue
2989 1842 3317 1911 probaretur
3343 1843 3445 1898 hoc
3472 1859 3583 1899 non

2010 1943 2218 1993 casum,
2266 1937 2359 1984 sed
2391 1931 2564 1984 divini
2604 1931 2808 1987 furoris
2845 1947 2965 1987 esse
3005 1935 3288 2001 indicium,
3319 1933 3586 2004 quidquid

2015 2019 2386 2090 mergebatur,
2413 2021 2685 2095 exsﬁngui
2720 2037 2825 2075 non
2857 2031 3094 2090 poterat.

2077 2102 2210 2156 Miro
2237 2101 2420 2170 itaque
2449 2099 2956 2155 modoelementum
2988 2097 3118 2152 illud
3157 2097 3302 2152 vires
3330 2097 3413 2152 sui
3449 2096 3590 2166 juris

2006 2201 2060 2246 et
2087 2190 2280 2260 partim
2311 2189 2528 2254 tenebat
2556 2197 2612 2242 et
2645 2203 2710 2241 ex
2747 2195 2903 2256 parte
2928 2186 3256 2255 perdiderat.
3280 2185 3415 2240 Nam
3437 2195 3491 2240 et
3522 2179 3589 2240 li;

2007 2280 2167 2350 quida
2197 2287 2316 2333 erat
2345 2287 2503 2347 aqda,
2555 2286 2613 2332 ut
2657 2277 2910 2331 immersa
2960 2290 3186 2345 quaeque
3233 2275 3398 2333 ﬂuctu
3436 2275 3590 2328 dehi-

2009 2378 2195 2424 scente
2227 2369 2519 2438 reciperet,
2552 2376 2606 2422 et
2634 2366 3030 2436 quodammodo
3061 2365 3278 2420 humida
3308 2380 3414 2419 non
3450 2373 3589 2430 erat,

2013 2467 2071 2512 ut
2102 2458 2348 2511 ardent-ia
2395 2457 2742 2528 exstinguere
2785 2466 2986 2524 posset.
3028 2455 3133 2510 Sed
3174 2455 3304 2524 quid
3353 2456 3594 2511 minimis

2017 2542 2300 2612 immoror,
2327 2562 2462 2601 eum.
2501 2556 2557 2600 et
2598 2547 2712 2615 ipsa
2759 2547 3037 2602 hominum
3085 2547 3328 2598 membra
3375 2544 3594 2598 flamma

2012 2639 2301 2708 prosiliens
2349 2639 2714 2706 occupaverit,
2764 2645 2819 2691 et
2859 2634 3237 2689 exstinctionis
3286 2635 3587 2689 remedium

2014 2727 2277 2793 invenire,
2309 2742 2630 2796 quocunque
2679 2741 2752 2781 se.
2789 2731 3098 2788 verterent,
3147 2737 3254 2778 non
3307 2721 3595 2776 valerent?

2016 2815 2258 2871 Tandem
2294 2816 2532 2878 ustulati,
2570 2815 2822 2884 fumigati
2847 2814 2981 2876 etin
3009 2814 3228 2870 modum
3261 2813 3598 2870 torriscom-

2017 2905 2183 2970 busti,
2211 2919 2332 2959 cum
2363 2906 2578 2975 magnis
2610 2905 2909 2964 ululatuum
2939 2903 3264 2960 stridoribus
3287 2902 3352 2956 ad
3380 2901 3438 2954 Β.
3470 2901 3598 2955 [tuf-

2019 2993 2112 3046 ﬁni
2143 2994 2315 3046 altare
2339 2993 2674 3064 confugiunt,
2708 2980 3093 3062 indulgentiam
3123 3000 3334 3061 petunt,
3363 3001 3415 3046 et
3451 3008 3599 3046 com-

330 3069 393 3145 et
436 3089 548 3142 tam
593 3085 930 3141 evidentibus
981 3081 1365 3136 miraculorum
1396 3078 1584 3148 signis,
1629 3077 1918 3146 pmdictus
1941 3063 1991 3128 ο
2020 3084 2168 3138 missi
2201 3083 2394 3152 piaculi
2422 3083 2853 3138 emendationem
2880 3083 2946 3137 de
2976 3091 3172 3136 caetero
3202 3097 3297 3150 per
3330 3080 3620 3149 pmnitenr

332 3177 455 3247 Ugo
483 3161 808 3230 venerabilis
837 3171 1077 3239 ejusdem
1102 3171 1244 3224 sedis
1272 3169 1515 3231 antistes,
1539 3167 1606 3221 de
1627 3160 1795 3236 parva
1818 3167 1917 3220 ba-

332 3267 493 3321 silica
529 3265 582 3318 in
615 3277 719 3333 qua
757 3270 1002 3316 sanctum
1031 3273 1226 3328 corpus
1251 3257 1428 3312 fuerat
1471 3266 1595 3309 ante
1625 3263 1915 3324 receptum,

333 3369 590 3425 magnam
621 3352 925 3408 construxit
953 3350 1256 3412 ecclesiam,
1287 3357 1343 3402 et
1379 3347 1536 3416 juxta
1586 3343 1917 3413 possibilita-

339 3459 451 3503 tem
481 3456 726 3516 sumptus
752 3461 857 3499 non
886 3444 1194 3514 ignobiliter
1215 3443 1508 3499 decoravit.
1545 3438 1748 3493 Deinde
1775 3437 1919 3492 beati

337 3538 605 3607 martyris
647 3551 845 3604 corpus
904 3535 957 3588 in
999 3534 1153 3588 alveo
1196 3534 1286 3602 qui
1339 3531 1650 3586 certaminis
1699 3529 1922 3584 materia

340 3629 541 3690 fuerat,
588 3625 848 3689 condidit,
897 3633 952 3678 et
996 3640 1117 3682 cum
1163 3639 1351 3694 magna
1395 3622 1559 3676 totius
1604 3621 1924 3675 dimcesana:

341 3718 522 3789 plebis
549 3715 847 3785 frequentia
881 3715 1050 3770 altare
1088 3713 1318 3784 desuper
1347 3712 1707 3767 consecravit.
1754 3711 1925 3766 Porro

339 3818 526 3864 autem
556 3806 743 3878 quanti
794 3807 905 3861 illic
933 3806 1186 3875 deinceps
1221 3805 1347 3860 caeci
1374 3803 1575 3858 fuerint
1604 3801 1921 3867 illuminati,

344 3898 536 3968 quanti
552 3913 589 3950 .a
615 3897 947 3968 daemonibus
967 3896 1162 3967 erepti,
1193 3896 1378 3964 quanti
1409 3910 1474 3948 ex
1506 3895 1670 3954 variis
1705 3894 1926 3964 languo-,

348 3985 507 4039 ribus
531 3984 764 4050 liberati,
835 3984 1146 4054 perlongum
1175 3992 1260 4040 est
1296 3984 1380 4038 vel
1422 3983 1664 4052 apicibus
1693 3985 1924 4049 tradere,

343 4073 434 4128 vel
464 4088 716 4128 sermone
753 4072 1015 4142 proferre.

417 4160 518 4216 (iis
545 4162 621 4216 ita
651 4161 956 4230 transactis,
980 4161 1146 4230 coepit
1177 4175 1283 4215 non
1314 4176 1482 4231 parva
1505 4160 1780 4230 inquisitio
1808 4158 1928 4214 ﬂeri

347 4267 461 4322 quo
495 4252 583 4305 die
642 4248 986 4306 invictissimi
1031 4250 1439 4319 triuntphatoris
1490 4250 1688 4306 Christi
1733 4249 1926 4304 Rufﬂni

348 4343 576 4397 deberet
603 4343 919 4412 martyrium
945 4341 1230 4396 celebrari.
1276 4340 1446 4397 Nullis
1489 4341 1757 4409 siquidem
1785 4339 1928 4410 apud

348 4447 448 4487 eos
474 4430 808 4486 exstantibus
833 4431 1073 4486 historiae
1096 4431 1465 4497 monimentis,
1480 4431 1590 4484 sola
1603 4438 1759 4484 erant
1784 4438 1930 4482 eate-

353 4533 513 4577 tenus
535 4537 727 4576 annua:
753 4521 1110 4576 dedicationis
1134 4521 1474 4588 solemnitate
1504 4518 1761 4574 contenti.
1786 4518 1930 4574 Tan-

349 4613 476 4667 dem
493 4621 712 4665 auctore
734 4610 844 4666 Deo
871 4607 1080 4680 reperta
1109 4611 1374 4680 passionis
1389 4611 1616 4666 historia
1633 4610 1932 4672 constituit

353 4699 673 4775 venerabilis
698 4699 958 4767 pontifex,
995 4699 1149 4767 juxta
1198 4709 1440 4753 tenorem
1486 4698 1736 4752 videlicet
1769 4711 1929 4766 quem

353 4791 550 4846 littera:
577 4791 936 4855 testabantur,
972 4799 1030 4843 ut
1052 4790 1220 4862 tertio
1249 4789 1513 4857 Kalendas
1540 4787 1765 4858 Augusti
1783 4787 1927 4856 ejus-

351 4879 482 4936 dem
513 4879 734 4952 gloriosi
755 4881 1010 4952 martyris
1051 4877 1318 4950 festivitas
1350 4880 1640 4934 coleretur.
1685 4877 1755 4932 At
1797 4895 1930 4932 non-

353 4968 489 5024 nulli
528 4970 805 5041 adVersus
836 4969 1142 5038 episcopum
1192 4969 1405 5023 invidiae
1453 4969 1661 5024 facibus
1695 4968 1926 5034 accensi,

355 5066 415 5113 et
441 5059 674 5132 vesania:
700 5053 895 5128 spiritu
926 5056 1340 5126 lmpl'acabiliter
1367 5058 1594 5124 incitati,
1640 5058 1930 5111 tumultua-

353 5149 576 5212 bantur,
603 5162 890 5202 onerosum
921 5161 1039 5202 esse
1065 5148 1330 5211 dicentes,
1365 5147 1620 5216 populum
1649 5149 1950 5217 geminatis,

356 5235 523 5290 unius
550 5235 725 5296 sancti
745 5234 1190 5302 solemnitatibus
1229 5233 1437 5298 feriari,
1475 5233 1934 5302 superstitiosum-

357 5339 468 5393 que
497 5339 617 5378 esse
668 5323 973 5378 domesticis
1003 5325 1329 5401 adinventas
1368 5324 1559 5378 studiis
1614 5323 1936 5379 festivitates

356 5412 573 5466 noviter
602 5412 888 5478 introduci,
929 5413 994 5466 ad
1025 5427 1312 5478 summam,
1357 5427 1464 5466 non
1495 5412 1811 5466 fabricatum
1837 5413 1939 5467 hoc

356 5504 641 5573 religionis
691 5519 894 5571 amore,
931 5505 1026 5560 sed
1074 5507 1265 5561 ardore
1314 5507 1574 5576 pecunize.
1621 5507 1935 5566 Praesertim

362 5609 548 5680 autem
581 5600 807 5674 quidam
855 5600 1092 5669 protervi
1134 5600 1407 5663 homines,
1458 5599 1549 5667 qui
1600 5616 1628 5653 a
1678 5600 1936 5654 vocabulo

2025 3175 2154 3228 tiam
2179 3175 2518 3244 pollicentur.
2549 3173 2806 3229 Precibus
2832 3173 2994 3243 igitur
3019 3171 3316 3228 beatissimi
3343 3170 3599 3239 martyris

2019 3266 2086 3319 ab
2114 3265 2346 3319 incendii
2376 3265 2651 3319 doloribus
2679 3263 2912 3326 liberati,
2947 3261 3245 3326 incolumes
3273 3260 3341 3312 ad
3377 3261 3594 3326 propria

2020 3365 2147 3411 sunt
2191 3356 2416 3411 reversi.
2462 3355 2544 3409 Ab
2591 3355 2684 3409 illo
2734 3355 2913 3422 itaque
2955 3363 3194 3422 tempore
3243 3350 3446 3417 absque
3493 3348 3600 3401 ullo

2019 3447 2385 3501 cunctationis
2410 3444 2690 3500 obstaculo
2715 3443 2776 3497 B.
2810 3442 3016 3497 'Ruﬂini
3041 3440 3358 3510 martyrium
3383 3437 3600 3501 colitur,

2021 3537 2182 3590 etdie
2221 3552 2381 3606 quam
2412 3536 2780 3606 praediximus,
2815 3549 2937 3588 cum
2967 3547 3175 3602 magnae
3201 3530 3501 3586 devotionis
3525 3529 3600 3584 iu-

2024 3631 2223 3694 stantia
2251 3632 2317 3686 ad
2347 3631 2464 3700 ejus
2493 3627 2779 3683 ecclesiam
2819 3642 2849 3680 a
2886 3622 3367 3699 populisundique
3395 3637 3594 3677 conve-

2024 3727 2190 3782 nitur.
2294 3716 2300 3722 ’

2096 3813 2229 3876 lllud
2276 3822 2490 3878 quoque
2537 3806 2971 3877 prtetereundum
3019 3818 3140 3858 esse
3191 3817 3310 3856 non.
3346 3800 3604 3867 arbitror,

2026 3885 2167 3975 quod
2189 3901 2291 3956 viri
2326 3885 2546 3969 quidam
2584 3899 2788 3953 trabem
2820 3898 2884 3951 de
2909 3895 3043 3950 silva
3069 3909 3306 3964 Operosa
3327 3893 3606 3949 exercitiis

2027 3995 2312 4064 levigatam
2333 3990 2400 4045 ad
2422 3988 2480 4042 Β.
2507 3985 2700 4041 Ruﬂ‘mi
2717 3995 2931 4040 vectare
2945 3984 3228 4040 ecclesiam
3242 3983 3606 4045 conabantur,

2027 4070 2222 4154 quibus
2275 4080 2530 4134 nimirum
2581 4078 2798 4147 quidam
2854 4076 3236 4134 Perusinorum
3297 4073 3608 4129 violentiam

2029 4175 2335 4242 ingerentes
2365 4169 2569 4238 lignum
2601 4166 2868 4222 hostiliter
2914 4172 3277 4220 extorserunt.
3330 4163 3437 4218 Sed
3483 4179 3610 4218 cum

2030 4271 2274 4330 raptores
2321 4260 2574 4318 arborem
2622 4255 2999 4312 instantissimi
3053 4261 3280 4308 conatus
3331 4251 3609 4306 anxietate

2029 4346 2566 4421 pertraherent,jam
2597 4345 2712 4414 jam
2739 4343 3013 4402 Perusinis
3042 4342 3312 4395 moenibus
3361 4356 3470 4394 uno
3519 4340 3609 4397 vix

2032 4439 2412 4507 interjacente.
2435 4428 2686 4498 milliario
2731 4433 3027 4501 pr0pinqua
3038 4438 3175 4492 rent,
3196 4439 3431 4498 .repente
3460 4429 3610 4482 vehi~

2031 4528 2212 4596 culum
2244 4525 2424 4592 haesit,
2460 4523 2726 4591 nullisque
2755 4521 2955 4574 virium.
2979 4519 3185 4574 nisibus
3226 4518 3426 4586 impelli
3475 4517 3609 4570 ulte-

2031 4619 2146 4671 rius
2199 4615 2390 4685 potuit.
2438 4614 2646 4670 Interea
2699 4610 2936 4679 contigui
2985 4609 3188 4677 quique
3242 4609 3488 4662 homines
3539 4607 3609 4660 ad

2034 4688 2290 4766 auxilium
2317 4701 2614 4769 conﬂuunt,
2659 4716 2766 4754 non
2811 4699 2965 4766 pauci
2999 4699 3161 4756 etiam
3207 4697 3408 4768 jugarii
3439 4696 3610 4751 boves

2035 4797 2339 4859 adduntur-
2367 4792 2632 4858 Ordinant
2670 4785 2976 4858 diligentius
3020 4789 3350 4851 machinam,
3379 4787 3610 4841 invicem

2033 4884 2410 4950 exhortantur,
2447 4881 2499 4934 in
2537 4880 2700 4934 robur
2724 4893 2781 4933 se
2810 4878 3091 4948 colligunt,
3114 4889 3305 4930 armos.
3324 4873 3608 4944 objiciunt,

2033 4973 2399 5032 vociferanter.
2453 4971 2770 5040 impingunt,
2824 4968 3028 5038 lignum
3095 4979 3272 5025 tamen
3340 4964 3613 5020 immobile

2039 5073 2336 5137 permanet,
2367 5078 2430 5115 ac
2455 5062 2500 5115 si
2533 5062 2696 5114 fixum
2738 5060 3008 5114 radicibus
3039 5065 3333 5112 teneretur.
3385 5056 3610 5108 Demunt

2040 5153 2295 5223 magistra
2329 5151 2646 5216 necessitas
2692 5149 2875 5208 docuit
2923 5148 3072 5217 quod,
3130 5161 3272 5204 caeca
3330 5145 3615 5202 hominum.

2025 5241 2280 5312 'pravitas
2303 5239 2600 5309 ignorabat.
2629 5238 2777 5294 Mens
2827 5252 3061 5306 namque
3090 5252 3276 5291 eorum
3301 5235 3610 5305 perpetrati

2035 5330 2275 5386 criminis
2303 5328 2541 5392 conscia,
2575 5327 2700 5381 licet
2728 5342 2869 5391 sero,
2905 5327 3104 5396 liquido
3141 5327 3391 5395 cognovit
3431 5325 3558 5398 quia
3589 5365 3604 5388 .

2037 5420 2126 5488 qui
2156 5420 2219 5474 de
2256 5419 2398 5474 beati
2430 5416 2685 5486 martyris
2715 5417 3016 5470 substantia
3059 5414 3612 5485 rapinanrfecerant,

2039 5508 2236 5561 merito
2283 5507 2387 5566 illis
2433 5506 2613 5560 divina
2656 5505 2830 5559 virttis
2876 5503 3145 5559 obstabat.
3189 5502 3390 5556 Mutato
3424 5503 3605 5570 itaque

2042 5605 2260 5666 repente
2298 5595 2545 5659 consilio,
2589 5596 2850 5650 Assisiunt
2897 5609 3084 5648 versus
3129 5595 3270 5648 illico
3307 5594 3609 5650 vehiculum
