4070 6198
393 337 499 395 699

993 329 1050 391 S.
1090 333 1293 390 P:.TRI
1337 331 1615 388 DAMIANI
1643 322 1794 387 OPP.
1836 328 2015 384 PARS
2051 329 2181 386 SEU
2224 329 2460 387 TOMUS
2485 329 2548 384 11.
2576 355 2649 370 --
2685 322 3069 384 SERMONES.

3410 323 3584 378 '700

393 452 655 521 dirigunt,
689 454 762 513 et,
792 444 1123 502 accelerandi
1164 444 1416 499 facultate
1444 450 1717 511 percepta,
1761 439 1962 495 beatis-
1990 447 2042 504 Α
2068 441 2369 503 antecedat,
2400 455 2465 494 ne
2487 439 2613 492 dum
2651 437 2785 491 alios
2804 437 2869 490 ad
2892 435 3095 497 bellum,
3125 432 3397 503 impellere
3418 432 3638 497 nititur,

394 540 532 596 simo
580 537 824 608 martyri,
874 536 1018 604 quod
1054 534 1285 603 superbe
1324 540 1635 602 rapuerant,
1685 528 1964 583 humiliter

360 662 373 675 κ
398 630 645 686 reddunt.

465 721 702 788 Agamus
730 716 894 787 Igitur
918 712 1135 769 Christo
1161 709 1428 766 Salvatori
1455 718 1642 764 nostro
1667 706 1883 779 gratias,
1911 714 1967 763 et

395 812 555 880 digna
587 805 804 861 laudum
840 803 1111 873 praeconia
1146 800 1465 865 referamus,
1493 799 1604 868 qui.
1642 798 1768 852 dum
1806 794 1967 868 185.

395 914 492 970 per
517 898 664 951 cives
708 909 958 963 superna
987 890 1321 947 llierusalem
1354 889 1482 943 talia
1526 888 1679 942 nobis
1706 886 1966 941 beneficia

394 992 683 1056 prarogat,
714 992 971 1050 tanquam
999 996 1095 1049 per
1121 979 1345 1049 exiguas
1376 977 1545 1053 micas
1574 991 1639 1030 ac
1684 984 1873 1028 tenues
1902 972 1968 1026 ad

394 1075 612 1145 plenum
642 1087 742 1126 nos
787 1070 1096 1126 convivium
1147 1082 1346 1122 mensa
1384 1066 1623 1121 caelestis
1652 1064 1884 1127 invitat;
1916 1070 1972 1116 et

397 1170 524 1223 dmn
562 1166 680 1221 illos
703 1165 817 1233 jam
856 1173 977 1234 post
1021 1162 1257 1217 laborem
1309 1160 1649 1229 quiescentes
1698 1156 1750 1209 in
1797 1155 1971 1225 patria

396 1257 630 1310 ubertim
666 1255 847 1318 satiat,
882 1267 978 1305 nos
1027 1250 1191 1305 etiam
1222 1249 1277 1303 in
1326 1246 1484 1316 hujus
1522 1242 1973 1315 peregrinationis

398 1346 595 1400 itinere
620 1344 772 1413 quasi
802 1342 1128 1413 quibusdam
1152 1339 1395 1393 ciborum
1434 1336 1673 1404 reliquiis
1703 1344 1976 1401 utcunque

399 1445 691 1499 sasteutat;
725 1434 832 1488 imo
856 1432 947 1501 qui
978 1430 1099 1485 illos
1136 1428 1309 1484 solido
1334 1442 1445 1482 sua
1473 1424 1700 1480 visionis
1728 1424 1853 1479 cibo
1895 1436 1979 1477 re-

2064 529 2181 599 ipse
2202 526 2451 598 degeneri
2473 525 2720 596 corporis
2731 524 2842 580 otio
2862 539 2956 594 per
2977 522 3358 594 negligentiam
3379 522 3640 577 dissolva-

2066 627 2175 683 tur,
2216 619 2354 673 sicut
2385 617 2452 672 de
2497 615 2817 686 quibusdam
2842 628 3031 684 magna
3072 611 3515 682 praedicantibus,
3542 611 3641 667 sed

2066 708 2334 764 desidiose
2362 706 2687 771 viventibus,
2719 720 2814 775 per
2850 704 3174 775 Prophetam
3202 704 3425 758 dicitur:
3462 721 3480 754 ι
3515 701 3648 757 Filii

2066 799 2300 870 Ephrem
2344 799 2682 854 intendentcs
2732 812 2941 861 arcum,
2995 804 3051 851 et
3098 796 3372 850 mittentes
3417 795 3645 867 sagittas

2068 906 2214 955 suas,
2247 889 2496 945 conversi
2526 897 2656 943 sunt
2681 887 2733 941 in
2758 887 2844 941 die
2871 886 2994 940 belli
3017 884 3192 957 (Psal.
3221 886 3451 955 Lxxvn).
3491 905 3511 938 ι
3538 884 3640 952 Qui

2067 979 2212 1033 enim
2270 979 2529 1033 adversus
2566 978 2821 1031 vitiorum
2866 977 3188 1031 tentationes
3236 976 3303 1030 ad
3340 974 3643 1029 conﬂictum
3732 1016 3739 1020 .

2071 1068 2207 1122 alios
2237 1076 2549 1137 provocant,
2581 1067 2677 1121 sed
2710 1065 2998 1136 conﬂigere
3045 1065 3143 1134 ipsi
3174 1065 3273 1120 sub
3305 1065 3523 1134 ignobili
3552 1063 3646 1117 de-

2071 1156 2224 1211 sidia
2254 1156 2515 1226 languore
2548 1155 2870 1218 detrectant,
2911 1155 2964 1209 hi
2991 1155 3244 1209 nimirum
3272 1154 3497 1224 sagittas
3526 1154 3648 1222 qui-

2074 1247 2194 1302 dem
2225 1247 2483 1317 dirigunt,
2510 1246 2606 1301 sed
2632 1255 2754 1316 post
2794 1256 2942 1315 terga
2985 1246 3229 1300 conversi
3267 1256 3650 1300 consummata:

2074 1337 2318 1391 victoria:
2374 1336 2560 1391 titulos
2608 1352 2713 1390 non
2777 1342 3072 1390 merentur.
3156 1333 3268 1388 Nec
3307 1335 3388 1388 eis
3433 1335 3651 1403 prodest

2076 1426 2218 1496 quod
2248 1426 2386 1480 bene
2410 1433 2710 1495 caperant,
2739 1425 2865 1494 quia
2897 1439 3003 1479 non
3030 1439 3203 1494 usque
3236 1424 3302 1477 ad
3351 1424 3512 1478 finem
3541 1439 3652 1478 ma-

400 1523 537 1587 ﬁcit,
562 1522 797 1591 quodam
832 1534 932 1574 nos
960 1519 1237 1589 signorum
1287 1531 1508 1571 suorum
1548 1513 1686 1568 lacte
1717 1522 1977 1581 tanquam

2092 1517 2406 1587 gnanimiter
2455 1525 2824 1593 perseverant.
2878 1514 3034 1570 Unde
3067 1516 3215 1570 etde
3276 1514 3381 1569 illis
3408 1515 3658 1584 protinus

400 1612 654 1681 parvulos
683 1610 877 1677 nutrit,
914 1609 1086 1663 donec
1113 1620 1466 1661 occurramus
1486 1617 1675 1657 omnes
1719 1602 1773 1656 in
1803 1602 1979 1654 virum

2092 1609 2355 1678 sequitur:
2394 1626 2414 1659 ‹
2452 1607 2570 1663 Νοη
2618 1607 2990 1662 custodierunt
3036 1612 3420 1660 testamentum
3464 1604 3653 1667 Dei,et

400 1700 702 1772 perfectum
734 1698 789 1752 in
840 1710 1151 1752 mensuram
1200 1694 1376 1748 atatis
1428 1689 1775 1761 plenitudinis
1820 1687 1978 1743 Chri-

2092 1699 2135 1752 in
2162 1698 2278 1768 lege
2300 1696 2416 1767 ejus
2459 1698 2753 1752 noluerunt
2801 1695 3080 1750 ambulare
3122 1694 3309 1765 (fbid.)
3352 1713 3372 1747 ι
3401 1693 3481 1748 Ac
3503 1694 3549 1748 si
3576 1693 3656 1747 di-

403 1794 471 1848 sti
494 1792 712 1863 (Ephes.
741 1791 839 1862 tv),
869 1790 960 1860 qui
992 1804 1114 1845 cum
1144 1790 1253 1843 Deo
1288 1787 1448 1841 Patre
1473 1794 1529 1840 et
1559 1783 1767 1854 Spiritu
1796 1791 1983 1837 sancto
2016 1795 2056 1851 Β
2084 1798 2231 1844 ceret
2256 1803 2271 1843 :
2322 1788 2692 1858 Susceperunt
2734 1787 2951 1857 quidem
2987 1794 3390 1848 testamentum,
3420 1784 3515 1839 sed
3550 1798 3657 1839 non

405 1883 537 1937 vivit
563 1892 618 1967 e_t
652 1888 843 1953 regnat
870 1880 1011 1935 Deus
1040 1878 1095 1932 in
1129 1877 1329 1933 saecula
1351 1873 1694 1931 saeculorum.
1720 1872 1913 1927 Amen.

962 2064 1389 2130 AUGUSTUS.

651 2167 862 2228 Sermo
888 2162 959 2224 de
982 2164 1045 2225 S.
1075 2162 1386 2241 Stephano
1416 2178 1585 2240 papa
1602 2166 1657 2220 et
1687 2163 1979 2235 martyre.

662 2267 873 2327 Sermo
931 2262 1004 2324 de
1059 2264 1174 2325 SS.
1229 2262 1476 2323 Donato
1526 2266 1581 2321 cl
1641 2256 1984 2320 Hilariano

404 2168 492 2231 ll.

406 2268 517 2328 VI.
557 2290 568 2302 ο

486 2363 891 2443 martyribus.
1678 2426 1683 2431 ,

406 2464 586 2525 Χιιι.
649 2464 859 2523 Sermo
886 2462 958 2522 de
989 2460 1054 2523 S.
1093 2460 1391 2522 Cassiano
1423 2466 1720 2536 martyre.

408 2563 552 2624 XV.
653 2563 864 2623 Sermo
894 2559 968 2621 de
984 2560 1428 2640 Assumptt'onc
1450 2558 1830 2627 Beatissimae
1856 2555 1992 2618 Ma-

494 2662 605 2721 riw
644 2660 946 2739 Virginis.
1688 2708 1691 2715 ,

410 2757 561 2818 XIV
639 2757 848 2816 Sermo
885 2755 923 2815 1
952 2755 1024 2815 de
1078 2755 1142 2816 S.
1179 2754 1634 2815 Bartholomwo
1669 2751 1987 2833 apostolo.

492 2854 700 2914 Sermo
729 2855 807 2914 ΙΙ
832 2853 905 2913 dc
932 2852 1158 2914 eodem.

937 2969 1170 3026 SERMO
1208 2968 1471 3025 XXXVI].
1924 3012 1932 3021 .

498 3074 566 3115 DE
594 3074 799 3116 sane-ro
825 3074 1099 3115 STEPHANO
1127 3077 1257 3114 pars
1278 3076 1346 3114 ετ
1379 3074 1628 3113 manu:
1656 3058 1717 3129 (ιι
1755 3056 1909 3130 suo.)

2083 1880 2496 1936 custodierunt:
2529 1878 2831 1934 Posuerunt
2854 1878 2905 1931 iii
2930 1876 3047 1946 lege
3080 1875 3267 1947 pedem
3294 1890 3391 1945 per
3424 1875 3659 1940 initium,

2082 1970 2177 2023 sed
2206 1984 2311 2023 non
2352 1976 2643 2023 tenuerunt
2671 1966 3083 2037 perseverantia
3112 1979 3377 2035 gressum.

2153 2055 2411 2125 Quisquis
2439 2069 2570 2125 ergo
2597 2054 2664 2108 ad
2703 2053 2943 2124 spiritale
2984 2061 3257 2107 certamen
3305 2050 3440 2106 alios
3468 2065 3659 2120 provo-

2083 2153 2191 2211 cat,
2222 2144 2468 2214 quisquis
2491 2144 2558 2198 ad
2585 2142 2798 2198 fortiter
2824 2141 3092 2213 agendqu
3116 2140 3483 2211 proximorum
3514 2154 3659 2194 men-

2085 2240 2168 2289 tes
2217 2233 2459 2303 instigat,
2498 2232 2660 2287 debet
2706 2232 2890 2301 utique
2940 2231 3108 2284 vitam
3156 2229 3489 2285 concordare
3539 2243 3665 2282 cum

2083 2325 2289 2398 lingua,
2311 2341 2398 2389 ne,
2425 2325 2551 2379 dum
2572 2324 2693 2378 aliis
2716 2323 2968 2393 proponit
2983 2322 3215 2387 excelsa,
3239 2321 3354 2391 ipse
3379 2328 3666 2375 contentus

2086 2417 2211 2473 imis
2250 2424 2531 2487 prematur
2574 2416 2793 2469 inertia.
2834 2412 2969 2468 Hinc
3012 2412 3266 2482 estquod
3303 2411 3359 2466 in
3385 2410 3501 2480 lege
3527 2424 3665 2479 pra-

2086 2509 2324 2580 cipitur:
2363 2528 2382 2560 ι
2420 2507 2537 2563 Non
2582 2507 2829 2572 habebis,
2876 2505 3071 2574 inquit,
3107 2504 3161 2556 in
3209 2500 3425 2556 saeculo
3454 2500 3667 2554 diversa

2085 2601 2343 2672 pondera,
2384 2598 2558 2668 majus
2578 2608 2633 2653 et
2659 2598 2855 2661 minus,
2894 2610 2994 2650 nec
3032 2594 3136 2650 erit
3170 2593 3223 2646 in
3253 2590 3413 2645 domo
3437 2599 3527 2644 tua
3555 2603 3667 2643 mo-

2088 2692 2209 2747 dius
2254 2688 2429 2759 major
2457 2698 2512 2745 et
2564 2689 2763 2743 minor.
2806 2685 3022 2741 Pondus
3074 2681 3298 2738 habebis
3343 2681 3571 2751 justum,
3614 2685 3670 2731 et

2088 2779 2303 2835 modius
2351 2776 2575 2848 aqualis
2616 2785 2670 2832 et
2722 2790 2887 2830 verus
2932 2774 3040 2830 erit
3085 2772 3181 2828 tibi
3232 2771 3410 2842 (Deut.
3454 2765 3607 2837 xxv).
3645 2786 3668 2819 ι

2090 2869 2382 2925 Enimvero
2424 2878 2553 2924 tunc
2580 2867 2633 2921 in
2680 2865 2897 2921 sacculo
2919 2865 3130 2919 diversa
3174 2860 3410 2933 pondera
3434 2855 3544 2913 non
3574 2858 3674 2911 ha-

2089 2960 2299 3026 bemus,
2350 2959 2395 3015 si
2428 2958 2569 3012 intra
2618 2965 2889 3010 secretum
2938 2950 3282 3009 conscientia
3319 2956 3516 3003 nostra
3562 2962 3673 2999 non

2093 3048 2253 3103 aliter
2279 3047 2454 3112 nobis,
2503 3059 2677 3114 neque
2720 3042 2880 3098 aliter
2919 3041 3041 3096 aliis
3074 3039 3407 3110 judicantes,
3451 3036 3674 3092 easdem

487 3151 727 3205 Audistis
751 3150 931 3216 hodie,
956 3149 1153 3204 fratres
1177 3148 1507 3212 charissimi,
1533 3124 1759 3202 militem
1782 3124 1988 3203 Christi
2019 3127 2063 3187 Ο
2095 3135 2347 3207 legalium
2375 3141 2770 3205 ρτωεενιοτυιη
2810 3144 3092 3186 mensuras
3117 3124 3677 3199 hPPfehendimusiui‘

418 3238 680 3291 adversus
716 3236 958 3291 membra
986 3235 1183 3290 diaboli
1221 3235 1453 3291 viriliter
1482 3236 1863 3301 dimicantem;
1893 3250 1990 3290 au-

418 3328 576 3381 distis
609 3325 882 3396 egregium
915 3324 1107 3380 ducem
1136 3324 1317 3395 populi
1345 3323 1636 3379 Christiani
1672 3324 1996 3379 commilito—

420 3432 518 3471 nes
545 3431 673 3471 suos
695 3416 763 3470 ad
787 3416 1126 3486 procinctum
1156 3415 1375 3485 gloriosi
1411 3415 1724 3470 certaminis
1747 3423 1996 3470 constan-

418 3516 504 3561 ter
526 3521 590 3561 ac
610 3505 933 3561 fiducialiter
960 3505 1360 3561 exhortantem.
1405 3504 1549 3575 Lege
1572 3506 1771 3574 quippe
1812 3514 1997 3575 tyran-

420 3596 543 3651 nica
576 3605 703 3651 tunc
728 3595 1004 3651 decretum
1020 3603 1144 3650 .erat
1170 3603 1229 3649 ut
1250 3594 1495 3663 quisquis
1513 3592 1783 3648 occultum
1810 3608 1999 3664 quem-

421 3685 555 3741 libet
604 3686 856 3756 proderet
900 3685 1292 3750 Cbristianum,
1345 3699 1454 3739 non
1494 3683 1667 3738 solum
1717 3683 2000 3738 universas

421 3777 541 3847 ejus
569 3775 855 3833 facultates
901 3777 1197 3848 acciperet,
1226 3774 1322 3831 sed
1367 3774 1435 3829 ad
1482 3775 1744 3829 honorem
1789 3786 2002 3842 quoque

422 3869 651 3936 militia,
678 3884 837 3940 quem
874 3869 1129 3938 eligeret,
1169 3867 1434 3936 sacrilega
1472 3882 1595 3921 cum
1638 3866 2002 3921 remuneratio

423 3961 757 4015 sublimaret.
802 3960 954 4015 Tunc
1002 3960 1064 4013 B.
1116 3958 1445 4029 Stephanus,
1474 3964 1660 4026 utpote
1701 3953 2004 4025 primipilus

423 4050 745 4104 Christiana
757 4049 1259 4121 militiaetsignifcr
1280 4048 1623 4118 imperatoris
1643 4044 1852 4110 alerni,
1876 4059 2004 4099 con-

424 4142 885 4212 gregavitcuneos
912 4142 1235 4196 bellatorum
1261 4150 1316 4195 et
1345 4140 1466 4195 telis
1498 4153 1784 4209 aggressus
1810 4146 1894 4192 est
1919 4151 2005 4189 ar-

426 4244 596 4296 mare,
611 4231 866 4285 virtutem
882 4231 1176 4286 exhortans
1189 4239 1352 4300 atque
1372 4230 1607 4284 suadens
1619 4237 1675 4282 ut
1689 4236 1746 4282 et
1766 4228 2006 4297 peritura

429 4328 657 4374 terrena
702 4320 976 4375 facultatis
1004 4321 1154 4375 lucra
1186 4328 1617 4384 contemnerent,
1654 4326 1708 4372 et
1739 4316 2004 4371 infinitam

430 4417 835 4478 persecutorum
865 4409 1069 4463 rabiem
1096 4424 1204 4464 non
1245 4410 1517 4463 timerent.
1575 4405 1816 4463 Pellebat
1843 4420 1874 4459 a
1911 4419 2005 4475 pa-

426 4501 673 4556 tidorum
710 4509 889 4555 mente
930 4500 1295 4565 formidinem,
1340 4507 1398 4554 et
1426 4499 1589 4554 rudes
1625 4497 1860 4553 tironum
1891 4494 2008 4549 ani-

430 4605 549 4644 mos
575 4589 642 4644 ad
673 4604 900 4660 agonem
932 4589 1099 4645 divini
1130 4588 1442 4644 certaminis
1467 4588 1819 4644 accendebat.
1854 4583 2008 4652 Quod

429 4681 595 4735 etiam
631 4695 729 4750 per
762 4680 983 4751 Moysen
1010 4681 1065 4736 in
1105 4681 1221 4753 lege
1242 4688 1569 4750 praceptum
1599 4686 1716 4735 est:
1754 4695 1774 4730 ‹
1802 4675 2012 4747 Appro-

430 4768 744 4838 pinquante,
789 4769 1115 4839 inquit,jam
1154 4769 1361 4840 pralio,
1384 4768 1548 4824 stabit
1593 4766 1845 4823 sacerdos
1884 4773 2012 4819 ante

431 4859 629 4925 aciem,
660 4870 712 4914 et
744 4861 823 4915 sic
844 4860 1091 4931 loquetur
1120 4861 1187 4916 ad
1212 4860 1464 4930 p0pulum
1494 4877 1508 4913 :
1534 4856 1885 4929 Audi,lsrael,
1915 4868 2012 4910 vos

433 4948 594 5004 hodie
635 4958 823 5003 contra
873 4950 1120 5005 inimicos
1149 4960 1359 5005 vestros
1384 4963 1617 5019 pugnam
1645 4944 2009 5008 committitis,

434 5053 542 5092 non
587 5038 934 5106 pertimescat
957 5053 1051 5093 cor
1076 5048 1337 5102 vestrum,
1367 5036 1533 5091 nolite
1558 5043 1822 5097 metuere,
1848 5032 2014 5087 nolite

434 5128 649 5193 cedere,
680 5141 780 5184 nec
809 5127 1113 5185 formidetis
1142 5143 1258 5194 eos,
1298 5128 1424 5198 quia
1455 5126 1716 5182 Dominus
1755 5126 1898 5181 Deus
1924 5138 2016 5179 ve-

436 5225 551 5270 ster
589 5215 644 5271 in
670 5218 849 5273 medio
878 5218 1043 5273 vestri
1070 5227 1176 5283 est,
1205 5226 1260 5273 et
1282 5232 1381 5287 pro
1414 5216 1571 5272 vobis
1608 5225 1796 5270 contra
1827 5213 2030 5268 adver-.

437 5308 612 5364 sarios
632 5308 934 5377 dimicabit,
956 5319 1015 5365 ut
1032 5319 1187 5366 eruat
1209 5325 1305 5365 vos
1318 5311 1382 5366 de
1403 5308 1641 5380 periculo
1660 5307 1838 5378 (Deut.
1855 5304 1969 5375 xx).
1992 5320 2011 5355 ι

512 5398 581 5453 Ει
649 5402 945 5456 notandum
1005 5403 1149 5473 quod
1186 5404 1467 5465 sacerdos,
1538 5400 1631 5471 qui
1702 5396 2019 5453 imminente

444 5486 604 5557 185
643 5488 756 5557 jam
803 5491 963 5556 bello,
1014 5493 1384 5557 concionatur,
1437 5506 1544 5547 non
1585 5488 1737 5554 alibi,
1766 5486 1861 5542 sed
1896 5494 2023 5540 ante

443 5578 616 5633 aciem
637 5588 783 5635 stare
810 5582 1137 5652 pracipitur,
1172 5581 1504 5638 ut.videlicct
1542 5577 1725 5653 eosad
1762 5589 2021 5647 pugnam,

442 5681 580 5740 quos
614 5668 1081 5728 adhortationibus
1105 5681 1386 5744 provocat,
1414 5673 1523 5742 ipse
1551 5654 1765 5741 quoque
1791 5669 2025 5736 pravius

2096 3228 2316 3291 mirum,
2367 3233 2426 3280 ut
2472 3239 2580 3279 non
2610 3223 2731 3279 aliis
2778 3221 3018 3294 regulam
3066 3220 3324 3276 districta
3368 3216 3679 3273 severitatis

2097 3317 2360 3383 indicere,
2390 3314 2748 3385 nosmetipsos
2787 3313 3102 3369 studeamns
3145 3299 3473 3365 remissioris
3503 3306 3679 3361 indul-

2098 3413 2292 3481 gentia
2324 3407 2439 3479 lege
2469 3416 2727 3462 tractare.
2757 3405 2834 3460 De
2876 3420 2981 3475 qua
3012 3402 3261 3458 videlicet
3282 3400 3471 3454 fraude
3492 3407 3548 3453 ct
3577 3397 3679 3453 Sa-

2099 3498 2281 3554 lomon
2312 3497 2426 3551 ait:
2457 3516 2476 3549 ι
2507 3495 2853 3552 Abominatio
2886 3504 2968 3549 est
2998 3493 3221 3547 Domino
3249 3491 3454 3560 pondus
3482 3487 3680 3557 duplex

2099 3599 2155 3645 et
2187 3598 2390 3645 statera
2431 3588 2614 3643 dolosa
2665 3585 2847 3658 (Prov.
2899 3585 3015 3655 xx).
3060 3602 3078 3636 ι
3131 3583 3361 3637 Necesse
3412 3590 3493 3635 est
3547 3593 3682 3649 ergo

2102 3677 2285 3751 fruges
2312 3677 2463 3733 verbi
2496 3690 2837 3747 nequaquam
2868 3673 3118 3737 diversis,
3147 3671 3240 3726 sed
3267 3670 3471 3725 eisdem
3498 3667 3679 3751 metiri

2101 3749 2460 3834 ponderibus;
2492 3771 2572 3827 ut,
2609 3776 2730 3829 quae
2752 3758 2872 3814 aliis
2920 3758 3124 3827 agenda
3167 3754 3526 3826 pracipimus,
3575 3749 3681 3820 ipsi

2102 3853 2267 3908 etiam
2314 3852 2453 3906 vivis
2490 3850 2744 3920 operibus
2789 3847 3078 3904 efficaciter
3138 3842 3472 3914 impleamus.
3526 3838 3682 3906 Quod

2102 3941 2345 4013 profecto
2367 3940 2426 3993 Β.
2457 3947 2664 4009 martyr
2683 3936 2991 4006 Stephanus
3013 3932 3354 3988 laudabiliter
3382 3928 3539 3993 fecit,
3551 3928 3680 3995 quia

2104 4031 2231 4086 dum
2281 4029 2415 4084 alios
2452 4027 2772 4083 adhortatur
2804 4024 2873 4080 ad
2912 4036 3165 4091 pugnam,
3198 4020 3312 4089 ipse
3352 4018 3503 4087 prius
3532 4032 3682 4069 arma

2104 4118 2386 4189 corripuit,
2424 4126 2480 4172 et
2520 4118 2573 4171 in
2597 4117 2767 4186 ipsam
2806 4128 2866 4168 se
2903 4110 3217 4180 constipata
3262 4107 3487 4178 legionis
3512 4106 3689 4160 aciem

2106 4208 2272 4263 lorica
2305 4206 2428 4260 fidei
2462 4206 2700 4259 munitus
2730 4201 3019 4265 immersit,
3045 4200 3281 4268 dumque
3318 4195 3438 4250 aliis
3463 4207 3690 4262 congre-

2105 4298 2285 4354 diendi
2320 4298 2526 4368 prabet
2566 4293 2897 4363 exemplum,
2947 4290 3039 4345 ille
3090 4288 3317 4344 sortitur
3361 4300 3431 4340 ex
3477 4282 3698 4337 devicto

2107 4388 2264 4443 hoste
2292 4385 2655 4456 triumphum;
2703 4391 2886 4451 atque,
2917 4388 2977 4434 ut
3006 4379 3081 4433 ita
3113 4378 3325 4447 loquar,
3361 4375 3487 4429 dum
3514 4386 3571 4427 se
3597 4386 3687 4426 se-

2037 4464 2087 4523 Ῐ)
2110 4478 2396 4549 quentibus
2424 4476 2619 4532 sternit
2645 4475 2748 4530 iter
2771 4474 2839 4528 ad
2874 4484 3132 4542 pugnam,
3173 4469 3287 4537 ipse
3313 4481 3438 4520 mox
3469 4471 3700 4533 peracta

2109 4570 2335 4626 victoria
2360 4567 2673 4638 perducitur
2709 4564 2777 4618 ad
2806 4575 3085 4617 coronam.
3128 4558 3195 4612 Et
3217 4556 3342 4626 quia
3379 4552 3694 4622 Stephanus

2109 4660 2429 4730 exprimitur
2456 4665 2756 4720 coronatus,
2800 4649 3043 4722 pontifex
3071 4655 3253 4701 autem
3292 4643 3449 4713 quasi
3471 4649 3692 4710 pontem

2112 4751 2339 4816 faciens,
2389 4764 2455 4803 ac
2485 4749 2586 4803 hoc
2620 4747 2706 4802 via
2735 4742 3075 4815 sequentium
3113 4739 3335 4803 dicitur,
3367 4737 3505 4791 bene
3529 4730 3694 4787 simul

2114 4847 2485 4910 utrumque‘et
2518 4838 2602 4893 sui
2651 4834 2887 4891 nominis
2925 4828 3307 4904 etymologiam
3344 4824 3609 4887 exhibuit,
3636 4830 3696 4876 ct

2112 4932 2344 4989 ofﬁcium
2367 4928 2715 5005 pontificatus
2742 4924 3002 4997 implevit,
3037 4922 3165 4993 quia
3192 4918 3448 4974 nimirum
3469 4914 3603 4970 dum.
3624 4912 3694 4969 ad

2112 5023 2286 5080 sancti
2339 5021 2529 5092 agonis
2580 5018 2813 5075 stadium
2852 5017 2993 5070 viam
3032 5010 3384 5083 sequentibus
3427 5006 3620 5075 aperit,
3662 5016 3697 5057 ι

2106 5114 2256 5185 justo
2287 5118 2697 5166 remuneratore
2717 5109 2828 5163 Deo
2848 5119 3102 5163 coronam
3124 5101 3310 5174 gloria:
3338 5096 3464 5154 felix
3495 5096 3705 5151 trium»

2114 5206 2311 5276 phator
2337 5202 2564 5275 accepit.

2189 5295 2571 5348 Verumtamen:
2594 5289 2717 5360 quis
2742 5288 2845 5344 iste
2870 5285 2932 5339 Β.
2958 5283 3265 5352 Stephanus
3289 5275 3453 5332 fuerit
3475 5286 3706 5345 genere,

2120 5394 2317 5458 quotus
2344 5385 2531 5448 etiam,
2566 5383 2682 5436 sive
2706 5376 2996 5449 quotannis
3031 5375 3083 5428 in
3107 5368 3388 5442 apostolici
3418 5361 3704 5434 regiminis

2122 5453 2486 5541 successione,
2532 5487 2639 5528 non
2670 5467 2993 5541 superﬂuum
3041 5464 3291 5519 ducimus
3339 5459 3404 5522 si,
3452 5462 3613 5525 prout
3645 5453 3702 5507 in

2123 5567 2379 5637 Catalogo
2407 5575 2741 5620 summorum
2766 5555 3089 5613 Pontificum
3124 5548 3416 5621 reperitur,
3442 5542 3703 5600 charitati

2126 5634 2335 5719 vestrae
2350 5657 2587 5714 breviter
2612 5665 2963 5725 exponamus.
3002 5646 3101 5703 Hic
3150 5646 3332 5715 itaque
3363 5639 3423 5696 Β.
3466 5634 3697 5706 Stepha-
