4070 6198
396 298 492 353 τυι

1737 294 1968 351 SEIlMO
1998 290 2253 350 XXXVII.

3534 296 3639 353 702

391 419 496 459 nus
529 402 747 458 natione
785 403 946 475 186
971 403 1265 465 Romanus.
1290 418 1357 460 ex
1390 412 1541 476 patre
1568 402 1724 460 Jobio
1744 403 1956 477 [Julia],
1989 414 2034 467 Α
2064 404 2307 473 profecto
2333 405 2482 475 palea
2509 405 2589 463 vel
2626 405 2835 461 arundo
2868 405 3093 462 dicenda
3131 422 3235 463 es..
3264 409 3416 476 Quod
3456 410 3643 480 utique

389 494 548 548 beato
576 493 804 564 principi
832 496 1195 563 apostolorum
1233 482 1393 551 Petro
1421 496 1714 566 vigesimus
1739 506 1968 564 quartus

390 581 445 635 in
479 580 737 635 Romanae
768 582 913 637 sedis
952 583 1215 654 dignitate
1265 584 1548 639 successit.
1594 582 1750 639 Sedit
1787 591 1967 636 autem

388 682 596 741 septem
622 687 816 738 annos,
842 688 1054 728 menses
1079 674 1341 743 quinque,
1387 674 1504 729 dies
1532 675 1685 730 duos.
1715 673 1818 728 Iste
1840 686 1970 727 con-

390 760 567 815 stituit
594 768 653 814 ut
678 762 988 817 sacerdotes
1002 770 1057 816 et
1081 762 1257 819 levita:
1278 777 1617 832 nequaquam
1652 761 1968 831 quotidiano

389 864 489 903 usu
520 849 691 904 sacris
731 849 972 904 vestibus
1004 860 1306 917 uterentur,
1349 852 1442 906 sed
1486 850 1543 905 in
1576 849 1804 906 ecclesia
1851 858 1969 903 tan-

390 947 528 993 tum.
581 938 861 995 Ordinavit
905 950 1085 995 autem
1115 942 1394 1012 episcopos
1440 951 1573 1007 tres,
1622 940 1969 1011 presbyteros

388 1042 505 1091 sex,
528 1028 782 1082 diaconos
820 1029 1079 1098 quinque.
1117 1029 1215 1084 Cui
1255 1029 1314 1083 Β.
1344 1028 1531 1083 Sixtus
1564 1029 1616 1082 in
1651 1026 1967 1098 pontiﬁqu

387 1115 669 1179 successit,
706 1131 862 1186 teque
904 1116 1249 1186 postmodum
1302 1116 1477 1173 felicis
1519 1116 1765 1188 martyrii
1796 1116 1967 1186 gloria

386 1207 752 1262 coronandus.

457 1297 503 1353 0
528 1298 683 1353 beata
729 1306 904 1352 mater
953 1297 1217 1363 Ecclesia,
1252 1299 1338 1354 cui
1388 1313 1534 1355 mors
1575 1298 1642 1353 ad
1672 1296 1837 1353 vitam
1864 1298 1967 1353 mi-

385 1386 525 1453 litat,
583 1387 877 1444 crudelitas
924 1388 1364 1485 persequengum
1417 1389 1608 1460 ignara
1671 1388 1959 1452 ministrat,

384 1479 471 1533 cui
500 1478 750 1533 videlicet
778 1486 833 1533 et
860 1494 1008 1534 mors
1035 1480 1179 1549 parit
1205 1478 1587 1535 inieternitate
1618 1479 1876 1543 victuros,
1907 1486 1965 1534 et

382 1570 617 1639 poenalis
664 1570 946 1640 oppressio
1009 1578 1231 1640 generat
1296 1579 1557 1641 perpetuo
1601 1572 1957 1642 regnaturos!

384 1660 570 1725 Beata,
596 1661 835 1730 inquam,
868 1668 923 1714 et
967 1674 1096 1716 vere
1142 1660 1265 1716 felix
1310 1660 1577 1726 Ecclesia,
1620 1661 1705 1717 cui
1737 1669 1791 1717 et
1812 1662 1963 1732 igno-

383 1750 566 1804 minias
586 1749 831 1805 confusio
865 1747 1115 1819 gloriam,
1163 1758 1218 1803 et
1254 1758 1523 1804 tormenta
1555 1749 1858 1813 victoriam,
1905 1758 1963 1805 et

384 1830 611 1895 vincula
635 1840 750 1894 sive
792 1853 1045 1894 carceres
1088 1838 1391 1894 libertatem
1421 1840 1640 1909 pariunt
1680 1839 1961 1909 sempiter-

382 1930 534 1984 nam!
570 1928 670 1984 llic
706 1937 789 1984 est
812 1928 1057 1998 profecto
1084 1943 1216 1999 ager
1241 1929 1330 1984 ille
1377 1928 1709 1993 Dominicus,
1752 1928 1807 1984 in
1853 1943 1960 1998 quo

381 2034 549 2090 grana
575 2019 741 2074 tritici
789 2019 1053 2075 moritura
1079 2020 1295 2090 quidem
1326 2020 1603 2086 decidunt,
1657 2019 1753 2077 sed
1775 2018 1960 2073 multi-

380 2108 594 2178 plicatis
649 2109 993 2176 postmodum
1054 2106 1298 2177 frugibus
1352 2106 1592 2162 rediviva
1664 2114 1962 2161 nascuntur

380 2198 557 2269 (Joan.
620 2198 744 2269 xu).
810 2197 936 2254 Hzec
985 2206 1069 2254 est
1123 2213 1250 2253 area
1303 2198 1391 2252 illa
1439 2200 1657 2253 Areuna
1706 2195 1957 2270 [Ornan]

377 2287 630 2354 Jebusaai,
684 2288 737 2343 in
789 2303 894 2359 qua
940 2287 1193 2344 videlicet
1243 2288 1446 2344 hostias
1495 2289 1665 2343 David
1704 2288 1961 2359 pacificas

377 2378 592 2444 obtulit,
616 2386 670 2431 et
689 2376 930 2433 furorem
958 2378 1192 2443 Domini,
1219 2393 1465 2448 repressa
1486 2379 1552 2433 ab
1574 2377 1739 2433 Israel
1767 2377 1959 2433 ultoris

377 2468 536 2539 gladii
560 2469 953 2535 internecione,
993 2469 1227 2538 placavit
1260 2469 1345 2541 (II
1371 2469 1501 2540 Reg.
1533 2469 1704 2539 xxiv).
1752 2469 1810 2525 ln
1858 2470 1960 2526 hac

375 2575 501 2615 area
533 2560 648 2615 sive
674 2560 927 2615 torculari
954 2559 1173 2621 Gedeon
1197 2560 1467 2616 frumenta
1505 2560 1770 2632 purgabat
1799 2576 1962 2617 excu-

377 2652 540 2717 tiens,
566 2666 690 2707 cum
726 2652 911 2707 videre
939 2652 1184 2723 angelum
1234 2656 1455 2719 meruit,
1501 2664 1556 2709 et
1594 2655 1712 2725 ejus
1738 2655 1957 2711 oraculo

375 2742 503 2812 quia
550 2743 666 2811 ipse
690 2742 856 2798 Israel
886 2743 955 2798 de
985 2758 1148 2798 manu
1197 2742 1411 2799 Madian
1458 2744 1785 2800 liberaturus
1813 2755 1957 2801 esset

375 2832 596 2903 agnovit
621 2828 983 2901 (ludic.vi).ln
1006 2830 1107 2886 hac
1133 2847 1260 2886 area
1284 2831 1419 2886 Abel
1462 2832 1530 2887 de
1583 2832 1956 2904 priniogenitis

376 2922 555 2991 gregis
595 2920 677 2976 sui
706 2929 761 2975 et
804 2935 993 2976 eorum
1024 2921 1272 2992 adipibus
1303 2922 1521 2987 obtulit,
1565 2938 1684 2992 qua:
1713 2923 1959 2993 profecto

375 3015 556 3068 divina
586 3013 782 3083 gratia,
820 3012 945 3082 quia
969 3022 1120 3083 grate
1148 3013 1405 3082 suscepit,
1438 3013 1600 3077 illico,
1632 3014 1769 3070 sicut
1801 3025 1956 3070 vetus

2067 494 2303 549 Joannes
2322 510 2443 550 esse
2475 506 2722 565 negatur,
2754 512 2876 551 eum
2931 498 2998 553 de
3029 497 3119 552 illo
3146 513 3216 553 ex
3251 515 3347 555 ore
3386 501 3642 556 Veritatis

2068 585 2302 639 dicitur:
2332 605 2352 638 ι
2387 587 2525 654 Quid
2547 588 2738 643 existis
2764 589 2817 643 in
2849 589 3119 645 desertqu
3146 591 3330 645 videre
3356 592 3381 645 ?
3423 592 3643 646 arundi-

2070 691 2193 730 nem
2221 678 2721 757 ventqagitatam?
2751 697 2770 732 ι
2808 678 3022 748 (Matth.
3050 680 3151 748 xt.)
3183 680 3334 747 Quod
3365 689 3551 735 contra
3576 682 3645 736 de

2067 769 2310 838 reprobis
2336 770 2595 839 scriptum
2628 778 2750 825 est:
2795 771 2953 841 187
3000 789 3020 822 ‹
3055 770 3170 825 Νοη
3200 771 3281 825 sic
3331 771 3502 841 impii,
3536 784 3641 825 non

2066 857 2165 922 sic,
2193 857 2287 912 sed
2318 867 2571 927 tanquam
2592 858 2788 928 pulvis,
2820 874 2978 927 quem
2997 860 3213 928 projieit
3234 868 3427 913 ventus
3452 874 3481 911 a
3506 858 3642 914 facie

2067 955 2249 1000 nostra
2272 945 2445 1015 (Psal.
2473 946 2535 1015 ι).
2570 965 2588 996 ι
2621 944 2736 999 Νοη
2759 946 2947 1010 simus,
2976 945 3173 1001 fratres
3198 947 3323 1011 mei,
3348 961 3451 1000 non
3473 947 3640 999 simus

2066 1035 2251 1103 paleae,
2290 1051 2394 1088 non
2420 1035 2589 1089 simus
2617 1035 2843 1099 zizania,
2889 1051 3008 1105 qua:
3042 1036 3401 1091 ventilabrum
3440 1037 3643 1093 ultima:

2065 1125 2415 1180 discussionis
2442 1126 2702 1190 excutiat,
2752 1134 2808 1180 et
2838 1140 2960 1181 mox
2990 1126 3129 1197 ignis
3174 1135 3391 1180 aeternae
3422 1127 3644 1181 combu—

2064 1214 2258 1269 stionis
2301 1225 2513 1269 exurat.
2553 1214 3007 1271 Pertitncscamus
3034 1231 3248 1285 semper
3286 1216 3429 1271 illam
3480 1232 3645 1272 evan-

2062 1303 2245 1372 gelicze
2300 1304 2738 1359 comminationis
2798 1306 3162 1371 sententiam,
3215 1322 3321 1376 qua
3390 1306 3591 1362 dicitur
3623 1324 3641 1361 :

2068 1408 2088 1443 ι
2120 1391 2311 1454 Sinite.
2360 1393 2552 1461 inquit,
2592 1402 2821 1462 utraque
2873 1408 3043 1463 usque
3082 1396 3148 1449 ad
3192 1410 3447 1461 messem,
3492 1405 3548 1451 et
3587 1396 3643 1463 in

2064 1493 2305 1552 tempore
2324 1483 2522 1537 messis
2548 1482 2712 1537 dicite
2740 1483 3074 1538 messoribus
3101 1501 3116 1537 :
3144 1483 3388 1554 Colligite
3412 1486 3646 1554 primum

2062 1571 2289 1636 zizania,
2319 1580 2374 1626 et
2403 1571 2620 1642 alligate
2644 1571 2932 1626 fasciculos
2971 1572 3039 1625 ad
3068 1573 3517 1637 eomburendum,
3544 1574 3645 1627 tri-

2062 1661 2228 1715 ticum
2257 1667 2437 1714 autem
2471 1669 2798 1731 congregate
2838 1660 2891 1715 in
2931 1660 3185 1714 herreum
3217 1676 3394 1715 meum
3425 1660 3643 1730 (Matth.

1991 1744 2036 1803 Β
2062 1748 2209 1819 xm).
2251 1768 2271 1801 ι
2318 1747 2550 1804 Pensate
2584 1747 2867 1818 diligenter
2900 1749 3066 1803 verba
3104 1746 3381 1815 Veritatis,
3422 1759 3646 1817 pensate

2061 1856 2183 1898 cum
2223 1841 2416 1896 timore
2434 1840 2579 1910 quod
2599 1840 2828 1895 dicitur:
2856 1838 3073 1909 alligata
3102 1838 3391 1895 fasciculos
3412 1841 3477 1894 ad
3499 1856 3647 1895 eom-

2060 1935 2362 1990 burendum
2387 1952 2404 2002 ;
2432 1934 2639 1995 lizania
2660 1935 2861 2004 quippe
2885 1933 3160 1989 fasciculis
3182 1932 3493 2001 alligantur,
3519 1932 3646 2002 quia

2062 2024 2114 2078 in
2166 2024 2255 2079 illo
2305 2032 2579 2094 perpetua:
2648 2024 3011 2079 damnationis
3063 2023 3313 2077 incendio
3364 2021 3649 2087 homicidae

2057 2128 2180 2169 cum
2214 2114 2522 2177 homicidis,
2551 2113 2781 2169 adulteri
2819 2128 2944 2167 cunt
2984 2111 3265 2177 adulteris,
3292 2110 3495 2181 perjuri
3523 2125 3647 2164 cum

2058 2201 2307 2273 pcrjuris,
2348 2204 2644 2259 inccstuosi
2693 2218 2815 2257 cum
2867 2202 3216 2265 incestuosis,
3271 2216 3377 2255 non
3433 2201 3648 2255 diverso

2060 2294 2355 2367 ptenalium
2388 2303 2777 2349 tormentorum
2806 2308 3004 2365 genere
3030 2293 3493 2361 constringuntur.
3531 2290 3647 2346 Illic

2057 2402 2152 2443 eos
2184 2386 2407 2441 infinita:
2432 2399 2605 2455 ptente
2630 2394 2821 2454 patens
2851 2384 3108 2455 geheuuzn
3139 2383 3453 2439 barathrum
3483 2382 3648 2437 devo—

2061 2487 2167 2542 rat,
2221 2476 2314 2545 qui
2371 2475 2459 2531 hic
2512 2490 2572 2531 se
2616 2482 2938 2545 arroganter
2974 2473 3028 2526 in
3076 2472 3341 2541 superbia:
3386 2471 3648 2525 cornibus

2057 2565 2426 2631 extollebant;
2459 2565 2568 2620 illic
2609 2580 2798 2619 eorum
2827 2578 3021 2619 carnes
3048 2572 3211 2631 atque
3245 2560 3509 2616 medullas
3556 2576 3648 2614 sa-

2056 2656 2198 2724 ginis
2239 2656 2471 2726 irriguas
2521 2655 2795 2724 crepitans
2844 2652 3062 2707 flamma
3106 2651 3378 2720 depaseet,
3429 2650 3521 2719 qui
3560 2649 3652 2704 hic

2057 2763 2245 2802 arsere
2274 2746 2505 2813 deliciis,
2532 2756 2587 2801 et
2616 2744 2895 2801 aestuantis
2922 2743 3207 2814 explevere
3232 2742 3517 2798 illecebras
3548 2754 3649 2796 vo-

2060 2836 2301 2905 'uptatis.

2131 2928 2271 2983 Bene
2302 2928 2485 2999 itaque
2516 2927 2771 2984 dicuntur
2801 2924 3073 2982 fasciculis
3108 2923 3349 2994 alligari,
3388 2922 3513 2993 quia
3556 2936 3651 2977 ne-

2059 3034 2330 3089 quaquam
2359 3033 2453 3074 eos
2483 3029 2611 3073 tunc
2649 3028 2864 3087 separat
2895 3017 3184 3072 diversitas
3218 3016 3460 3080 ultionis,
3503 3028 3644 3084 quos

376 3077 613 3158 testatur
632 3077 818 3167 editio,
838 3077 1061 3157 caelitus
1083 3077 1435 3156 inflammavit
1461 3101 1613 3172 (Gen.
1638 3105 1735 3169 tv).
1770 3102 1825 3157 In
1856 3104 1957 3159 hac
1982 3077 2029 3141 (ἶ
2060 3077 2148 3163 hic
2186 3077 2493 3163 .similitudo
2538 3077 2843 3161 sociaverat
2895 3103 3212 3175 pravitatis,
3270 3113 3326 3158 et
3363 3077 3454 3171 qui
3506 3077 3650 3155 nunc

374 3193 542 3248 etiam
570 3193 701 3248 Cain
730 3194 797 3247 de
836 3191 1079 3262 frugibus
1112 3201 1270 3247 terra:
1318 3207 1541 3247 tnunera
1580 3192 1795 3258 obtulit,
1835 3208 1956 3263 qum

374 3284 635 3340 Dominus
662 3284 928 3354 despexit,
978 3291 1139 3355 atque
1181 3283 1301 3339 ideo
1345 3299 1449 3339 non
1498 3284 1739 3353 reSpexit
1767 3277 1976 3351 (ltum).

372 3374 431 3430 In
458 3376 558 3430 hac
582 3376 845 3445 siquidem
869 3390 1019 3443 arca,
1043 3375 1184 3431 Sicut
1208 3386 1333 3431 sunt
1359 3375 1606 3446 quaedam
1637 3389 1701 3429 ev
1738 3376 1957 3442 tritura,

374 3480 496 3535 quae
536 3466 746 3535 ignibus
781 3465 1069 3531 debentur,
1126 3466 1199 3521 ita
1235 3467 1400 3521 etiam
1439 3475 1566 3521 sunt
1603 3465 1842 3521 nonnulli
1891 3466 1959 3520 de

376 3555 781 3611 trituratorihus
828 3556 979 3626 ipsis,
1025 3555 1117 3626 qui
1164 3554 1324 3610 simul
1367 3553 1434 3608 ad
1483 3553 1659 3625 ignem
1711 3554 1956 3609 tendunt.

373 3642 504 3699 Sive
548 3643 692 3700 enim
720 3644 787 3700 de
809 3643 992 3713 justis,
1038 3645 1152 3701 sive
1180 3645 1248 3700 de
1287 3646 1687 3715 peccatoribus,
1722 3658 1847 3699 vera
1873 3654 1959 3699 est

372 3731 601 3811 Joannis
622 3734 887 3788 sententia
918 3749 1040 3804 qua:
1065 3734 1191 3789 dicit
1238 3752 1253 3789 :
1304 3753 1322 3787 ι
1364 3732 1541 3806 Opera
1569 3735 1713 3792 enim
1744 3735 1959 3791 illorum

373 3833 675 3893 sequuntur
699 3822 819 3879 illos
849 3824 1039 3895 (Apoc.
1072 3825 1209 3895 xiv).
1256 3844 1275 3878 ι

442 3913 743 3979 Attendite,
801 3914 996 3971 fratres
1045 3915 1151 3970 mei
1190 3914 1550 3979 dilectissimi,
1598 3914 1956 3982 considerate,

370 4002 690 4072 perpendite
725 4002 848 4072 quia
892 4012 1002 4058 tota
1039 4002 1363 4059 universalis
1393 4002 1635 4059 Ecclesia
1674 4003 1819 4058 omni
1847 4013 1959 4058 ter-

370 4105 559 4145 rarum
600 4090 732 4147 orbe
758 4089 952 4147 dill‘usa
990 4108 1096 4148 una
1120 4101 1205 4149 est
1244 4108 1371 4151 area
1399 4094 1481 4149 sic
1508 4093 1665 4149 bonis
1694 4108 1757 4149 ac
1779 4092 1957 4172 malis,

370 4180 530 4248 gustis
570 4191 733 4252 atque
776 4183 1070 4252 perversis,
1118 4194 1372 4254 tanquam
1403 4184 1630 4240 zizaniis
1660 4193 1716 4240 et
1756 4183 1957 4252 tritico,

371 4278 629 4340 tanquam
674 4269 846 4341 paleis
890 4286 957 4327 ac
1008 4272 1255 4343 frugibus
1295 4273 1473 4343 plena.
1524 4273 1631 4330 Sed
1679 4289 1960 4345 quousque

372 4359 629 4415 triturare
672 4370 829 4416 terra:
862 4362 1043 4418 cultor
1088 4363 1331 4434 incipiat,
1381 4365 1561 4420 omnia
1591 4365 1961 4423 indifferenter

371 4462 501 4503 area
539 4450 801 4517 continet,
858 4460 915 4506 et
944 4466 1065 4523 qua:
1090 4454 1427 4509 recondenda
1473 4463 1600 4510 sunt
1634 4456 1867 4523 horreis,
1901 4465 1959 4513 et

371 4554 493 4609 qua:
538 4541 796 4597 tradenda
838 4554 966 4599 sunt
1008 4542 1263 4601 flammis.
1314 4543 1422 4601 Sed
1462 4546 1592 4617 quid
1618 4556 1703 4603 est
1750 4547 1805 4602 in
1833 4561 1959 4603 area

372 4628 606 4686 ﬂammis
639 4632 954 4701 obnoxium,
1005 4636 1133 4705 quid
1165 4636 1374 4692 horreis
1420 4638 1826 4705 reservandum,
1850 4638 1958 4695 nisi

372 4720 515 4789 quod
543 4720 779 4779 Joannes
801 4724 1042 4796 Baptista
1066 4728 1121 4783 in
1140 4728 1432 4800 Evangelio
1453 4727 1735 4785 manifeste
1754 4728 1960 4786 discer-

374 4810 456 4864 nit
474 4824 596 4866 cum
642 4813 710 4870 de
748 4814 975 4871 Domino
1020 4816 1267 4887 loquens,
1298 4820 1411 4875 ait:
1468 4836 1488 4873 ι
1523 4818 1687 4890 Cujus
1726 4816 1957 4876 ventila-

374 4904 528 4953 brum
578 4901 633 4957 in
662 4918 823 4959 manu
866 4903 1005 4973 ejus,
1044 4916 1099 4962 et
1144 4909 1396 4977 purgabit
1448 4925 1632 4967 aream
1675 4924 1851 4977 suam,
1902 4918 1962 4966 et

374 4992 726 5061 congregabit
753 4993 992 5049 triticum
1029 4996 1084 5051 in
1113 4997 1369 5053 horreum
1420 5014 1601 5067 suum,
1643 5000 1829 5070 paleas
1856 4994 1959 5057 au4

374 5083 483 5130 tem
532 5079 815 5136 comburet
859 5082 968 5153 igni
1032 5084 1500 5158 inexstinguibili?
1534 5106 1553 5140 ι
1607 5087 1825 5158 (Matth.
1872 5092 1957 5160 ιιι)

373 5167 483 5224 Sed
515 5171 657 5228 unde
685 5173 1046 5230 discernimus
1080 5185 1262 5232 utrum
1298 5179 1467 5249 paleae
1515 5194 1583 5233 an
1616 5181 1852 5236 triticum
1878 5181 1953 5237 si-

375 5263 541 5318 mus?
586 5262 666 5318 Ex
694 5261 1235 5337 gravitate'prol‘ecto
1266 5285 1474 5325 morum
1522 5270 1607 5326 vel
1646 5270 1955 5327 inconstan-

373 5352 469 5415 tia,
503 5367 569 5407 ex
621 5355 862 5423 pondere
903 5356 985 5412 vel
1033 5356 1269 5413 levitate.
1309 5358 1565 5429 Quisquis
1618 5361 1763 5415 enim
1814 5360 1963 5416 volu-

373 5452 583 5513 ptatum
609 5458 741 5500 aura
788 5454 1051 5514 raptatur,
1097 5449 1344 5519 quisquis
1373 5450 1586 5505 turbine
1630 5450 1834 5508 furoris
1859 5452 1960 5507 im-

372 5531 623 5599 pellitur,
694 5549 855 5604 quem
905 5536 1066 5592 modo
1119 5538 1384 5608 superbiae
1441 5539 1665 5608 spiritus
1725 5541 1962 5597 inaniter

372 5620 540 5693 levat,
564 5627 723 5684 modo
752 5643 953 5686 meror
996 5631 1078 5689 vel
1104 5631 1300 5701 injuria
1352 5631 1495 5689 illata
1520 5634 1844 5706 prarcipitat,
1872 5633 1960 5691 hic

2055 3196 2264 3252 eisdem
2315 3196 2638 3252 criminibus
2678 3206 2804 3250 sunt
2844 3194 3093 3257 obnoxii,
3122 3192 3362 3261 ejusdem
3397 3191 3648 3261 supplicii

2058 3286 2400 3356 postmodum
2452 3296 2706 3341 tenentur
2727 3285 3196 3340 animadversione
3234 3283 3538 3338 constricti.
3571 3282 3649 3335 De

2060 3372 2257 3445 quibus
2285 3372 2539 3427 omnibus
2573 3371 2701 3426 alibi
2749 3371 2850 3426 sub
2880 3371 3039 3426 unius
3082 3385 3327 3438 personae
3355 3370 3535 3439 specie
3561 3369 3649 3423 di-

2059 3465 2249 3521 citur:
2292 3482 2311 3517 ι
2345 3463 2550 3535 Ligatis
2598 3462 2848 3517 manibus
2882 3472 2939 3516 et
2983 3462 3231 3541 pedibus,
3274 3460 3473 3514 mittite
3498 3458 3647 3511 illum

2063 3555 2118 3610 in
2160 3557 2413 3610 tenebras
2442 3553 2747 3609 exteriores
2784 3550 2980 3622 (Nam.
3013 3553 3173 3618 xxn).
3212 3570 3231 3603 ι
3266 3549 3377 3604 lllic
3408 3548 3650 3603 membra

2061 3644 2297 3714 ligantur
2324 3643 2393 3696 ad
2419 3656 2655 3711 pmnam,
2688 3654 2808 3709 qua:
2849 3640 2937 3695 hic
2984 3639 3159 3694 soluta
3206 3646 3262 3694 et
3301 3637 3471 3692 libera
3502 3635 3645 3691 fere-

2059 3736 2261 3791 bantur
2310 3734 2376 3787 ad
2424 3732 2659 3801 culpam.
2722 3730 2813 3785 γει
2853 3740 2982 3785 tunc
3025 3729 3185 3800 digne
3230 3730 3646 3798 constringenda

2058 3836 2186 3883 sunt
2215 3825 2268 3879 in
2294 3822 2597 3893 suppliciis,
2624 3837 2747 3892 qua:
2775 3836 2917 3876 nunc
2960 3819 3103 3875 male
3136 3819 3299 3890 ligata
3329 3827 3453 3873 sunt
3473 3832 3503 3871 a
3530 3816 3647 3886 pie-

2061 3915 2192 3971 tatis
2238 3915 2495 3984 operibus
2539 3912 2882 3983 peragendis.
2913 3910 3027 3965 lllic
3070 3909 3264 3963 anima:
3295 3908 3646 3977 reproborum

2060 4022 2187 4063 cum
2217 4003 2541 4076 corporibus
2575 4002 2734 4058 simul
2764 3999 3187 4070 incxstinguibili
3217 3998 3534 4055 cruciantur
3557 3996 3643 4050 in-

2060 4095 2274 4161 cendio,
2296 4094 2437 4151 sicut
2469 4091 2557 4148 hic
2582 4091 2637 4146 in
2665 4090 3013 4155 exsecutione
3059 4089 3207 4159 pravi
3237 4087 3417 4160 operis
3454 4087 3649 4156 junge-

2059 4186 2279 4242 bantur.
2313 4182 2466 4240 Unde
2495 4192 2552 4238 et
2586 4196 2683 4252 per
2708 4179 3034 4249 Prophetain
3063 4178 3294 4233 dicitur:
3352 4195 3372 4228 ι
3412 4178 3647 4232 Descen-

2060 4277 2341 4334 deruntad
2368 4274 2641 4332 infernum
2666 4287 2790 4329 eum
2817 4270 2987 4325 armis
3015 4269 3131 4325 suis
3156 4267 3373 4339 (Bacch.
3402 4266 3594 4335 xxxu).
3623 4284 3643 4317 ι

2059 4369 2225 4424 Arma
2274 4368 2474 4439 quippe
2515 4362 2854 4436 peccantium
2917 4359 3159 4416 membra
3214 4366 3341 4413 sunt
3383 4356 3647 4426 corporis,

1984 4425 2037 4487 υ
2065 4458 2263 4529 quibus
2288 4425 2500 4527 improbi
2515 4425 2773 4509 homines
2797 4450 3013 4506 diabolo
3037 4448 3296 4513 militant,
3325 4456 3382 4502 et
3403 4425 3521 4516 ejus
3547 4446 3659 4521 im-_

2065 4552 2237 4620 perio,
2267 4562 2523 4620 perverse
2538 4546 2787 4609 vivendo,
2814 4542 3149 4598 mitﬂstrant.
3178 4540 3349 4598 Simul
3375 4554 3503 4610 ergo
3524 4552 3646 4592 cum

2064 4639 2349 4694 animabus
2366 4648 2422 4694 et
2454 4648 2683 4705 corpora
2731 4634 2785 4687 in
2833 4640 3039 4687 aeterna
3092 4640 3267 4686 morte
3297 4630 3646 4689 damnantur,

2065 4742 2187 4798 quae
2214 4726 2376 4782 simul
2410 4726 2465 4781 in
2494 4724 2644 4795 pravi
2690 4721 2873 4793 operis
2917 4720 3320 4791 perpetratione
3368 4718 3643 4771 vixerunt.

2064 4818 2143 4873 De
2171 4818 2369 4889 quibus
2404 4816 2673 4888 Propheta
2701 4814 2864 4871 dicit:
2912 4831 2932 4866 ι
2971 4812 3047 4868 Ibi
3087 4811 3277 4875 Assur,
3316 4820 3371 4867 et
3398 4808 3646 4878 sepulcra

2061 4906 2179 4976 ejus
2204 4905 2392 4979 (Ibid).
2426 4923 2447 4958 ι
2489 4904 2627 4972 Quid
2662 4902 2805 4959 enim
2841 4917 2938 4973 per
2968 4902 3159 4968 Assur,
3186 4901 3477 4970 superbum
3502 4897 3649 4951 vide-

2060 4998 2188 5054 licet
2217 5012 2423 5070 regem,
2445 4996 2549 5052 nisi
2574 4994 2820 5052 diabolus
2843 4993 3181 5064 intelligitur,
3204 4992 3297 5061 qui
3325 4991 3480 5061 juxta
3502 4987 3645 5058 quod
3676 5050 3683 5053 _

2058 5090 2318 5160 scriptum
2349 5097 2467 5145 est:
2506 5107 2526 5140 ι
2562 5087 2681 5157 ipse
2716 5096 2802 5141 est
2843 5101 2935 5141 rex
2977 5076 3141 5155 super
3164 5088 3357 5138 omnes
3395 5081 3532 5134 filios
3558 5095 3649 5133 su-

2058 5180 2292 5251 perbiae?
2311 5198 2332 5232 ι
2362 5177 2485 5249 (Job
2512 5193 2620 5232 xu.
2648 5176 2828 5246 )Quid
2860 5175 3129 5246 sepulcra,
3176 5172 3279 5227 nisi
3307 5182 3643 5226 mortuorum

2058 5276 2189 5323 sunt
2227 5264 2580 5321 habitacula?
2622 5273 2749 5319 tunc
2796 5274 2975 5318 autem
3023 5261 3271 5317 diabolus
3327 5260 3379 5314 in
3412 5268 3645 5313 mortem

2058 5358 2265 5415 corruit
2290 5372 2411 5413 cum
2461 5355 2530 5410 ab
2551 5364 2771 5410 auctore
2807 5355 2931 5409 vita:
2987 5351 3351 5422 superbiendo
3396 5350 3641 5406 recessit.

2059 5446 2316 5517 Quisquis
2341 5460 2471 5516 ergo
2515 5443 2769 5512 nequitia:
2797 5443 3066 5514 spiritum,
3098 5441 3191 5511 qui
3237 5455 3364 5497 vere
3397 5450 3643 5495 mortuus

2058 5550 2163 5606 est,
2190 5540 2242 5594 in
2285 5538 2367 5594 sui
2411 5536 2592 5593 cordis
2634 5535 2867 5604 hospitio
2905 5550 3001 5604 per
3035 5549 3257 5606 pravam
3313 5532 3641 5588 voluntatem

2057 5631 2308 5689 habitare
2356 5627 2642 5700 permittit,
2689 5625 2873 5696 procul
2904 5626 3067 5684 dubio
3111 5629 3178 5683 de
3232 5626 3523 5699 semetipso
3555 5637 3641 5680 se-
3684 5704 3699 5719 .
