4070 6198
410 338 516 394 τοδ

1763 345 1995 404 SERMO
2035 342 2316 401 XXXVI”.

3559 349 3668 413 706

399 479 522 516 neut
561 474 658 530 pro
687 459 969 513 animabus
999 460 1195 514 vestris
1225 459 1514 526 reddituri,
1541 469 1595 514 ut
1633 476 1755 515 cum
1785 462 1978 531 gaudio
2009 470 2053 526 Α
2079 459 2362 520 cedentes,
2411 473 2508 528 per
2561 472 2792 529 pugnam
2845 455 3236 529 censequenter
3283 465 3348 517 ad
3403 466 3663 536 palmam,

383 553 500 606 hoc
533 551 757 610 furiam,
793 558 846 602 et
893 565 997 603 non
1031 560 1347 620 gementes;
1379 552 1480 605 hoc
1507 552 1650 606 enim
1682 567 1787 606 non
1815 567 1978 621 expe-

2079 558 2178 614 per
2204 546 2434 615 palmam
2489 549 2740 617 provecti
2779 557 2906 604 sunt
2946 550 3013 604 ad
3044 565 3320 606 coronam.
3373 553 3507 610 Cum
3532 551 3666 613 visi-

385 641 478 694 .dit
505 640 659 699 vobis
703 637 893 709 (Hebr.
926 637 1070 710 xui).
1099 658 1132 690 -ι
1169 637 1228 694 Si
1255 639 1409 694 enim
1438 640 1766 720 Redemptor
1791 650 1980 696 noster
2067 635 2174 725 bili
2195 652 2332 697 sane
2358 638 2682 702 videbantur
2703 641 2860 696 hoste
2875 639 3192 710 conﬂigere,
3219 645 3315 725 sed
3343 645 3666 704 invisibiletu

396 737 620 799 propter
642 727 964 782 Chananaeze
991 728 1266 794 meritum,
1301 744 1330 783 a
1363 729 1470 784 ﬁlia
1501 729 1620 800 ejus
1651 732 1976 787 daemonium

395 819 605 887 expulit
628 818 991 889 (Matth.‘xv),
1011 818 1056 873 si
1085 830 1307 890 prepter
1331 818 1672 875 offerentium
1701 821 1860 876 ﬁdem
1884 838 1978 892 pa—

395 907 626 978 ralytico
650 907 848 968 lectum
878 917 1094 978 gestare
1145 910 1402 978 praecepit
1423 910 1620 980 (Marc.
1651 913 1734 982 ιι).
1767 912 1813 965 si
1843 927 1975 965 cen-

398 997 628 1050 turionis
686 997 936 1065 precibus
971 1013 1224 1067 puerum,
1282 1000 1375 1069 qui
1416 1001 1555 1054 male
1600 1003 1974 1069 torquebatur,

397 1086 726 1142 incolumem
778 1087 1011 1141 reddidit
1036 1087 1253 1158 (Matth.
1286 1089 1444 1159 VIII);
1479 1106 1640 1159 quam
1666 1093 1978 1147 necessario

395 1193 496 1231 nos
520 1176 860 1231 sacerdotum
887 1178 1226 1233 orationibus
1259 1180 1580 1250 indigemus,
1611 1183 1703 1250 qui
1738 1198 1835 1237 nos
1868 1182 1977 1238 Deo

392 1264 626 1320 diversis
665 1265 920 1321 vitiorum
964 1266 1312 1338 languoribus
1359 1277 1683 1339 mgrotantes
1719 1270 1974 1340 olei-unt,

376 1363 450 1410 .et
482 1354 814 1422 quotidianis
861 1357 1115 1424 precibus
1167 1359 1308 1428 apud
1355 1359 1591 1418 divinam
1634 1360 1976 1417 clementiam

392 1459 494 1514 pro
528 1447 688 1502 nobis
729 1447 1103 1514 indesinenter
1158 1447 1478 1511 insistunt?
1505 1450 1751 1518 Quorum
1787 1453 1977 1523 procul

336 1518 346 1526 ’
391 1533 555 1592 dubio
583 1523 795 1592 meritis
818 1536 1189 1603 sublevantur,
1221 1539 1435 1594 etiamsi
1477 1541 1654 1596 adhuc
1683 1555 1750 1596 ex
1777 1518 1977 1598 nostra:

391 1625 734 1696 negligentia:
759 1625 1017 1697 languore
1055 1628 1428 1697 deprimimur.

463 1717 672 1774 lntcrca
701 1718 942 1786 planeaet
968 1716 1100 1772 illud
1147 1719 1215 1773 ad
1247 1729 1483 1781 mentem
1518 1722 1660 1777 redit
1682 1722 1824 1793 quod
1847 1722 1976 1779 huic

2078 721 2136 776 in
2162 738 2228 778 eo
2271 735 2589 780 meruerunt
2633 728 3006 783 adversarium
3056 721 3335 800 superare.
3367 735 3665 808 Corporum

2071 812 2298 880 quidem
2325 814 2535 870 obicem
2577 816 2870 872 hostilibus
2914 817 3123 885 jaculis
3155 825 3520 891 opponebant,
3570 836 3666 885 sed

2078 918 2267 958 eorum
2292 905 2424 961 ﬁdes
2449 909 2815 964 munitissima
2848 912 3046 966 mentis
3082 927 3208 968 arce
3233 915 3487 983 subnixa,
3516 918 3670 974 inex-

2073 995 2385 1064 pugnabilis
2408 998 2701 1064 eminebat.
3485 1007 3488 1011 ’

2148 1081 2258 1137 Sed
2282 1100 2404 1139 cum
2427 1087 2714 1157 utriusque
2741 1092 2995 1160 martyris
3025 1096 3331 1151 communia
3362 1106 3510 1168 gesta
3536 1113 3663 1169 per-

2079 1172 2369 1238 currimus,
2401 1176 2718 1240 nonnullam
2749 1182 3184 1238 conversationis
3206 1184 3350 1239 inter
3378 1201 3472 1241 eos
3499 1187 3667 1243 fuisse

2078 1260 2418 1326 distantiam.
2449 1267 2769 1334 reperimus.
2807 1268 2871 1324 Et
2908 1269 3242 1326 Hilarianum
3273 1274 3489 1342 quidem
3514 1275 3664 1332 illum

2079 1348 2409 1410 Hilarionem
2453 1353 2620 1412 fuisse
2655 1365 2868 1425 poterat
2897 1361 3020 1428 quis
3069 1377 3175 1416 non
3208 1363 3443 1420 absurde
3487 1365 3664 1435 conji-

2077 1455 2224 1505 cere,
2272 1441 2430 1509 cujus
2469 1460 2502 1497 a
2551 1446 2614 1502 Β.
2663 1446 2993 1518 Hieronymo
3020 1452 3135 1504 vita
3183 1453 3525 1518 describitur,
3562 1456 3665 1511 nisi

2077 1532 2261 1602 dispar
2283 1535 2564 1606 utriusque
2591 1539 2773 1594 exitus
2803 1542 3132 1609 prohiberet.
3187 1545 3321 1599 Nam
3363 1549 3452 1615 qui
3477 1563 3665 1603 eorum

2076 1623 2202 1679 vitae
2247 1626 2469 1692 seriem,
2525 1629 2789 1684 miracula
2823 1646 3042 1700 quoque
3089 1635 3284 1702 quibus
3326 1636 3664 1703 eﬁulserant,

2059 1711 2197 1768 loca
2249 1714 2603 1773 nihilominus
2643 1736 2766 1789 qua:
2800 1722 2914 1775 suis
2959 1721 3388 1780 habitationibus
3435 1726 3669 1781 illustra-

390 1809 795 1880 heatomanyri
811 1807 1211 1878 Stephano,mji
1233 1824 1468 1880 ρινωεθης
1483 1825 1662 1866 sermo
1680 1812 1974 1870 famulatus
2004 1807 2050 1867 Β
2080 1811 2289 1868 verant,
2318 1815 2479 1873 prout
2507 1819 2864 1864 monumenta
2887 1810 3192 1877 declarant,
3231 1815 3389 1869 oculo
3414 1815 3669 1885 vigilante

390 1909 498 1966 est,
523 1899 769 1969 contigit.
795 1899 949 1966 Nam,
979 1901 1120 1956 sicut
1149 1902 1202 1955 in
1227 1902 1536 1957 authentica
1560 1903 1829 1972 passionis
1857 1904 1974 1975 ejus

375 1997 648 2046 narratur
668 1990 920 2056 historia,
938 2000 1077 2054 mox
1099 2000 1161 2046 ut
1203 1990 1500 2061 baptizavit
1524 1991 1853 2061 Nemesium,
1883 1997 1974 2066 qui

387 2095 513 2136 eum
524 2096 624 2150 pro
635 2082 1140 2142 excitatcﬁliaesuae
1150 2092 1459 2154 rogaverat,
1473 2084 1662 2139 eadem
1675 2084 1901 2152 Luciila,
1917 2087 1979 2141 li-

375 2182 480 2226 cet
498 2172 698 2228 nedum
727 2171 920 2227 fuisset
947 2172 1167 2228 lavacro
1190 2175 1332 2228 sacri
1373 2175 1540 2230 fontis
1563 2175 1767 2240 abluta,
1794 2175 1974 2231 lumen

393 2259 554 2330 190
579 2261 800 2331 recepit.
839 2261 1101 2331 Cumque,
1148 2263 1245 2328 ait,
1286 2263 1560 2342 levaretur
1592 2264 1872 2320 Nemesius
1907 2266 1975 2320 de

389 2365 553 2421 aqua,
575 2352 1000 2421 capitclamare
1029 2351 1138 2407 ﬁlia
1153 2352 1269 2421 ejus
1289 2355 1474 2409 dicens
1500 2373 1511 2408 :
1543 2356 1679 2410 Ecce
1699 2357 1858 2412 video
1878 2357 1977 2412 ho-

392 2443 590 2496 minem
623 2443 917 2514 quitetigit
937 2443 1126 2499 oculos
1163 2459 1333 2508 meos,
1356 2454 1410 2500 et
1434 2445 1611 2500 lumen
1633 2447 1975 2516 splendidum

389 2533 872 2604 circaeum,atque
883 2549 1008 2590 mox
1022 2534 1271 2591 subditur
1293 2554 1306 2589 :
1328 2536 1480 2591 Tunc
1501 2537 1795 2605 baptizavit
1810 2539 1974 2594 ﬁliam

389 2621 532 2692 ejus.
562 2624 608 2680 0
644 2624 917 2680 laudanda
947 2625 1123 2680 virtus
1165 2625 1383 2680 divina!
1421 2641 1457 2680 ο
1499 2629 1844 2695 praedicanda
1891 2643 1970 2684 re-

391 2711 724 2780 demptionis
751 2721 956 2766 nostra:
989 2713 1318 2767 clementia!
1362 2712 1514 2770 Alius
1555 2715 1866 2783 baptizatur
1908 2716 1976 2770 ad

391 2798 596 2864 lumen,
630 2809 685 2854 et
714 2801 866 2855 alteri
897 2801 1077 2855 lumen
1120 2801 1384 2855 redditur.
1417 2795 1578 2856 Pater
1619 2804 1824 2872 recepit
1850 2819 1977 2860 εομ

393 2887 501 2951 dis,
529 2897 581 2942 et
620 2888 729 2957 ﬁlia
769 2890 1014 2958 protinus
1053 2889 1268 2958 aperuit
1308 2890 1495 2945 oculos
1533 2890 1752 2947 frontis.
1803 2895 1977 2949 Ambo

395 2985 575 3033 tamen
603 2979 668 3032 ad
716 2996 877 3034 unam
921 2989 976 3034 ct
1005 2995 1186 3035 veram
1235 2984 1560 3051 perveniunt
1590 2981 1795 3048 lucem,
1847 2984 1977 3040 dum

379 3083 608 3125 .omnem
655 3072 866 3141 pristini
933 3073 1138 3127 erroris
1190 3083 1448 3142 respuunt
1504 3074 1826 3130 caicitatem.
1885 3075 1978 3131 Sic

2061 1895 2370 1962 percurrit,
2412 1911 2517 1951 non
2550 1898 2829 1954 minimam
2871 1901 3281 1957 similitudinem
3331 1905 3386 1957 in
3417 1905 3549 1975 ipsis
3587 1921 3667 1961 re-

2058 1996 2200 2037 rum
2235 1985 2612 2042 collationibus
2654 1989 3055 2057 deprehendit.
3092 1991 3200 2052 Sed
3251 2009 3376 2048 cum
3429 1995 3569 2050 alter
3595 1997 3665 2052 ad

2058 2075 2326 2144 martyrii
2357 2078 2670 2145 pervenerit
2714 2079 3161 2148 palmam,.'alter
3188 2084 3258 2139 ab
3298 2086 3402 2140 bac
3445 2088 3558 2140 vita
3610 2087 3665 2142 in

2077 2177 2208 2232 pace
2237 2166 2520 2235 quieverit,
2554 2178 2768 2224 constat
2811 2173 3000 2240 precul
3041 2175 3204 2234 dubio
3234 2176 3294 2229 in.
3313 2191 3548 2245 persona
3584 2179 3670 2233 di-

2077 2268 2285 2321 versos,
2333 2271 2472 2326 quos
2503 2259 2692 2329 utique
2734 2262 2949 2318 diverse
2994 2265 3334 2335 migrationis
3373 2268 3528 2338 191
3574 2285 3666 2340 ge.

2077 2361 2210 2403 nere
2241 2349 2493 2406 novimus
2526 2362 2956 2415 consummatos.
3002 2355 3104 2423 Qui
3149 2358 3407 2413 nimirum
3442 2361 3510 2413 ad
3541 2377 3667 2416 suo-

2078 2453 2198 2493 rum
2225 2440 2636 2496 similitudinem
2685 2444 2988 2511 nominum,
3025 2447 3153 2503 licet
3201 2449 3257 2504 in
3303 2451 3668 2508 anterioribus

2079 2539 2400 2601 congruant,
2431 2532 2485 2586 in
2525 2531 2635 2589 ﬁne
2665 2535 2997 2591 discordant.

2144 2621 2341 2683 Beatus
2360 2623 2761 2689 veroDonatus,
2773 2622 2858 2679 cui
2875 2627 3214 2695 potissimum
3229 2643 3467 2698 praisens
3494 2630 3669 2686 famu-

2078 2709 2289 2769 laturus
2315 2722 2400 2767 est
2433 2726 2632 2775 sermo,
2662 2713 2864 2783 utejus
2891 2717 3128 2772 veridica
3153 2727 3385 2774 testatur
3405 2720 3659 2786 historia,

2065 2799 2290 2854 Iuliano
2317 2801 2519 2856 Caesari
2546 2803 2678 2865 non.
2701 2805 2882 2859 solum
2907 2805 2962 2858 in
2992 2807 3296 2862 liberalium
3325 2809 3525 2864 artium
3552 2819 3668 2866 stu-

2067 2888 2183 2942 diis
2213 2889 2614 2945 contubernalis
2644 2892 2877 2957 exstitit,
2907 2909 3098 2948 verum
3137 2895 3300 2960 etiam
3337 2911 3462 2951 cum
3487 2914 3553 2954 eo
3591 2900 3670 2954 si-

2069 2979 2190 3033 mul
2227 2981 2399 3050 prima
2439 2982 2642 3051 gradus
2666 2983 3024 3039 ecclesiastici
3070 2986 3372 3041 rudimenta
3404 2991 3664 3059 suscepit.

2073 3068 2183 3124 libi
2209 3071 2502 3126 notandum
2551 3081 2607 3124 ct
2650 3069 3053 3128 farmidolosius
3102 3073 3448 3144 cogitandum
3497 3090 3662 3145 quam

394 3159 651 3216 nimirum
692 3162 747 3214 Β.
783 3162 1111 3230 Stephanus,
1159 3163 1273 3232 qui,
1297 3161 1452 3231 juxta
1480 3163 1735 3220 Veritatis
1760 3180 1974 3233 vocem,
2003 3152 2048 3214 C
2083 3161 2311 3229 abyssus
2357 3160 2526 3214 amita
2588 3161 2700 3215 sint
2753 3161 2937 3220 divina
2981 3160 3192 3230 judicia
3246 3161 3422 3234 (Psal.
3467 3165 3656 3236 xx“),

389 3247 483 3302 lux
532 3249 716 3304 mundi
775 3249 936 3320 hujus
977 3261 1094 3304 erat
1134 3250 1318 3322 (Joau.
1365 3251 1438 3319 ι),
1491 3253 1673 3310 lumen
1723 3255 1978 3310 cordibus
2066 3258 2135 3304 et
2163 3265 2325 3318 quam
2363 3250 2620 3306 terribilis
2645 3251 2788 3306 Deus
2837 3252 2890 3305 in
2917 3252 3158 3308 consiliis
3195 3268 3360 3323 super
3386 3253 3526 3310 ﬁlios
3569 3257 3666 3310 ho-

391 3335 732 3406 inl‘undebat,
771 3346 826 3392 et
850 3338 1153 3394 animarum
1187 3340 1516 3404 sacriﬁcium
1548 3342 1746 3398 divinis
1770 3344 1975 3398 obtuti—

391 3430 496 3483 hus
521 3428 803 3484 oﬁ'crebat.
837 3429 948 3486 Hoc
977 3429 1328 3496 sacrificium,
1362 3430 1560 3486 fratres
1595 3433 1723 3498 mei,
1762 3449 1886 3489 cum
1911 3435 1975 3489 B.

377 3515 674 3587 Stephano
715 3527 770 3572 et
819 3533 918 3573 nos
958 3534 1056 3589 pro
1103 3519 1320 3576 modulo
1369 3507 1556 3576 nostro
1606 3536 1820 3592 semper
1867 3523 1977 3578 Deo

390 3611 710 3664 Studeamus
737 3608 954 3675 oii'erre,
999 3620 1059 3666 ut
1105 3627 1212 3666 non
1259 3611 1430 3667 solum
1461 3613 1529 3669 de
1574 3623 1759 3669 nostra
1804 3615 1978 3671 salute

393 3699 632 3761 solliciti,
678 3700 772 3754 sed
811 3701 880 3756 ad
927 3701 1215 3756 lucrandas
1244 3702 1407 3755 etiam
1461 3702 1830 3771 proximorum
1879 3721 1979 3759 no-

391 3799 632 3844 strorum
671 3791 880 3850 animas
918 3793 1088 3847 simus
1145 3793 1376 3848 solerter
1429 3793 1654 3860 intenti;
1707 3806 1976 3865 quatenus

389 3878 520 3945 dum
550 3880 838 3935 charitatis
875 3880 1052 3936 hostia
1095 3881 1148 3934 in
1175 3896 1269 3935 ara
1311 3882 1504 3937 nostri
1527 3883 1760 3951 pectoris
1791 3884 1976 3939 adole-

391 3978 506 4034 tur,
527 3971 596 4026 ab
627 3970 716 4028 illo
745 3972 1074 4027 sacriﬁcium
1101 3981 1346 4028 nostrum
1376 3983 1650 4027 mereatur
1672 3977 1725 4029 in
1753 3977 1974 4031 odorem

390 4062 678 4122 suavitatis
701 4063 896 4133 accipi,
925 4063 1016 4132 qui
1043 4064 1095 4116 in
1126 4078 1223 4117 ara
1255 4064 1435 4118 crucis
1465 4078 1564 4133 pro
1590 4065 1767 4121 salute
1787 4075 1972 4122 nostra

391 4151 644 4222 dignatus
671 4160 756 4208 est
782 4152 1070 4217 immolari,
1109 4151 1266 4207 Iesus
1292 4152 1551 4209 Christus
1578 4154 1842 4222 Dominus
1879 4171 1974 4211 no-

390 4253 528 4310 ster,
555 4245 652 4314 qui
677 4261 800 4300 ωιιι
820 4244 984 4298 Patre
1011 4253 1070 4299 et
1090 4243 1296 4314 Spiritu
1319 4252 1507 4299 sancto
1536 4244 1672 4302 vivit
1694 4254 1751 4301 et
1780 4254 1974 4318 regnat

391 4337 450 4392 in
497 4336 692 4392 saecula
724 4336 1063 4400 saeculorum.
1103 4334 1298 4391 Amen.

888 4425 1126 4483 SERMO
1177 4426 1464 4482 XXXVI“.

2081 3340 2286 3393 miuum
2313 3338 2488 3408 (Paul.
2533 3338 2680 3409 va).
2714 3339 2854 3394 Ecce
2895 3340 3040 3394 enim
3077 3341 3131 3394 in
3161 3356 3295 3410 agro
3319 3341 3532 3396 Domini
3557 3343 3664 3404 duo

2073 3430 2288 3500 pariter
2323 3429 2553 3499 virgulta
2602 3439 2974 3496 succrescunt,
3025 3446 3255 3500 quorum
3301 3431 3532 3486 alterum
3566 3447 3666 3503 per

2076 3519 2346 3575 occultam
2367 3520 2598 3592 gratiam
2621 3520 2817 3575 cedrus
2841 3528 2924 3575 est
2948 3519 3206 3588 paradisi,
3234 3520 3465 3578 alterum
3491 3522 3666 3580 fomes

2079 3625 2356 3680 nunquam
2415 3610 2667 3666 ﬁniendis
2709 3619 3044 3681 praeparatur
3088 3611 3378 3675 incendiis,
3443 3613 3537 3668 ille
3597 3615 3666 3671 de

2079 3701 2281 3756 scholis
2307 3704 2375 3757 ad
2411 3715 2662 3772 regnum,
2707 3701 2775 3758 de
2804 3715 2973 3771 regno
2998 3702 3234 3757 truditur
3261 3705 3437 3760 nudus
3471 3705 3528 3760 in
3553 3713 3664 3762 tar—

2069 3801 2289 3856 tarum;
2338 3791 2444 3846 iste
2492 3790 2748 3847 sacerdos
2789 3789 3038 3857 eﬁ'ectus,
3071 3792 3138 3847 de
3163 3793 3427 3859 cathedra
3455 3794 3668 3864 rapitur

2075 3882 2144 3936 ad
2171 3880 2516 3950 supplicium,
2547 3881 2615 3936 de
2635 3879 2900 3951 snpplicio
2929 3892 3262 3956 purpuratus
3281 3893 3338 3937 et
3366 3892 3663 3942 coronatus

2075 3971 2432 4029 elevaturin
2487 3971 2708 4030 ciuium.
2763 3971 2845 4028 illi
2883 3975 3118 4034 mundus
3168 3974 3372 4040 arrisit,
3424 3976 3666 4057 emicans

2076 4063 2195 4118 aula
2222 4079 2327 4118 non
2361 4065 2568 4134 patuit;
2606 4063 2695 4118 hic
2724 4071 3013 4132 postquam
3044 4065 3331 4124 mundanae
3371 4075 3663 4135 tempesta-

2077 4153 2146 4208 tis
2172 4151 2804 4223 naufragiumﬂpertulit.
2839 4153 2910 4209 ad
2955 4152 3161 4219 quietis.
3201 4163 3420 4214 aaternm
3447 4165 3660 4225 portum

2074 4242 2220 4298 (elici
2275 4243 2571 4298 securitate
2616 4241 2886 4313 pervenit.
2935 4241 3204 4298 Probatur
3246 4253 3430 4308 autem
3473 4246 3526 4304 in
3576 4246 3667 4303 his

2071 4351 2200 4390 vera
2229 4335 2537 4405 evangeiica
2570 4334 2657 4390 ilia
2692 4333 2988 4407 sententia,
3025 4351 3130 4405 qua
3161 4335 3406 4404 dicitur:
3455 4355 3475 4390 ι
3523 4337 3664 4406 Quia

2074 4434 2236 4482 erunt
2253 4427 2360 4481 duo
2382 4428 2621 4496 inagro;
2645 4441 2794 4498 unus:
2807 4434 3137 4492 assumetur,
3154 4434 3210 4482 et
3232 4427 3369 4482 alter
3391 4428 3663 4500 relinque-

391 4531 462 4571 ns
497 4532 572 4573 ss.
608 4531 820 4574 nouare
858 4533 928 4572 ιιτ
968 4533 1260 4573 ιιιιΑιιιΑκοε
1289 4532 1648 4575 ιιΑιιιιιιιιιιιιιε.
1699 4520 1794 4592 (vn
1822 4523 1970 4591 suo.)

2079 4524 2164 4572 tur
2193 4515 2345 4586 (Luc.
2392 4488 2548 4585 xvii),
2606 4488 2632 4569 ιτ
2661 4488 2905 4584 Uterque
2948 4488 3156 4579 tamen,
3184 4514 3329 4572 sicut
3353 4488 3582 4585 angelus
3602 4526 3660 4574 et

463 4608 652 4674 Adest,
679 4609 1050 4675 dilectissimi,
1100 4610 1382 4665 beatorum
1434 4618 1734 4682 martyrum
1780 4611 1974 4668 Donati

392 4709 557 4769 atque
593 4700 854 4756 Hilariani
885 4701 1146 4771 praelata
1176 4699 1512 4765 solemnitas,
1556 4716 1698 4770 quae,
1730 4700 1859 4756 dum
1885 4701 1974 4756 de-

391 4789 629 4845 votionis
665 4797 862 4845 vestra:
909 4788 1276 4860 frequentiam
1311 4804 1378 4844 ex
1425 4790 1656 4846 diversis
1699 4790 1752 4845 in
1804 4805 1971 4845 unum

319 4873 322 4876 ’
393 4882 638 4950 partibus
688 4889 990 4947 convocat,
1049 4895 1154 4940 nos
1197 4882 1361 4937 etiam
1411 4889 1473 4936 ut
1522 4897 1710 4937 eorum
1763 4881 1974 4952 insigne

393 4973 720 5041 praeconium
753 4987 854 5042 pro
893 4973 1110 5028 modulo
1147 4980 1334 5028 nostro
1370 4987 1483 5028 non;
1517 4982 1792 5029 taceamus
1835 4972 1971 5026 invi-

391 5070 493 5116 tat.
537 5063 662 5119 Haec
697 5071 782 5118 est
809 5063 969 5118 enim
998 5064 1118 5120 dies
1150 5064 1214 5118 in—
1247 5079 1358 5134 qua
1396 5065 1551 5119 triste
1582 5065 1685 5120 hoc
1713 5063 1967 5120 sabulum

393 5151 707 5209 deserentes
741 5153 1107 5223 deposuerunt
1153 5155 1428 5210 sarcinam
1457 5155 1660 5220 carnis,
1689 5164 1743 5209 et
1772 5155 1968 5210 stolam

393 5243 573 5312 adepti
618 5252 746 5299 sunt
791 5245 1054 5316 angelieas,
1093 5243 1377 5300 claritatis.
1414 5245 1606 5309 Hodie,
1641 5245 1970 5315 triumphato

391 5333 625 5399 diabolo,
655 5334 888 5405 palmam
915 5335 1130 5405 gloriosi
1153 5333 1468 5390 certaminis
1496 5335 1564 5389 ad
1587 5335 1968 5403 imperatorem

392 5423 635 5479 celestis
669 5425 884 5480 militiae
925 5433 1292 5495 repertarum.
1339 5422 1507 5479 Hodie
1537 5425 1816 5495 purpurati
1847 5440 1968 5495 pro-

391 5515 513 5583 prio
574 5517 860 5587 sanguine,
901 5517 1294 5573 alternantibus
1358 5516 1594 5585 undique
1646 5516 1969 5586 hymnidicis

392 5607 988 5676 angelorumietetibus,
1023 5609 1274 5664 vexillum
1319 5615 1552 5678 peractae
1595 5607 1836 5662 victoriae
1883 5622 1970 5665 re-

394 5697 513 5764 gnis
547 5697 860 5755 caelestibus
903 5701 1216 5754 intulerunt.
1247 5698 1524 5754 Gradatim
1567 5697 1832 5768 siquidem
1883 5700 1966 5754 in.

2074 4604 2343 4671 diabolus,
2371 4604 2600 4661 diversae
2639 4602 2847 4664 scilicet
2886 4602 3212 4660 intentionis
3250 4603 3446 4666 intuitu
3483 4604 3656 4660 fama.

2053 4695 2169 4750 lati
2211 4701 2341 4751 sunt
2378 4693 2512 4749 Deo.
2540 4691 2636 4750 Ille
2671 4700 2912 4758 coactus,
2937 4691 3038 4748 iste
3088 4691 3454 4752 indubitanter
3484 4695 3656 4752 ultro-

2077 4800 2230 4842 neus.
2275 4784 2543 4856 Nunquid.
2577 4785 2721 4842 enim
2773 4793 2831 4844 et
2873 4783 3124 4843 Julianus
3169 4785 3428 4855 Apostata
3461 4787 3660 4843 divinis

2075 4877 2488 4949 obtemperasse
2530 4877 2744 4948 legibus.
2791 4888 2904 4936 non
2950 4876 3310 4937 convincitur,
3362 4891 3484 4939 cum
3539 4879 3658 4948 ejus

2072 4980 2296 5028 cruenta
2338 4971 2517 5027 rabies
2552 4970 2839 5026 iu‘Cbristi
2879 4975 3145 5038 martyres
3174 4967 3444 5034 ebullit-et,
3486 4979 3540 5045 et
3579 4976 3657 5021 tot

2071 5063 2226 5133 quasi
2267 5071 2508 5118 maturas
2539 5063 2833 5119 electorum
2861 5051 3072 5130 sesetes
3103 5059 3154 5114 in
3197 5059 3445 5113 horreum
3475 5059 3654 5125 Domi-

2072 5154 2253 5210 nicum
2301 5155 2695 5224 persecutionis
2747 5168 2858 5208 sua)
2912 5151 3051 5206 falce
3095 5151 3340 5206 desectus
3392 5149 3656 5214 inferret?

2071 5245 2154 5301 Ad
2183 5245 2285 5298 hoc
2315 5245 2458 5299 enim
2491 5242 2772 5312 tyrannica
2815 5249 3060 5309 potestas
3100 5239 3342 5308 reprobat
3368 5248 3452 5292 est
3496 5241 3654 5295 adhi-

2072 5337 2184 5395 bita
2213 5336 2498 5397 voluntati.
2526 5344 2581 5391 et
2602 5334 2786 5406 pingui
2827 5344 2982 5390 tauro
3005 5347 3208 5390 cornua
3238 5343 3364 5388 sum
3393 5332 3654 5390 divinitus

2072 5429 2332 5493 exaltata,
2363 5437 2422 5483 ut
2457 5428 2652 5483 summi
2679 5424 3105 5496 patrisfamilias
3129 5438 3314 5479 aream
3346 5423 3650 5492 ventilaret,

2075 5529 2131 5576 ct
2153 5536 2183 5574 a
2211 5519 2378 5590 paleis
2399 5533 2519 5589 quae
2549 5519 2762 5588 ignibus
2806 5519 2931 5569 sunt
2967 5510 3210 5570 obnoxiae
3240 5515 3442 5568 munda
3480 5531 3652 5585 grana

2076 5620 2404 5667 secerneret.
2431 5608 2568 5663 Hinc
2589 5615 2673 5663 est
2699 5607 2839 5677 quod
2872 5604 3122 5661 Historia:
3160 5604 3379 5660 tradunt
3405 5604 3531 5658 huic
3555 5602 3652 5656 Ju-
3747 5676 3756 5686 Α

2076 5702 2220 5756 liauo
2249 5701 2389 5756 intra
2414 5699 2700 5769 quamdam
2727 5696 3021 5753 Galliarum
3049 5694 3326 5754 basilicam
3356 5695 3652 5752 constituto
