4070 6198
416 368 521 425 707

1028 368 1088 426 8.
1114 366 1317 426 PETRI
1358 363 1644 424 DAMIAM
1672 369 1827 424 UP}.
1858 370 2040 421 rana
2063 363 2193 419 atat;
2231 363 2455 422 tonus
2493 365 2556 421 ll.
2587 397 2655 408 —
2684 367 3075 429 SEBMONES.

2196 250 2227 267 ⁴

3578 381 3686 440 708

412 495 697 547 coronam,
726 494 847 550 qua:
876 495 1040 550 super
1080 496 1205 537 eum
1235 478 1595 551 dependebat,
1644 479 1701 535 in
1748 476 1866 548 ejus
1912 492 1998 533 re-
2024 480 2076 541 Α
2100 473 2345 565 culorum
2371 476 2476 533 dici
2506 486 2703 549 potest.
2730 480 2999 555 Pleraque
3028 486 3175 541 enim
3199 487 3504 547 ctelestlum
3531 493 3691 565 signa

412 584 576 643 pente
617 572 876 627 verticem
921 572 1206 638 cecidisse,
1260 580 1316 627 et
1353 570 1428 625 ita
1472 570 1688 640 signum
1734 570 1863 640 quia
1915 568 2006 624 ille

411 665 632 721 deberet
663 662 959 732 imperator
990 661 1128 725 fieri,
1179 662 1231 715 in
1262 659 1517 731 opinione
1560 658 1742 731 populi
1785 666 2007 729 porten-

414 754 578 810 disse.
608 753 716 808 Sed
747 751 942 808 melius
984 766 1083 807 nos
1111 751 1393 806 ardentem
1436 757 1638 805 torrem
1670 749 1725 805 in
1751 763 1852 805 suo
1882 749 2006 820 igne

411 845 787 915 relinquimus,
814 851 873 899 ut
896 842 1177 899 vernantis
1220 842 1435 900 arboris
1482 840 1722 897 suaviter
1752 839 2002 896 redolen-

412 935 487 989 tia
519 948 677 1004 poma
708 947 1019 1002 carpamus.
1148 975 1158 987 .
1870 971 1878 977 .

482 1025 682 1080 Beatus
710 1025 894 1094 itaque
917 1024 1181 1089 Donatus,
1213 1038 1376 1094 quem
1410 1021 1669 1093 templum
1699 1021 1803 1078 sibi
1830 1020 2006 1091 Spiri-

412 1124 498 1170 tus
526 1124 749 1170 sanctus
771 1116 838 1169 ab
887 1115 1021 1185 ipsis
1048 1115 1321 1185 primmvae
1353 1114 1532 1169 aetatis
1574 1112 1875 1167 vindicavit
1903 1127 2003 1166 au-

410 1205 618 1274 spiciis,
653 1204 915 1259 mollioris
941 1206 1068 1260 vita:
1098 1205 1439 1261 latitudinem
1476 1205 1702 1276 sprevit,
1729 1205 2006 1260 abstinen-

412 1296 500 1349 tiae
546 1296 724 1367 rigore
765 1295 1081 1350 illecebrosa
1114 1296 1296 1351 carnis
1340 1297 1615 1352 incentiva
1669 1295 1919 1362 calcavit,
1949 1304 2005 1350 et

412 1394 698 1455 antequam
746 1402 846 1456 per
895 1387 1219 1456 dignitatem
1267 1387 1621 1443 sacerdotalis
1669 1386 1829 1442 oﬂicii
1886 1386 2005 1457 ejus

412 1476 734 1543 praedicaret
788 1476 990 1545 lingua,
1043 1476 1375 1545 prtedicabat
1419 1475 1532 1545 jam
1586 1475 1875 1532 efﬁcaciter
1900 1476 2003 1531 sub

410 1564 659 1619 honestis
704 1572 762 1619 et
827 1564 1187 1635 disciplinatis
1248 1565 1491 1621 moribus
1540 1566 1671 1621 vita.
1733 1565 2001 1621 Nimirum

408 1655 554 1712 illius
581 1657 830 1727 exemplo
861 1658 952 1728 qui
978 1658 1146 1727 cmpit
1177 1658 1430 1729 primitus
1460 1658 1640 1715 facere
1666 1666 1866 1728 etpost
1907 1658 2003 1714 do-

406 1758 532 1799 cere
578 1744 719 1811 (Act.
774 1748 838 1815 ι),
894 1736 1127 1802 vivendo
1177 1747 1439 1801 doctrinae
1493 1745 1691 1801 ﬂuenta
1728 1745 1997 1817 concepit,

2106 564 2367 621 virtutum
2389 569 2458 623 ad
2482 578 2697 639 tempus
2723 569 2881 638 fiunt,
2912 582 2965 628 at
2987 584 3276 646 postquam
3297 592 3469 634 semet
3497 564 3691 637 osten-

2104 668 2165 709 sa
2196 653 2514 724 claruerint,
2537 659 2814 715 desinunt.
2845 662 2927 718 Ad
2953 663 3265 722 Israeliticae
3288 668 3485 739 quippe
3512 669 3694 741 plebis

2106 743 2413 816 ingressum
2441 758 2498 803 et
2531 765 2684 806 mare
2709 752 2991 819 dividitur,
3020 762 3077 810 et
3110 754 3349 814 ﬂuminis
3376 760 3563 819 alveus
3590 778 3695 819 es-

2105 835 2359 899 siccatur,
2386 838 2483 895 sed
2510 839 2682 896 semel
2711 840 2934 913 impleto
2962 844 3160 901 divinae
3194 847 3414 906 virtutis
3439 850 3693 922 imperio,

2105 932 2166 999 ut
2212 922 2494 997 Scriptura
2544 938 2797 996 testatur,
2834 933 3083 1003 protinus
3129 936 3200 991 ad
3235 938 3473 1007 priorem
3510 940 3689 1000 locum

2106 1024 2338 1087 utraque
2397 1019 2643 1076 vicissim
2672 1023 2842 1079 maris
2884 1025 3026 1079 unda
3054 1026 3340 1096 relabitur,
3361 1040 3417 1087 et
3450 1032 3693 1092 ﬂuminis

2103 1108 2187 1163 sui
2217 1123 2413 1166 cursus
2438 1110 2665 1168 libertas
2704 1114 2862 1170 solita
2894 1126 3182 1186 reparatur
3207 1118 3404 1190 (Exod.
3445 1123 3581 1195 xxv).

2178 1196 2388 1253 Eliseus
2418 1214 2544 1255 cum
2591 1201 2705 1257 Elia
2736 1218 2834 1274 per
2871 1206 3075 1262 siccum
3103 1206 3342 1265 .lordane
3365 1215 3691 1272 transmisso

2103 1296 2228 1356 post
2277 1288 2556 1359 paululum
2610 1294 2792 1361 rediit,
2834 1297 2929 1351 sed
2967 1312 3181 1362 rursus,
3207 1307 3264 1353 ut
3289 1299 3521 1357 liberum
3542 1306 3691 1364 solus

2104 1390 2411 1436 mereretur
2435 1381 2769 1454 ingressum,
2795 1388 3050 1457 precibus
3074 1389 3389 1460 impetravit
3419 1393 3470 1465 (ι
3486 1394 3529 1448 ν
3552 1395 3685 1467 Reg.

2104 1468 2188 1539 ti).
2221 1468 2457 1541 Pupulus
2482 1474 2736 1541 gradiens
2759 1490 2856 1546 per
2889 1477 3165 1534 desertum
3193 1483 3544 1551 quaterdenis
3574 1486 3694 1544 fere

2103 1571 2372 1616 annorum
2409 1563 2702 1621 curriculis
2735 1566 3051 1624 coelestibus
3103 1584 3236 1626 usus
3269 1581 3353 1627 est
3389 1573 3686 1642 alimentis,

2103 1648 2197 1703 sed
2221 1660 2506 1721 postquam
2535 1654 2961 1714 Chananaeorum
3001 1660 3137 1717 ﬂues
3163 1663 3363 1735 attigit,
3402 1674 3689 1737 postquam

2103 1737 2171 1792 de
2199 1737 2446 1811 frugibus
2470 1751 2629 1799 terra:
2651 1747 2913 1816 gustavit,
2937 1762 3063 1804 mox
3093 1765 3293 1807 manna
3320 1753 3538 1810 defecit.
3570 1756 3689 1814 Hoc

403 1848 528 1903 quae
568 1835 912 1903 postmodum
944 1850 1042 1906 per
1066 1835 1181 1891 oris
1219 1835 1474 1907 poculum
1504 1844 1560 1891 et
1585 1835 1709 1891 aliis
1745 1835 1985 1904 propina-

2103 1834 2286 1881 autem
2315 1829 2537 1887 virtutis
2562 1832 2779 1905 signum
2810 1835 2878 1891 de
2902 1851 3011 1906 quo
3038 1853 3183 1896 nunc
3204 1841 3437 1912 agimus,
3469 1853 3531 1899 ut
3574 1859 3687 1901 non

405 1921 507 1976 vit.
555 1921 671 1978 Huc
697 1924 912 1979 accedit
938 1923 1086 1993 quia.
1119 1938 1244 1979 cum
1290 1938 1350 1979 se
1380 1924 1630 1979 districta
1654 1922 1871 1978 vivendi
1909 1936 2000 1977 re-

404 2010 529 2081 gula
559 2013 872 2084 castigaret,
899 2027 1096 2083 corpus
1117 2012 1233 2082 jam
1261 2014 1329 2069 ad
1356 2013 1677 2085 martyrium
1716 2014 1819 2068 sub
1848 2011 2002 2067 labo-

406 2100 551 2156 riosa
579 2102 763 2171 quiete
793 2102 1083 2187 formabat,
1104 2113 1179 2169 et,
1210 2112 1271 2158 ut
1298 2104 1436 2159 mori
1471 2102 1685 2187 tandem
1715 2117 1817 2173 pro
1840 2101 2002 2158 Chri-

402 2200 492 2246 sto
516 2199 840 2258 mereretur,
862 2183 1176 2261 quotidiana
1192 2206 1252 2247 se
1268 2183 1689 2247 mortiﬁcatione
1702 2191 1995 2247 mactabat.

405 2278 670 2334 Sulcabat
709 2279 945 2349 denique
990 2289 1193 2336 terram
1238 2294 1397 2335 suam
1426 2294 1647 2336 vomere
1676 2280 1993 2351 disciplinae,

403 2380 464 2425 ut
489 2370 625 2427 uber
647 2382 890 2443 segetum
907 2381 1202 2443 proventus
1216 2384 1552 2444 erumperet,
1565 2383 1626 2427 ut
1646 2372 1996 2429 illucescente

400 2459 643 2532 caflestis
661 2461 852 2531 gratia:
879 2462 1033 2517 radio
1072 2461 1306 2518 fertilius
1345 2462 1699 2533 germinaret.
1746 2461 1882 2517 Hinc
1910 2470 1995 2518 est

402 2555 546 2625 quod
585 2556 638 2609 in
676 2555 861 2609 mundi
889 2555 1188 2625 primordio
1218 2565 1360 2612 terra
1385 2557 1545 2612 tertio
1575 2556 1663 2612 die
1685 2556 1992 2627 germinare

402 2643 732 2713 praecipitur,
757 2651 952 2713 quarto
965 2652 1148 2699 autem
1168 2643 1301 2711 sole,
1324 2628 1453 2699 luna
1473 2644 1793 2714 ueterisque
1805 2642 1993 2698 sideri-

402 2733 506 2787 bus
524 2731 683 2802 192
700 2731 1004 2787 illustratur
1028 2733 1183 2803 (Gen.
1200 2734 1239 2803 ι)
1256 2750 1271 2799 ;
1288 2734 1415 2804 quia
1431 2734 1709 2798 nimirum,
1736 2740 1990 2802 percepto

404 2823 690 2878 Trinitatis
712 2822 918 2878 deiﬂcae
946 2834 1314 2889 sacramento,
1367 2824 1617 2892 protinus
1647 2838 1680 2877 a
1705 2823 1864 2878 nobis
1894 2820 1992 2877 bo-

403 2932 599 2972 norum
628 2930 852 2985 operum
905 2914 1235 2985 proferenda
1272 2923 1399 2970 sunt
1422 2915 1687 2986 germina,
1710 2924 1771 2970 ut
1799 2929 1991 2970 conse-

394 3019 633 3083 quenter
656 3010 708 3063 in
737 3023 836 3063 nos
865 3007 1106 3064 cmlestis
1132 3008 1320 3080 gratiae
1341 3007 1524 3062 lumen
1544 3014 1815 3077 erumpat.
1843 3006 1987 3062 Con-

396 3103 683 3160 venienter
709 3103 895 3171 itaque
938 3110 1149 3174 martyr
1172 3101 1421 3174 egregius
1456 3101 1608 3171 prius
1629 3100 1776 3157 velut
1796 3100 1983 3157 excul-

2103 1912 2260 1981 fides,
2306 1917 2401 1972 sed
2439 1922 2732 1978 manifesta
2780 1924 2854 1979 sit
2876 1925 3034 1993 visio,
3085 1928 3227 1984 sicut
3248 1930 3418 1985 semel
3446 1946 3690 2004 ceperat

2101 2006 2170 2065 ad
2204 2009 2588 2068 declarandum
2641 2016 2870 2087 pretiosi
2892 2019 3152 2090 martyris
3182 2022 3461 2089 meritum,
3489 2025 3689 2083 indeﬂ-

2100 2096 2253 2156 ciens
2299 2111 2635 2170 perseverat.
2671 2122 2691 2156 ι
2727 2103 2821 2161 Est
2844 2107 2992 2164 enim
3020 2108 3175 2177 fides,
3206 2128 3227 2163 ι
3265 2120 3326 2167 ιιι
3362 2116 3689 2183 praedicator

2098 2190 2348 2260 egregius
2384 2192 2480 2257 ait,
2516 2211 2537 2246 ι
2589 2198 2983 2266 sperandamm
3013 2202 3320 2259 substantia
3355 2220 3557 2272 rerum,
3598 2224 3691 2265 arb

2096 2288 2411 2347 gumentum
2463 2298 2572 2339 non
2603 2288 2978 2355 apparentium
3011 2290 3200 2363 (Hebr.
3236 2293 3337 2364 ιι).
3376 2316 3397 2347 ι
3432 2295 3691 2355 Enimve-

2096 2383 2158 2424 ro
2186 2369 2328 2427 sicut
2353 2382 2545 2431 auctor
2566 2375 2760 2433 salutis
2781 2378 3034 2436 humanae
3058 2382 3230 2438 voluit
3254 2384 3306 2439 in
3333 2399 3432 2441 suo
3457 2401 3687 2459 corpore

2094 2459 2376 2518 clavorum
2406 2466 2560 2537 signa
2608 2483 2972 2539 componere;
3010 2472 3083 2527 ita
3110 2474 3275 2531 etiam
3311 2491 3497 2532 rarum
3523 2478 3684 2537 duxit

2092 2550 2147 2605 in
2174 2552 2276 2609 hoc
2305 2569 2462 2612 sacro
2500 2572 2630 2616 vase
2678 2561 3057 2619 vulnusculum
3104 2566 3225 2621 sine
3250 2566 3434 2638 aliqua
3468 2584 3682 2627 recom-

2092 2646 2412 2713 pensatione
2462 2664 2704 2708 servare.
2735 2652 2793 2707 In
2823 2653 2917 2709 illo
2943 2655 3171 2721 scilicet,
3215 2666 3275 2712 ut
3305 2659 3680 2718 dubitantibus

2091 2731 2251 2789 ﬂdem
2279 2735 2554 2805 praebeat;
2586 2738 2642 2794 in
2676 2739 2801 2807 hoc,
2831 2752 2892 2797 ut
2919 2742 3158 2799 ﬁdelium
3205 2755 3417 2803 mentes
3440 2749 3508 2804 ad
3532 2764 3679 2820 pra:-

2090 2823 2309 2880 conium
2362 2841 2474 2882 suae
2534 2828 2711 2885 laudis
2771 2834 3055 2889 accendat.
3113 2835 3169 2890 In
3226 2836 3358 2904 illo,
3407 2848 3468 2893 ut
3518 2840 3676 2911 signa

2090 2915 2478 2984 redemptionis
2504 2917 2755 2976 humanae
2786 2921 2944 2996 193
2976 2922 3136 2980 Pater
3163 2926 3505 2997 omnipotens
3533 2943 3681 2984 sem-

2088 3016 2185 3072 per
2217 3002 2418 3071 faciat;
2449 3006 2503 3061 in
2530 3007 2655 3074 isto,
2681 3017 2743 3064 ut
2764 3024 2928 3079 quam
2960 3012 3219 3069 sublimes
3240 3022 3295 3069 et
3321 3015 3375 3070 in
3414 3016 3518 3071 bac
3562 3015 3674 3071 vita

2090 3106 2277 3153 servos
2304 3111 2434 3153 suos
2458 3097 2657 3164 eﬂiciat
2677 3139 2694 3166 ,
2724 3102 2953 3174 quisque
2993 3104 3102 3160 Deo
3126 3107 3351 3163 devotus
3389 3118 3672 3179 agnoscat.

400 3195 470 3251 tis
490 3204 545 3250 et
566 3166 893 3264 persulcatis
944 3166 1128 3248 carnis
1173 3166 1284 3248 sum
1323 3191 1605 3248 novalibus
1640 3192 1835 3249 uberes
1860 3207 1987 3248 san-
2013 3166 2061 3231 (ἶ
2161 3183 2240 3240 Ne
2275 3187 2397 3256 quis
2430 3195 2608 3242 autem
2647 3204 2746 3245 nos
2774 3200 2965 3259 arguat
2991 3194 3219 3249 summis
3249 3209 3414 3264 parva
3444 3211 3674 3268 compo—

398 3292 502 3339 cta:
536 3282 869 3354 operationis
902 3280 1111 3337 fructus
1152 3281 1352 3347 attulit,
1383 3281 1579 3337 deinde
1611 3290 1866 3351 tanquam
1894 3295 1986 3337 co-

396 3388 591 3429 ruscus
621 3372 862 3428 caelestis
899 3372 1088 3442 gratim
1120 3372 1307 3427 radius
1350 3370 1733 3426 miraculorum
1756 3386 1879 3427 eum
1902 3380 1985 3426 at-

396 3481 503 3537 que
532 3466 810 3535 signorum
857 3464 1082 3519 claritas
1122 3463 1435 3518 illustravit.
1467 3461 1623 3518 Unde
1659 3462 1764 3517 hoc
1787 3461 1863 3516 illi
1900 3461 1983 3515 di-

394 3557 601 3611 vinitus
644 3548 1001 3625 procuratum
1043 3561 1127 3608 est
1159 3560 1217 3606 ut
1252 3566 1281 3605 a
1311 3551 1516 3606 lumine
1540 3550 1723 3605 facere
1755 3550 1983 3605 virtutes

396 3649 680 3719 inciperet.
740 3644 851 3701 Hoc
902 3643 1170 3714 siquidem
1217 3641 1450 3713 primum
1483 3640 1629 3697 illius
1656 3640 1978 3697 miraculum

396 3754 505 3810 quo
544 3739 750 3795 Sirena:
788 3737 964 3792 vidum
1013 3734 1207 3791 frontis
1254 3734 1417 3789 simul
1467 3742 1523 3789 et
1575 3730 1758 3789 curdis
1799 3731 1978 3787 lumen

396 3829 631 3899 aperuit,
684 3837 745 3883 ut
785 3827 1042 3882 nimirum
1065 3836 1120 3880 et
1148 3824 1217 3879 ab
1247 3823 1513 3879 idolorum
1544 3837 1689 3878 cazca
1713 3821 1979 3893 supersti-

394 3921 543 3976 tione
575 3934 838 3975 conversa
881 3927 937 3973 et
966 3916 1071 3972 luci
1100 3915 1346 3986 pristinae
1378 3915 1648 3979 restituta,
1688 3923 1747 3969 et
1784 3914 1975 3980 Deum,

394 4010 487 4081 qui
526 4024 656 4065 vere
692 4009 875 4065 lumen
903 4016 1008 4073 est,
1041 4004 1268 4072 coleret,
1298 4013 1355 4061 et
1374 4003 1657 4062 oculorum
1688 4002 1975 4075 caliginem

393 4102 461 4156 de
484 4107 682 4155 caetero
708 4114 816 4153 non
854 4095 1157 4168 praferret.

461 4189 629 4244 Plane
665 4203 788 4242 cum
838 4186 995 4257 plura
1034 4184 1321 4239 videamus
1366 4182 1613 4254 apicibus
1654 4182 1853 4238 tradita
1877 4197 1975 4253 per

391 4293 519 4335 eum
552 4275 695 4331 facta
718 4274 979 4344 stupenda
1004 4272 1289 4339 miracula,
1316 4271 1446 4327 illud
1467 4286 1638 4326 unum
1665 4280 1847 4327 tacere
1864 4288 1969 4328 nou

392 4381 705 4439 possumus,
741 4364 887 4435 quod
912 4362 1085 4419 oculis
1110 4361 1354 4431 quotidie
1390 4360 1688 4425 cernimus,
1723 4361 1975 4418 manibus

392 4465 819 4523 contrectamus,
838 4466 896 4511 et
918 4456 1000 4511 sic
1018 4467 1219 4510 novum
1242 4467 1458 4524 semper
1474 4453 1754 4510 obtutibus
1772 4454 1973 4511 nostris

2088 3290 2251 3341 nere,
2284 3292 2391 3332 non
2423 3277 2738 3348 ignoramus
2761 3280 3009 3337 eumdem
3045 3284 3315 3340 viviﬂcum
3349 3287 3672 3357 sanguinem

2087 3365 2143 3422 in
2178 3366 2344 3423 calice
2378 3368 2526 3432 ﬂeri,
2565 3370 2657 3439 qui
2694 3371 2760 3426 de
2794 3386 3023 3443 corpore
3062 3374 3276 3431 Domini
3311 3392 3409 3447 per
3442 3377 3671 3434 vulnera

2088 3456 2301 3513 diversa
2343 3457 2620 3529 proﬂuxit.
2668 3460 2763 3515 llle
2808 3462 3063 3518 nimirum
3107 3466 3480 3522 tenuissimum
3519 3477 3672 3524 creat

2083 3557 2352 3610 vermem,
2387 3547 2479 3617 qui
2508 3556 2564 3602 et
2595 3562 2874 3604 enormem
2904 3551 3149 3609 condidit
3176 3553 3535 3624 elephantem.
3568 3555 3672 3613 Ili-

2083 3631 2270 3687 rabilis
2304 3648 2436 3690 sane
2469 3636 2612 3692 Deus
2646 3652 2755 3692 non
2790 3637 2964 3693 solum
3002 3640 3058 3695 in
3103 3656 3198 3707 se,
3251 3645 3347 3699 sed
3394 3646 3557 3699 etiam
3608 3645 3669 3702 in

2078 3721 2283 3778 sanctis
2313 3722 2426 3779 suis
2457 3722 2650 3795 (Psal.
2678 3739 2824 3780 vau
2847 3724 2890 3796 ).
2925 3726 3027 3794 Qui
3060 3742 3184 3784 cum
3214 3745 3314 3800 pro
3352 3741 3538 3787 nostra
3575 3746 3665 3787 sa-

2079 3810 2190 3869 lute
2215 3814 2439 3870 calicem
2478 3816 2746 3886 passionis
2774 3818 3025 3889 dignatus
3050 3831 3136 3876 est
3161 3822 3366 3890 bibere,
3397 3824 3540 3881 idem
3578 3834 3670 3884 est

2077 3909 2133 3957 et
2158 3903 2251 3972 qui
2286 3904 2606 3976 sanguinem
2641 3921 2799 3961 suum
2839 3908 2907 3963 de
2942 3909 3116 3965 fracto
3152 3911 3323 3968 calice
3371 3928 3478 3970 non
3517 3916 3665 3985 pati-

2080 3999 2159 4046 tut
2191 4008 2465 4048 emanare.
2493 3993 2749 4062 Pensate,
2778 3996 2975 4055 fratres
3003 4001 3311 4058 charissimi
3332 4044 3349 4070 ,
3378 4005 3425 4060 si
3453 4012 3663 4061 tantum

2076 4082 2161 4137 vir
2195 4083 2297 4139 iste
2325 4084 2499 4155 potuit
2534 4087 2676 4156 apud
2709 4088 2875 4145 Deum
2898 4129 2914 4154 ,
2946 4100 3006 4146 ut
3032 4092 3086 4146 in
3117 4093 3209 4149 vili
3237 4096 3487 4163 vasculo,
3517 4100 3665 4169 quod

2073 4172 2245 4227 semel
2272 4174 2541 4241 obtinuit,
2570 4178 2770 4233 mutari
2799 4194 2907 4235 non
2935 4183 3107 4252 possit
3131 4199 3146 4249 ;
3178 4195 3437 4254 quantum
3462 4190 3665 4258 poterit

2073 4278 2174 4353 pro
2222 4265 2549 4337 redemptis,
2601 4274 2979 4330 tantummodo
3023 4276 3069 4331 si
3114 4278 3341 4351 vestigia
3384 4283 3664 4353 sequimur

2072 4351 2490 4424 Redemptoris?
2520 4356 2690 4427 Hujus
2712 4360 2881 4432 igitur
2907 4364 3052 4421 beati
3087 4372 3344 4439 martyris
3378 4351 3660 4429 teneamus

2072 4456 2319 4499 normam
2342 4484 2358 4511 ,
2389 4445 2434 4500 si
2466 4447 2777 4519 pertingere
2816 4452 3069 4522 cupimus
3102 4454 3169 4510 ad
3200 4471 3480 4513 coronam.
3515 4460 3657 4517 lnsi-

388 4550 665 4622 objicitur,
708 4557 965 4618 tanquam
996 4562 1104 4602 non
1132 4544 1264 4602 olim
1290 4544 1516 4612 factum,
1546 4546 1643 4601 sed
1667 4546 1827 4603 modo
1856 4545 1973 4602 ﬂeri
1998 4530 2053 4593 Ι)
2077 4533 2343 4603 gnisenim
2371 4534 2459 4592 hic
2484 4539 2569 4592 vir
2595 4546 2743 4595 tanto
2771 4541 3051 4613 religionis
3077 4555 3134 4601 et
3162 4545 3466 4605 honestatis
3490 4549 3659 4609 fuisse

388 4643 658 4697 videatur.
706 4638 905 4696 Calicis
957 4651 1151 4707 nempe
1206 4636 1276 4693 de
1318 4635 1522 4693 Levita:
1557 4635 1811 4701 manibus
1835 4635 1972 4707 lapsi

389 4728 709 4804 particulam
738 4727 1107 4784 clandestinus
1134 4725 1310 4783 hostis
1336 4726 1534 4783 callida
1566 4727 1972 4784 machinatione

388 4820 679 4889 subripuit,
718 4826 773 4874 et
805 4832 979 4887 usque
1014 4817 1170 4873 hodie
1223 4818 1278 4872 in
1314 4817 1586 4873 thesauris
1613 4833 1725 4874 suae
1753 4819 1971 4875 malitia:

388 4913 459 4968 ad
502 4910 793 4969 clariorem
851 4908 1063 4963 Domini
1094 4906 1322 4977 gloriam
1368 4907 1627 4967 subdolus
1650 4909 1966 4964 occultavit.

387 5005 560 5069 Porro
583 5018 709 5059 cum
729 5001 977 5056 videatur
1005 4998 1171 5056 fundo
1192 4999 1377 5056 calicis
1407 5008 1619 5057 atomus
1647 5000 1736 5056 ille
1754 5001 1963 5067 deesse,

387 5096 569 5150 divina
608 5106 824 5162 semper
850 5091 1149 5146 obsistente
1172 5090 1395 5155 virtute,
1419 5091 1620 5145 nullius
1650 5092 1771 5146 inde
1791 5091 1969 5161 liquo-

386 5186 465 5240 ris
514 5183 597 5239 vel
647 5182 825 5238 tenuis
882 5180 1101 5251 quidem
1150 5180 1292 5235 valet
1347 5180 1490 5235 stilla
1520 5180 1803 5250 perﬂuere.
1844 5181 1965 5235 Mox

386 5275 531 5329 enim
560 5282 620 5329 ut
648 5274 702 5329 in
738 5283 988 5329 sanctum
1018 5287 1113 5326 vas
1149 5271 1403 5341 quaelibet
1432 5272 1577 5326 unda
1602 5271 1881 5335 dilabitur,
1910 5279 1966 5326 et

386 5367 529 5420 unda
575 5376 681 5431 est,
733 5374 793 5420 ut
822 5380 881 5421 se
927 5364 1238 5436 potantibus
1272 5363 1593 5419 hausibilem
1622 5362 1879 5433 praebeat,
1907 5371 1965 5417 et

386 5454 785 5523 quodammodo
812 5454 953 5508 unda
979 5468 1086 5509 non
1115 5461 1221 5518 est,
1250 5461 1310 5507 ut
1326 5466 1666 5523 nequaquam
1695 5453 1843 5507 hiatu
1874 5467 1968 5507 va-

388 5551 546 5599 cante
588 5551 924 5613 prorumpat.
982 5541 1136 5609 Quod
1167 5540 1431 5612 profecto,
1460 5543 1583 5612 quia
1615 5551 1742 5597 tunc
1761 5540 1965 5597 factum

385 5642 490 5700 est,
550 5632 874 5689 miraculum
926 5645 1030 5698 est,
1082 5634 1208 5703 quia
1245 5648 1374 5687 vero
1421 5647 1517 5702 per
1571 5641 1679 5687 tam
1712 5633 1965 5687 diuturna

386 5731 629 5796 tempora
656 5730 988 5793 perseverat,
1020 5730 1079 5775 ut
1118 5722 1189 5775 ita
1216 5719 1424 5791 loquar,
1452 5719 1768 5777 miraculum
1800 5722 1966 5777 mira-

2074 4626 2417 4697 cognoscitur
2471 4628 2649 4686 nitore
2701 4633 3059 4702 conspicuus,
3115 4636 3226 4691 tam
3278 4639 3654 4711 multiplicium

2074 4717 2335 4772 virtutum
2381 4717 2605 4774 ﬂoribus
2649 4722 2968 4791 adornatus,
3004 4734 3087 4791 ut,
3121 4728 3339 4798 utrique
3372 4730 3651 4787 hominum

2072 4807 2258 4878 generi
2294 4808 2489 4863 ductor
2522 4809 2773 4877 idoneus,
2823 4823 2879 4869 et
2925 4817 3255 4887 martyribus
3302 4818 3534 4877 suﬂiciat
3581 4823 3651 4879 ad

2071 4897 2413 4969 exemplum,
2452 4909 2509 4954 et
2542 4900 2597 4954 in
2635 4915 2772 4971 pace
2811 4903 3119 4975 degentium
3157 4910 3374 4965 erudiat
3426 4911 3650 4968 institu-

2074 4997 2209 5043 tum.
2245 4988 2346 5044 Per
2378 4988 2618 5057 regulam
2657 4990 2859 5062 quippe
2894 4993 3143 5051 districte
3172 4997 3386 5055 vivendi
3425 5001 3493 5055 ad
3529 5002 3648 5072 pal-

2073 5092 2219 5133 mam
2252 5077 2453 5133 meruit
2483 5080 2772 5149 pervenire
2796 5084 3079 5157 martyrii;
3109 5095 3165 5141 et
3190 5087 3396 5144 idcirco
3424 5091 3649 5147 armatis

2070 5169 2408 5225 caruiﬂcium
2464 5170 2718 5226 manibus
2773 5172 2828 5227 in
2878 5176 3129 5232 examine
3172 5191 3279 5232 non
3328 5180 3645 5247 succubuit,

2067 5261 2197 5332 quia
2243 5260 2395 5330 prius
2428 5260 2625 5316 occulti
2662 5261 2998 5321 insidiatoris
3033 5267 3311 5323 machinas
3346 5284 3453 5324 non
3487 5285 3647 5327 ener-

2068 5356 2211 5414 viter
2253 5356 2552 5427 superavit.
2601 5355 2725 5412 Ideo
2768 5359 3123 5431 triumphavit
3170 5361 3225 5417 in
3263 5342 3473 5429 stadio,
3516 5366 3646 5435 quia

2067 5446 2265 5503 occulti
2301 5446 2473 5502 hostis
2506 5445 2731 5504 insidias
2761 5458 3164 5522 contempserat
3193 5451 3248 5507 in
3278 5454 3516 5510 occulto.

2137 5536 2219 5593 0b
2266 5537 2369 5593 hoc
2413 5551 2601 5593 semen
2642 5539 2794 5594 verbi
2831 5539 2948 5610 ejus
2986 5541 3040 5595 in
3077 5541 3239 5597 alieni
3286 5542 3466 5597 cordis
3513 5556 3644 5611 agro

2066 5626 2371 5694 convaluit,
2405 5628 2533 5698 quia
2568 5627 2720 5697 prius
2756 5628 2825 5683 ad
2864 5630 3234 5686 maturitatem
3273 5629 3516 5700 ejusdem
3554 5647 3645 5687 sa-

2067 5718 2201 5776 torls
2237 5717 2553 5789 operatione
2586 5717 2857 5788 pervenit.
2894 5717 3159 5775 Nimirum
3193 5718 3525 5777 Praedicator
3553 5720 3638 5774 in-
