4070 6198
365 316 470 374 709
1675 315 1910 372 δειιδιυ

2030 317 2211 370 XXIX.
3519 326 3624 381 ἨΟ

365 433 568 504 signis,
619 427 781 500 quia,
832 429 990 501 juxta
1044 427 1303 484 Veritatis
1349 441 1572 492 vocem,
1620 427 1712 481 lux
1757 428 1940 482 mmnti
1967 437 2016 495 Α
2045 427 2184 480 tines
2213 425 2583 496 margaritam.
2607 424 2943 482 Thesaurum
2965 442 3170 496 servas,
3195 432 3281 487 cui
3307 448 3411 488 non
3436 449 3626 493 aurum

369 520 531 590 hujus
559 528 679 573 erat
708 520 726 589 (
751 518 913 572 Joan.
945 517 1038 586 ι),
1077 516 1255 572 lumen
1295 515 1548 571 cordibus
1583 516 1940 583 infundebat,
2042 513 2201 584 digne
2245 515 2502 580 conferri,
2535 531 2643 570 non
2673 517 2778 572 ulla
2825 519 3193 588 quarumlibet
3220 537 3381 592 opum
3412 541 3625 584 summa

366 612 546 682 ignem
581 610 734 667 verbi
773 609 1082 664 auditorum
1118 607 1392 662 mentibus
1431 606 1750 676 ingerebat,
1791 615 1847 660 et
1885 604 1939 658 in
2040 603 2182 657 valet
2205 604 2432 674 :equari.
2469 604 2623 660 Unde
2644 620 2750 660 non
2787 605 2903 676 jam
2943 607 3179 663 Aritium
3205 625 3270 666 ex
3304 627 3455 670 more
3480 615 3618 672 dica-

365 702 576 756 unitate
619 701 745 755 ﬁdei
784 699 931 755 velut
965 713 1130 753 unum
1169 713 1366 768 corpus
1402 697 1740 752 diversorum
1778 695 1944 751 corde
2041 697 2140 764 ris,
2183 699 2325 768 quod
2354 701 2424 755 ab
2453 699 2704 755 ariditate
2737 708 2896 756 terra:
2936 700 3032 757 tibi
3060 713 3276 760 constat
3300 721 3494 762 nomen
3523 709 3627 764 im-

343 789 654 846 ‘conﬁabat.
695 789 848 858 Quod
883 787 1124 859 profecto
1169 787 1488 858 mysterium
1536 786 1747 857 Moyses
1797 785 1940 841 desi—
2037 786 2299 857 positum,
2356 787 2451 842 sed
2503 796 2556 842 tu
2603 789 2876 844 Auritium
2921 790 3101 860 potius
3153 808 3182 847 a
3231 796 3626 864 pretiosissimo

363 887 526 950 gnat,
556 893 679 933 cum
710 876 841 932 dicit
866 895 880 930 :
912 894 930 928 ‹
964 875 1138 930 Tollet
1161 877 1418 930 sacerdos
1446 873 1705 945 pugillum
1729 873 1938 939 similae,
2037 875 2247 930 scilicet
2286 876 2426 931 sacri
2454 877 2737 933 cadaveris
2757 893 2914 946 auro,
2937 880 3082 949 quod
3112 880 3166 935 in
3195 884 3298 939 tuis
3326 885 3627 946 visceribus

363 983 488 1037 quae
517 980 813 1034 conspersa
845 973 930 1021 est
957 965 1113 1030 oleo,
1143 973 1198 1018 et
1230 973 1400 1018 totum
1431 963 1585 1029 thus,
1613 964 1756 1032 quod
1780 977 1941 1031 super
2037 966 2298 1032 probatur
2324 965 2616 1021 occultum.

361 1054 600 1111 similam
653 1054 888 1125 positum
924 1063 1048 1119 est;
1108 1051 1456 1120 adolebitque
1489 1051 1618 1106 illud
1653 1051 1708 1105 in
1743 1051 1935 1116 altari,

360 1145 418 1200 in
458 1145 849 1200 monimentum
895 1143 1078 1198 odoris
1125 1142 1431 1198 suavissimi
1468 1143 1697 1198 Domino
1730 1141 1934 1212 (Leuit.

358 1234 481 1306 vr).
513 1253 534 1289 ι
562 1234 704 1301 Quid
739 1234 885 1288 enim
921 1248 1019 1304 per
1049 1232 1282 1288 similam
1303 1271 1317 1298 ,
1356 1231 1460 1285 nisi
1504 1239 1691 1286 sancta
1736 1231 1939 1286 electo-

359 1339 484 1380 rum
511 1325 825 1394 designatur
855 1320 1142 1379 Ecclesia?
1175 1322 1306 1388 Quae
1343 1321 1600 1377 nimirum
1639 1321 1765 1376 dum
1801 1335 1931 1376 cou-

358 1415 705 1471 venientibus
731 1415 961 1469 invicem
992 1413 1328 1469 credentium
1357 1412 1630 1483 colligitur
1656 1412 1932 1477 membris,

358 1504 516 1573 quasi
551 1504 729 1559 simila
768 1519 836 1558 ex
875 1503 1058 1558 multis
1102 1501 1357 1557 frumenti
1396 1501 1774 1572 conspergitur
1807 1516 1933 1572 gra-

357 1595 466 1650 nis.
511 1593 578 1648 Et
611 1595 753 1650 sicut
785 1595 963 1650 simila
1002 1595 1146 1649 inter
1180 1591 1377 1649 molam
1414 1605 1702 1663 utramque
1751 1601 1934 1648 conte-

2109 1058 2270 1114 Beata
2313 1058 2476 1129 igitur
2513 1067 2568 1114 et
2609 1059 2758 1115 dives
2802 1069 2962 1116 terra:
3007 1076 3165 1128 vena,
3205 1079 3325 1134 quae
3350 1069 3504 1138 quasi
3534 1085 3622 1125 su-

2035 1165 2206 1220 perno
2228 1150 2343 1221 regi
2376 1150 2517 1207 facta
2547 1152 2896 1222 depositaria,
2938 1152 3065 1208 illud
3093 1158 3336 1212 recondit
3359 1158 3621 1214 talentum

2036 1243 2149 1297 suis
2189 1241 2387 1298 ﬁnibus
2415 1244 2702 1322 creditum,
2732 1247 2874 1314 quod
2903 1246 2956 1301 in
2989 1247 3077 1302 die
3105 1247 3465 1306 restitutionis
3503 1266 3619 1307 coe-

2035 1329 2258 1386 lestibus
2288 1340 2369 1387 est
2397 1333 2795 1404 gazOphylaciis
2826 1334 3192 1404 inferendum,
3219 1339 3309 1394 ubi
3331 1340 3440 1395 vivi
3485 1341 3624 1412 lapi-

2035 1419 2129 1473 des
2170 1426 2226 1474 et
2277 1419 2431 1490 igniti
2472 1429 2733 1490 perpetuo
2779 1422 3042 1490 rutilant,
3088 1425 3180 1481 ubi
3227 1427 3457 1482 triclinia
3485 1445 3620 1486 auro

2035 1508 2301 1562 radiantia
2337 1519 2623 1564 vernantes
2652 1512 2958 1581 margarita:
2998 1511 3297 1569 luculenter
3333 1529 3618 1573 exornant.

2023 1595 2186 1660 Quod
2237 1596 2490 1651 nimirum
2537 1606 2662 1652 tunc
2708 1597 3076 1655 indubitanter
3120 1600 3450 1672 implebitur,
3493 1621 3618 1662 cum

358 1684 520 1750 ritur,
552 1695 613 1740 ut
639 1701 670 1740 a
701 1684 890 1740 farina:
914 1685 1128 1756 siligine
1156 1686 1474 1741 cantabrum
1505 1692 1825 1754 separetur:
1855 1684 1931 1739 ita
2027 1682 2276 1753 jubilaeus
2301 1694 2485 1741 noster
2529 1687 2834 1753 advenerit,
2882 1693 3009 1743 eum
3055 1699 3296 1746 extrema
3346 1691 3435 1747 illa
3491 1695 3619 1750 tuba

362 1775 511 1832 velut
560 1777 703 1832 inter
739 1777 896 1844 duas,
937 1778 1072 1849 legis
1097 1777 1304 1834 scilicet
1333 1786 1390 1833 et
1426 1777 1727 1848 Evangelii,
1767 1777 1936 1833 molas
1964 1781 2011 1840 B
2039 1789 2144 1828 non
2185 1774 2298 1845 jam
2346 1773 2554 1846 legalis,
2602 1775 2696 1830 sed
2742 1773 3042 1844 iudicialis.
3063 1777 3318 1850 clangere
3372 1783 3618 1851 cmperit.

357 1875 548 1920 sancta
599 1867 838 1922 Ecclesia
875 1867 1182 1939 stringitur,
1224 1876 1282 1922 ut
1323 1867 1518 1922 littera:
1555 1867 1868 1937 superﬁcies
1901 1883 1933 1922 a

359 1957 594 2012 medulla
624 1959 846 2028 spiritus
868 1959 1224 2014 discernatur.
1251 1959 1380 2026 Qua:
1401 1958 1650 2013 videlicet
1669 1959 1930 2024 Ecclesia,

361 2055 421 2100 ut
449 2061 638 2102 revera
665 2048 962 2118 spiritualis
990 2047 1190 2113 simila,
1221 2048 1345 2102 dum
1373 2062 1476 2117 per.
1499 2063 1693 2117 aquam
1725 2049 1930 2118 baptis-

359 2136 519 2190 matis
565 2136 802 2192 adunata
823 2177 840 2203 ,
881 2147 937 2192 et
970 2138 1090 2193 oleo
1123 2138 1448 2193 Chrismatis
1483 2146 1569 2192 est
1603 2153 1924 2207 conspersa,

359 2223 484 2294 igne
524 2240 741 2306 quoque
790 2228 963 2282 sancti
1012 2227 1253 2297 Spiritus
1297 2226 1561 2292 solidata,
1613 2227 1717 2292 sit,
1770 2226 1927 2296 juxta

355 2311 670 2381 Apostolum
697 2331 711 2366 :
742 2331 761 2364 ι
796 2314 981 2369 Hostia
1022 2315 1130 2369 Deo
1166 2314 1559 2385 beueplaceus,
1598 2323 1654 2370 et
1691 2315 1931 2385 perfecta

359 2398 553 2470 (Rom.
584 2401 726 2473 xu).
756 2421 777 2455 ι
805 2403 985 2458 Thure
1033 2412 1213 2459 autem
1233 2445 1248 2470 ,
1293 2406 1438 2474 quod
1485 2405 1718 2476 positum
1766 2422 1931 2477 super

358 2489 592 2544 similam
642 2491 863 2559 dicitur,
899 2491 1138 2561 ejusdem
1179 2493 1433 2549 Ecclesizc
1467 2496 1642 2550 oratio
1679 2496 1928 2568 designa-

363 2584 469 2630 tur.
497 2577 651 2633 Sieut
694 2581 747 2634 in
795 2580 1114 2653 Apocalypsi
1166 2581 1391 2639 Joannis
1434 2584 1766 2650 ostenditur,
1807 2601 1930 2641 eum

361 2668 493 2724 dicit
531 2688 546 2724 :
595 2686 616 2722 r
645 2670 779 2738 Quia
824 2673 1017 2742 phiala:
1067 2673 1238 2744 plena:
1283 2674 1760 2730 odoramentorum
1807 2685 1932 2730 sunt

361 2759 636 2816 orationes
667 2771 978 2818 sanctorum
1009 2765 1208 2835 (Apoc.
1243 2782 1271 2819 v
1294 2765 1334 2837 ).
1370 2785 1388 2818 ι

431 2874 583 2930 Hanc
633 2875 812 2946 itaque
873 2879 1102 2932 similam
1153 2879 1262 2935 Deo
1318 2881 1506 2936 beatus
1567 2881 1820 2937 sacerdos
1877 2889 1934 2936 et

360 2973 572 3033 martyr
603 2963 844 3018 Donatus
875 2966 1104 3029 obtulit,
1135 2976 1190 3021 et
1218 2967 1271 3020 in
1308 2967 1698 3022 monimentum
1724 2967 1934 3030 suavis,-

361 3052 484 3106 simi
515 3054 702 3108 odoris
736 3056 988 3120 adolevit,
1016 3073 1138 3112 eum
1174 3057 1382 3126 plebem
1413 3058 1691 3128 gentilium
1716 3059 1772 3113 in
1808 3058 1931 3113 uni-

364 3149 472 3196 tate
499 3143 724 3212 spiritus
748 3146 814 3199 ad
845 3145 966 3202 ﬁdei
1003 3156 1344 3201 sacramenta
1379 3147 1663 3202 convertit.
1699 3147 1933 3202 Fructus

359 3229 625 3300 siquidem
673 3234 971 3288 animarum
1020 3236 1075 3289 ir.
1118 3245 1411 3306 conspectu
1455 3236 1550 3291 Dei
1597 3237 1927 3307 fragrantius

357 3318 598 3384 redolet,
631 3334 794 3388 quam
818 3321 921 3376 ulla
947 3324 1184 3378 suavitas
1209 3323 1368 3396 194
1385 3325 1797 3379 sacriﬁciorum.
1818 3324 1932 3379 Hoc

355 3409 705 3475 sacrificium,
733 3411 926 3468 fratres
957 3413 1084 3478 mei,
1133 3430 1255 3468 cum
1300 3415 1458 3469 beato
1502 3416 1707 3470 Donato
1734 3424 1790 3469 et
1832 3429 1932 3470 nos

355 3515 456 3570 pro
481 3499 696 3555 modulo
716 3511 906 3556 nostro
926 3519 1138 3573 semper
1160 3505 1269 3558 Deo
1299 3505 1607 3559 studeamus
1634 3503 1847 3568 offerre,
1872 3513 1931 3559 ut

357 3605 464 3644 non
493 3590 664 3645 solum
695 3593 760 3646 de
790 3601 972 3647 nostra
1003 3593 1175 3647 salute
1203 3592 1436 3658 solliciti,
1487 3595 1579 3648 sed
1623 3595 1690 3648 ad
1716 3593 1930 3649 lucran-

357 3679 455 3734 das
505 3680 671 3735 etiam
725 3682 1094 3750 proximorum
1151 3691 1455 3736 nostrorum
1507 3681 1718 3737 animas
1760 3682 1930 3738 simus

358 3769 587 3824 solerter
610 3771 800 3826 intenti
828 3788 842 3837 ;
885 3781 1169 3840 quatenus,
1196 3771 1321 3826 dum
1350 3771 1632 3827 charitatis
1673 3773 1847 3827 hostia
1875 3773 1929 3827 in

357 3872 450 3911 ara
478 3860 648 3913 nostri
676 3860 911 3929 pectoris
956 3859 1222 3925 adoletur,
1260 3860 1328 3913 ab
1358 3859 1450 3914 illo
1479 3861 1804 3916 sacriﬁcium
1833 3877 1931 3917 no-

356 3953 527 4001 strum
567 3956 841 4002 mereatur
871 3948 924 4002 in
951 3948 1175 4003 odorem
1217 3948 1503 4004 suavitatis
1526 3949 1718 4019 accipi,
1747 3950 1837 4020 qui
1873 3950 1928 4005 in

355 4051 448 4092 ara
477 4037 656 4092 crucis
685 4041 782 4108 pro
810 4038 985 4093 salute
1013 4045 1195 4093 nostra
1222 4038 1472 4109 d7gnatus
1512 4045 1598 4094 est
1638 4039 1928 4094 immolari.

424 4148 603 4203 Tanto
651 4159 912 4219 praeterea
959 4149 1044 4204 vir
1080 4156 1302 4205 sanctus
1351 4147 1496 4204 eirea
1547 4163 1675 4205 suos
1715 4162 1930 4220 quoque

353 4239 476 4294 fidei
507 4239 627 4296 zelo
661 4240 922 4304 fervebat,
969 4249 1026 4292 ut
1051 4238 1276 4310 gentiles
1307 4239 1482 4293 adhuc
1505 4252 1628 4294 eum
1679 4248 1930 4309 parentes

354 4327 674 4396 abjicerent,
718 4337 772 4383 et
817 4328 969 4382 dulce
1013 4329 1207 4398 pignus
1267 4343 1297 4382 a
1344 4327 1457 4399 suis
1501 4342 1721 4398 prorsus
1764 4327 1929 4384 affec-

356 4418 499 4474 tibus
527 4419 904 4482 abdicarent;
953 4419 1048 4472 sed
1091 4418 1430 4488 postmodum
1487 4431 1582 4471 eos
1625 4426 1681 4470 et
1715 4417 1780 4470 ad
1804 4417 1926 4472 ﬁdei

352 4505 675 4561 Christianae
704 4513 1039 4560 sacramenta
1066 4505 1335 4574 perduxit,
1363 4511 1416 4558 et
1444 4502 1662 4572 insuper
1690 4503 1758 4557 ad
1787 4520 1933 4558 mar-

352 4594 557 4665 tyrium
586 4594 690 4649 sibi
713 4608 950 4664 congrua
977 4593 1318 4648 ordinatione
1336 4591 1615 4662 prmmisit.
1646 4591 1797 4648 Unde
1821 4592 1934 4648 cla-

352 4697 447 4738 rus
496 4683 598 4738 iste
640 4683 781 4737 inter
821 4683 1006 4736 beatos
1046 4693 1312 4752 martyres
1341 4679 1464 4750 jure
1497 4682 1794 4737 censendus
1823 4691 1930 4747 est,

350 4777 445 4848 qui
480 4776 623 4830 ﬁlius
653 4775 811 4831 simul
837 4785 891 4830 et
911 4782 1066 4844 pater
1083 4782 1169 4829 est
1195 4783 1513 4844 martyrum.
1546 4773 1712 4828 Filius
1744 4774 1930 4844 utique

349 4882 451 4938 per
481 4873 731 4919 naturam
757 4881 772 4929 ;
807 4872 962 4933 pater
988 4878 1084 4933 per
1113 4862 1320 4917 collatae
1344 4863 1468 4917 ﬁdei
1506 4863 1761 4932 gratiam,
1804 4879 1928 4920 eos-

347 4972 461 5029 que
505 4966 655 5027 grata
702 4955 1070 5010 vicissitudine
1097 4953 1279 5022 genuit
1306 4951 1436 5017 Deo,
1475 4969 1503 5006 a
1535 4955 1728 5024 quibus
1755 4954 1928 5010 fuerat

352 5050 571 5122 genitus
592 5047 812 5101 mundo.
840 5045 988 5099 Beati
1009 5044 1099 5114 qui
1122 5044 1175 5098 in
1198 5044 1506 5099 haereditate
1531 5052 1744 5100 terrena
1768 5045 1926 5100 talem

351 5151 594 5210 genuere
654 5146 944 5207 parentes,
988 5151 1085 5207 per
1132 5151 1291 5205 quem
1351 5135 1600 5191 videlicet
1661 5136 1716 5190 in
1783 5146 1928 5193 terra

357 5227 652 5282 viventium
723 5240 1080 5298 supernorum
1147 5225 1282 5279 ﬁunt
1338 5225 1536 5279 civium
1598 5225 1920 5280 cohmredes.

357 5316 566 5373 Laetare
594 5310 887 5376 ettu,felix
913 5316 1166 5380 Aritium,
1207 5315 1349 5386 quod
1389 5315 1545 5368 talem
1588 5315 1830 5369 meruisti
1860 5331 1927 5369 ex

357 5411 538 5464 divina
591 5408 914 5464 liberalitate
961 5416 1265 5476 patronum.
1314 5404 1540 5470 Laetare,
1584 5405 1824 5473 inquam,
1876 5413 1932 5458 et

361 5501 486 5554 totis
537 5500 591 5552 in
643 5498 870 5553 Domino
921 5497 1219 5552 visceribus
1259 5495 1556 5567 gratulare;
1599 5496 1746 5564 quia,
1804 5495 1928 5549 dum

360 5590 500 5645 sacri
536 5590 779 5657 corporis
821 5588 874 5642 in
924 5599 1014 5643 tuo
1041 5587 1243 5657 gremio
1282 5584 1533 5641 confovcs
1554 5585 1780 5656 glebam,
1811 5584 1929 5640 dia-

360 5680 592 5736 dematis
621 5678 837 5740 superni
869 5679 1007 5744 regis
1027 5676 1339 5734 solemniter
1367 5671 1773 5740 imprimcndam
1801 5688 1930 5730 cou-

2036 1863 2188 1918 Sicut
2207 1865 2350 1920 enim
2369 1866 2630 1935 septimus
2646 1865 2782 1932 dies,
2809 1865 2883 1920 ita
2908 1873 2961 1922 et
2982 1866 3233 1938 jubilaeus
3248 1885 3420 1927 annus
3435 1870 3622 1931 feriari

2033 1956 2365 2026 praecipitur,
2393 1973 2491 2028 per
2521 1973 2680 2028 quem
2712 1957 2963 2014 videlicet
3002 1970 3221 2017 aeternae
3245 1963 3368 2019 vita:
3403 1967 3620 2035 requies

2034 2044 2315 2116 ﬁguratur.
3425 2101 3429 2104 _

2102 2134 2434 2189 Adveniente
2483 2133 2646 2204 igitur
2695 2132 2919 2189 Jubilzeo
2969 2135 3096 2191 tuba
3118 2135 3286 2201 canit,
3315 2145 3370 2193 et
3391 2153 3517 2194 mox
3545 2140 3616 2196 ad

2034 2224 2286 2293 antiquas
2311 2225 2678 2295 possessiones
2708 2238 2837 2278 suas
2860 2225 3232 2295 unusquisque
3279 2228 3612 2296 revertitur;

2033 2313 2180 2382 quia,
2209 2314 2677 2384 appropinquante
2705 2313 2909 2384 judicio
2935 2328 2950 2367 :
3001 2313 3058 2368 In
3108 2328 3240 2370 voce
3269 2315 3616 2388 Arehangeli,

2032 2401 2087 2456 in
2123 2404 2410 2458 novissima
2445 2404 2572 2458 tuba
2605 2401 2658 2474 (Ι
2707 2401 2985 2473 Tam"),
3031 2403 3244 2457 cunctis
3297 2405 3617 2462 mortalibus

2033 2507 2252 2548 suorum
2313 2509 2601 2564 corporum
2662 2493 2934 2563 possessio
2990 2503 3293 2565 reparatur.
3358 2495 3616 2554 Testante

2031 2585 2230 2638 etenim
2276 2583 2484 2640 Paulo:
2530 2602 2550 2638 ι
2595 2583 2765 2640 Canet
2795 2583 2952 2648 tuba,
3001 2593 3054 2640 et
3093 2585 3289 2640 mortui
3333 2595 3618 2656 resurgant

2033 2673 2327 2744 incorrupti
2361 2673 2412 2744 (1
2450 2673 2572 2728 Cor.
2611 2679 2722 2744 xv).
2771 2692 2791 2726 ι
2833 2673 3014 2728 Beata:
3041 2672 3144 2727 illa:
3175 2673 3387 2738 animm,
3419 2673 3618 2730 fratres

2017 2763 2162 2826 «mei,
2213 2773 2333 2833 quae
2384 2772 2531 2828 tunc,
2564 2764 2689 2817 dum
2744 2763 2857 2816 suis
2900 2776 2958 2816 se
3003 2762 3320 2831 corporibus
3363 2761 3614 2829 induunt,

2029 2865 2341 2910 sanctorum
2372 2863 2668 2927 martyrum
2695 2853 3037 2924 participium
3068 2853 3386 2908 sortiuntur.
3437 2849 3612 2920 Beati,

2032 2943 2124 3014 qui
2150 2943 2230 2998 sic
2258 2958 2401 2996 nunc
2425 2944 2490 2996 ad
2520 2951 2833 2996 sanctorum
2880 2941 3167 2996 memorias
3214 2941 3514 3005 excubant,
3554 2948 3618 2994 ut

2034 3047 2222 3088 eorum
2250 3032 2351 3086 sibi
2389 3032 2456 3085 ad
2504 3031 2820 3084 imitandum
2877 3045 3090 3098 semper
3134 3029 3379 3098 exempla
3421 3045 3616 3100 propo-

1956 3106 2006 3172 C
2035 3131 2201 3187 nant;
2234 3121 2326 3191 qui
2354 3122 2432 3176 sic
2458 3135 2642 3174 eorum
2670 3119 3038 3174 solemnitates
3068 3118 3335 3174 laudando
3364 3121 3614 3190 frequen-

2035 3222 2170 3275 tant,
2202 3222 2260 3268 ut
2293 3221 2468 3266 tamen
2510 3210 2739 3264 vivendo
2766 3210 2835 3264 ab
2861 3223 3052 3264 eorum
3084 3209 3299 3265 tramite
3334 3226 3438 3264 non
3470 3226 3618 3266 rece-

2033 3303 2180 3356 dant.
2228 3300 2455 3356 Sanctos
2483 3301 2626 3355 enim
2653 3307 2919 3367 martyres
2955 3298 3252 3367 sequimur,
3284 3300 3353 3366 si,
3381 3301 3506 3354 dum
3537 3301 3614 3357 illi

2029 3409 2252 3450 suorum
2310 3401 2752 3461 contempserunt
2799 3405 3089 3460 corporum
3139 3393 3450 3460 passiones,
3511 3406 3612 3446 nos

2030 3486 2194 3542 etiam
2222 3484 2402 3538 carnis
2431 3492 2632 3536 nostrae
2657 3481 2972 3536 studeamus
3001 3480 3252 3551 frangere
3279 3474 3605 3536 Voluntates.

2104 3573 2262 3647 195
2279 3572 2612 3628 Veneremur
2640 3571 2840 3641 itaque,
2860 3570 3075 3636 fratres,
3091 3579 3146 3624 et
3173 3571 3312 3625 votis
3339 3586 3405 3625 ac
3433 3570 3611 3643 dignis

2029 3665 2358 3722 honoremus
2377 3661 2648 3732 obsequiis
2673 3663 2858 3716 beatos
2881 3662 3013 3716 istos
3034 3669 3322 3732 martyres,
3349 3662 3611 3717 Donatum

2029 3755 2276 3811 videlicet
2305 3764 2467 3825 atque
2488 3751 2859 3806 Hilarianum:
2883 3766 2980 3820 per
2992 3765 3145 3819 quos,
3174 3761 3425 3818 tanquam
3448 3750 3614 3820 gemi-

2031 3861 2130 3901 nos
2170 3845 2384 3917 superni
2421 3842 2640 3897 luminis
2663 3842 2874 3908 oculos,
2917 3841 3256 3910 omnipotens
3285 3842 3423 3895 Deus
3449 3841 3614 3897 totius

2030 3935 2240 3993 Tuscia
2277 3947 2477 4004 corpus
2520 3932 2687 4000 voluit
2730 3931 3040 3996 illustrare;
3070 3938 3151 3996 ut,
3194 3930 3320 3984 dum
3350 3929 3613 4000 gloriosos

2030 4037 2296 4096 martyres
2321 4040 2465 4080 nunc
2493 4022 2724 4077 amando
2753 4030 2808 4076 et
2839 4020 3096 4076 imitando
3119 4020 3516 4090 prosequimur,
3541 4020 3611 4076 ad

2030 4115 2410 4186 imperatorem
2459 4123 2781 4185 martyrum,
2811 4112 2942 4183 ipsis
2973 4111 3450 4176 intercedentibus,
3487 4125 3614 4180 per-

2029 4211 2214 4264 venire
2249 4221 2578 4269 mcreamur,
2624 4203 2910 4259 Dominum
2949 4209 3193 4258 nostrum
3234 4199 3418 4256 Jesum
3456 4200 3614 4257 Chri-

2030 4307 2194 4361 stum,
2221 4297 2312 4366 qui
2350 4311 2471 4350 cum
2500 4294 2609 4350 Deo
2637 4291 2799 4348 Patre
2822 4301 2877 4348 et
2919 4290 3122 4361 Spiritu
3155 4299 3344 4348 sancto
3382 4291 3518 4348 vivit
3555 4299 3614 4348 et

2032 4395 2220 4458 regnat
2249 4387 2299 4440 iu
2322 4385 2515 4440 saecula
2545 4383 2884 4439 saeculorum.
2907 4381 3102 4434 Amen.

2555 4487 2786 4542 SERMO
2822 4483 3064 4539 XXXIX.

2192 4597 2259 4637 nr:
2296 4595 2499 4635 ωηοτο
2531 4590 2781 4632 cassum
2820 4589 3074 4628 usurus
3111 4575 3230 4647 (xm
3267 4577 3437 4648 Αυα.).

2103 4669 2446 4728 Admirabilis
2493 4677 2548 4721 et
2588 4665 2823 4736 gloriosa
2865 4663 3037 4717 nostri
3067 4665 3394 4735 dispensatio
3417 4663 3611 4719 Condi-

2033 4766 2190 4830 toris,
2221 4762 2418 4817 fratres
2441 4757 2766 4820 charissimi,
2795 4756 2867 4809 ita
2897 4771 3114 4809 cursum
3144 4764 3339 4811 nostrae
3368 4755 3610 4811 mortali-

2036 4856 2162 4912 tatis
2207 4849 2460 4915 instituit,
2510 4858 2571 4903 ut
2613 4859 2710 4915 per
2761 4842 3162 4899 succedentium
3209 4843 3608 4898 vicissitudines

2036 4956 2358 5016 temporum,
2404 4940 2634 4995 diversa:
2663 4933 2816 4991 nobis
2841 4932 3246 4988 victoriosorum
3282 4932 3482 4989 Christi
3513 4933 3609 4986 mi-

2032 5037 2186 5092 litum
2220 5030 2537 5090 festivitates
2562 5031 2875 5086 occurrant,
2901 5036 3020 5091 qua:
3049 5030 3261 5077 nostros
3303 5022 3513 5081 animos
3539 5021 3606 5074 ad

2034 5140 2273 5183 amorem
2308 5121 2451 5178 illius
2488 5133 2712 5175 summa:
2740 5125 2796 5174 et
2823 5117 3089 5195 eoutipuae
3118 5116 3472 5172 solenmitatis
3521 5133 3610 5172 ac-

2035 5217 2285 5274 cendant.
2318 5213 2482 5267 Plane
2522 5225 2644 5266 cum
2687 5209 2854 5264 totius
2875 5208 2999 5263 anni
3031 5207 3288 5262 circulum
3316 5209 3608 5277 triumpha-

2036 5307 2175 5362 libus
2220 5303 2378 5358 modo
2427 5309 2750 5370 martyrum,
2808 5296 2967 5355 modo
3015 5293 3380 5351 confessorum
3437 5298 3606 5351 titulis

2037 5399 2177 5454 Deus
2225 5395 2566 5463 omnipotens
2607 5391 2800 5456 variat,
2857 5389 2984 5458 quid
3052 5389 3195 5443 aliud
3248 5404 3410 5458 quam
3465 5389 3609 5448 velut

2025 5498 2236 5547 sertum
2262 5485 2441 5556 gloria:
2462 5482 2747 5546 construit,
2781 5481 2922 5550 quod
2946 5481 3129 5550 utique
3155 5482 3347 5534 decora
3375 5479 3614 5541 liliorum

2037 5591 2197 5651 atque
2228 5593 2473 5632 rosarum
2503 5575 2764 5629 varietate
2790 5569 3279 5646 depingiturllnter
3299 5587 3436 5643 quas
3456 5571 3628 5635 nimi-

2039 5687 2156 5726 rum
2185 5668 2523 5732 festivitates,
2552 5677 2602 5721 et
2631 5666 2890 5722 hodierna
2923 5683 3029 5724 non
3072 5664 3322 5737 ignobilis
3347 5674 3460 5733 est,
3491 5672 3612 5730 uin-
