4064 6208
435 362 539 420 γει

1051 355 1105 408 S.
1141 351 1344 406 PETRI
1385 349 1666 404 DAMIANt
1703 347 1854 402 Ol'l’.
1887 345 2064 401 PARS
2104 345 2233 402 SEU
2275 346 2509 404 TOMUS
2547 350 2608 404 ll.
2639 381 2710 391 —
2740 349 3125 410 SERMONES.

3599 349 3709 407 712

439 476 605 551 polyti
652 472 860 530 scilicet
901 477 954 522 ct
993 464 1237 522 Cassiani
1269 471 1587 534 martyrum,
1624 473 1742 530 qua:
1773 468 2030 526 tanquam
2058 471 2108 529 Α
2136 457 2264 522 bat;
2297 457 2439 512 sicut
2459 457 2573 527 jam
2605 460 2659 513 in
2691 461 2804 530 ipsa
2837 463 3184 518 sacrosancta
3214 473 3269 520 et
3298 467 3522 537 mystica
3549 484 3708 525 cena

439 548 714 638 geminum
759 557 945 616 rutilat
971 559 1199 613 duorum
1237 554 1419 608 lumen
1450 561 1741 606 astrorum.
1771 548 1872 616 Qui
1905 561 2032 618 pro-

441 637 583 714 l'ecto
633 653 774 724 regis
817 648 1004 704 aeterni
1063 643 1422 702 strenuissimi
1469 639 1757 697 bellatores
1800 637 2030 694 diversis

439 748 654 818 quidem
681 741 830 806 locis,
857 738 1087 795 diversis
1111 735 1433 804 subjacuere
1459 730 1770 802 suppliciis;
1803 729 1899 784 sed
1923 741 2028 781 una

440 839 654 908 utrique
703 842 820 890 erat
879 846 1042 887 causa
1087 827 1441 891 certaminis,
1498 825 1624 896 quia
1676 838 1783 877 non
1842 821 2030 899 dispar

437 942 726 998 utrumque
756 911 1095 981 animaverat
1141 916 1409 990 professio
1441 910 1706 971 veritatis.
1735 912 2029 968 Enimvero

437 1019 748 1084 Cassianus,
777 1015 863 1070 cui
900 1012 1242 1084 potissimum
1290 1007 1646 1064 famulaturus
1697 1014 1780 1059 est
1826 1009 2025 1068 sermo,

436 1110 530 1166 diu
558 1108 773 1178 quidem
806 1105 984 1169 latuit,
1024 1103 1117 1158 sed
1145 1116 1269 1156 cum
1304 1099 1370 1154 ad
1397 1108 1676 1153 certamen
1705 1095 2049 1164 perventum‘

437 1206 539 1263 est,
578 1177 714 1267 quid
750 1192 1078 1257 acrimoniae,
1122 1188 1251 1259 quid
1295 1186 1519 1258 saporis,
1551 1184 1678 1256 quid
1695 1177 2028 1238 fortitudinis

438 1303 666 1362 granum
727 1285 929 1354 sinapis
989 1277 1611 1347 occultaret,‘aperuit.
1663 1274 1807 1334 lmo,
1871 1273 2026 1343 juxta

438 1379 674 1435 nominis
704 1377 785 1432 sui
816 1372 1162 1445 praesagium,
1210 1384 1332 1425 cum
1378 1367 1432 1422 in
1478 1365 1745 1436 passionis
1775 1363 1877 1432 pila
1907 1365 2027 1432 per-

441 1480 750 1525 secutorutn
787 1465 1035 1518 manibus
1063 1457 1216 1515 tundi
1264 1457 1427 1526 erepit
1466 1467 1518 1509 et
1549 1456 1733 1520 atteri,
1764 1470 1885 1508 mox
1912 1453 2024 1507 l‘ra-

439 1558 704 1628 grantiam
755 1550 1042 1608 odoriferae
1087 1548 1389 1613 suavitatis,
1438 1561 1558 1616 quae
1611 1545 1664 1598 in
1718 1543 2024 1608 selatebat,

438 1648 691 1718 aspersit.
729 1641 886 1701 Casia
913 1637 1186 1712 siquidem
1232 1639 1438 1708 species
1459 1645 1540 1692 est
1565 1634 1878 1698 aromatica,
1907 1649 2027 1702 qua:

440 1739 647 1810 integra
695 1737 912 1806 quidem
962 1727 1159 1786 nullius
1205 1725 1326 1784 esse
1369 1727 1582 1781 videtur
1630 1725 1842 1790 odoris;
1899 1719 2023 1777 trita

433 1836 620 1894 autem
651 1824 910 1880 naturalis
946 1823 1052 1876 vim
1083 1819 1363 1875 suavitatis
1391 1815 1609 1871 emittit.

507 1920 704 1974 Beatus
748 1920 930 1986 itaque
958 1911 1266 1977 Cassianus,
1298 1917 1358 1964 ut
1386 1917 1658 1978 gestorum
1692 1903 1831 1959 illius
1856 1911 2024 1958 testa-

441 2019 529 2064 tur
575 1993 824 2072 historia,
865 2007 991 2061 dum
1039 1999 1345 2059 scholarum
1377 1999 1565 2053 doctor
1593 1997 1870 2060 existeret,
1903 1996 2028 2052 bre-

439 2101 704 2169 .vibusque
725 2099 866 2153 notis
887 2095 1050 2150 verba
1071 2089 1527 2162 comprehendere
1548 2103 1744 2158 pueros
1763 2087 2025 2153 erudiret,

437 2205 535 2259 pro
559 2188 662 2244 ﬁde
683 2187 885 2242 Christi
906 2187 972 2239 ad
1002 2183 1352 2254 qumstionem
1375 2181 1637 2236 deductus
1655 2189 1758 2233 est.
1783 2177 2027 2247 Cumque

440 2279 554 2335 zelo
595 2291 889 2334 succensus
929 2274 1054 2329 ﬁdei
1091 2272 1331 2341 judicum
1362 2270 1578 2326 decreta
1632 2274 2022 2341 contemneret,

438 2380 494 2426 et
519 2367 780 2424 sacriﬁcia
807 2364 1033 2436 profana
1063 2363 1315 2427 calcaret,
1351 2359 1734 2429 discipulortxm
1776 2355 2026 2410 manibus

439 2465 507 2520 ad
535 2462 882 2519 cruciandum
906 2458 1134 2512 traditus
1159 2464 1276 2522 est;
1304 2462 1364 2508 ut
1385 2451 1488 2507 illis
1514 2466 1667 2506 versa
1692 2449 1810 2503 vice
1836 2463 2026 2519 pcenas

437 2555 758 2617 exsolveret,
797 2565 933 2621 quos
980 2548 1092 2620 ipse
1135 2548 1332 2602 dudum
1363 2545 1463 2600 sub
1507 2542 1805 2612 disciplinae
1854 2540 2026 2596 ferula

438 2646 743 2701 terruisset.
774 2642 894 2696 Mox
925 2641 1107 2708 itaque
1143 2635 1469 2691 indumentis
1511 2641 1730 2698 exutus,
1776 2631 2027 2686 manibus

440 2744 561 2806 post
588 2743 733 2803 terga
783 2731 1003 2799 ligatur,
1052 2734 1264 2780 armato
1309 2723 1462 2795 stylis
1503 2733 1558 2776 et
1596 2720 1793 2776 tabulis
1825 2733 2026 2788 puero-

438 2838 561 2878 rum
615 2821 907 2876 furentium
959 2817 1174 2888 agmine
1220 2811 1722 2876 circumfunditur;
1783 2809 1874 2878 Qui
1929 2823 2029 2863 un-

439 2915 602 2984 dique
654 2919 1007 2982 compunctus
1055 2916 1217 2978 atque
1262 2905 1584 2973 discerptus,
1640 2908 1754 2956 toto
1797 2913 2027 2968 corpore

440 3003 727 3058 laceratur.
807 2999 1012 3056 Novum
1090 2997 1249 3066 plane
1331 3004 1387 3049 et
1458 2993 1774 3072 inusitatum
1859 3003 2028 3060 genus

440 3092 684 3164 martyrii
712 3090 974 3160 insignem
1006 3088 1114 3142 Deo
1139 3094 1433 3156 martyrem
1457 3082 1818 3163 consecravit.
1871 3080 2029 3136 Vide-

2135 548 2267 603 dicit
2293 547 2568 618 discipulis
2599 549 2713 605 suis
2745 568 2757 603 :
2801 569 2820 603 ι
2860 550 3010 607 Vado
3041 552 3107 607 ad
3136 568 3256 610 eum
3307 557 3399 627 qui
3439 559 3588 614 misit
3621 579 3712 620 me

2134 636 2469 714 (Joan.vn).
2495 661 2515 694 ›
2547 642 2654 699 Sed
2681 643 2808 698 dum
2836 647 3079 702 ascendit
3107 648 3321 716 Bethel,
3355 651 3411 705 id
3436 661 3549 717 est,
3579 654 3710 709 dum

2130 745 2228 801 per
2277 732 2657 790 sacratissime
2703 733 2978 793 Passionis
3015 753 3126 795 suae
3163 741 3479 811 mysterium
3529 744 3710 801 redire

2131 828 2414 885 contendit
2450 830 2518 884 ad
2557 830 2808 898 Patrem,
2847 833 2998 902 pueri
3039 835 3190 905 parvi
3229 837 3433 906 egressi
3471 837 3536 893 de
3573 839 3709 895 civi-

2131 926 2266 984 tate,
2297 919 2527 975 illudunt
2556 921 2626 985 ei,
2651 921 2932 978 dicentes:
2958 941 2977 974 t
2999 923 3246 998 Ascende
3270 927 3442 992 calve,
3469 929 3708 986 ascende

2131 1009 2299 1065 calve.
2351 1029 2372 1065 ι
2407 1009 2541 1077 Quia
2579 1010 2774 1077 Judaei,
2811 1013 2959 1068 omni
2997 1015 3281 1094 gravitatis
3328 1013 3384 1072 et
3427 1019 3710 1093 sapientiae

2129 1101 2370 1170 pondere
2400 1101 2589 1183 vacui,
2623 1101 2821 1177 illaque
2849 1095 3082 1172 pueritia
3138 1106 3349 1175 parvuli
3389 1108 3457 1162 de
3486 1124 3592 1178 qua
3625 1111 3710 1179 di-

2130 1190 2310 1245 citur:
2351 1209 2369 1241 ι
2407 1189 2734 1268 Maledictus.
2767 1206 2904 1261 puer
2953 1202 3172 1248 centum
3223 1210 3488 1252 annorum
3519 1198 3547 1268 .(
3571 1198 3707 1254 Iani.

2129 1295 2231 1336 va
2257 1279 2276 1350 )
2301 1320 2314 1344 ,
2347 1299 2366 1332 ι
2397 1295 2520 1334 eum
2561 1281 2630 1335 ad
2661 1280 2870 1348 locum,
2902 1282 2993 1351 qui
3034 1281 3232 1337 dicitur
3261 1283 3538 1350 caluaria,
3577 1280 3705 1356 per-

2131 1360 2391 1434 trahunt,
2440 1380 2603 1439 atque
2639 1372 2901 1444 adversus
2930 1386 3053 1427 eum
3097 1374 3355 1442 viperinis
3393 1375 3710 1432 irrisionum

2127 1472 2182 1519 et
2217 1463 2627 1536 opprobriorum
2655 1461 2810 1518 furiis
2840 1463 3190 1539 inardescunt
3212 1473 3230 1525 ἱ
3249 1466 3497 1523 calvaria.-
3524 1478 3708 1523 autem

2128 1553 2280 1610 locus
2307 1553 2395 1607 ille
2427 1553 2708 1608 dicebatur
2741 1565 2771 1605 a
2806 1551 3041 1608 calvitiis
3077 1555 3405 1624 amputatis,
3437 1558 3564 1626 quia
3601 1558 3713 1614 illic

2129 1641 2434 1699 damnatitii
2464 1641 2722 1697 decollari
2753 1653 3170 1698 consueverant.

2198 1719 2270 1790 Et
2325 1734 2624 1790 notandum
2668 1733 2794 1804 quia
2826 1734 2985 1802 pueri
3013 1734 3219 1804 egressi
3258 1737 3324 1792 de
3363 1736 3583 1794 civitate
3620 1739 3710 1794 di-

2053 1817 2103 1879 B
2133 1832 2370 1879 cuntur:
2403 1823 2690 1892 quoniam,
2722 1823 2864 1878 sicut
2887 1814 3175 1894 Apostolus
3203 1826 3278 1880 ait
3307 1840 3322 1880 :
3354 1846 3373 1878 ι
3408 1827 3479 1883 Ut
3505 1830 3713 1885 sancti-

2129 1912 2317 1969 ﬁcaret
2344 1927 2441 1984 per
2467 1928 2623 1968 suum
2653 1912 2972 1983 sanguinem
3001 1913 3286 1984 populum,
3315 1925 3468 1971 extra
3493 1927 3710 1990 portam

2127 2015 2320 2072 passus
2355 2009 2440 2058 est
2476 2001 2736 2058 Dominus
2765 2002 2784 2074 (
2809 2001 2945 2057 Heb.
2986 2004 3148 2074 xm).
3180 2022 3200 2056 ι
3229 2005 3398 2062 Porro
3435 2007 3581 2076 quod
3619 2023 3711 2064 se-

2127 2091 2331 2162 quitur,
2372 2090 2632 2160 quoniam
2664 2108 2684 2141 ι
2715 2091 2922 2160 egressi
2961 2092 3067 2147 duo
3105 2094 3218 2149 ttrsi
3256 2081 3324 2149 de
3361 2096 3532 2162 saltu,
3572 2097 3713 2152 dila-

2129 2188 2459 2236 ceraverunt
2495 2194 2564 2235 ex
2597 2180 2679 2236 eis
2716 2180 3074 2252 quadraginta
3109 2183 3498 2254 duospueros,
3556 2206 3577 2240 ι
3606 2198 3710 2259 per

2127 2271 2413 2326 numerum
2462 2271 2754 2342 puerorum
2812 2284 3069 2324 numerus
3120 2271 3365 2342 signatur
3413 2289 3706 2329 annorum.

2129 2361 2554 2431 Quadra‘gesimo
2603 2361 2841 2417 secundo
2897 2362 3092 2430 quippe
3137 2378 3278 2417 anno
3323 2374 3447 2435 post
3491 2365 3710 2422 Domini

2128 2451 2438 2520 passionem
2459 2489 2475 2515 ,
2506 2451 2647 2506 sicut
2676 2439 2914 2504 historiae
2941 2452 3194 2517 tradunt,
3228 2451 3381 2508 Titus
3409 2463 3465 2508 et
3499 2454 3707 2525 Vespa-

2130 2542 2350 2606 sianus,
2383 2540 2489 2594 duo
2520 2554 2674 2610 reges
2704 2539 2770 2594 de
2799 2539 2950 2596 silvis
2989 2543 3258 2611 gentium,
3303 2551 3553 2612 tanquam
3595 2548 3706 2602 duo

2129 2628 2343 2710 feroces
2372 2629 2520 2695 ursi,
2552 2629 2620 2687 de
2658 2630 2797 2685 saltu
2835 2629 3075 2686 ferarum
3117 2631 3545 2688 dilaceraverunt
3569 2651 3710 2706 pue-

2131 2734 2263 2783 ros;
2305 2719 2432 2787 quia
2470 2718 2752 2775 venientes
2789 2719 2858 2774 ad
2889 2720 3157 2776 excidium
3197 2715 3570 2792 Hierusalem,
3609 2726 3707 2782 de-

2130 2815 2470 2870 bellaverunt
2505 2815 2558 2869 in
2598 2814 2781 2870 furore
2816 2815 3050 2871 Judzeos.
3090 2816 3197 2873 Per
3233 2833 3428 2892 pueros
3464 2835 3594 2891 ergo
3627 2821 3708 2876 si-

2130 2903 2368 2974 gniﬁcati
2424 2901 2552 2960 sunt
2593 2905 2685 2974 qui
2738 2906 3021 2962 Dominum
3069 2909 3495 2978 cruciﬁxerunt;
3545 2913 3705 2982 pueri

2130 3001 2343 3067 queque
2399 3004 2527 3050 sunt
2568 2997 2660 3066 qui
2699 2997 2759 3051 Β.
2800 2997 3118 3054 Cassianum
3158 3010 3450 3072 martyrem
3482 3005 3702 3060 cecide-

2132 3080 2278 3144 runt.
2321 3087 2564 3160 Utraque
2601 3089 2811 3146 scilicet
2849 3105 2955 3146 non
2996 3093 3256 3149 innocens
3293 3096 3523 3163 pueritia
3549 3137 3565 3161 ,
3604 3099 3705 3154 sed

444 3193 531 3238 tur
558 3160 732 3236 autem
788 3180 902 3234 haec
946 3176 1189 3246 martyrii
1239 3172 1446 3243 species
1496 3171 1564 3225 ad
1613 3160 2025 3226 similitudinem
2053 3167 2098 3230 C
2129 3179 2324 3235 παι-εχ
2361 3189 2416 3236 ει
2466 3196 2735 3238 venenosa
2783 3182 3008 3237 mamia_
3047 3183 3271 3240 Occisus
3294 3160 3308 3163 '
3330 3196 3413 3240 es,
3449 3160 3705 3245 Christ“

439 3269 879 3342 comparandam,
913 3267 1052 3322 nulli.
1084 3265 1276 3321 melius
1322 3276 1481 3332 posse
1525 3274 1826 3331 congruere
1861 3274 2026 3328 quam

443 3363 543 3433 ipsi
597 3361 709 3433 regi
761 3369 1059 3430 martyrum
1115 3356 1344 3411 Domino
1413 3353 1704 3410 Salvatori.
1765 3351 1904 3406 Nam
1970 3359 2026 3408 et

442 3455 532 3510 ille
581 3468 611 3507 a
671 3451 786 3509 suis
839 3451 1088 3506 ﬁdelibus
1140 3448 1356 3504 occisus
1405 3453 1526 3511 est,
1585 3443 1784 3500 Judaeis
1833 3441 2023 3498 videli-

441 3554 561 3610 cet,
597 3543 758 3614 196
789 3541 985 3614 quibus
1014 3550 1280 3610 praecepta
1312 3538 1565 3608 Decalogi
1594 3536 1815 3607 proprio
1849 3534 2019 3606 digito

443 3636 720 3703 descripta
763 3631 1092 3695 tradiderat,
1124 3643 1264 3699 quos
1298 3626 1640 3684 caeremoniis
1694 3627 1810 3681 suis
1854 3625 2024 3681 Sacri-

443 3726 800 3795 ﬁciorumque
831 3722 1028 3778 ritibus
1055 3721 1387 3777 instruxerat
1412 3735 1428 3785 ;
1459 3733 1596 3789 quos
1625 3725 1774 3774 certe
1805 3717 1874 3773 ad
1902 3732 2021 3771 om-

441 3831 567 3874 nem
591 3814 804 3870 vivendi
831 3812 1208 3868 rectitudinem
1226 3851 1242 3878 ,
1270 3821 1525 3880 tanquam
1546 3818 1762 3866 teneros
1784 3807 1884 3864 sub
1906 3807 2021 3862 dis-

439 3907 640 3976 ciplina
679 3921 905 3976 pueros,
935 3904 1335 3960 informaverat.
1375 3902 1528 3959 Sicut
1556 3903 1673 3973 ipse
1697 3917 1792 3971 per
1827 3900 2020 3954 Isaiam

441 3997 627 4052 dicit:
666 4014 685 4046 ι
723 3995 891 4050 Filios
944 3993 1173 4048 enutrivi
1242 4000 1297 4048 et
1353 3991 1627 4056 exaltavi,
1681 3991 1782 4060 ipsi
1837 4000 2019 4045 autem

441 4093 768 4157 spreverunt
815 4097 900 4138 me
949 4083 1099 4152 (lsa.
1181 4082 1264 4154 ι).
1313 4101 1332 4135 ι
1367 4080 1502 4136 Nam
1550 4090 1604 4136 et
1653 4080 1725 4134 illi
1771 4079 2019 4135 carnales

447 4174 707 4230 lsraelitm
738 4187 1028 4243 puerorum
1059 4173 1276 4228 nomine
1307 4171 1454 4243 digni
1480 4170 1723 4235 fuerant,
1753 4170 1846 4239 qui
1870 4185 2019 4224 man-

439 4265 569 4320 data
627 4265 762 4333 legis
812 4263 1307 4333 prophetarumque
1362 4262 1618 4332 mysteria
1649 4249 1786 4315 “non
1863 4261 2015 4315 senili

445 4354 713 4425 gravitate
750 4355 1070 4425 pensabant,
1133 4354 1227 4407 sed
1262 4353 1442 4408 omnia
1478 4350 1918 4422 superﬁcietcnus
1953 4365 2018 4406 ac

449 4442 733 4516 pueriliter
763 4443 1166 4512 intelligebant;
1199 4442 1342 4511 quod
1372 4455 1493 4496 cum
1525 4439 1738 4496 diversa
1768 4438 2011 4509 Scriptu-

444 4550 629 4592 rarum
659 4533 828 4605 possit
858 4535 1180 4589 auctoritate
1206 4532 1444 4599 ﬁrmari,
1472 4533 1523 4587 id
1549 4540 1756 4587 tantum
1786 4530 2012 4586 sulliciat

440 4624 533 4680 hic
564 4637 859 4695 apponere,
905 4623 1046 4692 quod
1089 4623 1578 4699 Eliseo.pr0phetae
1615 4620 1809 4690 legitur
1844 4619 2015 4674 conti-

440 4717 602 4787 gisse.
646 4713 778 4768 Nam
828 4728 952 4768 cum
1001 4712 1316 4766 ascenderet
1377 4725 1474 4780 per
1509 4709 1652 4764 viam
1705 4723 1823 4778 qum
1871 4707 2016 4762 ducit

444 4803 665 4868 Bcthel,
722 4801 874 4873 pueri
928 4802 1078 4871 parvi
1118 4801 1318 4870 egressi
1359 4802 1426 4856 de
1462 4802 1682 4856 civitate
1721 4801 2018 4855 illudebant

442 4894 511 4955 ei,
533 4893 771 4949 dicentes
795 4908 808 4945 :
837 4910 856 4942 ι
885 4890 1152 4955 Asecnde,
1174 4891 1352 4955 calve;
1383 4891 1632 4956 ascende,
1663 4889 1833 4944 calve.
1865 4908 1882 4940 ι
1913 4889 2015 4955 Qui

440 5001 568 5041 cum
603 4986 948 5056 respexisset,
985 4984 1118 5038 vidit
1155 4999 1268 5049 eos,
1310 4992 1366 5039 et
1401 4984 1676 5038 maledixit
1714 4985 1792 5036 eis
1827 4983 1879 5035 in
1922 4996 2012 5034 ιιοι

445 5077 590 5150 mine
628 5075 860 5131 Domini.
900 5073 1130 5143 Moxque
1169 5072 1450 5148 Scriptura
1488 5071 1796 5141 subjungit:
1830 5091 1846 5121 ι
1879 5071 2015 5136 Quia

444 5166 648 5237 egressi
679 5173 806 5220 sunt
835 5165 942 5221 duo
973 5164 1083 5219 ursi
1124 5164 1189 5219 de
1226 5161 1399 5228 saltu,
1440 5170 1494 5218 et
1532 5161 1908 5215 laceraverunt
1944 5173 2012 5213 ex

440 5258 524 5312 eis
561 5257 916 5327 quadraginta
954 5256 1089 5311 duos
1126 5270 1324 5326 pueros
1364 5252 1487 5326 (IV
1519 5252 1648 5322 Reg.
1690 5252 1786 5322 tt).
1819 5270 1838 5302 ›
1871 5250 2015 5306 Sane

446 5348 574 5417 quid
623 5361 720 5415 per
767 5345 1034 5410 Eliseum,
1075 5346 1179 5399 nisi
1221 5345 1480 5400 Mediator
1514 5342 1607 5397 Dei
1643 5350 1698 5396 et
1733 5342 2010 5396 hominum

446 5439 606 5493 debet
644 5435 910 5506 intelligi?
947 5434 1087 5503 Quid
1124 5449 1252 5490 vero
1289 5449 1386 5504 per
1420 5431 1637 5498 Bethel,
1675 5448 1794 5502 quae
1827 5431 2012 5484 domus

447 5527 543 5581 Dei
577 5529 982 5597 interpretatur,
1023 5527 1126 5581 nisi
1164 5517 1443 5581 beatitudo
1477 5523 1717 5580 caelestis
1751 5521 2012 5594 eXprimi-

379 5659 386 5664 .
447 5615 578 5669 tur?
607 5615 706 5669 Per
746 5616 884 5668 viam
917 5629 1046 5686 ergo
1083 5630 1202 5685 quae
1241 5615 1389 5670 ducit
1419 5612 1602 5668 Bethel
1633 5654 1648 5679 ,
1687 5610 2015 5680 Redemptor

450 5716 636 5759 noster
680 5704 1031 5770 ascendebat,
1075 5704 1289 5774 quando
1335 5704 1570 5774 passioni
1617 5701 2015 5772 appropinqua-

2037 4499 2088 4558 D

2127 3279 2227 3338 pro
2287 3267 2584 3336 Cassiano,
2640 3267 2851 3325 occisus
2897 3279 2982 3326 est
3036 3271 3328 3330 Cassianus
3385 3290 3483 3344 pro
3533 3275 3704 3331 Chri-

2126 3365 2250 3422 sto;
2302 3357 2560 3413 Dominus
2584 3363 2687 3429 pro
2743 3373 2930 3425 servo,
2969 3369 3025 3416 et
3061 3377 3253 3418 servus
3288 3379 3387 3434 pro
3428 3351 3698 3432 Domino;

2124 3447 2337 3503 dicebat
2367 3447 2509 3503 enim
2538 3465 2552 3502 :
2583 3467 2601 3501 t
2634 3447 2771 3516 Quid
2803 3450 3096 3505 retribuam
3134 3453 3360 3509 Domino
3389 3470 3489 3524 pro
3524 3456 3707 3511 omni-

2125 3538 2258 3604 bus,
2313 3555 2434 3609 quae.
2486 3539 2738 3594 retribuit
2784 3542 2960 3596 mihi?
2991 3541 3224 3599 Calicem
3262 3544 3518 3602 salutaris
3554 3547 3702 3602 acci-

2123 3630 2300 3698 piam,
2336 3639 2404 3709 et.
2429 3645 2624 3686 nomen
2665 3629 2878 3687 Domini
2918 3633 3183 3691 invocabo
3221 3635 3412 3706 (Psal.
3457 3641 3624 3708 cxv).
3673 3657 3695 3694 ι

2125 3719 2230 3775 Sed
2259 3719 2346 3775 ille
2373 3721 2511 3776 mori
2540 3721 2792 3792 dignatus
2815 3731 2929 3792 est,
2958 3733 3016 3779 ut
3044 3725 3190 3781 hunc
3215 3726 3283 3782 de
3306 3728 3407 3782 sub
3427 3727 3560 3800 jugo
3586 3727 3702 3784 ler-

2123 3825 2229 3866 reae
2266 3811 2544 3868 servitutis
2575 3813 2868 3880 educeret;
2901 3815 2992 3870 isti
3028 3816 3165 3872 mori
3204 3817 3461 3873 donatum
3488 3828 3607 3887 est,
3638 3829 3702 3874 ιιι

2120 3898 2191 3954 ad
2222 3898 2594 3956 lirereditatem
2633 3900 2902 3968 ﬁliorum,
2940 3904 3028 3959 cui
3068 3906 3337 3977 ascriptus
3371 3916 3532 3975 erat,
3568 3922 3699 3966 cum

2119 3988 2290 4060 gloria
2339 3989 2670 4060 perveniret.
2706 3992 2864 4064 197
2893 3993 2986 4050 Ille
3031 3997 3266 4066 suscepit
3314 4006 3581 4064 mortem,
3633 4007 3700 4054 ut

2119 4074 2350 4137 mortem
2397 4083 2454 4138 in
2502 4099 2600 4140 sua
2648 4090 2813 4140 carne
2861 4085 3205 4150 destrueret;
3250 4088 3352 4143 iste
3399 4090 3539 4144 mori
3588 4107 3697 4145 non

2120 4171 2331 4237 timuit,
2383 4181 2444 4226 ut
2490 4173 2564 4227 ad
2603 4182 2881 4230 auctorem
2937 4176 3063 4230 vitae
3102 4177 3360 4248 triumphi
3400 4178 3483 4233 sui
3521 4179 3700 4234 victor

2118 4260 2347 4330 insignia
2385 4269 2708 4330 reportaret.
2745 4261 2837 4316 llle
2860 4274 3238 4332 persecutores
3286 4266 3504 4330 habuit,
3557 4283 3698 4336 quos

2115 4359 2430 4416 creaverat,
2475 4350 2576 4405 iste
2615 4365 2709 4406 eos
2748 4352 3035 4409 carniﬁces
3099 4356 3320 4424 pertulit
3359 4373 3495 4426 quos
3533 4359 3696 4413 doce-

2115 4441 2225 4495 bat.
2282 4439 2390 4507 Sed
2441 4439 2693 4496 Christus
2743 4441 2798 4496 in
2847 4454 3086 4515 martyre
3123 4459 3222 4500 suo
3255 4449 3559 4519 pugnabat,
3601 4447 3696 4517 qui

2114 4533 2387 4605 pugnandi
2416 4535 2564 4589 vires
2595 4533 3011 4590 administrabat
3038 4553 3052 4601 ;
3089 4538 3140 4590 in
3171 4552 3237 4591 eo
3265 4539 3411 4594 solus
3443 4538 3552 4608 ipse
3579 4539 3698 4593 viu-

2117 4622 2274 4677 cebat
2311 4622 2402 4691 qui
2435 4621 2585 4676 illum
2619 4621 2761 4677 inter
2787 4624 3089 4678 certamina
3122 4621 3435 4681 roborabat.
3471 4626 3606 4680 Nam
3636 4636 3697 4682 et

2119 4718 2230 4764 tota
2261 4709 2584 4764 universalis
2613 4709 2880 4774 Ecclesia,
2911 4712 3170 4766 virtutum
3209 4713 3374 4768 armis
3410 4715 3689 4778 accincta,

2119 4807 2308 4853 contra
2337 4798 2609 4854 diabolum
2643 4813 2740 4868 per
2773 4809 2942 4854 totum
2975 4803 3220 4858 mortalis
3251 4802 3372 4858 vita:
3403 4802 3562 4872 hujus
3591 4820 3691 4860 ex-

2120 4905 2338 4946 cursum
2369 4891 2421 4945 in
2454 4892 2670 4948 Christo
2699 4893 2954 4958 dimicat,
2987 4895 3040 4947 in
3078 4893 3295 4950 Christo
3331 4910 3545 4964 semper
3582 4911 3690 4951 non

2118 4992 2211 5032 sua
2231 5018 2248 5044 ,
2278 4980 2374 5034 sed
2401 4978 2516 5047 ejus
2545 4982 2744 5036 virtute
2773 4981 3087 5050 triumphat.
3121 4981 3270 5038 Hanc
3296 4984 3452 5053 plane
3489 4999 3557 5038 ex
3594 5000 3698 5038 an-

2118 5070 2267 5137 tiquo
2307 5071 2462 5126 hoste
2499 5073 2783 5128 victoriam
2809 5114 2824 5140 ,
2865 5075 2991 5145 quia
3031 5075 3202 5130 noluit
3241 5073 3523 5148 Synagoga
3551 5118 3566 5144 ,
3601 5093 3693 5133 su-

2120 5159 2292 5225 scepit
2327 5158 2584 5214 Ecclesia.

2189 5247 2341 5316 Quod
2367 5252 2536 5316 vobis,
2560 5252 2752 5308 fratres
2772 5255 3101 5320 charissimi,
3119 5255 3308 5310 melius
3328 5256 3690 5317 ostendimus.

2118 5340 2164 5395 si
2192 5341 2390 5396 veteris
2420 5341 2761 5396 instrumenti
2794 5344 3073 5398 victoriam
3093 5384 3107 5407 ,
3139 5360 3260 5414 quae
3285 5360 3382 5414 per
3411 5344 3686 5400 mulierem

2118 5428 2259 5484 facta
2291 5439 2393 5494 est,
2415 5431 2481 5484 ad
2513 5433 2825 5486 memoriam
2858 5447 3190 5488 revocemus.
3227 5432 3390 5494 Nam,
3423 5445 3479 5487 ut
3505 5434 3691 5503 paucis

2114 5521 2295 5575 verbis
2333 5536 2488 5574 sacra
2529 5525 3020 5593 comprehendatur
3050 5525 3295 5584 historia.
3327 5525 3532 5579 chora
3557 5540 3688 5594 pro-

2113 5611 2304 5680 phetes
2333 5626 2468 5666 uxor
2495 5611 2778 5682 Lapidoth,
2811 5614 3085 5684 judicabat
3117 5614 3367 5686 populum
3421 5615 3508 5670 illo
3554 5625 3687 5669 tem-

2113 5715 2267 5771 pore,
2296 5709 2350 5758 et
2376 5703 2597 5760 sedebat
2640 5705 2738 5760 sub
2774 5705 2949 5775 palma
2977 5708 3121 5764 inter
3149 5705 3316 5762 [larua
3379 5716 3433 5761 et
3465 5706 3684 5767 Bethel.
