4022 6206
206 389 301 446 713

1675 377 1925 439 SEHMO
1963 377 2222 436 XXXIX.

3595 376 3700 433 7H

201 514 262 571 in
291 517 484 570 monte
511 508 804 583 Ephraim,
829 507 1328 582 ascendebantque
1351 507 1421 564 ad
1453 521 1578 564 eam
1602 505 1705 565 ﬁlii
1733 481 2220 571 IsraelAtclligi?
2265 502 2408 559 Nam
2451 516 2583 559 cum
2613 500 3059 558 catechumenus
3088 499 3312 556 lavacro
3342 499 3486 556 sacri
3527 499 3703 557 fontis

204 605 259 659 in
319 613 492 659 omne
544 596 834 671 judicium
884 597 1051 665 (Jud.-
1089 599 1191 664 ιν).
1253 593 1358 654 Sed
1422 595 1501 652 sic
1558 595 1628 651 ad
1687 594 1912 653 exitum

203 690 447 748 celerius
494 686 854 761 pervenitur,
906 685 976 756 si,
1023 684 1161 742 dum
1221 683 1459 742 historia
1513 683 1750 753 texitur,
1816 697 1915 755 per

205 785 391 852 partes
433 775 664 834 interim
703 778 1048 846 exponatur.
1094 772 1201 831 Per
1236 773 1516 830 Deboram
1569 788 1725 842 sane,
1779 787 1914 844 qua:

209 869 427 939 loquela
478 866 600 923 sive
654 866 779 934 apis
831 862 1262 935 interpretatur,
1308 862 1606 935 prophetia
1657 877 1773 920 non
1821 861 1916 919 in-

206 955 618 1016 convenienter
644 950 938 1024 accipitur.
984 951 1125 1023 Apis
1160 951 1373 1024 quippe
1406 951 1719 1021 melliﬁcat,
1759 959 1815 1010 et
1847 950 1917 1009 de

208 1043 504 1120 prophetia
549 1057 651 1116 per
704 1039 1069 1098 Psalmistam
1127 1039 1386 1098 dicitur:
1435 1064 1462 1091 «ι
1493 1040 1677 1110 Quam
1726 1040 1918 1098 dulcia

205 1135 474 1192 faucibus
520 1132 668 1189 meis
713 1129 946 1204 eloquia
997 1134 1116 1198 tua,
1167 1128 1432 1201 Domine,
1481 1146 1654 1204 super
1701 1130 1814 1187 mel
1865 1135 1921 1187 et

205 1225 408 1282 favum
437 1220 524 1278 ori
553 1219 715 1277 meo!
755 1220 919 1290 (Psal.
953 1219 1179 1290 CXVIII.)
1205 1243 1230 1266 ››
1260 1217 1500 1276 Interim
1540 1218 1674 1277 nolo
1704 1233 1806 1276 vos
1845 1219 1922 1276 la-

206 1317 340 1380 teat,
380 1306 764 1376 dilectissimi,
803 1305 941 1380 quia
983 1305 1218 1364 historia
1264 1306 1409 1376 hiec,
1451 1322 1628 1380 quam
1671 1312 1921 1364 tractan-

205 1401 340 1459 dam
371 1415 445 1458 ex
483 1399 780 1457 occasione
816 1397 1198 1470 suscepimus,
1237 1396 1503 1469 pluribus
1536 1397 1756 1471 indiget
1793 1414 1922 1456 ver-

208 1489 321 1560 bis,
351 1488 492 1562 quia
518 1486 722 1545 multis
743 1492 828 1544 est
849 1487 1065 1560 repleta
1087 1485 1374 1560 mysteriis
1399 1505 1411 1543 :
1435 1487 1528 1543 sed
1561 1501 1689 1544 eam
1713 1485 1924 1544 idcirco

208 1577 322 1636 sub
375 1575 654 1634 brevitate
702 1573 1119 1644 contrahimus,
1165 1581 1230 1631 ut
1271 1573 1636 1632 dilectionem
1673 1581 1923 1633 vestram

210 1664 559 1742 prolixitatis
580 1663 752 1723 tzedio
773 1679 890 1723 non
908 1677 1234 1736 gravemus.
1265 1662 1707 1722 Consideremus
1731 1665 1926 1738 itaque

208 1756 315 1816 ubi
345 1752 542 1813 sedem
577 1749 786 1811 habere
809 1752 1102 1826 prophetia
1131 1751 1499 1820 describitur,
1530 1751 1798 1811 videlicet
1819 1752 1927 1812 sub

1995 590 2383 664 immergitur,
2433 597 2704 662 tanquam
2755 587 2946 646 Sisara
2984 602 3116 646 cum
3161 603 3265 646 suo
3304 588 3581 657 exercitu,
3623 589 3706 646 sic

1995 682 2391 756 nequissimus
2430 680 2666 753 spiritus
2700 695 2831 739 cum
2864 678 2977 747 his,
3006 694 3138 754 quae
3167 679 3277 737 sibi
3305 679 3579 749 militant,
3612 679 3701 738 vi-

1997 773 2091 829 tiis
2119 771 2393 829 omnibus
2418 786 2649 828 necesse
2679 778 2762 828 est
2786 770 3124 844 perimatur.
3166 769 3482 844 Respondit
3509 776 3704 829 autem

1997 862 2212 920 Barach
2244 862 2315 920 ad
2348 861 2627 921 Deboram
2653 885 2664 918 :
2693 859 2756 920 Si
2781 861 2946 919 venis
2973 877 3222 928 mecum,
3253 862 3498 934 vadam;
3531 861 3578 919 si
3610 878 3712 920 no-

1999 951 2175 1010 lueris
2215 950 2433 1019 venire,
2481 965 2595 1008 non
2635 965 2890 1024 pergam.
2929 952 3012 1008 Ac
3042 951 3089 1008 si
3122 951 3370 1009 carnalis
3403 950 3499 1008 ille
3531 951 3709 1010 Israel

1999 1041 2314 1116 prophetiae
2350 1040 2685 1114 respondeat
2723 1060 2735 1097 :
2785 1041 2908 1098 Nisi
2953 1041 3124 1114 juxta
3160 1041 3399 1114 litteras,
3441 1047 3496 1100 et
3542 1041 3709 1116 quasi

1999 1129 2319 1189 secundum
2359 1129 2703 1187 muliebrem
2734 1128 3094 1188 intellectum
3127 1136 3181 1188 te
3219 1146 3447 1188 mecum
3485 1145 3711 1204 semper

2001 1218 2278 1281 habuero,
2316 1217 2615 1291 spirituale
2647 1224 2934 1276 certamen
2973 1217 3208 1290 aggredi
3243 1233 3354 1275 non
3397 1232 3706 1291 praesumo.

2003 1307 2108 1366 Cui
2137 1306 2356 1365 Debora
2381 1330 2392 1363 :
2420 1307 2520 1364 Ibo
2553 1308 2787 1382 quidem
2822 1313 3032 1378 tecum,
3063 1307 3160 1366 sed
3195 1307 3296 1366 tibi
3328 1307 3564 1366 victoria
3593 1322 3711 1365 non

2004 1399 2383 1471 reputabitur,
2434 1398 2572 1470 quia
2622 1398 2684 1456 in
2726 1413 2967 1456 manum
3007 1400 3271 1457 mulieris
3329 1401 3580 1460 tradetur
3626 1398 3718 1459 Si-

2005 1504 2149 1546 sara.
2204 1486 2376 1545 Velut
2413 1488 2462 1545 si
2513 1493 2777 1546 vetustus
2826 1485 2926 1544 ille
2967 1487 3217 1560 populus
3260 1487 3462 1547 audit:
3501 1488 3716 1548 Tecum

2005 1572 2240 1646 quidem
2269 1573 2379 1630 erit
2410 1573 2683 1645 exterior,
2713 1579 2780 1632 ut
2809 1572 3085 1647 postulas,
3119 1574 3447 1648 prophetia;
3486 1574 3584 1634 sed
3612 1576 3722 1649 spi-

2007 1662 2273 1720 ritualem
2313 1676 2384 1718 ex
2417 1661 2660 1734 antiquo
2706 1661 2869 1719 hoste
2909 1661 3297 1735 triumphum,
3339 1677 3454 1721 non
3497 1670 3580 1734 tu,
3623 1663 3719 1721 sed

2009 1758 2202 1810 sancta
2230 1751 2419 1824 potius
2451 1743 2736 1808 obtinebit
2763 1750 3033 1809 Ecclesia.
3071 1749 3162 1808 llli
3195 1757 3366 1819 certe,
3397 1750 3486 1808 illi
3515 1767 3721 1824 prove-

209 1845 427 1922 palma,
454 1843 591 1918 quia
628 1857 775 1916 quos
811 1841 1143 1916 prOphetica
1174 1840 1431 1899 doctrina
1456 1841 1578 1901 suis
1606 1843 1924 1902 institutio-
1949 1840 2134 1917 Bniet
2157 1839 2288 1912 jure
2328 1837 2584 1907 victoria,
2617 1855 2750 1912 quae
2783 1841 2845 1898 in
2879 1837 3189 1912 Scriptura:
3231 1839 3542 1912 mysteriis,
3583 1841 3724 1900 dum

209 1935 391 1993 uibus
420 1932 630 2002 erudit,
662 1930 733 1988 ad
765 1931 1015 2006 palmam
1046 1946 1313 2004 supernae
1335 1931 1650 1990 vocationis
1669 1932 1923 2002 adducit,

211 2023 477 2096 dumque
511 2035 608 2094 per
637 2034 764 2076 eam
805 2018 1071 2078 homines
1108 2019 1344 2078 vivendi
1384 2019 1646 2077 ordinem
1679 2019 1929 2089 discunt,

2015 1928 2334 2004 spiritualis
2362 1927 2760 2001 intelligentiae
2801 1928 3117 1986 medullam
3147 1931 3377 2004 quaerit,
3414 1929 3726 1989 occidentis

2019 2019 2223 2076 littera:
2252 2019 2440 2091 paleas
2482 2033 2825 2092 magnopere
2852 2033 2968 2076 non
3000 2019 3258 2076 attendit.

218 2112 498 2169 vitiorum
527 2107 936 2166 rebellantium
967 2109 1211 2166 victores
1237 2109 1406 2167 ﬁunt.
1439 2108 1555 2166 Nec
1578 2115 1933 2182 praetereun-

217 2201 365 2258 dum
395 2199 550 2273 quod
591 2197 742 2256 inter
781 2197 961 2255 Hama
999 2205 1052 2256 et
1090 2197 1290 2256 Bethel
1328 2197 1543 2255 sedisse
1581 2197 1934 2272 perhibetur.

224 2290 414 2349 Rama
443 2288 736 2362 siquidem
769 2290 1003 2352 excelsa,
1036 2287 1234 2346 Bethel
1271 2290 1460 2345 domus
1490 2292 1609 2358 Dei,
1646 2289 1794 2348 sicut
1817 2289 1935 2364 jam

223 2380 518 2449 diximus,
559 2378 988 2451 interpretatur.
1031 2377 1203 2437 Recte
1245 2377 1421 2452 igitur
1457 2378 1752 2452 prophetia
1789 2379 1940 2436 inter

227 2471 413 2529 Rama
449 2474 504 2526 et
542 2466 740 2525 Bethel
787 2466 1042 2524 habitare
1082 2467 1460 2538 describitur;
1504 2469 1640 2542 quia
1677 2467 1943 2541 quisquis

2091 2106 2413 2165 Commisso
2447 2107 2640 2179 itaque
2675 2107 2825 2165 bello
2866 2107 3098 2164 tandem
3135 2108 3283 2180 fugit
3314 2107 3505 2167 Sisara
3538 2109 3599 2167 in
3627 2108 3732 2168 do-

2023 2212 2187 2255 mum
2215 2195 2402 2265 Jahel,
2443 2195 2789 2270 alienigena:
2820 2196 3087 2254 videlicet
3116 2196 3401 2256 mulieris.
3432 2197 3572 2268 Quae
3600 2214 3731 2272 pro-

2028 2286 2166 2344 tecto
2218 2285 2433 2343 sitienti
2481 2292 2668 2342 utrem
2717 2285 2879 2344 lactis
2924 2286 3151 2360 aperuit
3200 2294 3254 2344 et
3295 2294 3496 2361 potum
3534 2288 3727 2358 dedit;

2024 2374 2232 2432 deinde
2256 2373 2489 2432 clavum
2522 2373 2579 2431 in
2615 2373 2914 2432 cerebrum
2954 2375 3083 2448 ejus
3114 2391 3214 2448 per
3257 2384 3484 2451 tempus
3508 2385 3734 2436 utrum-

2026 2478 2138 2535 que
2179 2460 2403 2531 deﬁxit,
2455 2462 2654 2533 sicque
2685 2460 2745 2517 in
2792 2461 3045 2520 hominis
3097 2463 3283 2536 specie
3336 2481 3738 2538 perversorum

2028 2552 2292 2611 omnium
2325 2557 2494 2624 caput
2525 2551 2819 2610 diabolum
2851 2553 3154 2611 interfecit.
3193 2553 3340 2624 Quid
3367 2556 3521 2613 enim
3548 2554 3738 2626 .lahel,

2029 2659 2162 2716 quae
2193 2645 2432 2698 ascensio
2461 2641 2886 2714 interpretatur,
2917 2643 3029 2701 nisi
3055 2651 3308 2701 sanctam
3339 2643 3601 2716 designat
3630 2644 3742 2701 Ec-

2031 2734 2286 2804 clesiam,
2320 2749 2422 2806 per
2456 2748 2633 2806 quam
2663 2732 2928 2791 videlicet
2961 2733 3141 2791 solam
3173 2733 3466 2792 beatitudo
3499 2734 3748 2792 cmlestis

2033 2823 2401 2882 ostenditur?
2433 2823 2600 2881 Unde
2631 2829 2685 2881 et
2720 2821 3024 2897 Synagoga
3053 2824 3123 2882 de
3153 2824 3352 2882 eadem
3379 2825 3631 2883 Ecclesia
3660 2826 3750 2883 di—

2034 2911 2110 2970 cit
2139 2912 2196 2969 in
2223 2910 2508 2970 Canticis:
2538 2936 2562 2962 α
2605 2911 2744 2980 Quae
2773 2921 2856 2971 est
2896 2915 3022 2982 ista,
3065 2930 3200 2985 quae
3239 2914 3494 2971 ascendit
3533 2913 3604 2972 de
3647 2914 3749 2971 de-

310 3001 456 3060 HEBC
485 3002 710 3059 vocavit
747 3002 819 3059 ad
849 3017 909 3058 se
942 3000 1179 3059 Barach.
1216 3001 1392 3059 Porro
1423 3000 1637 3060 Barach
1670 3003 1952 3074 interpre-
2037 3010 2186 3059 serto
2214 3002 2440 3058 deliciis
2468 3001 2733 3070 amoens,
2762 3001 2968 3058 innixa
2989 3017 3162 3075 super
3183 3002 3458 3060 dilectum
3485 3001 3699 3059 suum?
3727 3025 3748 3053 ι

233 3097 394 3149 tatur
430 3093 750 3149 coruscatio.
778 3091 1110 3150 Coruscatio
1147 3099 1340 3149 autem
1382 3091 1548 3148 habet
1585 3091 1819 3165 quidem
1861 3092 1953 3148 lu-
2039 3093 2217 3160 (Cant.
2252 3093 2403 3159 VIII.)
2433 3090 2570 3148 Hzec
2608 3090 2821 3148 mulier
2854 3091 3180 3163 alienigena
3219 3093 3352 3163 fuit,
3380 3094 3521 3166 quia
3561 3100 3755 3151 sancta

230 3196 386 3250 cem,
427 3181 525 3238 sed
579 3195 692 3238 non
737 3178 961 3237 diutius
1005 3187 1460 3251 permanentem.
1519 3181 1651 3238 Mox
1693 3181 1849 3238 enim
1889 3179 2293 3276 utCEcclesia
2331 3179 2401 3235 de
2450 3179 2771 3250 gentilitate
2819 3181 3114 3253 processit.
3168 3179 3307 3239 Hrec
3359 3180 3753 3240 Israelitarum

234 3269 438 3327 lucere
467 3268 691 3341 incipit,
716 3267 873 3326 illico
896 3267 1104 3326 deﬁcit.
1141 3268 1358 3326 Barach
1394 3269 1571 3341 igitur
1605 3269 1709 3326 iste
1732 3267 1948 3325 Israeli-
1984 3267 2263 3327 “hostem
2302 3268 2464 3341 prius
2505 3269 2646 3326 lacte
2685 3269 2922 3342 potavit,
2970 3277 3162 3342 postea
3199 3271 3383 3343 pilum
3415 3272 3586 3345 capiti
3627 3271 3754 3344 ejus

235 3357 341 3415 tici
380 3355 585 3431 papuli
615 3357 860 3429 ﬁguram
897 3363 1071 3426 tenet,
1117 3357 1220 3430 qui
1261 3357 1482 3429 primus
1519 3357 1782 3414 omnium
1826 3372 1958 3428 pro-
2042 3359 2275 3426 inﬁxit;
2305 3358 2442 3432 quia
2471 3359 2712 3416 humani
2748 3360 2976 3431 generis
3007 3360 3335 3430 inimicum,
3362 3376 3534 3433 quem
3561 3369 3754 3419 sancta

233 3448 488 3524 pheticis
514 3448 837 3507 instructus
866 3448 1134 3518 oraculis,
1164 3448 1598 3521 aliquantulum
1631 3447 1864 3521 quidem
1896 3447 1957 3503 in
2042 3447 2206 3521 prius
2231 3446 2482 3505 Ecclesia
2511 3447 2814 3505 carnaliter
2831 3447 3080 3505 vivendo
3110 3449 3358 3520 iactavit,
3388 3450 3754 3526 postmodum

232 3544 471 3612 amepta
508 3539 629 3611 lege
669 3537 916 3609 refulsit,
967 3537 1066 3596 sed
1121 3538 1284 3596 brevi
1331 3545 1582 3611 tempore
1615 3535 1956 3595 coruscavit.
2043 3538 2422 3612 spiritualiter
2443 3539 2858 3605 conversando,
2890 3539 3140 3614 quodam
3162 3541 3431 3598 acumine
3451 3556 3517 3598 ac
3541 3540 3755 3599 virtute

234 3628 308 3686 In
343 3628 472 3701 lege
501 3628 737 3701 quippe,
771 3627 843 3684 de
870 3642 985 3701 qua
1011 3627 1232 3685 dictum
1261 3633 1344 3684 est
1384 3650 1396 3683 :
1455 3651 1480 3674 ‹‹
1510 3626 1774 3685 Lucerna
1799 3624 1961 3699 pedi-
2042 3628 2229 3686 crucis
2256 3628 2558 3686 exstinxit.
2593 3628 2716 3687 Nisi
2751 3629 2910 3686 enim
2939 3628 3284 3688 insatiabilis
3317 3628 3602 3688 homicida
3635 3645 3759 3703 per-

235 3719 354 3776 bus
393 3716 543 3774 meis
583 3715 831 3775 verbum
873 3724 1060 3785 tuum,
1103 3716 1366 3787 Domine,
1407 3724 1461 3774 et
1505 3715 1702 3774 lumen
1743 3714 1962 3773 semitis
2043 3717 2323 3775 ditionem
2349 3716 2594 3775 humani
2619 3719 2847 3790 generis
2871 3716 3465 3790 inexplebiliprorsus
3485 3717 3757 3778 aviditate

237 3807 392 3866 meis
435 3809 611 3875 (Psal.
672 3810 899 3876 CXVIII),
929 3831 955 3854 ››
1007 3806 1284 3881 antiquus
1327 3805 1430 3864 ille
1475 3805 1722 3879 populus
1776 3805 1962 3863 lucere
2044 3807 2244 3874 sitiret,
2275 3806 2345 3864 de
2373 3806 2474 3863 illo
2500 3813 2648 3865 certe
2676 3805 2966 3881 Scriptura
2993 3822 3110 3865 non
3141 3807 3386 3865 diceret:
3420 3832 3442 3856 «
3474 3807 3756 3866 Absorbe-

234 3896 442 3969 caapit,
474 3895 572 3954 sed
595 3895 782 3954 desiit.
814 3897 1131 3954 Coruscum
1155 3895 1321 3970 quasi
1345 3894 1517 3952 clarae
1541 3894 1677 3952 vitae
1702 3893 1960 3968 protulit,
2047 3897 2129 3954 bit
2182 3896 2448 3965 ﬂuvium,
2509 3902 2563 3954 et
2614 3911 2729 3956 non
2781 3896 3104 3964 mirabitur,
3155 3903 3208 3954 et
3252 3897 3423 3954 habet
3483 3895 3755 3955 ﬁduciam

235 3986 347 4044 sed
375 3985 442 4042 in
475 3984 681 4044 lucidis
709 3986 981 4060 operibus
1020 4000 1133 4043 non
1171 3985 1502 4058 permansit.
1545 3985 1690 4043 Nam
1719 3985 1861 4044 dum
1882 3986 1965 4044 di-
2046 3987 2202 4060 quod
2233 3987 2439 4046 inﬂuat
2466 3986 2733 4046 Jordanis
2764 3987 2822 4043 in
2849 4002 2912 4044 os
2942 3986 3066 4058 ejus
3099 3988 3215 4058 (Job
3244 3989 3359 4059 XL).
3399 4009 3418 4035 ι
3475 3986 3590 4046 Lac
3621 4003 3755 4046 vero

232 4082 446 4134 cerent
479 4094 492 4132 :
533 4099 553 4125 ι
588 4075 822 4146 Omnia,
879 4091 1010 4150 quae
1059 4076 1395 4150 praeceperit
1441 4076 1606 4134 nobis
1654 4075 1962 4144 Dominus,
2049 4077 2269 4134 fructus
2300 4081 2386 4133 est
2418 4075 2631 4146 carnis,
2663 4080 2720 4133 et
2753 4073 3150 4132 blandimenta
3187 4074 3434 4133 carnalis
3475 4075 3759 4149 signiﬁait

236 4172 302 4224 et
330 4164 648 4223 audiemus
684 4171 742 4222 et
781 4165 1082 4236 faciemus,
1114 4191 1140 4214 ι»
1174 4181 1302 4224 ecce
1337 4165 1506 4239 quasi
1549 4165 1654 4223 lux
1696 4179 1960 4222 corusca-
2049 4166 2380 4239 voluptatis.

235 4255 426 4313 tionis
455 4251 598 4310 198
623 4262 855 4328 exorta;
890 4256 989 4314 sed
1014 4256 1156 4314 dum
1178 4261 1410 4330 repente
1439 4262 1746 4315 curvarent
1772 4271 1963 4328 genua
2119 4254 2391 4325 Quandiu
2424 4271 2560 4329 ergo
2598 4254 2830 4330 gentilis
2869 4256 3117 4330 populus
3148 4255 3321 4330 juxta
3354 4255 3539 4330 legem
3569 4257 3758 4316 carnis

232 4351 381 4402 ante
407 4343 570 4415 Baal,
601 4359 732 4403 ecce
778 4345 1099 4404 coruscatio
1126 4345 1432 4403 videbatur
1459 4346 1762 4404 exstincta.
1806 4344 1967 4402 Dixit
2049 4344 2389 4418 voluptuose
2442 4344 2610 4411 vixit,
2660 4350 2932 4419 tanquam
2989 4344 3094 4414 lac,
3138 4345 3214 4403 ita
3262 4346 3397 4404 vitae
3447 4342 3589 4402 199
3635 4362 3759 4405 suae

235 4450 388 4509 ergo
447 4434 665 4494 Debora
705 4435 775 4494 ad
829 4435 1089 4494 Barach:
1135 4457 1162 4489 ι(
1194 4435 1469 4508 Praecepit
1513 4436 1618 4493 tibi
1682 4436 1966 4494 Dominus
2049 4433 2351 4492 mollitiem
2405 4433 2649 4503 sitienti,
2704 4442 2944 4491 mortem
2993 4440 3247 4491 nostram
3288 4433 3517 4491 diabolo
3566 4435 3760 4508 pr0pi-

237 4524 404 4584 Deus
431 4521 607 4582 Israel
633 4543 646 4581 :
671 4523 836 4583 Tolle
876 4535 1064 4584 tecum
1103 4525 1301 4584 deCem
1333 4524 1520 4583 millia
1552 4532 1956 4599 pugnatorum,
1980 4575 2030 4635 Β
2050 4523 2229 4579 navit.
2262 4524 2335 4578 At
2356 4530 2659 4595 postquam
2682 4522 2792 4579 sub
2813 4521 3048 4595 spiritus
3071 4537 3130 4578 se
3151 4521 3455 4594 disciplina
3481 4523 3763 4580 constrin‘

237 4622 302 4635 ,ι
337 4613 482 4635 -ΔΔ,
515 4613 574 4635 .‘_
611 4620 857 4635 _-_n___
903 4613 1133 4635 ML_L__
1189 4615 1301 4635 Π..-
1348 4621 1531 4635 ---ι-..-
1575 4615 1848 4635 -.1.1----Α-
1890 4615 1954 4635 -.1
2051 4613 2135 4635 -.ει
2203 4611 2431 4635 ζ--.ζ..ι.....
2469 4626 2599 4635 ..νυ-ι..
2656 4611 2837 4635 Α-..η;μ.
2871 4626 3023 4635 ...ιη-ι..
3081 4611 3356 4635 ,υς-...τηκει
3420 4612 3756 4635 ιι-..ι,....ι....,ι

229 4622 303 4672 et
337 4613 485 4671 vade
515 4613 578 4671 in
611 4620 862 4671 montem
903 4613 1152 4673 Thabor.
1189 4615 1308 4687 Ego
1346 4621 1540 4673 autem
1572 4615 1852 4672 adducam
1887 4615 1957 4672 ad
1984 4611 2155 4680 "xit,
2202 4611 2434 4668 invictae
2468 4626 2605 4667 mox
2653 4611 2839 4668 crucis
2871 4626 3030 4668 arma
3078 4611 3374 4682 corripuit,
3420 4612 3759 4684 hostemque

233 4708 299 4758 te
330 4700 394 4758 in
425 4700 616 4759 locum
654 4693 924 4760 torrentis
951 4702 1120 4761 Cison
1158 4699 1408 4761 Sisaram
1438 4700 1754 4775 principem
1789 4717 1959 4758 exer-
2048 4701 2250 4758 salutis
2288 4701 2577 4764 humanae,
2618 4714 2790 4773 quem
2821 4698 3046 4756 dudum
3076 4699 3388 4772 voluptatis
3417 4698 3562 4756 lacte
3603 4708 3759 4772 pota-

225 4792 399 4850 citus
432 4790 628 4862 Jabin,
659 4799 715 4850 et
740 4808 948 4851 currus
974 4794 1100 4867 ejus
1126 4807 1472 4865 omnemque
1501 4791 1959 4858 multitudinem,

229 4878 592 4955 tradamque
623 4895 719 4939 eos
747 4881 807 4938 in
842 4895 1024 4939 manu
1066 4888 1160 4939 tua
1192 4881 1338 4951 (Iud.
1379 4881 1474 4951 Iv).
1501 4904 1527 4930 υ
1572 4879 1871 4953 Tanquam
1911 4879 1961 4936 si

226 4984 356 5043 per
383 4967 772 5041 propheticam
799 4969 1120 5028 doctrinam
1145 4969 1322 5042 priori
1348 4968 1561 5043 populo
1592 4967 1743 5026 Deus
1767 4967 1956 5025 omni-

225 5062 459 5132 potens
486 5057 670 5116 dicat:
700 5057 902 5116 Decem
929 5064 1212 5132 praacepta
1239 5057 1381 5130 legis
1404 5073 1654 5127 assume,
1689 5065 1741 5114 et
1774 5057 1961 5114 virtu-

223 5153 375 5205 tum
424 5146 654 5204 culmen
696 5148 962 5218 ascende,
1002 5148 1198 5220 sicquc
1238 5147 1610 5221 reproborum
1642 5145 1961 5219 principem

221 5250 315 5294 ac
347 5235 525 5293 totius
557 5236 885 5310 iniquitatis
921 5241 1236 5309 auctorem,
1265 5253 1358 5294 me
1389 5236 1492 5294 tibi
1530 5235 1681 5293 vires
1707 5232 1962 5292 admini-

219 5332 488 5395 strante,
515 5335 832 5400 prosterne.

321 5413 444 5473 Nec
471 5419 940 5489 praetereundum
969 5418 1124 5492 quod
1153 5417 1416 5490 princeps
1457 5414 1556 5473 ille
1603 5414 1826 5472 militia:
1869 5413 1962 5471 Si-

217 5521 401 5575 sara,
444 5506 547 5577 qui
577 5506 889 5580 perditioni
927 5507 1207 5580 proxima:
1239 5510 1361 5563 erat
1395 5504 1704 5574 obnoxius,
1743 5503 1812 5560 ad
1849 5507 1961 5559 tor-

217 5599 483 5656 rentem
511 5596 684 5656 Cison
715 5598 1156 5673 promittebatur
1183 5602 1352 5656 antea
1378 5595 1770 5655 deducendus.
1813 5594 1963 5666 Quid

211 5685 420 5747 enim
450 5701 552 5760 per
583 5692 892 5745 torrentem
922 5685 1115 5756 Cison,
1155 5686 1268 5744 nisi
1301 5684 1622 5758 baptismus
1656 5684 1819 5743 debet
1863 5687 1962 5744 in-

541 5802 800 5863 PATROL.
832 5801 1078 5863 CXLIV.

228 2555 584 2634 pmpheticis
604 2555 794 2613 studet
819 2554 1126 2627 invigilare
1148 2556 1444 2625 doctrinis,
1473 2555 1740 2631 quisquis
1764 2571 1944 2614 sacra-

225 2663 366 2705 rum
395 2644 826 2716 Scripturarum
847 2644 1068 2702 sincere
1098 2649 1258 2702 vacat
1288 2645 1552 2718 eloquiis,
1585 2644 1667 2703 sic
1691 2645 1749 2702 in
1775 2644 1946 2703 domo

229 2735 338 2794 Dei
368 2749 472 2808 per
498 2732 852 2791 desiderium
881 2733 1092 2790 mentis
1121 2733 1422 2798 inhabitat,
1469 2741 1534 2792 ut
1565 2749 1678 2792 non
1712 2733 1948 2791 inlirma

227 2834 288 2880 et
348 2827 774 2891 momentanea,
821 2819 918 2878 sed
967 2820 1196 2879 excelsa
1246 2821 1434 2893 potius
1475 2827 1647 2894 atque
1697 2820 1950 2880 caelestia

230 2927 469 2985 semper
496 2912 770 2986 inquirat.

2049 4798 2224 4859 verat,
2256 4805 2414 4848 nunc
2438 4788 2797 4863 poenitentiae
2829 4787 3049 4845 munita
3079 4788 3364 4862 przesidio,
3387 4787 3544 4861 ligno
3573 4794 3762 4846 trans-

2048 4883 2197 4940 ﬁxit.
2232 4879 2328 4940 Sic
2362 4880 2560 4953 itaque
2591 4894 2766 4952 quem
2793 4877 3104 4937 Israelitica
3143 4879 3302 4952 plebs
3341 4894 3615 4952 superare
3645 4893 3759 4936 non

2047 4975 2250 5047 potuit,
2285 4970 2591 5046 peregrina
2648 4969 2878 5040 mulier,
2913 4971 3018 5027 hoc
3072 4977 3154 5027 est
3202 4969 3432 5042 gentilis
3487 4967 3759 5037 Ecclesia,

2047 5063 2167 5120 solo
2196 5060 2388 5119 crucis
2419 5059 2578 5132 ligno
2606 5059 2926 5132 prostravit.

2122 5148 2269 5206 Hinc
2328 5156 2407 5206 est
2455 5147 2606 5221 quod
2655 5154 2708 5203 ct
2749 5145 2843 5204 hic
2891 5145 3308 5204 invictissimus
3352 5145 3562 5204 Christi
3601 5144 3769 5203 miles

2049 5235 2112 5293 B.
2148 5233 2456 5294 Cassianus
2490 5235 2642 5290 inter
2672 5232 3016 5305 gravissima
3058 5247 3362 5306 pmnarum
3406 5247 3640 5290 suarum
3670 5238 3771 5291 tor.

2049 5331 2241 5384 menta
2295 5325 2552 5398 superari
2609 5338 2720 5379 non
2771 5324 2977 5396 potuit,
3025 5323 3162 5396 quia
3213 5338 3328 5380 non
3380 5338 3517 5382 eum
3585 5323 3770 5382 ferrea

2050 5415 2222 5472 lorica
2270 5409 2666 5479 circumdedit,
2717 5426 2832 5468 non
2882 5411 3044 5482 galea
3100 5411 3327 5468 cristata
3374 5414 3642 5484 protexit,
3672 5411 3771 5470 sed

2050 5503 2278 5577 lignum
2326 5501 2720 5561 tantummodo
2762 5502 2948 5560 crucis
2986 5502 3249 5560 armavit.
3295 5502 3440 5561 Nam
3482 5503 3585 5579 qui
3625 5501 3772 5577 ligni

2056 5593 2232 5667 hujus
2257 5591 2476 5652 vexillo
2499 5592 2784 5663 munitur,
2812 5591 3126 5665 spiritualis
3147 5593 3425 5669 nequitia
3444 5592 3776 5653 conﬂictum

2058 5700 2309 5744 securus
2355 5683 2704 5758 aggreditur.
2772 5682 2895 5742 Hoc
2947 5682 3177 5757 signum
3223 5691 3421 5743 contra
3475 5681 3657 5741 David
3706 5679 3779 5739 ad

3417 5797 3486 5856 23
