4064 6208
321 317 426 374 715

940 310 999 370 S.
1042 310 1261 371 PETRI
1302 307 1623 371 DAMIANI
1663 306 1821 368 OPP.
1865 304 2054 368 PARS
2092 306 2235 370 SEU
2283 309 2532 373 TOMUS
2569 311 2644 371 II.
2687 343 2752 357 —-
2794 312 3208 377 SEBMONES.

3718 322 3825 380 716

322 437 469 497 bella
505 437 905 512 congrediens,
950 435 1321 495 Philisthaeus
1355 435 1668 510 sacrilegus
1704 434 2362 508 ignorabat,Acrucem,
2411 444 2467 495 et
2517 439 2922 514 unusquisque
2972 445 3231 501 nostrum
3281 441 3514 502 solerter
3557 446 3825 521 invigilat

319 534 492 603 atque
545 527 756 588 idcirco
806 540 944 584 mox
1003 526 1062 583 in
1123 526 1310 584 fronte
1366 541 1671 599 percussus
1718 524 1938 583 interiit
1989 528 2036 597 (Ι

322 624 452 690 Reg.
488 619 665 689 XVII),
701 616 803 675 ubi
833 615 1049 676 scilicet
1073 615 1209 675 vitm
1234 616 1344 675 sibi
1371 615 1735 691 signaculum
1770 632 1887 675 non
1916 616 2029 674 im-

322 707 546 782 pressit.
580 704 702 765 Hoc
729 706 963 778 signum
1000 705 1203 764 salutis
1240 704 1303 764 in
1332 705 1517 764 fronte
1548 704 1898 779 depingitur,
1929 704 2030 764 ubi

322 794 587 854 videlicet
626 795 888 854 sacerdos
919 795 1269 854 summusin
1311 795 1433 864 lege
1473 796 1603 854 auri
1644 794 1920 852 laminam
1967 793 2030 851 in

321 886 564 960 gloriam
594 891 649 944 et
684 886 945 946 decorem
984 902 1194 960 ponere
1216 886 1525 961 jubebatur
1550 888 1749 955 (Exod.
1784 890 2026 956 XXVIII),

321 977 383 1035 in
415 992 528 1049 qua
555 976 769 1036 scilicet
812 977 1026 1036 lamina
1071 977 1217 1036 illud
1269 977 1585 1050 gloriosum
1637 982 1693 1035 et
1736 975 2030 1034 ineffabile

322 1082 531 1126 nomen
588 1066 817 1126 Domini
882 1074 1380 1142 tetragrammaton
1441 1068 1741 1126 videbatur
1794 1067 2028 1126 exscul-

318 1160 506 1230 ptum.
542 1154 1014 1225 Quodnimirum
1045 1156 1184 1231 quid
1212 1156 1369 1215 aliud
1400 1172 1574 1231 quam
1605 1172 1836 1215 crucem
1866 1156 2027 1214 vide-

320 1245 493 1304 batur
539 1246 868 1320 exprimere
921 1243 1269 1306 Salvatoris?
1298 1244 1458 1304 Sicut
1506 1246 1663 1304 enim
1701 1261 1845 1305 crux
1891 1261 2030 1320 qua-

323 1340 451 1392 tuor
481 1334 652 1393 habet
681 1349 916 1405 cornua,
952 1340 1007 1391 et
1032 1334 1113 1392 ita
1132 1349 1345 1393 nomen
1384 1333 1534 1393 illud
1556 1340 1804 1409 quatuor
1825 1332 2031 1392 litteris

330 1429 567 1481 constat.

388 1514 551 1572 Crux
568 1528 703 1587 ergo
718 1513 944 1572 decoret
971 1512 1153 1586 gloria
1167 1510 1534 1571 sacerdotalis
1557 1510 1732 1569 officii
1757 1510 1816 1569 in
1843 1511 2029 1570 fronte

319 1600 578 1673 ponitur,
597 1607 661 1659 ut
687 1600 1120 1676 superliminari
1150 1600 1357 1659 domus
1381 1600 1520 1673 agni
1550 1615 1753 1658 cruore
1774 1599 2023 1673 perfuso,

317 1690 669 1747 transeuntis
696 1688 887 1763 angeli
916 1689 1145 1764 gladius
1173 1690 1664 1760 evadatur(Ea:od.
1691 1691 1816 1761 XII).
1849 1689 2029 1748 Econ-

2113 539 2347 597 pravam
2399 525 2457 584 in
2511 542 2571 585 se
2626 528 2937 601 reprimere
2984 529 3365 589 voluntatem.
3418 532 3672 607 Signum
3718 537 3825 595 hoc

2113 611 2249 670 vitae
2292 629 2408 673 non
2450 615 2848 689 exprimamus
2880 616 3282 678 tantummodo
3307 619 3370 677 in
3398 620 3584 680 fronte
3607 623 3824 697 (mnis,

2113 703 2211 761 sed
2251 704 2631 765 recondamus
2666 706 2904 781 insuper
2936 708 3164 768 intimis
3194 710 3514 771 visceribus
3553 722 3728 773 casta;
3769 720 3828 774 et

2113 793 2323 853 sobria;
2344 795 2671 868 voluntatis,
2702 798 3010 873 implentes
3033 798 3181 858 illud
3210 801 3363 872 quod
3393 818 3616 876 sponsae
3646 821 3823 878 spon-

2112 898 2215 942 sus
2243 884 2407 958 jubet
2435 884 2494 943 in
2524 886 2774 945 Canticis
2806 911 2818 944 :
2866 913 2890 935 ιι
2934 886 3091 945 Pone
3125 903 3238 959 me,
3276 889 3485 964 inquit,
3526 900 3591 952 ut
3625 894 3826 969 signa-

2112 972 2313 1033 culum
2367 991 2539 1049 super
2579 991 2677 1035 cor
2719 983 2903 1046 tuum,
2960 983 3023 1036 ut
3069 978 3437 1050 signaculum
3477 997 3653 1055 super
3690 984 3825 1043 bra-

2112 1061 2313 1120 chium
2344 1068 2509 1123 tuum
2536 1065 2716 1134 (Cant.
2746 1070 2892 1134 VIII).
2929 1086 2955 1118 »
2987 1065 3358 1139 Perspicuum
3393 1076 3478 1127 est
3505 1071 3644 1143 quia
3667 1071 3825 1146 quod

2112 1167 2211 1211 cor
2256 1153 2486 1226 cogitat,
2522 1154 2829 1213 brachium
2876 1159 3164 1229 aperatur.
3196 1153 3301 1213 Ille
3346 1172 3480 1233 ergo
3525 1158 3825 1221 Christum

2114 1256 2285 1313 super
2334 1256 2432 1300 cor
2477 1257 2653 1300 suum
2690 1245 2857 1317 quasi
2907 1245 3276 1319 signaculum
3319 1248 3499 1322 ponit,
3540 1249 3643 1321 qui
3686 1264 3821 1308 eum

2113 1329 2455 1390 medullitus
2479 1330 2689 1405 diligit,
2714 1334 2816 1407 qui
2845 1333 2917 1393 ad
2943 1350 3083 1395 eum
3119 1335 3406 1395 ferventer
3430 1336 3682 1406 anhelat,
3715 1338 3820 1412 qui

2113 1434 2248 1476 eum
2274 1419 2452 1477 anxie
2484 1419 2720 1495 ﬂagitat,
2750 1422 2852 1495 qui
2887 1422 2943 1481 in
2981 1424 3107 1496 ejus
3141 1423 3426 1484 desiderio
3447 1425 3663 1500 jugiter
3689 1442 3824 1500 per-

2113 1512 2354 1564 several.
2394 1506 2500 1565 Ille
2534 1522 2670 1567 vero
2699 1524 2871 1583 super
2912 1510 3209 1570 brachium
3251 1528 3426 1571 suum
3462 1514 3619 1588 ponit
3652 1512 3822 1573 Chri-

2113 1605 2288 1669 stum,
2324 1597 2427 1672 qui
2480 1600 2846 1661 extrinsecus
2884 1619 3118 1677 quoque
3169 1602 3298 1674 ejus
3343 1605 3629 1664 mandatis
3674 1605 3823 1664 insi-

2113 1693 2286 1754 stens,
2332 1702 2509 1762 quem
2548 1689 2611 1746 in
2648 1689 2968 1749 visceribus
3005 1691 3194 1751 cordis
3235 1693 3501 1767 occultat,
3535 1695 3708 1752 etiam
3756 1694 3823 1752 in

316 1785 404 1837 tra
426 1779 488 1836 in
514 1779 619 1838 hac
642 1779 896 1853 corporis
923 1785 1081 1854 parte
1099 1795 1200 1837 rex
1221 1778 1320 1837 ille
1346 1778 1508 1838 Ozias
1536 1778 1692 1853 lepra
1722 1795 2029 1853 percussus
2048 1776 2441 1861 Boperatione
2470 1778 2842 1837 demonstrat.
2875 1779 3019 1838 Nam
3051 1787 3105 1839 et
3141 1796 3245 1839 nos
3272 1782 3334 1840 in
3364 1783 3621 1857 quolibet
3646 1798 3825 1842 mem~

318 1874 403 1927 est
440 1873 515 1941 (II
549 1873 677 1930 Par.
714 1877 909 1941 XXVI),
934 1872 1104 1944 juxta
1147 1870 1448 1945 Drephetaa
1490 1886 1688 1930 vocem
1737 1870 1982 1933 dicentis
2016 1894 2029 1933 :

318 1982 344 2011 κ
405 1959 586 2035 Imple
638 1959 812 2019 facies
858 1976 1057 2020 eorum
1104 1961 1425 2035 ignominia
1474 1966 1642 2030 (Psal.
1691 1969 1947 2033 LXXXII),
2002 1986 2029 2018 ››

318 2048 422 2122 qui
446 2047 587 2108 dum
627 2047 802 2123 regali
834 2048 1091 2108 culmine
1120 2057 1455 2124 arroganter
1481 2051 1778 2123 intumuit,
1812 2052 2032 2111 sacrifi-

317 2136 482 2195 candi
542 2136 856 2208 licentiam,
908 2153 1038 2213 quae
1078 2138 1215 2196 solis
1261 2138 1576 2199 debebatur
1619 2140 2027 2215 sacerdotibus,

317 2228 550 2288 sibimet
573 2230 894 2304 usurpavit.

385 2317 509 2376 Hoc
544 2318 782 2392 signum
818 2318 1000 2377 David
1044 2318 1107 2377 in
1145 2319 1355 2395 spiritu
1393 2321 1720 2394 praevidens
1774 2321 2028 2397 gratula-

312 2406 549 2466 bundus
597 2408 782 2466 aiebat
830 2432 843 2466 :
899 2431 919 2460 ι
969 2406 1275 2483 Signatum
1327 2417 1413 2468 est
1465 2426 1639 2484 super
1687 2425 1792 2469 nos
1829 2412 2030 2469 lumen

315 2495 513 2554 vultus
563 2497 669 2569 tui,
727 2495 1003 2566 Domine;
1060 2497 1308 2569 ideoque
1350 2498 1651 2573 subjungit
1685 2518 1697 2557 :
1737 2523 1763 2553 ιι
1811 2499 2031 2559 Dedisti

319 2582 581 2644 laetitiam
610 2586 667 2644 in
703 2585 873 2645 corde
917 2602 1046 2646 meo
1076 2590 1247 2657 (Psal.
1274 2594 1377 2659 IV).
1411 2611 1432 2640 ι
1475 2589 1659 2659 Quam
1694 2590 2025 2663 pretiosum,

322 2687 617 2746 quamque
652 2673 966 2732 mirificum
1005 2675 1191 2734 crucis
1223 2676 1458 2750 signum
1497 2683 1610 2749 est,
1652 2679 1852 2737 fratres
1890 2680 2025 2750 mei,

312 2762 467 2834 quod
499 2770 555 2821 et
585 2763 864 2835 superbos
900 2780 1163 2839 quosque
1214 2782 1345 2824 cum
1389 2768 1512 2840 ipso
1550 2774 1779 2826 auctore
1819 2784 2026 2842 super-

315 2848 427 2908 bim
464 2850 779 2922 destruxit,
806 2858 863 2909 et
898 2867 999 2926 pro
1035 2852 1262 2912 Christo
1298 2862 1577 2914 certantes
1601 2855 1661 2913 in
1695 2865 2025 2930 provectum

318 2940 519 3017 gloriae
562 2943 931 3016 triumphalis
966 2944 1175 3003 attollit
1212 2947 1224 3005 !
1266 2966 1293 2999 «
1330 2946 1491 3018 Ecce,
1531 2930 1730 3022 inquit
1768 2947 2024 3022 Simeon,

316 3033 537 3106 positus
563 3040 647 3091 est
675 3034 770 3091 hic
798 3035 858 3092 in
891 3035 1146 3107 ruinam,
1173 3042 1226 3095 et
1255 3037 1317 3095 in
1358 3039 1832 3109 resurrectionem
1873 3039 2026 3097 mul-

312 3127 501 3180 torum
548 3122 604 3179 in
657 3121 833 3181 Israel
883 3126 1030 3196 (Luc.
1077 3126 1215 3195 11)..
1261 3124 1599 3197 Pretiosum,
1649 3129 1909 3201 inquam,
1943 3127 2018 3183 si—

311 3224 495 3282 gnum
526 3209 736 3283 crucis,
777 3210 899 3281 sed,
941 3219 1110 3285 prout
1140 3219 1429 3285 gestamus
1459 3214 1518 3272 in
1558 3214 1755 3285 fronte,
1798 3214 2023 3273 utinam

312 3305 607 3371 portemus
636 3297 696 3356 in
727 3299 914 3357 corde.
950 3300 1052 3358 Ille
1076 3300 1232 3360 enim
1263 3302 1419 3361 cordi
1443 3319 1550 3361 suo
1580 3304 1810 3377 signum
1838 3304 2026 3363 crucis

311 3387 589 3446 veraciter
641 3388 811 3447 habet
868 3389 1239 3464 impressum,
1284 3391 1388 3464 qui
1442 3391 1759 3464 Christum,
1798 3395 1901 3467 qui
1960 3394 2022 3449 in

312 3491 479 3535 cruce
530 3492 856 3551 suspensus
912 3486 1015 3549 est,
1076 3479 1285 3554 diligit,
1334 3480 1437 3554 qui
1484 3496 1620 3541 eum
1670 3488 1784 3542 toto
1838 3480 2024 3539 cordis

310 3580 504 3624 amore
530 3566 955 3640 complectitur,
985 3568 1085 3642 qui
1115 3576 1267 3627 certe
1308 3569 1367 3626 in
1413 3585 1480 3627 eo
1527 3570 1656 3629 totis
1707 3570 2024 3630 visceribus

306 3652 638 3720 delectatur,
671 3656 774 3730 qui
812 3671 1061 3731 quaeque
1093 3658 1166 3716 ab
1196 3674 1262 3716 eo
1288 3658 1575 3732 prohibita
1619 3660 1854 3734 respuit,
1889 3677 2023 3736 quae

308 3749 446 3803 sunt
484 3744 771 3818 mandata,
813 3762 947 3805 cum
987 3763 1183 3807 amore
1218 3748 1484 3807 custodit.
1521 3749 1667 3808 Sunt
1707 3750 1865 3807 enim
1902 3751 2020 3808 ini-

309 3833 441 3893 mici
468 3835 655 3893 crucis
685 3835 899 3895 Christi
926 3854 1194 3911 quorum,
1224 3847 1286 3897 ut
1336 3839 1644 3913 Apostolus
1688 3840 1787 3910 ait,
1835 3864 1853 3889 ιι
1889 3840 2024 3898 ﬁnis

311 3920 598 3994 interitus,
630 3930 685 3980 et
713 3922 977 3993 gloriain
1006 3926 1343 3986 confusione
1372 3928 1647 4001 ipsorum,
1676 3927 1777 4000 qui
1800 3935 2021 3986 terrena

312 4014 547 4087 sapiunt
576 4015 743 4080 (Phil.
776 4021 881 4077 111).
919 4040 938 4065 ι
974 4015 1193 4078 Suntet
1221 4019 1392 4078 amici
1420 4020 1605 4079 crucis
1621 4017 1851 4088 Christi,
1876 4034 2021 4092 quo-

312 4118 445 4161 rum
480 4100 745 4160 videlicet
778 4108 1136 4166 conversatio
1175 4108 1235 4166 in
1281 4108 1441 4167 cmlis
1476 4116 1578 4167 est.
1610 4109 1677 4167 In
1726 4108 2021 4167 tremendo

315 4206 519 4264 nempe
566 4189 787 4263 judicio
835 4191 985 4251 inter
1028 4196 1291 4255 sinistros
1343 4197 1467 4262 erit,
1508 4197 1777 4273 quisquis
1832 4197 2023 4255 vitalis

315 4280 493 4352 hujus
520 4278 668 4352 signi
699 4278 1087 4341 characterem
1115 4300 1231 4343 non
1266 4285 1522 4343 habebit.
1555 4286 1671 4344 Nec
1699 4287 1773 4344 ab
1801 4302 1887 4355 eo,
1921 4286 2021 4360 qui

312 4365 630 4425 crucifixus
653 4372 756 4437 est,
781 4368 975 4441 judice
996 4371 1201 4430 referet
1225 4372 1549 4445 prtemium,
1574 4373 1672 4447 qui
1700 4371 1809 4430 sibi
1835 4374 2024 4432 crucis

316 4455 545 4529 insigne
570 4471 682 4513 non
715 4459 975 4517 ostendet
998 4460 1364 4535 impressum.
1394 4461 1457 4520 In
1489 4462 1635 4521 libro
1662 4462 1875 4537 quippe
1894 4462 2022 4519 Eze-

317 4548 520 4607 chielis
551 4547 658 4605 hoc
686 4549 921 4621 signum
950 4550 1231 4610 Dominus
1260 4552 1318 4610 in
1356 4552 1641 4611 frontibus
1667 4551 2020 4625 gementium

319 4647 374 4698 et
404 4636 729 4697 dolentium
770 4640 1033 4714 praecipit
1067 4641 1324 4714 imprimi
1363 4666 1374 4700 :
1405 4643 1611 4701 deinde
1641 4650 1877 4701 caeteros
1905 4659 2027 4701 om-

320 4747 440 4800 nes,
471 4731 574 4805 qui
612 4729 756 4787 200
806 4731 1025 4805 absque
1073 4732 1177 4790 hoc
1226 4733 1390 4806 signo
1432 4733 1639 4806 reperti
1686 4738 1845 4803 sunt,
1869 4734 2034 4807 jubet

317 4820 498 4880 occidi
536 4822 751 4893 (Ezech.
789 4830 893 4885 IX).
928 4819 1071 4878 Nam
1097 4820 1147 4877 si
1173 4820 1478 4893 diligenter
1504 4819 1867 4893 inspicimus,
1910 4821 2034 4895 ipsa

320 4923 554 4983 quoque
600 4901 869 4966 mandata
920 4906 1129 4965 veteris
1182 4906 1559 4964 Instrumenti
1607 4916 2033 4966 sacramentum

321 4997 507 5056 crucis
554 4996 812 5055 redolere
866 4995 1169 5053 sentimus.
1207 4995 1348 5053 Cum
1394 4994 1549 5053 enim
1596 4994 1691 5053 lex
1751 4994 2036 5054 divinitus

322 5085 451 5145 data
483 5085 593 5146 sub
634 5084 866 5143 denario
904 5099 1148 5142 numero
1187 5082 1446 5153 traditur,
1495 5084 1598 5158 qui
1631 5084 1893 5143 videlicet
1922 5101 2034 5144 nu-

326 5192 521 5237 merus
551 5192 651 5252 per
679 5175 731 5234 X
772 5175 1021 5233 litteram
1056 5173 1408 5244 designatur,
1436 5174 1575 5248 quid
1625 5174 1684 5232 in
1738 5175 1845 5233 hoc
1876 5174 2035 5233 aliud

329 5281 501 5338 quam
548 5264 732 5339 figura
781 5265 969 5322 crucis
1016 5260 1417 5336 exprimitur?
1457 5261 1595 5319 Haec
1640 5262 1794 5321 enim
1852 5262 2037 5320 littera

326 5353 513 5411 crucis
543 5353 709 5412 habet
736 5351 1005 5426 speciem,
1030 5366 1185 5425 qum,
1216 5350 1357 5408 dum
1385 5348 1690 5409 denarium
1725 5367 2036 5409 numerum

328 5440 390 5500 in
430 5457 490 5507 se
535 5440 986 5517 comprehendit,
1021 5437 1179 5497 cruci
1231 5438 1479 5497 militare
1526 5440 1721 5499 omnia
1773 5440 2039 5499 mandata

328 5528 474 5606 legis
504 5529 801 5589 evidenter
825 5528 1094 5588 ostendit.

406 5619 690 5679 Amemus
736 5632 895 5691 ergo,
946 5614 1344 5688 dilectissimi,
1393 5615 1718 5688 Christum,
1776 5633 2038 5679 amemus

2113 1866 2216 1924 bro
2245 1872 2439 1925 nostro
2467 1867 2704 1940 signum
2728 1869 3021 1942 ponimus,
3053 1877 3117 1929 ut
3150 1872 3255 1942 rei,
3287 1887 3421 1945 quas
3452 1873 3617 1931 nobis
3644 1872 3825 1931 chara

2113 1962 2217 2026 est,
2249 1956 2587 2016 memoriam
2636 1973 2750 2016 non
2790 1958 3118 2032 perdamus.
3152 1959 3447 2021 Habeatur
3480 1977 3615 2037 ergo
3655 1962 3826 2021 Chri-

2114 2051 2236 2103 stus
2264 2045 2322 2103 in
2355 2046 2546 2119 corde,
2578 2046 2857 2106 habeatur
2884 2054 2941 2108 et
2978 2049 3039 2106 in
3077 2050 3405 2123 operatione
3431 2052 3825 2125 signaculum,

2114 2139 2177 2191 ut
2205 2135 2330 2207 ejus
2363 2133 2424 2192 in
2470 2133 2638 2193 nobis
2665 2144 2891 2208 semper
2918 2135 3050 2194 viva
3087 2138 3385 2211 memoria,
3413 2145 3469 2197 et
3504 2139 3828 2214 subrepen-

2114 2224 2263 2282 tium
2315 2223 2725 2297 cogitationum
2764 2242 2939 2301 prava
2988 2237 3326 2302 compescat,
3354 2236 3407 2287 et
3452 2230 3514 2288 in
3560 2230 3654 2288 his
3689 2245 3827 2304 qua

2110 2313 2472 2373 extrinsecus
2502 2316 2752 2389 agimus,
2792 2315 3070 2376 Crucilixi
3109 2316 3495 2377 characterem
3524 2319 3829 2378 evidenter

2109 2403 2399 2462 exhibeat.
2440 2404 2754 2464 Enimvero
2809 2407 2859 2464 si
2916 2407 3084 2465 nobis
3138 2407 3401 2466 Christus
3453 2407 3824 2481 signaculum

2110 2492 2305 2563 fuerit,
2330 2499 2385 2551 et
2414 2493 2538 2567 ipse
2565 2510 2669 2552 nos
2702 2494 2813 2553 sibi
2841 2502 2999 2570 grata
3026 2496 3425 2556 vicissitudine
3454 2497 3827 2570 signaculum

2110 2584 2288 2656 ponit.
2317 2582 2500 2643 Juxta
2531 2584 2686 2658 quod
2716 2584 3029 2644 Zorobabel
3071 2584 3205 2645 duci
3242 2586 3464 2646 Iudaeae
3503 2584 3828 2661 pollicetur,

2108 2671 2349 2730 dicens:
2388 2693 2416 2724 «
2449 2672 2515 2730 In
2561 2671 2657 2730 illa
2680 2672 2801 2731 'die
2839 2675 3151 2748 suscipiam
3192 2682 3263 2748 te,
3294 2675 3628 2747 Zorobabel,
3658 2691 3830 2736 serve

2108 2776 2294 2833 meus,
2328 2768 2382 2819 et
2417 2777 2628 2836 ponam
2681 2769 2733 2821 te
2786 2764 2937 2823 sicut
2983 2764 3346 2838 signaculum
3402 2767 3463 2825 in
3514 2773 3831 2839 conspectu

2109 2866 2235 2909 meo
2290 2853 2460 2922 (Agg.
2492 2857 2574 2923 II).
2617 2878 2644 2902 »
2699 2851 2765 2910 In
2820 2859 3128 2927 conspectu
3180 2869 3429 2929 namque
3482 2854 3584 2912 Dei
3625 2855 3830 2928 justus

2107 2938 2254 2997 sicut
2306 2939 2675 3014 signaculum
2716 2942 2969 3016 ponitur,
3000 2942 3140 3018 quia
3177 2958 3278 3017 per
3312 2943 3572 3002 continui
3608 2943 3833 3003 amoris

2106 3030 2346 3100 gratiam
2380 3031 2440 3089 in
2476 3032 2603 3106 ejus
2631 3032 2910 3091 memoria
2952 3049 3180 3107 semper
3208 3033 3472 3092 habetur.
3497 3037 3575 3092 At
3600 3041 3826 3104 contm,

2110 3116 2182 3175 de
2221 3119 2399 3193 impio
2435 3136 2563 3194 rege
2597 3121 2897 3194 Jechonia,
2930 3122 3054 3198 qui,
3100 3122 3379 3197 quoniam
3416 3122 3516 3182 Dei
3554 3124 3833 3198 omnipo-

2114 3209 2284 3268 tentis
2324 3210 2630 3269 immemor
2659 3217 2800 3281 erat,
2832 3210 2891 3269 in
2937 3212 3064 3286 ejus
3100 3219 3156 3271 et
3191 3212 3315 3287 ipse
3344 3228 3461 3272 non
3491 3213 3833 3272 merebatur

2111 3314 2239 3357 esse
2272 3299 2550 3357 memoria
2585 3323 2597 3357 :
2635 3325 2661 3348 ιι
2694 3298 2753 3358 Si
2779 3300 2972 3371 fuerit,
2997 3300 3206 3375 inquit,
3238 3302 3541 3362 Jechonias
3563 3301 3832 3362 annulus

2111 3388 2313 3447 dexter
2336 3388 2398 3446 in
2430 3402 2607 3447 manu
2639 3404 2783 3459 mea,
2814 3390 2952 3448 inde
2982 3389 3225 3449 evellam
3252 3406 3389 3450 eum
3419 3394 3548 3460 (Jer.
3581 3396 3761 3460 XXII).
3799 3413 3823 3441 ι

2183 3478 2362 3547 Quam
2386 3477 2724 3537 inviolabile
2743 3480 3093 3553 firmumque
3113 3479 3479 3553 signaculum
3505 3478 3572 3537 Β.
3601 3486 3832 3552 martyr

2111 3564 2417 3625 Cassianus
2458 3566 2518 3625 in
2548 3575 2771 3641 pectore
2801 3583 2907 3626 suo
2953 3574 3220 3642 posuerat
3259 3567 3573 3639 Christum,
3602 3567 3712 3641 qui
3763 3567 3830 3626 in

2112 3660 2283 3713 tantm
2319 3654 2456 3713 fidei
2506 3658 2826 3715 constantia
2873 3656 3193 3716 immobilis
3238 3655 3650 3731 permanebat!
3704 3655 3833 3714 illi-

2109 3744 2327 3803 duntur
2350 3745 2533 3819 plagee
2560 3744 2885 3810 verberum,
2909 3745 3257 3820 inﬂiguntur
3287 3744 3524 3806 vulnera
3554 3745 3831 3819 punctio—

2112 3848 2274 3901 num,
2305 3832 2713 3907 intorquentur
2755 3833 3090 3891 irrisionum
3114 3833 3329 3906 jacula,
3362 3832 3601 3893 vincula
3627 3832 3831 3891 mani-

2109 3918 2219 3978 bus
2252 3920 2650 3980 innectuntur.
2688 3919 2925 3980 Accedit
2954 3928 3009 3979 et
3052 3922 3283 3980 nuditas
3322 3922 3593 3996 corporis,
3626 3920 3733 3979 sed
3775 3925 3833 3979 et

2109 4013 2499 4085 spectaculum
2551 4012 3107 4072 circumlatrantium
3161 4013 3423 4088 undique
3471 4013 3828 4073 derisorum.

2109 4099 2265 4160 Inter
2323 4102 2424 4161 hos
2480 4102 2863 4176 procellarum
2921 4101 3289 4169 saevientium
3353 4102 3634 4172 turbines,
3670 4102 3834 4160 inter

2110 4189 2246 4248 istas
2294 4192 2546 4264 denique
2591 4190 3075 4250 crebrescentium
3119 4190 3474 4265 grandinum
3524 4196 3831 4263 tempesta-

2113 4287 2214 4351 tes,
2244 4287 2353 4339 stat
2392 4280 2561 4339 firma
2591 4281 2858 4341 columna
2900 4279 3003 4338 Dei
3049 4296 3283 4352 prorsus
3326 4278 3665 4338 immobilis.
3692 4278 3829 4337 Non

2109 4371 2455 4442 concutitur,
2490 4385 2603 4427 non
2656 4375 2989 4443 quassatur;
3024 4366 3124 4426 sed
3168 4366 3367 4443 lapidi,
3420 4382 3599 4440 super
3642 4381 3829 4441 quem

2116 4459 2353 4516 fundata
2401 4464 2505 4523 est,
2546 4462 2694 4516 recta
2741 4472 2965 4531 semper
3019 4460 3077 4514 et
3126 4456 3297 4514 firma
3346 4460 3679 4514 constanter
3727 4456 3828 4513 in-

2119 4548 2340 4608 nititur.
2374 4547 2608 4607 Dicebat
2652 4547 2811 4629 enim
2846 4565 2858 4605 :
2895 4571 2915 4597 ιι
2951 4546 3094 4618 Quis
3140 4562 3232 4605 me
3278 4546 3564 4620 separabit
3605 4561 3639 4603 a
3678 4545 3829 4604 cha-

2118 4636 2282 4695 ritate
2336 4634 2600 4695 Christi?
2657 4634 3094 4693 tribulatio?an
3152 4635 3418 4708 angustia
3443 4636 3471 4690 ⁸1
3516 4650 3591 4692 an
3630 4649 3846 4707 perse-

2119 4727 2327 4786 cutio?
2361 4744 2435 4784 an
2488 4726 2714 4784 fames?
2756 4738 2829 4781 an
2882 4722 3171 4783 nuditas?
3214 4739 3290 4783 an
3338 4722 3715 4798 periculum?
3766 4737 3849 4780 an

2119 4815 2392 4888 gladius?
2425 4839 2451 4871 »
2494 4817 2664 4888 (Rom.
2697 4815 2841 4885 VIII.)
2875 4810 2969 4870 Illi
3012 4812 3351 4871 frendebant
3390 4812 3705 4881 dentibus;
3734 4812 3857 4870 iste

2124 4910 2279 4969 mitis
2310 4908 2458 4979 Agni
2502 4907 2710 4966 mundi
2747 4910 2974 4979 peccata
3013 4904 3267 4963 tollentis
3304 4903 3643 4978 patientiam
3681 4901 3855 4977 cogi-

2124 4994 2294 5054 tabat.
2328 4994 2467 5052 201
2533 4997 2843 5056 Carniﬁces
2880 4994 3184 5057 inferendo
3229 4992 3511 5069 supplicia
3551 4990 3860 5051 satiabant

2123 5092 2420 5144 cruentam
2469 5086 2560 5146 sui
2598 5088 2838 5161 pectoris
2889 5085 3146 5154 rabiem;
3192 5084 3301 5143 iste
3326 5082 3447 5157 jam
3488 5095 3747 5140 securus
3789 5077 3861 5138 in

2126 5182 2317 5234 mente
2357 5174 2620 5232 versabat
2668 5174 2912 5233 cmlestis
2954 5171 3161 5248 gloriae
3208 5170 3569 5244 dignitatem.
3620 5168 3859 5243 Atque,

2126 5273 2187 5324 ut
2231 5264 2308 5323 ita
2357 5263 2631 5334 dixerim,
2678 5270 2880 5323 cautus
2927 5279 2993 5322 ac
3036 5260 3296 5337 prudens
3338 5260 3446 5318 iste
3491 5257 3862 5332 negotiator,

2127 5355 2329 5414 fratres
2360 5351 2495 5423 mei,
2532 5365 2707 5425 quam
2749 5349 2943 5409 felices
2975 5364 3110 5410 cum
3148 5353 3582 5408 remuneratore
3606 5352 3865 5404 certan-

2129 5440 2274 5499 tium
2328 5439 2554 5498 Christo
2604 5434 2900 5496 nundinas
2949 5433 3356 5494 contrahebatt
3384 5428 3728 5506 Deponebat
3776 5432 3865 5490 si-

2127 5531 2366 5606 quidem
2407 5529 2693 5590 seminam
2731 5526 2945 5598 carnis,
2973 5530 3144 5602 atque
3177 5523 3250 5583 ad
3285 5522 3493 5583 stolam
3532 5518 3870 5580 festinabat
3920 5534 3927 5537 ‘

2128 5618 2406 5693 angelicas
2460 5615 2756 5678 claritatis.
2814 5611 3115 5673 Deferebat
3188 5612 3433 5673 ferulam
3507 5607 3872 5671 emdelium
