4022 6206
259 328 362 387 717

1808 330 2057 392 SEBMO
2094 332 2215 392 XL.

3659 352 3765 412 718

258 466 595 528 puerorum,
654 458 718 510 ut
772 459 1104 514 sanctorum
1153 454 1317 514 ﬁeret
1372 457 1562 516 socius
1613 457 2388 549 angelorumApotuerunt,
2450 461 2614 522 Matri
2675 480 2810 523 vero
2854 467 3132 528 caelorum
3187 473 3393 546 palatia
3446 483 3763 549 penetranti

257 540 639 615 Postponebat
678 542 1074 617 magisterium
1106 543 1322 604 litteras
1349 546 1649 618 edocendi,
1690 555 1862 623 atque
1903 549 1974 607 ad

255 630 404 690 illud
444 646 636 690 unum
668 630 935 691 alacriter
981 633 1319 708 properabat
1366 633 1643 705 Verbum,
1687 637 1783 696 cui
1828 638 1976 697 mili-

257 725 379 777 tant
407 726 615 777 cuncta
637 734 737 793 per
755 719 953 778 orbem
976 721 1276 780 volumina
1299 722 1640 785 litterarum.
1674 723 1972 783 Christum

256 806 573 865 Dominum
626 814 912 879 nostrum,
966 808 1067 882 qui
1111 824 1245 868 cum
1288 810 1409 869 Deo
1438 811 1604 870 Patre
1638 812 1698 870 in
1751 816 1973 873 unitate

256 896 511 971 Spiritus
544 897 728 956 sancti
761 897 910 956 vivit
936 904 992 958 et
1021 906 1221 971 regnat
1250 901 1309 958 in
1342 902 1555 961 saecula
1599 904 1969 965 saeculorum.

252 988 465 1045 Amen.

896 1061 919 1083 '
940 1057 1189 1130 SERMO
1207 1060 1329 1120 XL.

252 1156 315 1202 IN
345 1156 746 1205 ASSUMPTIONE
761 1158 1124 1207 BEATISSIMIB
1139 1161 1346 1209 ΜΑΒΙΛΕ
1365 1161 1643 1211 VIRGlNlS.
1666 1158 1775 1222 (XV
1801 1158 1969 1225 AUG.)

324 1252 435 1311 Hic
482 1259 665 1312 totum
722 1255 985 1314 decurrat
1032 1255 1356 1329 ingenium,
1410 1265 1467 1317 et
1512 1275 1725 1319 aureus
1779 1276 1968 1321 sermo

256 1350 372 1402 tota
406 1343 657 1403 reluceat
689 1345 1002 1418 majestate.
1038 1345 1379 1405 Voluntaria
1408 1348 1526 1406 oris
1568 1350 1749 1408 nostri
1787 1350 1966 1409 bene-

250 1432 465 1507 placila
491 1434 664 1501 (Psal.
696 1440 907 1502 CXVIII)
943 1434 1112 1493 faciat
1148 1435 1261 1494 sibi
1294 1437 1548 1509 genitrix
1581 1437 1701 1509 Dei,
1732 1439 1966 1500 domina

252 1521 488 1591 mundi,
534 1521 665 1580 creti
696 1522 916 1596 regina.
953 1524 1085 1599 Ipsa
1115 1541 1349 1584 sensum
1386 1535 1575 1598 acuat,
1606 1529 1817 1604 dirigat
1848 1539 1965 1607 sty-

256 1611 403 1681 lum,
444 1617 501 1668 et
548 1610 809 1685 linguam
848 1612 1116 1686 pauperis
1157 1614 1473 1674 venustiori
1514 1624 1800 1691 respergat
1844 1618 1964 1678 elo-

251 1699 414 1773 quio.
463 1698 719 1759 lllustret
772 1700 957 1761 lucem
1004 1701 1155 1759 hanc
1199 1701 1423 1761 lumine
1461 1703 1711 1775 clariori,
1758 1714 1813 1765 et
1856 1723 1964 1767 suo

2058 545 2241 606 Filius
2292 549 2432 623 ipse,
2477 568 2609 611 cum
2651 559 2764 613 tota
2812 555 2973 615 curia
3026 565 3140 617 tam
3191 545 3536 634 angelorum
3590 582 3764 642 quam

2048 636 2338 710 justorum
2368 639 2700 700 solemniter
2726 659 3054 715 occurrens,
3087 650 3282 707 evexit
3306 653 3377 710 ad
3419 636 3765 718 beatae-con-

2052 724 2342 784 sistorium
2381 729 2674 802 sessionis,
2714 740 2769 789 et
2801 734 2880 791 ait
2910 753 2921 790 :
2955 760 2982 782 κ
3014 735 3155 795 Tota
3197 738 3435 811 pulchra
3472 759 3552 813 es,
3579 747 3765 806 amica

2052 831 2201 912 mea,
2232 825 2287 874 et
2318 820 2544 912 macula
2566 838 2695 912 quon
2737 830 2823 881 est
2852 824 2911 883 in
2956 832 3010 884 te
3042 830 3217 899 (Cant.
3258 836 3359 902 Iv).
3391 854 3419 886 ι)
3452 834 3595 894 Tota
3633 838 3763 912 pul-

2051 905 2208 1000 chra,
2237 908 2373 982 quia
2406 916 2519 967 tota
2547 911 2846 985 deiﬁcata;
2885 915 3110 974 macula
3140 934 3253 977 non
3287 928 3370 978 est
3408 922 3469 980 in
3513 930 3583 987 te,
3624 905 3763 1000 quia

2053 991 2303 1082 Spiritus
2350 1004 2583 1057 sanctus
2618 1003 2955 1074 supervenit
2990 1005 3051 1063 in
3086 1012 3157 1077 te,
3194 1009 3295 1082 qui
3338 1016 3390 1068 te
3431 991 3758 1075 mundavit.

2052 1080 2180 1174 Sed
2216 1090 2271 1141 et
2317 1085 2492 1159 Virgo
2526 1089 2795 1162 gratiosis
2843 1094 3140 1153 cumulata
3188 1080 3558 1174 muneribus,
3608 1110 3764 1164 tanta

2049 1171 2402 1247 benignitate
2432 1175 2705 1237 Davidico
2741 1183 2994 1241 sermoni
3035 1187 3360 1259 respondet,
3397 1171 3647 1252 summa:
3670 1195 3763 1253 di-

2047 1262 2338 1331 gnationis
2390 1263 2706 1325 claritatem
2753 1271 3095 1331 admirans:
3145 1301 3171 1323 αι
3205 1274 3465 1335 Tenuisti
3519 1294 3758 1341 manum

2047 1348 2345 1408 dexteram
2367 1367 2578 1426 meam,
2610 1362 2664 1413 et
2700 1356 2759 1413 in
2794 1357 3090 1419 voluntate
3124 1370 3218 1420 tua
3246 1363 3541 1426 deduxisti
3569 1384 3681 1439 me,
3703 1378 3783 1437 et,

2047 1451 2184 1496 cum
2209 1439 2392 1512 gloria
2421 1444 2732 1517 suscepisti
2759 1461 2851 1505 me
2882 1452 3050 1507 (Psal.
3081 1458 3293 1520 LXXII).
3330 1475 3357 1505 »
3386 1454 3529 1514 Nota
3557 1459 3763 1518 verbo-

2046 1545 2178 1589 rum
2229 1533 2572 1604 positionem
2626 1535 2913 1596 differenti
2953 1541 3243 1609 graduum
3281 1544 3650 1607 distinctione
3678 1550 3757 1608 si-

2045 1625 2299 1690 gnatam.
2344 1620 2625 1694 Tenuisti,
2668 1623 2880 1699 inquit,
2924 1643 3166 1688 manum
3206 1631 3504 1692 dexteram
3542 1651 3753 1708 meam,

2046 1708 2182 1781 quia
2214 1715 2267 1765 et
2294 1709 2342 1767 si
2375 1710 2520 1769 laeva
2561 1720 2656 1770 tua
2697 1715 2806 1772 sub
2842 1717 3027 1788 capite
3063 1733 3212 1791 meo,
3252 1720 3488 1781 dextera
3514 1732 3610 1783 tua
3633 1725 3757 1798 jam

254 1789 569 1849 conventui
603 1806 765 1849 suam
802 1791 1170 1864 praesentiam
1205 1790 1421 1884 donare
1448 1793 1742 1884 dignetur.
1774 1795 2023 1872 Subli-B
2047 1796 2414 1871 amplexatur
2443 1814 2555 1857 me.
2592 1801 2662 1859 Et
2702 1803 2763 1860 in
2804 1805 3104 1864 voluntate
3153 1789 3252 1865 tua
3292 1809 3587 1870 deduxisti
3633 1789 3755 1884 Ine,

253 1878 371 1936 mis
407 1879 515 1937 ista
565 1879 705 1947 dies,
763 1885 817 1937 et
869 1879 1254 1952 splendidiore
1299 1883 1417 1941 sole
1462 1883 1847 1958 refulgurans,
1906 1886 1967 1944 in

251 1981 373 2040 qua
415 1965 592 2041 Virgo
628 1968 835 2041 regalis
877 1968 947 2044 ad
990 1968 1268 2027 thronum
1307 1969 1412 2028 Dei
1452 1969 1635 2029 Patris
1677 1974 1964 2044 evehitur,

248 2062 307 2113 et
350 2056 408 2113 in
446 2056 634 2130 ipsius
673 2056 975 2115 Trinitatis
1002 2058 1134 2115 sede
1165 2060 1431 2133 reposita,
1480 2068 1747 2120 naturam
1794 2064 1964 2121 etiam

250 2144 577 2218 angelicam
614 2145 889 2205 sollicitat
911 2148 981 2206 ad
1014 2148 1353 2208 videndum.
1394 2150 1535 2209 Tota
1570 2151 1966 2225 conglomera-

250 2240 351 2292 tur
376 2233 717 2307 angelorum
748 2236 1089 2309 frequentia,
1129 2242 1196 2295 ut
1234 2237 1425 2296 videat
1460 2240 1719 2313 reginam
1760 2241 1967 2300 seden-

252 2329 370 2380 tem
403 2339 436 2381 a
467 2322 693 2382 dextris
724 2324 956 2384 Domini
990 2327 1289 2397 virtutum,
1338 2328 1403 2385 in
1448 2329 1657 2388 vestitu
1696 2330 1968 2390 deaurato

250 2413 425 2483 (Psal.
484 2416 665 2483 XLIV),
723 2415 783 2473 in
839 2431 1072 2490 corpore
1129 2432 1355 2491 semper
1406 2416 1796 2489 immaculato,
1853 2421 1965 2479 cir-

247 2502 583 2562 cumdatam
628 2503 918 2576 varietate,
968 2504 1248 2564 virtutum
1295 2506 1717 2581 multiplicitate
1759 2509 1967 2568 distin-

251 2596 428 2650 ctam.

332 2679 479 2738 Hmc
509 2686 594 2738 est
626 2679 724 2738 illa
752 2680 876 2739 dies
904 2696 1036 2756 quas
1055 2682 1612 2743 cmlorum'officinas
1641 2684 1969 2745 sublimiori

252 2770 475 2846 gaudio
503 2770 848 2840 cumulavit,
889 2787 1087 2830 annua
1128 2772 1369 2843 mundo,
1408 2774 1631 2849 angelis
1669 2772 1966 2847 continua,

248 2860 608 2919 continuans
650 2858 918 2918 homines
972 2861 1191 2936 angelis
1246 2870 1301 2920 et
1345 2863 1580 2936 angelos
1630 2864 1969 2924 hominibus

253 2947 414 3006 felici
463 2948 836 3006 fmderatione
890 2951 1264 3023 conjungens.
1326 2950 1561 3010 Intuere
1616 2953 1970 3012 mentalibus

250 3036 446 3096 oculis
492 3036 707 3095 Filium
752 3038 1177 3109 ascendentem,
1214 3045 1269 3097 et
1309 3039 1549 3099 Matrem
1589 3049 1966 3114 assumptum,

252 3134 307 3185 et
360 3124 587 3183 videbis
633 3125 854 3200 aliquid
894 3126 1275 3186 excellentius
1323 3130 1382 3186 in
1432 3131 1783 3189 Ascensione
1833 3131 1965 3191 Filii

251 3214 551 3284 exhiberi,
593 3224 649 3275 et
678 3215 901 3292 aliquid
939 3216 1248 3288 gloriosius
1287 3218 1346 3275 in
1392 3221 1799 3293 Assumptione
1836 3221 1969 3280 Vir-

252 3306 418 3381 ginis
461 3306 862 3365 demonstrari.
918 3306 1190 3365 Ascendit
1236 3307 1394 3365 enim
1436 3307 1696 3367 Salvator
1740 3309 1798 3367 in
1849 3325 1971 3370 cce-

257 3396 390 3454 lum
424 3395 778 3470 potestativaa
814 3395 1049 3454 virtutis
1080 3396 1343 3469 imperio,
1384 3398 1531 3457 sicut
1567 3399 1873 3471 Dominus,
1917 3407 1974 3459 et

249 3483 514 3554 Creator,
549 3483 893 3557 angelorum
920 3484 1226 3542 comitatus
1263 3484 1561 3561 obsequio,
1602 3502 1715 3545 non
1747 3488 1971 3547 auxilio

252 3571 468 3631 fultus.
534 3572 849 3643 Assumpta
886 3578 970 3629 est
1003 3569 1183 3630 Maria
1223 3572 1284 3629 in
1341 3573 1573 3645 malum,
1622 3576 1717 3633 sed
1773 3577 1972 3648 gratize

253 3659 626 3719 sublevantis
683 3659 919 3733 judicio,
985 3660 1394 3719 comitantibus
1446 3670 1503 3720 et
1551 3664 1973 3724 auxiliantibus

253 3747 509 3820 angelis,
551 3763 724 3823 quam
770 3747 1109 3807 sublevabat
1161 3750 1363 3822 gratia,
1407 3766 1522 3809 non
1561 3758 1786 3810 natura.
1838 3753 1971 3811 Ideo

249 3835 387 3894 dies
436 3835 560 3893 haec
604 3836 959 3909 Assumptio,
1017 3837 1294 3895 Ascensio
1353 3836 1454 3895 illa
1504 3845 1775 3909 vocatur;
1834 3854 1971 3897 cum

245 3924 417 3984 aliud
447 3924 523 3982 sit
548 3924 823 3998 potentia,
863 3926 1028 3984 aliud
1063 3928 1477 4001 misericordia,
1521 3931 1824 4005 solumque
1864 3931 1967 3990 soli

247 4016 329 4073 sit
367 4014 746 4089 privilegium
791 4015 1044 4074 Creatori
1076 4024 1342 4076 naturam
1382 4035 1574 4078 rerum
1615 4021 1841 4095 propria
1867 4036 1969 4094 po-

249 4111 459 4164 testate
503 4103 856 4179 supergredi.
898 4104 1020 4164 Hoc
1058 4111 1142 4163 est
1187 4104 1333 4164 illud
1370 4108 1768 4179 excellentius,
1813 4109 1969 4182 quod

246 4195 367 4255 sibi
424 4195 680 4253 vindicat
734 4210 910 4269 super
962 4202 1281 4254 creaturam
1340 4195 1590 4269 Creator,
1641 4198 1741 4256 ubi
1796 4199 1966 4256 etiam

244 4283 743 4360 superabundans
778 4291 833 4343 et
867 4283 1179 4358 singularis
1210 4286 1393 4360 gratia
1428 4302 1541 4345 non
1573 4288 1779 4346 audeat
1815 4287 1967 4359 aspi-

249 4390 409 4433 rare.

330 4461 446 4522 Sed
476 4463 526 4521 si
554 4462 862 4535 diligenter
886 4464 1254 4524 attendamus
1280 4465 1690 4523 Ascensionem
1725 4464 1877 4533 Filii,
1912 4470 1967 4522 et

2049 1899 2164 1941 non
2196 1885 2256 1942 in
2293 1901 2415 1944 mea
2446 1887 2825 1961 sublimitate,
2857 1894 2994 1967 quia
3026 1901 3203 1952 totum
3246 1911 3392 1970 opus
3419 1899 3622 1971 gratia:
3649 1907 3757 1970 est,

2049 1985 2167 2061 non
2224 1978 2469 2061 naturae.
2518 1975 2589 2033 Et
2634 1993 2763 2035 cum
2814 1979 2993 2054 gloria
3043 1985 3343 2056 suscepisti
3389 2001 3516 2055 me;
3574 1988 3757 2061 gloria

2050 2059 2251 2149 utique
2288 2059 2557 2131 gloriosa,
2599 2081 2772 2139 quam
2814 2084 2933 2126 non
2980 2071 3159 2139 novit,
3199 2072 3309 2130 nisi
3344 2073 3445 2149 qui
3487 2059 3663 2144 dedit,
3700 2084 3757 2135 et

2050 2146 2143 2203 cui
2180 2147 2398 2207 donare
2426 2150 2696 2223 dignatus
2727 2162 2830 2212 est.

2123 2236 2366 2294 Attende
2395 2247 2590 2298 autem
2620 2241 2985 2312 diligentiam
3019 2251 3075 2302 et
3101 2249 3574 2321 consequentiam
3609 2249 3759 2309 Scri-

2052 2330 2365 2397 pturarum.
2416 2327 2668 2401 Spiritus
2711 2332 2866 2389 enim
2906 2341 3156 2405 sanctus,
3201 2336 3263 2394 in
3300 2338 3471 2409 cujus
3520 2339 3756 2410 fabrica,

2052 2421 2165 2470 tam
2196 2413 2417 2475 Veteris
2444 2432 2615 2491 quam
2653 2418 2801 2477 Novi
2834 2419 3184 2480 Testamenti
3215 2425 3323 2483 fuit
3345 2428 3644 2500 compositi
3674 2429 3758 2486 fa-

2051 2503 2285 2574 bricata,
2310 2507 2723 2567 Ascensionem
2764 2510 2915 2573 Filii.
2959 2519 3013 2570 et
3050 2513 3249 2574 Matris
3288 2517 3759 2591 Assumptionem

2051 2592 2227 2650 simili
2279 2597 2429 2669 stylo
2466 2600 2893 2669 perambulans,
2936 2607 3021 2659 ter
3056 2603 3370 2678 interrogat
3401 2629 3412 2663 :
3449 2630 3473 2657 α
3504 2606 3647 2676 Quis
3678 2615 3762 2667 est

2052 2682 2197 2737 iste?
2220 2702 2247 2733 ››
2273 2684 2437 2754 (Psal.
2464 2688 2658 2753 XXIII.)
2685 2686 2754 2743 Et
2778 2688 2942 2745 tertio
2967 2691 3163 2763 repetit
3193 2711 3205 2749 :
3231 2713 3259 2745 «
3284 2691 3426 2762 Quae
3449 2701 3533 2752 est
3554 2694 3705 2754 ista?
3733 2721 3755 2747 ι

2053 2769 2224 2841 (Cant.
2256 2774 2353 2844 III.)
2375 2772 2637 2833 Primum
2661 2774 2732 2833 de
2753 2776 2922 2844 Filio,
2939 2787 3131 2851 postea
3151 2780 3221 2838 de
3238 2781 3417 2839 Matre
3438 2782 3758 2843 videamus.

2052 2858 2119 2917 In
2146 2860 2349 2933 spiritu
2380 2863 2736 2921 fortitudinis
2770 2863 3031 2924 Salvator
3050 2868 3121 2926 ad
3148 2869 3363 2928 inferos
3384 2868 3760 2943 descendens,

2051 2948 2323 3006 contrivit
2370 2957 2559 3022 portas
2611 2967 2810 3020 aereas,
2861 2963 2915 3011 et
2964 2963 3152 3013 vectes
3200 2957 3413 3016 ferreos
3462 2961 3761 3033 confregit,

2052 3045 2107 3094 et
2127 3038 2467 3109 gehennalis
2490 3038 2623 3097 ollze
2644 3038 2936 3113 dissipatis
2960 3042 3367 3115 fragminibus.
3402 3053 3585 3105 totum
3612 3048 3763 3108 illud

2056 3125 2265 3183 infelix
2311 3126 2704 3185 habitaculum
2757 3130 2993 3187 ruinosa
3030 3133 3412 3191 concussione
3456 3135 3762 3208 succussit,

2056 3214 2553 3274 conclamantibus
2589 3217 2848 3289 angelis:
2875 3239 2901 3270 (ι
2929 3219 3183 3278 Attollite
3213 3228 3420 3293 portas,
3454 3223 3759 3297 principes,

2053 3311 2274 3363 vestras
2307 3307 2474 3375 (Psal.
2506 3307 2718 3377 XXIII);
2759 3327 2778 3355 η
2828 3305 2937 3374 illi,
2969 3307 3070 3378 qui
3102 3308 3389 3380 superbia:
3423 3310 3586 3382 lapsu
3617 3311 3764 3369 irre-

2053 3390 2345 3449 mediabili
2375 3398 2737 3458 corruerunt,
2770 3391 3134 3463 ignoratione
3165 3393 3535 3465 dedignativa
3578 3404 3757 3454 retor-

2051 3488 2229 3552 quent
2258 3502 2270 3537 :
2303 3504 2328 3527 ‹‹
2349 3479 2494 3548 Quis
2513 3487 2598 3537 est
2620 3481 2724 3537 iste
2757 3495 2856 3537 rex
2885 3478 3119 3551 gloriae?
3145 3503 3165 3532 ι
3195 3483 3384 3549 (Ιὸὶά.)
3416 3483 3527 3543 Hic
3551 3492 3635 3542 est
3663 3483 3764 3542 ille

2053 3567 2353 3641 insipiens,
2373 3567 2474 3642 qui
2499 3567 2650 3625 dixit
2670 3568 2729 3624 in
2754 3567 2923 3625 corde
2942 3584 3048 3627 suo
3072 3592 3086 3627 :
3113 3592 3139 3623 ‹‹
3161 3570 3286 3629 NOII
3313 3579 3400 3629 est
3418 3570 3572 3631 Deus
3594 3575 3759 3643 (Psal.

2052 3660 2199 3720 XIII).
2234 3678 2260 3708 i.
2291 3655 2360 3712 Et
2392 3674 2404 3712 :
2435 3678 2454 3706 ι
2481 3654 2684 3713 Nescio
2728 3656 3067 3726 Dominum,
3102 3664 3158 3716 et
3190 3658 3367 3717 Israel
3400 3676 3514 3718 non
3559 3660 3762 3718 dimit-

2054 3752 2167 3801 tam
2213 3745 2413 3810 (Eacod.
2456 3750 2541 3811 V).
2582 3769 2608 3791 »ι
2656 3744 2862 3817 Angeli
2916 3744 3071 3819 pacis
3116 3746 3473 3805 confidenter
3513 3749 3762 3822 ingemi-

2052 3839 2194 3890 nant
2220 3851 2234 3890 :
2263 3853 2291 3886 «
2317 3832 2602 3891 Dominus
2639 3833 2818 3903 fortis,
2867 3840 2923 3890 et
2961 3842 3181 3907 potens,
3236 3834 3520 3895 Dominus
3560 3844 3763 3910 potens

2052 3924 2111 3981 in
2162 3924 2361 3998 praelio
2396 3927 2560 3994 (Psal.
2594 3931 2796 3993 XXIII);
2825 3946 2851 3973 ιι
2889 3925 3051 3983 fortis
3086 3925 3157 3983 ad
3184 3935 3436 3984 vestram
3468 3927 3762 3987 fortitudi-

2055 4027 2188 4069 nem
2220 4011 2661 4077 intirmandam;
2698 4018 2900 4085 potens
2925 4011 2997 4069 ad
3030 4018 3277 4070 vestram
3311 4013 3625 4087 potentiam
3658 4032 3759 4073 va-

2050 4104 2380 4173 cuandam;
2430 4104 2491 4161 in
2538 4102 2737 4178 praelio
2775 4103 2876 4161 illo
2908 4105 3111 4179 utique
3138 4104 3396 4177 salutari,
3443 4122 3561 4181 quo
3602 4115 3760 4182 pote-

2050 4201 2223 4253 states
2267 4209 2461 4251 aereas
2510 4192 2885 4266 singulariter
2932 4191 3267 4252 debellavit.
3318 4193 3647 4269 Resurgens
3691 4197 3763 4255 ab

2049 4284 2270 4355 inferis,
2302 4291 2357 4342 et
2386 4284 2665 4343 solemnis
2696 4284 2952 4342 victoriae
2982 4283 3203 4341 vexilla
3233 4293 3551 4358 reportans,
3577 4287 3762 4345 homi-

2049 4388 2182 4431 nem
2214 4374 2444 4431 unitum
2470 4372 2601 4441 sibi,
2630 4387 2804 4445 quem
2849 4386 3151 4445 nunquam
3180 4371 3421 4443 dimisit,
3452 4376 3759 4433 resuscita-

2051 4460 2152 4528 vit,
2173 4464 2230 4517 et
2250 4458 2672 4532 triumphatrici
2696 4459 2887 4532 palma
2908 4459 3073 4516 caelis
3096 4459 3380 4527 invectus,
3412 4459 3565 4518 Patri
3588 4476 3755 4518 ovem

248 4518 462 4610 matris
1741 4518 3035 4648 aliquidDcentesimam:_qnam_:perdid\erat
3077 4551 3233 4648 (Luc.
3267 4554 3393 4619 XV),
3439 4565 3758 4648 repraesen—

246 4639 417 4716 quod
450 4654 555 4697 nos
591 4639 889 4698 invenisse
917 4641 1319 4715 gaudebimus.
1360 4641 1705 4700 Ascendenti
1756 4642 1968 4714 quippe
2056 4646 2198 4705 tans,
2233 4637 2397 4694 audit
2422 4636 2495 4694 ab
2522 4637 2786 4709 angelis:
2825 4661 2844 4684 ι
2872 4634 3017 4705 Quis
3042 4644 3127 4693 est
3168 4637 3273 4694 iste
3317 4654 3421 4695 rex
3449 4637 3693 4710 glorise?
3728 4665 3755 4687 ιι

246 4731 512 4791 Domino
549 4746 778 4805 egressa
807 4735 893 4789 est
915 4729 1146 4788 obviam
1173 4730 1365 4789 omnis
1393 4728 1495 4787 illa
1530 4729 1827 4787 beatorum
1861 4728 1971 4802 spi-
2050 4729 2149 4787 sed
2178 4736 2233 4788 et
2270 4729 2484 4787 eisdem
2511 4726 3011 4786 conclamantibus
3041 4744 3052 4783 :
3090 4750 3109 4775 ι
3146 4726 3430 4786 Dominus
3470 4730 3753 4787 virtutum

187 4849 199 4859 -
246 4822 481 4880 rituum
530 4819 777 4892 gloriosa
835 4818 1091 4888 societas,
1139 4819 1371 4894 quando
1418 4825 1644 4876 naturae
1686 4816 1969 4892 superiori
2050 4817 2173 4892 ipse
2192 4825 2276 4875 cst
2298 4832 2401 4873 rex
2426 4816 2627 4889 gloriae
2647 4817 2815 4883 (Psal.
2844 4818 3056 4913 XXIII);
3078 4834 3112 4913 ‘n
3142 4814 3423 4872 oculorum
3447 4815 3759 4913 insonuere

243 4909 516 4986 praetulit
570 4909 926 4976 inferiorem,
975 4904 1120 4964 202
1182 4915 1237 4966 et
1290 4906 1717 4966 inconvertibili
1779 4922 1969 4965 sacra-
2054 4907 2281 4981 palatia,
2322 4914 2376 4965 et
2422 4913 2535 4962 tota
2591 4903 3013 4977 superem-testis
3063 4901 3276 4960 domus
3332 4903 3756 4976 profusioribus

245 5006 458 5059 mento
486 5006 815 5073 susceptum
850 4997 1149 5057 hominem
1176 4998 1236 5055 in
1265 4996 1387 5070 ipsa
1416 4996 1737 5054 divinitatis
1766 4992 1969 5053 clausit
2054 4995 2285 5069 gaudiis
2312 4993 2654 5052 inundavit:
2687 5008 2818 5051 vere
2839 4991 3125 5050 Dominus
3149 4992 3427 5050 virtutum
3450 4991 3508 5048 in
3537 4991 3755 5049 Resur-

242 5088 583 5147 identitate.
633 5086 1085 5147 Occurrentibus
1126 5092 1318 5144 autem
1363 5084 1607 5159 angelis,
1658 5084 1970 5142 electorum

244 5178 513 5249 animas,
553 5192 699 5252 quas
738 5190 938 5234 secum
969 5174 1267 5244 educebat,
1305 5174 1590 5248 adjunxit,
1621 5182 1677 5232 et
1705 5173 1787 5232 sic
1813 5181 1971 5232 utro-

244 5281 515 5340 rumque
544 5264 881 5339 triumphali
910 5278 1115 5337 pompa
1138 5262 1421 5321 deductus
1447 5262 1518 5319 ad
1549 5261 1793 5332 Patrem,
1819 5262 1973 5321 sedet

241 5358 327 5415 ad
380 5355 684 5414 dexteram
724 5352 1058 5426 majestatis.
1102 5351 1314 5411 Attolle
1353 5353 1473 5424 jam
1512 5352 1709 5410 oculos
1747 5351 1817 5410 ad
1863 5353 1974 5410 As-

247 5444 665 5520 sumptionem
692 5441 971 5516 Virginis,
1005 5449 1081 5513 et,
1112 5441 1268 5498 salva
1296 5439 1429 5498 Filii
1459 5441 1769 5516 majestate,
1807 5442 1975 5498 inve-

244 5536 397 5595 nies
419 5546 726 5593 occursum
749 5531 927 5605 hujus
959 5546 1184 5606 pompae
1211 5546 1328 5590 non
1360 5530 1724 5591 mediocriter
1748 5530 1973 5604 dignio-

2058 5086 2306 5143 rectione
2362 5085 2633 5141 virtutem
2690 5082 2923 5152 faciens,
2963 5096 3138 5154 quam
3184 5087 3318 5138 ante
3364 5095 3480 5138 non
3528 5081 3754 5151 fecerat,

2058 5173 2348 5230 redimens
2386 5187 2640 5239 servum,
2678 5180 2733 5228 et
2768 5185 2867 5244 pro
2897 5184 3064 5227 servo
3101 5170 3291 5228 lilium
3319 5168 3592 5227 efﬁciens.
3625 5169 3756 5228 Cla-

2060 5262 2289 5319 rissima
2327 5268 2521 5318 autem
2553 5258 2923 5317 Ascensionis
2965 5257 3079 5327 die,
3120 5258 3373 5333 quando,
3425 5258 3759 5318 videntibus

2058 5349 2378 5422 discipulis,
2424 5356 2508 5407 est
2545 5348 2802 5406 elevatus
2830 5346 2888 5402 in
2922 5347 3133 5404 coelum
3164 5349 3361 5419 (Marc.
3406 5350 3559 5419 XVI),
3597 5363 3759 5407 sum-

2062 5454 2225 5496 mum
2270 5437 2438 5507 illud,
2492 5433 2637 5491 203
2696 5434 3195 5507 reverendumque
3249 5436 3573 5510 collegium.
3604 5435 3763 5496 venit

2065 5528 2298 5591 obviam
2344 5525 2733 5603 Redemptori,
2763 5531 2819 5586 et
2845 5524 3038 5585 omnis
3077 5523 3178 5585 illa
3216 5532 3333 5586 tam
3371 5525 3763 5584 assistentium

250 5637 418 5684 rem.
501 5620 621 5681 Soli
698 5621 911 5694 quippe
986 5620 1177 5694 angeli
1240 5619 1608 5695 Redemptori
1679 5636 1978 5683 occurrere
2066 5634 2246 5694 quam
2291 5617 2746 5678 ministrantium
2784 5614 3123 5689 angelorum
3163 5616 3472 5676 auctoritas
3514 5615 3771 5676 cucurrit
