4064 6208
291 358 398 419 719

912 355 971 417 S.
1014 354 1237 417 PETRI
1272 352 1597 415 DAMIANI
1632 352 1791 415 OPP.
1834 349 2026 451 PARS
2068 348 2210 411 SEU
2257 350 2508 415 TOMUS
2545 352 2621 414 II.
2663 384 2729 398 —
2770 351 3183 415 SERMONES.

3683 350 3796 419 πο

289 488 371 547 ad
390 486 631 559 Filium,
663 491 717 546 et
753 485 1153 546 ascendentem
1190 485 1483 545 demirans
1509 484 1589 543 ait
1621 503 1633 542 :
1682 508 1702 539 α
1740 483 1880 555 Quis
1910 466 2325 542 estAsublime
2344 506 2356 552 ;
2388 489 2444 541 et
2474 489 2596 542 orat
2622 481 2820 542 beatus
2849 481 2958 543 Job
2987 488 3053 540 ut
3085 484 3136 541 ei
3178 474 3356 543 multa
3386 486 3793 560 suppressione

290 576 420 649 iste,
450 575 552 650 qui
584 575 742 634 venit
770 573 841 632 de
870 573 1069 643 Edom,
1102 573 1309 633 tinctis
1331 573 1585 633 vestibus
1614 573 1684 631 de
1712 571 1886 632 Bosra
1914 571 1941 630 ?
1972 595 1998 624 η

288 670 417 735 (lsa.
476 669 664 733 LXIII.)
718 662 990 721 Videntes
1037 664 1193 722 enim
1240 679 1374 722 eum
1418 663 1723 737 sanguinei
1774 661 1999 720 ruboris

290 754 445 812 unda
494 754 811 827 perfusum,
843 751 1131 811 mirantur
1176 752 1300 827 ejus
1350 752 1701 826 patientiam,
1731 756 1785 809 et
1824 750 1996 809 saevi-

287 842 425 901 tiam
453 839 813 911 Judaaorum,
842 840 943 915 qui
974 857 1085 899 non
1116 847 1251 898 sunt
1282 840 1449 898 veriti
1489 839 1704 898 Filium
1734 839 1833 896 Dei
1859 854 1996 897 cru-

284 931 365 989 cis
396 929 715 1004 ignominia
750 930 1151 995 condemnare.
1198 954 1218 978 «
1255 928 1554 998 Gradiens,
1597 928 1896 1002 inquiunt,
1930 927 1992 985 in

283 1018 657 1078 multitudine
696 1019 1055 1077 fortitudinis
1088 1035 1208 1078 suae
1236 1020 1468 1086 (Ibid):
1510 1043 1529 1067 ι
1568 1034 1683 1077 non
1715 1018 1902 1076 solum
1929 1016 1993 1076 in

281 1110 641 1180 fortitudine,
695 1110 792 1169 sed
840 1110 1008 1169 etiam
1063 1110 1125 1169 in
1176 1111 1548 1170 multitudine
1596 1107 1987 1179 fortitudinis;

280 1201 416 1277 quia
445 1201 607 1260 nulla
652 1201 924 1260 fortitudo
954 1202 1155 1261 fortior
1190 1201 1318 1271 fuit,
1353 1217 1528 1275 quam
1557 1200 1843 1260 redimere
1868 1215 1990 1257 ser-

278 1311 443 1364 vum,
475 1300 530 1352 et
572 1293 634 1352 in
694 1293 1015 1352 divinitatis
1064 1292 1301 1351 dextera
1354 1302 1626 1367 perpetuo
1687 1290 1986 1350 collocare.

348 1382 456 1441 Hm
494 1388 629 1440 sunt
658 1382 777 1440 illae
817 1398 985 1439 voces
1019 1398 1150 1456 quas
1179 1382 1619 1440 descendentem
1647 1381 1719 1439 ad
1750 1380 1987 1451 inferos,

276 1470 349 1529 ab
422 1468 623 1527 inferis
704 1476 1117 1541 resurgentem,
1166 1468 1568 1527 ascendentem
1642 1467 1713 1525 ad
1791 1468 1985 1536 cmlos,

278 1557 618 1617 multiformi
649 1556 937 1631 praeconio
967 1564 1417 1631 prosequuntur.
1451 1555 1562 1613 Sed
1595 1557 1716 1629 jam
1757 1561 1987 1613 verten-

275 1646 387 1707 dus
439 1654 525 1705 est
583 1644 766 1719 stylus
822 1643 893 1702 ad
948 1649 1203 1702 sanctam
1250 1650 1603 1706 sanctarum.
1646 1651 1700 1700 et
1751 1642 1985 1701 illorum

277 1735 585 1795 verborum
640 1733 939 1793 enodanda
982 1733 1317 1809 proprietas,
1371 1750 1501 1809 quas
1553 1732 1779 1805 Virgini
1818 1732 2001 1801 matri,

2076 570 2394 643 claudatur,
2426 573 2624 632 dicens
2676 593 2688 630 :
2738 569 2885 626 204
2930 598 2954 621 «ι
3012 572 3137 631 Non
3191 572 3383 634 videat
3425 582 3614 633 ortum
3661 591 3795 634 sur-

2075 662 2264 734 gentis
2314 677 2538 720 auroras
2588 663 2701 734 (Job
2757 662 2924 734 111).»
2984 660 3151 720 Tuus
3202 670 3287 721 est
3342 663 3486 735 dies,
3524 663 3790 734 Domine,

2078 751 2134 809 in
2163 769 2280 826 quo
2311 753 2491 811 Adam
2521 760 2604 810 est
2633 752 2937 822 conditus;
2972 759 3067 811 tua
3090 760 3176 811 est
3198 770 3338 826 nox,
3365 755 3425 813 in
3456 771 3571 829 qua
3602 754 3793 815 Adam

2076 856 2110 898 a
2156 840 2249 899 die
2295 848 2378 899 est
2415 841 2666 915 ejectus;
2728 848 2786 899 tu
2834 838 3142 900 fabricatus
3188 859 3249 901 es
3292 859 3581 915 auroram,
3616 844 3669 902 id
3707 852 3794 902 est

2082 927 2375 1001 Virginem
2426 935 2666 986 matrem
2701 947 2714 984 :
2745 934 2800 985 et
2831 928 3032 1000 solem,
3070 927 3264 988 Solem
3305 929 3571 989 videlicet
3614 930 3790 1005 justi-

2078 1018 2190 1086 tiae,
2222 1019 2323 1093 qui
2350 1017 2422 1075 de
2460 1017 2732 1091 virginali
2763 1016 3013 1076 thalamo
3042 1020 3427 1078 consurrexit.
3463 1019 3608 1078 Nam
3640 1019 3792 1078 sicut

2074 1121 2285 1164 aurora
2315 1107 2627 1166 terminum
2667 1106 2869 1174 noctis,
2897 1105 3014 1165 diei
3051 1107 3403 1183 principium
3438 1108 3636 1168 adesse
3673 1116 3789 1168 tes-

2079 1200 2249 1265 tatur,
2300 1195 2382 1254 sic
2425 1204 2481 1254 et
2527 1196 2702 1269 Virgo
2742 1203 2965 1255 noctem
3004 1196 3230 1271 expulit
3268 1198 3698 1270 sempiternam,
3734 1203 3792 1256 et

2076 1281 2146 1341 de
2172 1283 2265 1342 die
2294 1284 2469 1356 diem,
2501 1284 2571 1342 de
2597 1289 2746 1342 terra
2773 1300 2897 1343 suae
2923 1284 3273 1360 virginitatis
3297 1293 3590 1357 exortum,
3622 1285 3792 1345 terris

2074 1371 2315 1430 infudit.
2422 1444 2425 1451 ι

2145 1463 2536 1536 Progreditur,
2577 1463 2793 1538 inquit,
2837 1465 3003 1538 quasi
3050 1464 3247 1539 procul
3291 1464 3603 1538 egreditur,
3651 1467 3791 1542 quia

2071 1551 2290 1625 procul,
2341 1560 2396 1611 et
2447 1553 2518 1611 de
2571 1552 2794 1612 ultimis
2843 1554 3063 1613 finibus
3116 1555 3367 1629 pretium
3423 1557 3550 1630 ejus
3603 1561 3789 1627 (Prov.

2071 1646 2274 1709 XXXI).
2306 1643 2553 1713 Aurora,
2607 1643 2743 1717 quia
2787 1644 2970 1703 noctis
3012 1643 3168 1714 finis,
3210 1634 3266 1704 et
3314 1644 3460 1704 lucis
3504 1646 3784 1721 initium;

2069 1749 2444 1807 consurgens,
2476 1735 2613 1810 quia
2661 1735 2732 1795 de
2774 1736 3011 1794 cadente
3048 1752 3472 1812 supersurgens
3521 1740 3783 1799 materia.

274 1832 411 1884 sunt
463 1823 782 1899 specialiter
838 1822 1114 1881 dedicata.
1167 1822 1276 1882 Sed
1331 1823 1415 1882 uti
1477 1820 2318 1903 superliminaremBPulchra
2364 1828 2429 1879 ut
2485 1821 2645 1881 luna.
2686 1823 2834 1893 Quid
2876 1823 3018 1882 luna
3057 1822 3377 1898 pulchrius,
3422 1841 3557 1884 cum
3605 1825 3787 1888 stellis

275 1914 508 1973 titulum
566 1911 629 1971 in
685 1913 870 1971 fronte
925 1911 1106 1971 futm'i
1154 1911 1385 1970 aedificii
1433 1927 1843 1985 proponamus,
1894 1911 1985 1969 di-
2068 1909 2502 1969 coruscantibus
2528 1911 2588 1968 in
2616 1911 2892 1986 signifero
2922 1910 3110 1970 limite
3136 1912 3493 1988 reliquorum
3525 1914 3785 1974 siderum

273 2019 472 2063 camus
524 2001 772 2061 breviter
833 2000 971 2075 quia
1044 2000 1227 2074 prima
1293 2000 1664 2075 interrogatio
1717 2000 1987 2059 convenit

271 2092 397 2165 ejus
422 2089 742 2159 Nativitati,
773 2088 1024 2148 secunda
1046 2090 1172 2162 ejus
1197 2089 1642 2159 conversationi,
1668 2090 1834 2148 tertia
1872 2091 1985 2148 As-

272 2180 608 2254 sumptioni.
651 2202 672 2231 α
708 2177 849 2249 Quae
877 2186 961 2237 est
996 2179 1124 2251 ista,
1157 2202 1177 2231 ι
1236 2180 1428 2254 inquit
1468 2178 1715 2253 Spiritus
1752 2186 1984 2239 sanctus

270 2272 341 2331 de
387 2271 512 2348 ejus
556 2270 883 2342 Nativitate,
915 2293 943 2325 α
986 2287 1118 2345 quas
1162 2272 1543 2345 progreditur,
1583 2270 1735 2329 sicut
1776 2286 1983 2329 aurora

268 2376 639 2435 consurgens,
672 2358 913 2435 pulchra
946 2365 1010 2419 ut
1048 2359 1207 2432 luna,
1240 2359 1418 2418 electa
1458 2365 1525 2418 ut
1569 2358 1674 2428 sol,
1709 2358 1981 2418 terribilis

266 2460 331 2511 ut
383 2459 699 2510 castrorum
754 2449 905 2508 acies
964 2449 1226 2508 ordinata
1253 2451 1279 2505 τ
1315 2472 1339 2501 α
1370 2452 1547 2521 (Cant.
1580 2448 1682 2519 v1.)
1720 2447 1859 2507 Haec
1897 2454 1983 2508 est

269 2562 297 2593 α
330 2554 467 2614 quae
515 2537 759 2597 nescivit
805 2545 997 2595 torum
1045 2536 1107 2594 in
1141 2534 1347 2595 delicto
1391 2538 1545 2608 (Sap.
1596 2540 1699 2605 nt).
1734 2557 1756 2587 ι
1804 2534 1979 2610 Virgo

264 2627 370 2686 Dei
415 2626 565 2686 Filio
611 2626 980 2701 singulariter
1013 2632 1359 2695 consecrata,
1413 2623 1732 2699 specialiter
1782 2630 1978 2682 sancto

267 2719 573 2793 conjugata
628 2716 898 2791 Spiritui.
962 2739 983 2769 ι
1044 2716 1189 2787 Quae
1234 2716 1614 2790 progreditur,
1670 2740 1697 2764 »ι
1762 2715 1974 2790 inquit,

266 2830 292 2858 α
326 2808 475 2865 sicut
517 2821 723 2865 aurora
770 2821 1142 2879 consurgens.
1177 2827 1204 2858 ››
1235 2804 1419 2875 Quam
1452 2804 1685 2877 elegans
1732 2810 1788 2861 et
1823 2804 1977 2862 clara

264 2894 605 2967 similitudo,
637 2901 693 2953 et
748 2909 822 2952 ex
879 2893 1039 2953 illius
1089 2892 1397 2966 disciplina
1453 2891 1827 2967 descendens,
1870 2893 1975 2967 qui

264 3001 564 3046 summum
633 2982 929 3058 sapientiaa
989 2984 1205 3043 fontem
1258 2983 1321 3042 in
1373 2983 1624 3041 Canticis
1673 2981 1975 3041 afﬂuenter

261 3073 500 3134 inclusit
519 3079 531 3133 l

2066 1997 2433 2071 splendorem
2482 1999 2763 2059 excedit?
2812 1999 3124 2059 Considera
3161 2016 3336 2076 quam
3379 2002 3677 2062 stellarum
3728 2010 3786 2062 et

2066 2102 2266 2144 serena
2313 2087 2578 2159 vibratio,
2626 2105 2802 2163 quam
2847 2088 3176 2149 luminosus
3208 2091 3400 2165 fulgor
3439 2090 3781 2151 circularem

2064 2175 2263 2234 orbem
2292 2177 2431 2235 tanti
2461 2176 2669 2237 sideris
2686 2179 3092 2252 superfundat,
3113 2186 3177 2239 ut
3202 2180 3451 2238 aliorum
3479 2179 3780 2240 luminum

2062 2262 2379 2322 claritatem
2431 2282 2547 2325 non
2602 2266 2966 2327 mediocriter
3008 2266 3300 2328 oﬁ‘uscet?
3346 2267 3440 2328 Sic
3485 2276 3542 2328 et
3604 2267 3782 2344 Virgo

2062 2352 2214 2411 inter
2238 2354 2464 2412 animas
2494 2363 2819 2415 sanctorum
2848 2363 2904 2415 et
2930 2357 3273 2433 angelorum
3300 2358 3507 2417 choros
3534 2373 3782 2434 supere-

2063 2444 2294 2503 minens
2346 2451 2401 2503 et
2450 2452 2663 2517 evecta,
2720 2447 2925 2505 merita
2980 2447 3348 2522 singulorum
3394 2454 3451 2505 et
3505 2446 3778 2507 omnium

2064 2531 2261 2591 titulos
2285 2531 2589 2592 antecedit.
2620 2534 3057 2613 Quantumlibet
3083 2535 3215 2594 alias
3241 2534 3423 2595 stellae
3452 2535 3777 2608 reluceant,

2058 2618 2198 2678 luna
2230 2628 2418 2681 tamen
2457 2630 2513 2681 et
2558 2624 2958 2699 magnitudine
2989 2625 3325 2700 praeeminet
3363 2632 3417 2683 et
3444 2624 3776 2699 splendore.

2060 2708 2155 2768 Sic
2184 2718 2490 2787 utramque
2526 2719 2796 2773 naturam
2825 2714 3000 2790 Virgo
3029 2715 3348 2789 singularis
3376 2723 3688 2790 exsuperat
3719 2723 3781 2775 et

2057 2800 2443 2859 immensitate
2488 2803 2689 2875 gratiae
2738 2811 2792 2861 et
2834 2804 3058 2879 fulgore
3094 2806 3404 2865 virtutum.
3454 2794 3649 2865 Electa
3710 2811 3779 2865 ut

2055 2888 2159 2947 sol.
2194 2889 2358 2947 Hanc
2383 2890 2612 2949 attende
2646 2891 3116 2965 similitudinem,
3150 2909 3266 2969 qua
3296 2892 3462 2951 nulla
3498 2894 3562 2951 in
3595 2893 3779 2952 rebus

2055 2978 2259 3036 mundi
2290 2984 2470 3052 potest
2501 2996 2625 3039 esse
2654 2981 2978 3041 sublimior.
3014 2981 3175 3041 Nihil
3206 2983 3366 3042 enim
3396 2982 3603 3041 habuit
3635 2980 3777 3056 Spi-

2054 3069 2199 3127 ritus
2224 3068 2286 3127 in
2318 3069 2651 3130 visibilibus
2689 3071 2966 3131 creaturis
3004 3072 3402 3139 excellentius,
3446 3073 3540 3132 cui
3570 3073 3775 3132 excel-

330 3165 397 3224 In
442 3164 760 3223 meridiano
808 3163 1029 3223 lumine
1075 3163 1303 3237 primus
1351 3161 1450 3220 ille
1493 3176 1700 3258 parens
1748 3157 2588 3258 creatusciendam-Virginis
2621 3168 2991 3258 compararet.
3035 3162 3217 3258 Multo
3252 3162 3416 3258 enim
3446 3161 3624 3258 altius.
3654 3162 3775 3258 aii-

255 3264 362 3327 est,
393 3256 574 3314 factus
604 3256 673 3313 ad
702 3255 1016 3328 imaginem
1046 3260 1100 3312 et
1132 3251 1577 3310 similitudinem
1619 3249 1965 3307 Conditoris.

254 3346 403 3416 Quid
447 3345 603 3404 enim
646 3343 877 3415 clarius,
905 3358 1079 3418 quam
1114 3349 1366 3401 creatum
1411 3339 1636 3398 Creanti
1683 3354 1796 3397 non
1847 3354 1970 3396 esse

250 3432 656 3494 dissimilem?
700 3456 720 3487 α
757 3433 1081 3503 Faciamus,
1124 3430 1337 3505 inquit,
1385 3430 1680 3488 hominem
1715 3428 1786 3486 ad
1822 3428 1965 3487 ima-

253 3528 451 3601 ginem
473 3531 528 3583 et
555 3524 999 3584 similitudinem
1030 3528 1286 3580 nostram
1322 3521 1475 3589 (Gen.
1502 3522 1563 3589 I).
1597 3541 1618 3570 ι
1647 3519 1966 3592 Imaginem

251 3615 408 3676 dedit
452 3615 505 3674 ei
559 3615 621 3673 in
677 3612 1012 3677 aeternitate.
1052 3609 1496 3670 similitudinem
1549 3609 1611 3667 in
1661 3610 1961 3681 moribus;

250 3710 312 3763 ut
344 3704 418 3762 sit
440 3703 650 3762 similis
681 3701 956 3772 Creatori,
987 3700 1035 3760 si
1076 3716 1192 3759 non
1227 3699 1543 3769 identitate,
1578 3698 1964 3758 similitudine

249 3798 460 3853 tamen.
522 3791 633 3852 Sed
686 3790 805 3862 ille,
862 3790 1002 3849 tanti
1050 3788 1342 3863 privilegii
1395 3788 1676 3862 dignitate
1734 3788 1959 3862 rejecta,

2052 3246 2191 3319 quid
2224 3247 2393 3305 habet
2428 3247 2657 3307 claritas
2692 3248 2829 3307 solis
2867 3265 3042 3324 quam
3080 3250 3276 3322 lunas;
3317 3250 3455 3323 quia
3488 3257 3542 3308 et
3579 3250 3629 3308 si
3663 3250 3772 3308 illa

2050 3338 2302 3396 minores
2323 3336 2517 3396 stellas
2547 3340 2834 3409 obscurat,
2861 3356 2979 3399 non
3004 3346 3193 3399 tamen
3227 3342 3454 3415 penitus
3479 3341 3765 3415 occultat;

2046 3426 2143 3484 hic
2177 3442 2312 3485 vero
2361 3427 2614 3486 lucidius
2657 3428 3090 3501 incandescens,
3121 3429 3201 3488 ita
3243 3430 3354 3488 sibi
3400 3430 3653 3489 siderum
3708 3437 3772 3490 et

2048 3514 2205 3572 lunas
2256 3515 2402 3590 rapit
2459 3516 2823 3590 positionem,
2856 3523 2918 3575 ut
2976 3517 3092 3575 sint
3147 3519 3315 3592 quasi
3372 3535 3488 3578 non
3537 3519 3670 3589 sint,
3707 3525 3773 3578 et

2049 3602 2233 3660 videri
2265 3619 2378 3662 non
2414 3604 2651 3678 possint.

2118 3691 2400 3751 Similiter
2445 3700 2501 3752 et
2552 3694 2714 3767 virga
2759 3693 2938 3766 Jesse,
2970 3686 3093 3752 veri
3131 3696 3346 3767 praevia
3390 3695 3650 3765 luminis,
3696 3695 3769 3754 in

2044 3782 2143 3840 illa
2172 3782 2556 3843 inaccessibili
2591 3784 2718 3843 luce
2759 3785 3082 3859 perlucens,
3116 3785 3197 3843 sic
3234 3792 3612 3862 utrorumque
3637 3786 3768 3861 spi-

248 3888 520 3958 apostataa
549 3882 787 3957 spiritus
818 3880 955 3938 falsa
986 3879 1367 3954 promissione
1399 3877 1677 3937 delinitus
1705 3878 1958 3949 inhassit,
2044 3874 2258 3931 rituum
2300 3874 2528 3932 hebetat
2567 3873 2923 3948 dignitatem,
2970 3883 3031 3934 ut
3065 3875 3125 3935 in
3166 3877 3587 3951 comparatione
3623 3877 3766 3937 Vir-

247 3976 305 4029 et
334 3989 395 4031 se
420 3987 554 4030 cum
588 3970 916 4044 posteritate
952 3983 1059 4025 sua
1098 3972 1390 4042 perpetuas
1426 3966 1596 4025 morti
1628 3966 1956 4035 destinavit,
2039 3960 2192 4034 ginis
2242 3978 2347 4020 nec
2393 3962 2617 4036 possint
2668 3978 2775 4022 nec
2824 3960 3068 4024 debeant
3121 3981 3412 4040 apparere.
3445 3968 3537 4026 Au
3588 3974 3767 4041 putas

243 4068 300 4120 et
347 4059 616 4119 tenebris.
651 4058 741 4117 Ab
780 4057 881 4115 illa
931 4057 1069 4114 hora
1111 4056 1361 4114 tenebrae
1402 4056 1565 4113 factae
1601 4060 1739 4112 sunt
1784 4069 1960 4127 super
2039 4050 2191 4125 quod
2242 4066 2353 4108 non
2404 4050 2806 4110 contremiscat
2856 4056 2969 4110 tota
3028 4052 3324 4113 rationalis
3376 4063 3634 4113 creatura
3680 4056 3764 4114 ad

251 4149 585 4208 universam
627 4153 831 4204 terram
862 4160 1046 4217 usque
1080 4144 1152 4201 ad
1182 4143 1519 4217 Virginem;
1550 4156 1655 4199 nec
1681 4142 1957 4200 inventus
2035 4138 2576 4212 contemplationem
2604 4147 2777 4199 tantm
2802 4141 3101 4215 dignitatis
3129 4140 3157 4200 ?
3187 4142 3501 4202 Considera
3530 4150 3586 4202 et
3619 4160 3762 4218 quas

241 4244 327 4296 est
366 4234 581 4309 aliquis
615 4234 718 4306 qui
768 4233 859 4290 vel
903 4233 1088 4289 exiret
1129 4231 1200 4289 de
1247 4231 1519 4301 tenebris,
1553 4228 1646 4287 vel
1690 4230 1955 4288 tenebras
2037 4227 2098 4285 in
2129 4226 2308 4299 ccelis,
2360 4235 2415 4286 et
2460 4244 2603 4303 quae
2643 4229 2703 4287 in
2761 4230 2927 4288 terris
2982 4231 3041 4289 in
3105 4231 3345 4305 Virgine
3397 4232 3758 4302 refabricata,

241 4323 568 4398 dissiparet;
618 4320 718 4378 sed
762 4320 982 4378 mundo
1030 4324 1317 4377 crescente
1357 4318 1645 4377 concrevit
1692 4323 1749 4375 et
1792 4324 1955 4377 tene-
2036 4314 2246 4386 Deum,
2297 4315 2399 4389 qui
2442 4316 2658 4375 cmlum
2702 4316 2893 4391 palma
2935 4319 3189 4391 metitur,
3245 4319 3491 4395 virginei
3535 4322 3763 4380 ventris

238 4415 407 4472 brosa
449 4425 677 4483 vorago,
708 4409 888 4468 donec
932 4409 991 4467 in
1037 4407 1439 4467 densissimam
1478 4407 1811 4482 conglobata
1861 4410 1950 4467 ni-
2036 4404 2313 4464 brevitate
2336 4407 2697 4479 conclusum,
2728 4407 3182 4481 redemptionem
3217 4411 3553 4483 hominum,
3582 4426 3762 4486 ange-

241 4500 559 4575 gredinem,
596 4500 920 4557 humanum
956 4512 1142 4571 genus
1180 4504 1345 4554 nocte
1388 4496 1624 4554 terribili
1664 4496 1947 4570 sepelivit.
1973 4496 2228 4575 “lorum
2258 4497 2759 4569 restaurationem,
2792 4499 3046 4574 denique
3075 4501 3359 4575 quidquid
3390 4510 3494 4574 est,
3529 4502 3661 4571 fuit,
3696 4511 3759 4562 et

242 4560 382 4648 haec
418 4595 503 4647 est
532 4560 629 4644 illa
659 4602 777 4645 nox
826 4560 1107 4657 solitaria,
1138 4601 1242 4644 nec
1285 4585 1457 4645 laude
1497 4585 1690 4659 digna,
1716 4560 1786 4644 de
1835 4602 1948 4658 qua
1973 4560 2145 4644 1)erit
2176 4602 2276 4660 per
2313 4586 2578 4659 Virginis
2606 4596 2837 4647 uterum
2877 4560 3251 4658 renovatum:
3270 4595 3325 4646 et
3356 4595 3495 4648 tunc
3524 4590 3626 4649 tibi
3653 4606 3759 4650 co-

240 4678 516 4751 scriptum
556 4683 640 4735 est
674 4699 687 4733 :
730 4698 757 4729 «
794 4675 1042 4733 Posuisti
1095 4673 1378 4745 tenebras,
1417 4680 1471 4732 et
1518 4675 1661 4733 facta
1704 4682 1789 4733 est
1828 4689 1947 4732 nox
2034 4673 2231 4748 gitatio
2292 4681 2557 4749 suggeret
2597 4675 2750 4749 quod
2796 4675 3009 4735 locutio
3060 4675 3454 4735 demonstrare
3494 4692 3610 4737 non
3647 4693 3759 4752 po-

240 4770 402 4840 (Psal.
435 4766 573 4834 cm).
619 4786 645 4817 ιο
701 4764 766 4823 In
828 4762 948 4836 ipsa
1004 4764 1456 4837 pertransierant
1506 4778 1706 4822 omnes
1750 4764 1948 4823 bestia;
2036 4770 2163 4822 test.
2213 4762 2425 4836 Electa,
2466 4765 2675 4840 inquit,
2725 4764 2825 4824 sed
2877 4773 2932 4823 et
2982 4766 3301 4840 praelecta.
3342 4764 3416 4827 Ut
3458 4766 3562 4838 sol,
3613 4767 3761 4841 quia

236 4856 439 4925 silvas,
494 4856 631 4928 quia
679 4853 945 4911 crudeles
1000 4859 1054 4910 et
1102 4851 1367 4911 indomiti
1423 4852 1659 4924 spiritus
1716 4852 1950 4913 dimotis
2036 4854 2187 4912 sicut
2224 4854 2307 4914 sol
2354 4854 2514 4914 solus
2561 4856 2758 4915 orbem
2807 4854 3133 4928 illuminat;
3163 4858 3245 4917 sic
3280 4857 3409 4918 haec
3445 4858 3563 4917 sola
3610 4855 3760 4916 soli-

238 4944 547 5019 repagulis,
583 4944 911 5002 humanum
942 4957 1127 5015 genus
1152 4940 1283 4999 totis
1310 4939 1533 4998 viribus
1561 4940 1946 5002 obtriverunt.

243 5036 351 5096 Sed
402 5042 532 5092 nata
569 5029 801 5102 Virgine
843 5028 1097 5088 surrexit
1138 5043 1377 5099 aurora;
1425 5029 1560 5101 quia
1610 5028 1786 5087 Maria
1828 5031 1948 5088 veri

245 5127 456 5202 praevia
506 5123 767 5193 luminis,
824 5120 1126 5179 nativitate
1180 5136 1284 5178 sua
1342 5136 1511 5178 mane
1557 5121 1951 5180 clarissimum

241 5217 549 5276 serenavit.
580 5214 719 5272 Haec
758 5220 842 5272 est
871 5211 1035 5270 stella
1068 5210 1347 5268 matutina
1377 5211 1434 5269 in
1471 5211 1659 5269 medio
1698 5212 1947 5282 nebulae,

243 5321 374 5381 quas
428 5306 489 5363 in
541 5302 670 5362 coeli
728 5300 958 5360 cardine
1001 5315 1231 5358 summo
1269 5297 1573 5372 splendore
1622 5298 1947 5371 coruscans,

242 5395 439 5452 orbem
490 5391 790 5451 subditum
842 5388 1335 5463 splendidioribus
1403 5387 1581 5447 radiis
1650 5387 1947 5447 incolorat.

242 5483 383 5547 Haec
432 5487 517 5543 est
568 5494 796 5554 aurora,
843 5492 1020 5557 quam
1064 5477 1345 5555 sequitur,
1392 5476 1507 5540 imo
1556 5475 1628 5540 de
1677 5492 1792 5558 qua
1845 5492 1951 5540 δε.

242 5576 421 5636 scitur
490 5572 586 5634 Sol
650 5573 911 5646 justitiaa,
976 5573 1158 5634 solius
1234 5573 1476 5637 claritati
1546 5572 1946 5639 succumbens.

243 5669 385 5728 Haec
408 5672 491 5727 est
513 5680 743 5737 aurora,
773 5678 950 5738 quam
989 5663 1091 5722 ille
1116 5679 1233 5723 non
1270 5661 1416 5723 vidit
1451 5663 1554 5737 qui
1587 5662 1733 5723 vidit
1774 5678 1949 5724 omne

2034 4942 2185 5002 diori
2214 4944 2438 5004 lumine
2468 4952 2524 5005 et
2548 4944 2783 5021 angelos
2817 4953 2873 5004 et
2904 4947 3172 5006 homines
3202 4947 3469 5007 illustrat.
3501 4946 3763 5006 Terribi-

2037 5031 2107 5090 lis
2134 5041 2195 5091 ut
2218 5040 2534 5093 castrorum
2567 5036 2717 5093 acies
2744 5035 3029 5106 ordinata,
3061 5034 3335 5095 terribilis
3358 5034 3758 5107 daemonibus,

2033 5121 2294 5180 ordinata
2362 5124 2692 5195 virtutibus,
2743 5124 3053 5199 singularis
3124 5126 3294 5183 timor
3356 5124 3763 5199 malignorum

2033 5211 2369 5286 spirituum,
2414 5214 2678 5286 specialis
2716 5229 2878 5273 amor
2916 5216 3133 5274 civium
3176 5215 3493 5275 beatorum.
3538 5214 3762 5292 Sequi-

2036 5307 2126 5359 tur
2147 5302 2216 5359 de
2246 5303 2373 5376 ejus
2395 5304 2830 5363 conversatione
2856 5323 2869 5362 :
2897 5330 2923 5353 «
2955 5302 3099 5374 Quae
3127 5317 3208 5365 est
3236 5304 3362 5374 ista,
3394 5321 3527 5382 quas
3554 5320 3763 5364 ascen-

2033 5391 2116 5449 dit
2158 5407 2259 5465 per
2298 5392 2610 5466 desertum,
2641 5395 2788 5454 sicut
2825 5395 3052 5473 virgula
3089 5397 3241 5465 fumi
3275 5413 3351 5457 ex
3388 5397 3765 5460 aromatibus

2031 5483 2311 5561 myrrhae,
2342 5490 2397 5546 et
2422 5483 2628 5558 thuris,
2662 5490 2717 5547 et
2746 5487 3007 5548 universi
3041 5488 3299 5561 pulveris
3324 5488 3699 5564 pigmentarii
3720 5490 3761 5550 ἵ

2033 5575 2145 5634 Ista
2179 5582 2264 5635 est
2304 5576 2563 5650 speciosa
2602 5574 2753 5649 inter
2793 5576 2940 5636 ﬁlias
2975 5575 3296 5640 Jerusalem
3345 5583 3525 5663 (Cant.
3569 5583 3675 5651 In).
3712 5604 3751 5629 ι-

2030 5664 2334 5726 Desertum
2355 5672 2442 5726 est
2465 5667 2701 5727 vastitas
2719 5666 2900 5744 hujus
2919 5668 3149 5742 mundi,
3171 5670 3233 5730 in
3252 5685 3372 5746 quo
3394 5670 3594 5731 bestiae
3612 5672 3753 5745 agri
