4064 6208
342 176 446 239 721

1889 177 2139 243 SERMO
2174 182 2329 245 XLI.

3746 184 3853 247 722

341 300 1869 381 frequentiusludunt,ubiprincepsillenequissimus
1886 303 2253 366 omniAnon
2284 310 2529 376 tantum,
2558 313 2845 380 quantum
2874 308 3199 369 confracta.
3243 308 3469 368 Crebris
3506 310 3664 369 enim
3704 315 3842 371 tun-

337 394 680 457 fortitudine
700 391 1077 467 principatur.
1099 392 1403 461 Desertum
1424 403 1617 455 autem
1639 396 1868 469 dicitur,
1883 402 2053 472 quasi

339 484 680 551 derelictum
721 495 756 539 a
795 478 1076 540 virtutum
1119 481 1637 555 administratione,
1683 501 1819 544 cum
1851 502 2052 548 earum

338 579 680 645 conventus,
703 569 1038 631 abundante
1060 570 1378 648 iniquitate,
1401 574 1475 632 ad
1495 574 1756 648 proprios
1785 582 1945 634 ortus
1969 593 2054 634 re-

336 663 639 723 volaverit.
670 660 816 722 205
843 660 987 731 Qua
1015 663 1292 732 ascendit,
1325 663 1530 738 inquit.
1557 663 1623 722 In
1651 665 1828 738 hujus
1849 667 2049 725 saculi

338 751 625 813 vanitates
666 767 873 811 omnes
918 752 1008 811 vel
1053 751 1399 811 descendere
1450 751 1540 810 vel
1589 752 1791 811 cadere
1836 768 2046 828 cogno-

340 844 606 909 scuntur,
639 856 920 916 rarusque
949 839 1052 915 qui
1092 856 1210 899 non
1258 840 1349 898 vel
1395 840 1704 900 descendat
1749 842 1839 900 vel
1886 842 2049 902 cadat

336 928 401 986 in
452 928 632 1002 hujus
690 928 1206 989 turbulentissima
1262 930 1668 1003 profunditatis
1742 947 2041 994 oceanum.

339 1015 475 1076 Sola
516 1016 621 1077 illa
657 1024 842 1078 mater
880 1024 937 1076 et
974 1017 1093 1076 ﬁlia
1126 1018 1410 1078 Creatoris
1448 1035 1552 1080 nec
1598 1021 1891 1080 descendit
1940 1039 2047 1083 nec

333 1103 561 1176 cecidit,
602 1104 701 1163 sed
746 1106 818 1167 de
867 1104 1081 1163 virtute
1124 1104 1182 1162 in
1229 1105 1501 1164 virtutem
1539 1107 1856 1166 ascendens
1905 1125 2044 1168 con-

333 1194 724 1254 summatione
773 1194 1057 1252 virtutum
1124 1194 1326 1253 vestita
1377 1202 1478 1253 est.
1540 1195 1797 1266 Qualiter
1850 1206 2045 1259 autem

328 1279 633 1340 ascendit?
680 1280 831 1340 sicut
873 1281 1122 1354 virgula,
1172 1281 1383 1357 inquit,
1433 1284 1601 1344 fumi.
1655 1283 1764 1344 Sed
1807 1294 1861 1344 et
1920 1289 2045 1349 hac

329 1370 587 1445 operatio
632 1385 813 1447 quam
859 1369 1213 1443 significanti
1267 1369 1651 1429 similitudine
1692 1371 1767 1430 sit
1798 1373 2041 1449 signata,

331 1458 620 1533 recollige.
659 1457 899 1531 Virgula
930 1457 1080 1517 fumi
1107 1463 1255 1516 recta
1294 1466 1397 1528 est,
1438 1458 1691 1531 subtilis,
1734 1461 2041 1537 odorifera,

331 1556 385 1609 et
430 1557 650 1626 quanto
694 1550 880 1624 magis
918 1550 981 1605 in
1024 1565 1155 1608 aera
1205 1549 1558 1621 extenditur,
1597 1558 1753 1610 tanto
1791 1554 2043 1628 amplius

2137 397 2400 457 sionibus
2432 398 2775 473 supertrita,
2808 398 3173 459 remotiorem
3203 400 3375 458 etiam
3413 398 3607 459 locum
3643 399 3837 463 odori-

2137 488 2257 547 fera
2283 488 2689 562 conspersione
2728 491 3073 549 refundunt.
3113 490 3208 549 Sic
3251 497 3306 549 et
3344 491 3589 550 virtutes
3616 491 3677 549 in
3707 507 3844 567 pace

2134 577 2371 652 quidem
2405 578 2625 636 fortiter
2652 579 2926 650 redolent,
2959 580 3057 638 sed
3100 579 3302 639 fortius
3343 580 3405 638 in
3448 579 3844 650 tribulatione,

2132 666 2271 739 quia
2310 666 2493 723 virtus
2522 665 2583 722 in
2614 680 2751 739 pace
2788 667 3127 741 acquiritur,
3165 667 3222 727 in
3271 667 3666 742 persecutione
3709 683 3839 742 pro-

2133 753 2322 824 batur,
2357 752 2702 827 approbatur
2732 752 2791 811 in
2833 755 3091 814 victoria.
3134 756 3455 814 Universus
3483 771 3618 829 ergo
3648 757 3841 831 pulvis

2130 843 2549 917 pigmentarius
2578 843 2640 900 in
2673 843 2912 918 Virgine
2944 846 3234 919 conjectus
3270 853 3376 916 est,
3418 842 3562 900 206
3599 847 3738 919 quia
3775 846 3834 903 in

2130 947 2197 989 ea
2236 932 2520 990 virtutum
2556 940 2878 990 conventus
2922 933 3302 991 reverendum
3354 933 3464 991 sibi
3515 932 3837 992 thalamum

2129 1019 2503 1091 consecravit,
2550 1026 2606 1078 et
2644 1021 2692 1077 si
2728 1022 2949 1079 caeteris
2983 1037 3083 1094 per
3126 1029 3313 1094 partes
3348 1020 3595 1097 Spiritus
3635 1021 3839 1092 afﬂuit,

2131 1108 2329 1166 Maria
2358 1116 2545 1167 tamen
2588 1115 2700 1168 tota
2741 1111 3038 1183 plenitudo
3080 1110 3280 1184 gratiae
3329 1111 3680 1183 supervenit.
3724 1110 3842 1168 Nec

2130 1196 2373 1270 integra
2410 1197 2645 1256 fuerunt
2672 1198 2730 1255 in
2772 1215 2839 1255 ea
2874 1199 3110 1272 species,
3152 1198 3246 1256 sed
3290 1198 3352 1255 in
3390 1198 3838 1257 subtilissimum

2129 1286 2527 1356 comminuta,
2578 1286 2715 1358 quia
2757 1287 2881 1359 ipsa
2919 1292 3001 1345 est
3036 1303 3187 1363 qua,
3224 1287 3556 1346 fortioribus
3596 1288 3838 1347 tribula-

2129 1373 2354 1432 tionum
2380 1374 2603 1431 malleis
2632 1390 3021 1448 supergressa,
3051 1375 3194 1447 vidit
3218 1391 3393 1433 suum
3415 1381 3469 1432 et
3491 1376 3594 1433 Dei
3624 1370 3839 1433 Filium

2126 1459 2282 1534 afﬁgi
2310 1462 2486 1531 cruci,
2535 1460 2768 1519 militari
2815 1462 3009 1520 lancea
3050 1463 3369 1535 vulnerari,
3411 1471 3466 1521 et
3503 1463 3656 1521 inter
3691 1464 3839 1521 duos

2129 1549 2379 1609 latrones
2411 1550 2663 1624 positum
2691 1552 2957 1624 expirare
2987 1552 3161 1624 (Joan.
3193 1555 3344 1625 XIX).

329 1638 626 1698 dilatatur.
661 1637 755 1698 Sic
779 1645 837 1697 et
861 1636 1199 1712 angelorum
1241 1638 1437 1714 regina
1471 1647 1621 1717 recta
1649 1648 1736 1701 est
1759 1644 1821 1701 in
1857 1645 2043 1703 subli-
2063 1661 2110 1722 Β
2206 1637 2483 1714 Sequitur
2516 1638 2587 1696 de
2624 1639 2750 1712 ejus
2788 1640 3202 1714 Assumptione
3226 1661 3239 1699 :
3262 1641 3404 1711 Qua
3434 1647 3517 1700 est
3544 1642 3673 1713 ista,
3706 1657 3840 1717 qua

333 1728 533 1787 mitate
577 1728 1050 1799 conversationis,
1104 1728 1240 1802 quia
1278 1729 1443 1802 virga
1482 1729 1836 1804 directionis,
1892 1734 2051 1810 virga
2129 1728 2387 1787 ascendit
2423 1727 2493 1787 de
2532 1729 2773 1800 deserto,
2815 1729 3038 1789 deliciis
3076 1731 3338 1803 afﬂuens,
3397 1732 3605 1791 innixa
3672 1748 3843 1805 super

335 1817 495 1891 regni
533 1816 766 1879 Domini
815 1819 986 1887 (Psal.
1030 1822 1214 1887 XLIV).
1270 1817 1511 1877 Subtilis
1543 1819 1605 1876 in
1642 1819 1869 1881 deitatis
1910 1839 2049 1883 con-

2129 1816 2405 1876 dilectum
2435 1818 2653 1876 suum?
2681 1816 2820 1875 Hac
2849 1824 2935 1875 est
2966 1819 3165 1893 regina
3200 1819 3323 1891 illa,
3363 1835 3542 1895 quam
3579 1820 3839 1879 videntes

332 1907 729 1982 templatione,
765 1908 904 1981 quia
949 1908 1072 1982 ipsa
1126 1914 1210 1967 est
1246 1923 1379 1983 qua
1431 1908 1806 1969 conservabat
1852 1914 2048 1973 omnia
2126 1907 2265 1965 ﬁlia
2306 1906 2467 1978 Sion,
2518 1929 2540 1957 ι
2580 1907 2968 1967 beatissimam
3008 1910 3488 1983 pradicaverunt,
3530 1917 3587 1968 et
3620 1909 3837 1985 regina

332 1997 510 2057 verba
534 1998 681 2070 hac,
723 1997 1024 2057 conferens
1055 1996 1116 2054 in
1147 1995 1317 2055 corde
1354 2012 1461 2056 suo
1498 2000 1652 2068 (Luc.
1695 2003 1779 2068 ll).
1840 1998 2046 2061 Odori-

330 2085 449 2146 fera
476 2089 540 2144 in
579 2087 862 2146 virtutum
890 2084 1183 2159 Opinione,
1229 2084 1367 2158 quia
1401 2085 1695 2144 currimus
1720 2087 1780 2145 in
1811 2088 2044 2147 odorem

328 2181 763 2249 unguentorum
788 2189 1028 2234 suorum
1055 2175 1237 2241 (Cant.
1267 2178 1329 2244 ι).
1356 2174 1622 2248 Angusta
1657 2175 1719 2232 in
1754 2182 2040 2249 tempora-

329 2265 507 2335 libus,
536 2266 676 2339 quia
702 2280 817 2339 non
849 2272 969 2323 erat
1006 2264 1059 2322 ei
1099 2264 1260 2322 locus
1306 2265 1367 2322 in
1404 2263 1726 2324 diversorio
1763 2266 1911 2339 (Luc.
1956 2269 2040 2339 II).

327 2353 395 2415 In
422 2352 823 2426 spiritualibus
861 2353 1115 2421 dilatata,
1147 2352 1283 2427 quia
1320 2352 1500 2411 astitit
1532 2353 1731 2426 regina
1759 2370 1792 2412 a
1823 2354 2043 2414 dextris

326 2442 558 2502 Domini
600 2445 771 2510 (Psal.
821 2446 1007 2511 XLIV).
1054 2441 1196 2499 Hac
1233 2446 1319 2500 est
1348 2441 1511 2514 virga
1544 2441 1643 2500 illa
1688 2458 1801 2518 qua
1837 2450 2040 2502 retun-

322 2533 546 2595 duntur
585 2532 839 2606 impetus
884 2530 1317 2589 adversantium
1366 2530 1793 2590 damoniorum
1829 2557 1842 2592 :
1876 2533 2040 2608 virga

322 2620 537 2695 Aaron,
583 2636 685 2694 per
720 2635 899 2694 quam
935 2619 1089 2678 fiunt
1119 2618 1283 2692 signa
1313 2624 1370 2677 et
1398 2618 1709 2678 mirabilia.
1750 2620 2031 2681 Baculum

316 2715 515 2769 autem
571 2707 757 2768 crucis
800 2706 1077 2782 intellige,
1122 2722 1238 2783 quo
1292 2723 1409 2766 non
1461 2707 1651 2767 solum
1703 2708 2036 2769 verberatus

318 2806 426 2869 est,
455 2801 554 2860 sed
579 2806 637 2860 et
661 2799 884 2860 occisus
909 2798 1009 2857 ille
1036 2798 1380 2859 insanabilis
1418 2801 1482 2872 [Ῑ.
1528 2799 1890 2875 insatiabilis]
1924 2802 2035 2860 ho-

318 2888 548 2955 micida,
578 2889 681 2962 qui
712 2886 998 2947 mortibus
1024 2885 1333 2945 hominum
1364 2885 1621 2960 pascitur
1655 2895 1711 2944 et
1750 2888 2029 2946 nutritur.

315 2975 385 3035 In
416 2975 652 3049 Virgine
678 2975 839 3049 virga
876 2981 932 3033 et
971 2973 1175 3033 baculo
1207 2990 1376 3032 cruce
1418 2974 1763 3034 miserorum
1812 2991 1940 3050 spes
1975 2982 2030 3033 et

314 3064 625 3124 consolatio
648 3065 992 3124 continetur.
1038 3062 1199 3123 Sicut
1236 3061 1507 3124 sublimis
1546 3062 1829 3138 Propheta
1874 3064 2027 3123 clara

313 3167 455 3212 voce
490 3152 741 3212 declarat
772 3173 783 3212 :
812 3174 840 3207 α
863 3153 1058 3229 Virga,
1100 3153 1308 3228 inquit,
1353 3159 1470 3224 tua,
1510 3159 1566 3212 et
1608 3152 1852 3212 baculus
1889 3160 2026 3212 tuus

313 3240 439 3314 ipse
467 3255 559 3298 me
589 3241 880 3302 consolata
909 3248 1045 3300 sunt
1074 3243 1237 3315 (Psal.
1271 3243 1445 3314 XXII).
1488 3264 1510 3292 ι

387 3327 664 3404 Sequitur
691 3348 704 3387 :
735 3329 821 3389 Ex
846 3329 1204 3389 aromatibus
1230 3330 1484 3404 myrrha
1509 3336 1564 3389 et
1594 3328 1799 3388 thuris.
1831 3330 2027 3389 Nomi-

312 3424 532 3477 nantur
558 3418 794 3495 species,
825 3418 895 3477 de
924 3417 1138 3493 quibus
1164 3420 1475 3476 aromatica
1508 3417 1730 3489 virgula
1760 3417 2025 3477 subleva-

314 3511 432 3577 tur,
497 3507 751 3579 myrrha
800 3514 855 3566 et
899 3506 1106 3566 thuris.
1158 3505 1393 3581 Myrrha
1451 3521 1687 3579 corpora
1741 3506 2023 3566 dissoluta

309 3595 651 3678 consolidat,
686 3602 743 3655 et
768 3597 1009 3656 cadaver
1042 3595 1312 3655 exanime
1341 3593 1453 3653 sibi
1484 3595 1759 3667 vindicat,
1800 3610 1874 3653 ne
1911 3611 2022 3669 pu-

307 3691 535 3747 trescat.
564 3685 725 3745 Thus
749 3693 946 3747 autem
974 3686 1088 3765 Deo
1118 3686 1179 3745 in
1208 3687 1465 3747 oratione
1495 3684 1844 3756 accenditur,
1875 3686 2025 3743 sicut

308 3773 733 3849 multiplicibus
764 3771 1194 3849 Scripturarum
1224 3773 1567 3833 testimoniis
1587 3773 1917 3831 edocemur.
1953 3772 2020 3832 In

306 3863 548 3937 myrrha
575 3862 1014 3933 continentiam,
1051 3864 1110 3921 in
1150 3864 1316 3922 thure
1345 3861 1709 3920 devotionem
1738 3860 2019 3934 intellige.

305 3951 453 4011 Caro
476 3951 635 4010 enim
664 3949 924 4025 Virginis
952 3967 1028 4010 ex
1052 3952 1239 4009 Adam
1265 3958 1561 4026 assumpta
1592 3949 1846 4008 maculas
1876 3949 2023 4009 Ada

305 4054 425 4097 non
466 4037 721 4109 admisit,
768 4039 866 4097 sed
906 4037 1219 4112 singularis
1267 4037 1640 4096 continentiae
1687 4037 1906 4112 puritas
1958 4038 2019 4095 in

302 4127 617 4187 candorem
643 4127 791 4187 lucis
818 4135 1053 4187 aterna
1080 4144 1355 4187 conversa
1382 4133 1486 4185 est.
1522 4125 1698 4187 Porro
1732 4127 1865 4201 quis
1890 4128 2019 4203 ejus

300 4219 672 4281 devotionem
720 4220 930 4280 votivis
970 4219 1240 4279 laudibus
1277 4219 1483 4293 poterit
1519 4218 1843 4293 adaquare,
1883 4233 2018 4278 cum

302 4314 647 4367 rememoret
693 4308 937 4368 missum
999 4305 1434 4381 archangelum,
1509 4306 2015 4381 supervenientem

307 4395 617 4471 Spiritum,
648 4397 863 4457 Filium
903 4403 1266 4471 conceptum,
1302 4395 1489 4454 Deum
1528 4404 1751 4468 natum,
1793 4395 2016 4454 stellam

299 4501 538 4555 novam,
564 4503 871 4560 magorum
896 4486 1160 4561 gloriam,
1191 4502 1502 4546 munerum
1533 4487 1798 4562 gratiam,
1830 4493 1886 4546 et
1915 4504 2015 4547 su-

298 4590 405 4649 per
434 4575 561 4636 hac
592 4575 790 4635 omnia
826 4573 1219 4634 testimonium
1266 4574 1632 4632 conscientia
1672 4575 1835 4633 sua?
1879 4574 2017 4633 Hac

2128 1995 2513 2054 laudaverunt
2536 2011 2663 2054 eam
2695 1999 2873 2066 (Cant.
2906 2003 3011 2067 VI).
3042 2021 3068 2049 υ
3118 1997 3392 2055 Ascendit
3431 2003 3624 2056 autem
3664 1999 3837 2057 hodie

2124 2084 2195 2143 de
2220 2086 2467 2156 deserto,
2498 2086 2557 2144 id
2584 2092 2667 2144 est
2705 2087 2776 2145 de
2815 2089 3054 2158 mundo,
3088 2087 3159 2145 ad
3192 2087 3403 2160 regalis
3432 2088 3628 2146 throni
3658 2088 3833 2146 celsi-
3934 2140 3939 2143 _

2124 2174 2386 2233 tudinem
2433 2175 2765 2234 sublimata.
2813 2175 3066 2248 Deliciis,
3117 2175 3329 2249 inquit,
3374 2174 3637 2235 afﬂuens.
3691 2174 3835 2235 Vere

2121 2260 2390 2333 affluens,
2421 2262 2558 2335 quia
2590 2283 2617 2315 α
2649 2262 2850 2321 multa
2879 2262 3018 2320 ﬁlia
3043 2269 3545 2337 congregaverunt
3574 2263 3831 2335 divitias,

2121 2351 2248 2410 hac
2270 2367 2637 2424 supergressa
2664 2357 2747 2409 est
2777 2350 3080 2409 universas
3103 2354 3277 2423 (Prov.
3310 2356 3504 2426 XXIX).
3532 2376 3558 2401 ι»
3593 2350 3836 2411 Delicia-

2119 2457 2252 2499 rum
2286 2446 2483 2499 autem
2512 2440 2638 2513 ejus
2666 2454 2785 2497 non
2817 2446 2902 2497 est
2930 2455 3230 2510 numerus,
3265 2440 3423 2515 quia,
3455 2440 3597 2498 dum
3647 2439 3833 2514 Spiri-

2121 2534 2245 2588 tum
2284 2535 2551 2587 sanctum
2587 2527 2847 2600 suscipit,
2889 2527 3138 2600 concipit
3181 2526 3285 2586 Dei
3332 2527 3569 2597 Filium,
3613 2527 3832 2600 Regem

2117 2618 2317 2691 gloria
2350 2623 2603 2692 generat,
2645 2622 2904 2690 penetrat
2939 2614 3134 2686 caelos,
3163 2608 3461 2674 cumulata
3489 2615 3731 2686 divitiis,
3778 2623 3835 2673 et

2116 2707 2343 2767 deliciis
2362 2706 2607 2765 aﬂluens
2630 2706 2701 2764 ad
2725 2721 2966 2780 regnum
2994 2705 3182 2764 evolat
3198 2705 3613 2778 sempiternum
3631 2720 3828 2764 suum.

2117 2795 2329 2854 Innixa
2365 2811 2539 2870 super
2577 2794 2852 2854 dilectum
2896 2809 3091 2852 suum.
3135 2792 3263 2852 Rex
3303 2793 3587 2852 virtutum
3634 2792 3829 2851 dilecti

2116 2883 2283 2942 Pater
2299 2891 2401 2956 est,
2420 2883 2478 2941 in
2498 2897 2614 2957 quo
2634 2882 2744 2941 sibi
2772 2881 2917 2939 bene
2937 2879 3282 2954 complacuit
3305 2882 3525 2949 (Matth.
3542 2893 3627 2951 nt,
3651 2884 3823 2950 XVII).

2120 2971 2307 3045 Super
2345 2972 2505 3030 hunc
2543 2971 2818 3029 innititur
2848 2969 3030 3027 Mater
3064 2968 3166 3026 illa
3193 2967 3435 3036 felicior,
3474 2975 3531 3026 et
3557 2969 3620 3027 in
3650 2984 3829 3028 aureo

2115 3060 2482 3120 reclinatorio
2558 3059 2776 3119 divina
2862 3058 3173 3133 majestatis
3240 3057 3606 3129 incumbens,
3674 3057 3827 3115 intra

2113 3151 2334 3224 sponsi,
2376 3149 2495 3208 imo
2533 3148 2683 3209 Filii
2718 3148 2831 3219 sui,
2878 3147 3115 3206 brachia
3152 3147 3478 3223 requiescit.
3526 3146 3571 3206 Ο
3612 3151 3828 3222 quanta

2111 3238 2385 3312 dignitas,
2418 3251 2593 3312 quam
2635 3236 2897 3310 specialis
2923 3235 3195 3309 potentia,
3235 3235 3408 3293 inniti
3445 3251 3618 3309 super
3655 3236 3824 3294 illum

2113 3342 2289 3402 quem
2317 3326 2593 3399 angelica
2625 3331 2925 3398 potestates
2946 3331 3285 3383 reverentur
3311 3325 3563 3397 aspicere
3587 3329 3599 3382 l

2182 3416 2324 3474 Hac
2373 3422 2509 3474 sunt
2545 3431 2681 3486 ergo
2731 3429 2863 3489 qua
2899 3414 3172 3488 prasenti
3210 3412 3504 3472 festivitati
3544 3412 3654 3470 sub
3698 3428 3827 3472 um-

2110 3505 2232 3565 bris
2266 3512 2322 3564 et
2356 3502 2711 3576 imaginibus
2747 3502 3056 3575 dignanter
3086 3500 3382 3573 alludunt,
3422 3506 3479 3559 et
3521 3500 3825 3559 sacratiore

2113 3593 2364 3668 tegmine
2398 3594 2584 3651 velata
2607 3593 2913 3665 gratiosius
2937 3591 3154 3662 lucent,
3182 3606 3313 3650 cum
3346 3591 3636 3665 potuerint
3658 3606 3822 3650 reve-

2111 3681 2240 3740 lari.
2274 3684 2484 3741 Amen.

2749 3748 2998 3811 SERMO
3018 3750 3170 3810 XLI.

2250 3854 2290 3900 Ῑ.
2309 3853 2383 3900 DE
2407 3854 2454 3900 S.
2482 3851 2939 3902 BARTHOLOMEO
2960 3852 3275 3899 APOSTOLO.
3306 3845 3484 3910 (XXIV
3504 3845 3674 3909 Αυα.)

2176 3952 2469 4012 Hodierna
2542 3950 2842 4019 festivitas,
2906 3948 3291 4021 dilectissimi,
3363 3965 3477 4025 qua
3551 3948 3820 4008 videlicet

2108 4040 2480 4115 triumphalia
2523 4038 2587 4098 B.
2639 4038 3049 4097 Bartholomai
3099 4045 3255 4110 gesta
3302 4037 3633 4111 recolimus,
3700 4053 3816 4096 non

2104 4137 2191 4191 est
2223 4131 2452 4205 propria
2490 4128 2799 4204 cujuslibet
2833 4126 3083 4186 civitatis
3117 4132 3220 4185 aut
3267 4126 3490 4201 patria,
3521 4127 3617 4185 sed
3657 4142 3819 4185 com-

2106 4219 2305 4280 munis
2343 4224 2429 4277 est
2464 4215 2764 4276 catholica
2805 4216 2978 4275 totius
3035 4214 3326 4274 Ecclesia.
3377 4215 3491 4274 Nec
3528 4214 3820 4274 immerito

2103 4310 2312 4369 colitur
2348 4315 2403 4368 et
2440 4312 2754 4367 veneratur
2786 4306 2857 4363 ab
2885 4305 3180 4377 omnibus,
3221 4306 3323 4381 qui
3365 4304 3579 4365 nobilis
3625 4305 3817 4363 archi-

2031 4372 2083 4437 D
2106 4405 2287 4457 tectus
2313 4414 2447 4457 cum
2477 4395 2661 4455 beatis
2689 4394 3032 4470 coapostolis
3058 4372 3184 4453 suis
3213 4372 3350 4452 fidei
3371 4395 3816 4453 fundamentum

2102 4485 2314 4562 posuit,
2383 4501 2557 4559 super
2624 4483 2775 4557 quod
2851 4481 3141 4541 nascentis
3198 4482 3470 4540 Ecclesia
3526 4488 3816 4542 structura

2103 4574 2379 4634 surrexit.
2410 4572 2539 4631 Huc
2566 4572 2784 4630 accedit
2812 4572 2972 4645 quia,
3012 4586 3149 4629 cum
3187 4576 3420 4628 senatus
3467 4571 3816 4643 apostolicus

300 4670 442 4722 sunt
464 4664 580 4723 duo
607 4678 743 4738 qua
774 4663 1119 4738 virginalem
1150 4662 1531 4722 substantiam
1563 4669 1675 4721 tota
1701 4662 2018 4723 circumde-
2095 4663 2303 4737 judicii
2332 4662 2445 4721 sibi
2478 4660 2732 4719 vindicet
2759 4660 2973 4720 solium
2998 4665 3169 4733 atque
3209 4659 3360 4716 inter
3388 4664 3592 4716 omnes
3618 4660 3814 4718 beato-

297 4751 438 4811 dere
470 4754 699 4824 virtute,
739 4751 1094 4813 continentia
1119 4751 1333 4810 scilicet
1369 4758 1423 4810 et
1469 4751 1720 4822 devotio,
1764 4768 2014 4826 quorum

298 4840 549 4901 alterum
599 4858 852 4912 carnem,
899 4840 1151 4900 alterum
1199 4848 1450 4900 mentem
1502 4841 1579 4900 ita
1626 4842 1897 4916 possedit,
1953 4848 2019 4902 ut

298 4944 433 4989 caro
459 4930 863 5002 mundissima,
893 4945 1059 4989 mens
1081 4929 1392 5005 purissima
1418 4930 1754 5004 genitricem
1784 4930 2015 4991 Domini

298 5017 660 5093 singularius
684 5026 1102 5078 consecrarent.

374 5103 485 5166 Sed
516 5123 590 5166 ne
618 5116 849 5182 putares
879 5106 971 5166 his
1000 5107 1230 5167 duabus
1259 5108 1396 5168 solis
1422 5108 1737 5169 virtutibus
1767 5110 2017 5186 insigni-

301 5204 417 5256 tam
453 5198 754 5257 dominam
782 5198 940 5257 orbis
976 5206 1029 5257 et
1069 5200 1329 5273 reginam
1358 5200 1660 5270 calorum,
1705 5201 2014 5277 subsequi—

304 5293 399 5345 tur
455 5285 886 5361 Scripturarum
941 5288 1296 5348 auctoritas:
1330 5288 1398 5347 Et
1453 5289 1709 5348 universi
1757 5290 2018 5363 pulveris

297 5373 691 5448 pigmentarii.
742 5374 852 5435 Hic
894 5392 1237 5452 expressum
1286 5383 1372 5436 est
1423 5378 1712 5452 quidquid
1764 5380 2016 5454 exprimi

301 5465 504 5543 potuit.
537 5462 768 5540 Species
791 5464 1028 5553 quidem
1069 5466 1308 5541 integra
1344 5465 1578 5527 odorem
1612 5467 1879 5537 reddunt,
1916 5469 2013 5528 sed

2103 4767 2239 4810 rum
2266 4751 2501 4810 ordines
2527 4749 2774 4823 egregia
2801 4748 3099 4823 dignitatis
3129 4747 3382 4807 obtineat
3404 4748 3815 4823 principatum,

2100 4840 2210 4899 iste
2260 4840 2323 4898 in
2379 4854 2581 4898 eorum
2641 4838 2897 4912 catalogo
2956 4852 3073 4895 non
3144 4835 3510 4896 mediocriter
3566 4837 3817 4912 insignis

2101 4935 2279 5003 atque
2335 4929 2685 5004 conspicuus
2731 4936 2964 4988 sextum
3001 4928 3222 4988 obtinet
3262 4930 3473 4989 locum.
3517 4930 3615 4989 Ait
3654 4930 3813 4989 enim

2100 5019 2452 5093 evangelista
2489 5019 2799 5078 Matthaus
2833 5044 2845 5078 :
2880 5042 2908 5070 α
2939 5019 3255 5079 Duodecim
3291 5026 3486 5080 autem
3529 5022 3814 5097 apostolo-

2102 5127 2231 5170 rum
2271 5112 2508 5169 nomina
2545 5118 2682 5169 sunt
2723 5110 3137 5184 hac:primus
3184 5110 3410 5185 Simon,
3454 5113 3554 5185 qui
3602 5112 3816 5174 dicitur

2103 5200 2325 5275 Petrus,
2356 5208 2412 5260 et
2451 5201 2712 5261 Andreas
2756 5202 2931 5260 frater
2978 5202 3122 5274 ejus,
3161 5201 3411 5262 Jacobus
3446 5202 3728 5275 Zehedai,
3763 5212 3821 5263 et

2098 5291 2351 5350 Joannes
2402 5292 2577 5349 frater
2634 5291 2780 5365 ejus,
2836 5290 3159 5367 Philippus,
3226 5301 3282 5353 et
3331 5293 3813 5368 Bartholomaus,

2100 5382 2374 5453 Thomas,
2415 5389 2471 5440 et
2504 5381 2812 5461 Matthaus
2859 5382 3225 5459 publicanus,
3266 5385 3514 5445 Jacobus
3563 5386 3815 5461 Alphai,

2099 5476 2151 5529 et
2184 5452 2537 5545 Thaddaus,
2562 5452 3170 5545 Simon‘Ch'ananaus,
3201 5452 3256 5532 et
3283 5473 3465 5534 Judas
3496 5452 3819 5549 Iscariotes,
