4064 6208
224 215 331 277 723

843 218 903 279 S.
942 220 1165 280 PETRI
1204 222 1524 283 DAMIANI
1564 225 1722 286 OPP.
1767 226 1958 288 PARS
1999 224 2140 286 SEU
2179 220 2430 282 TOMUS
2472 220 2546 279 Π.
2596 251 2654 263 -
2696 216 3114 279 SERMONES.
3214 274 3217 277 ,

3628 216 3736 277 724

221 345 323 422 qui
344 348 400 403 et
415 342 792 402 tradiditeum
817 346 1037 411 (Matth.
1072 350 1155 413 Χ).
1190 372 1207 393 ο
1238 345 1342 404 His
1364 347 1557 421 itaque
1580 350 1929 420 convocatis,
1951 349 2149 416 Alicet
2200 352 2362 406 erant
2413 343 2714 405 duodecim
2767 344 2974 415 fontes,
3008 347 3065 400 et
3116 339 3477 415 septuaginta
3520 340 3732 415 palma

224 438 287 493 ut
318 431 671 505 evangelista
695 431 1009 506 praemittit,
1038 432 1197 490 dedit
1222 432 1339 491 illis
1370 434 1649 497 Dominus
1687 447 1936 514 potesta-

226 527 338 579 tem
354 520 664 594 spirituum
689 518 1146 585 immundorum,
1178 521 1527 594 utejicerent
1545 540 1660 596 eos,
1694 535 1746 583 et
1764 543 1937 585 cura-

224 617 351 668 rent
368 624 599 669 omnem
618 608 953 682 languorem
974 616 1029 666 et
1046 624 1277 666 omnem
1304 611 1933 688 inlirmitatem(1bid.).

222 697 449 757 Marcus
505 697 677 755 etiam
736 696 1005 753 eumdem
1081 704 1310 754 sextum
1372 700 1672 760 constituit
1744 705 1935 764 locum

219 786 413 858 (Marc.
441 786 541 855 Ill).
582 782 741 840 Unde
777 782 1049 855 colligere
1086 799 1395 858 possumus
1430 797 1645 861 quanta
1676 790 1736 847 in
1770 792 1935 852 beato

220 875 639 963 Eartholomteo
726 874 1070 933 meritorum
1156 879 1536 950 praerogativa
1612 880 1933 963 claruerit,

223 960 368 1021 207
390 964 492 1038 qui
519 972 631 1021 tam
664 963 953 1036 sublimis,
989 972 1276 1041 tantasque
1296 967 1497 1040 gloriae
1527 971 1677 1030 viros
1703 973 1765 1030 in
1794 960 1932 1046 apo;

221 1052 418 1112 stolica
458 1052 734 1126 dignitate
768 1053 1063 1128 praecellit.
1098 1053 1406 1114 Praefertur
1443 1057 1601 1115 enim
1639 1058 1931 1132 Matthazo,

221 1142 322 1215 qui
351 1142 409 1201 in
451 1142 694 1217 mystica
724 1143 1209 1217 evangelistarum
1239 1146 1521 1220 quadriga
1554 1148 1932 1223 principalem

221 1230 472 1303 possidet
502 1232 711 1300 locum,
740 1239 795 1290 et
822 1240 1096 1308 tanquam
1130 1232 1343 1293 Phison
1375 1234 1526 1293 inter
1555 1245 1791 1297 caeteros
1820 1239 1932 1297 flu-

224 1318 346 1376 vios
369 1319 441 1378 de
469 1320 716 1391 paradisi
759 1321 911 1379 fonte
941 1322 1166 1394 primus
1196 1330 1413 1381 eructat
1452 1325 1601 1396 (Gen.
1646 1328 1726 1398 II),
1761 1334 1933 1401 atque

219 1421 454 1465 omnem
536 1410 740 1468 mundi
810 1409 1174 1469 latitudinem
1241 1412 1588 1487 evangelicae
1653 1416 1931 1475 doctrinae

220 1495 455 1553 ﬂuentis
500 1497 763 1555 inundat.
816 1497 1181 1573 Prteponitur
1228 1500 1616 1561 nihilominus
1666 1513 1722 1563 et
1767 1505 1931 1564 beato

222 1580 483 1654 Thomas,
514 1584 682 1658 cujus
700 1585 916 1660 digitus
950 1589 1217 1660 magister
1255 1590 1439 1647 factus
1466 1596 1550 1648 est
1577 1592 1800 1662 mundi,
1828 1595 1926 1668 qui

2017 438 2220 509 (Ea-od.
2278 440 2404 505 XV).
2441 433 2591 505 Quid
2635 432 2794 491 enim
2841 446 2943 506 per
2993 428 3298 489 duodecim
3348 430 3562 502 fontes,
3611 430 3731 490 nisi

2015 525 2197 585 sancti
2257 523 2635 595 designantur
2687 519 2959 596 apostoli,
3007 518 3109 593 qui
3164 517 3491 576 ariditatcm
3542 518 3734 578 cordis

2017 612 2260 673 humani
2297 617 2508 671 sanctze
2541 608 2969 685 praedicationis
3026 623 3135 666 non
3179 607 3457 666 desinunt
3487 607 3732 682 irrigare

2016 703 2248 762 ﬂuentis
2295 700 2322 761 ?
2372 700 2520 772 Quid
2570 716 2706 759 vero
2762 715 2863 774 per
2911 696 3270 771 septuaginta
3320 697 3568 771 palmas,
3617 696 3735 757 nisi

2014 790 2305 850 inferioris
2376 788 2591 861 gradus
2649 787 2859 846 debent
2923 785 3246 845 sacerdotes
3304 784 3572 859 intelligi,
3625 786 3731 862 qui

2013 882 2308 939 constituti
2330 886 2467 938 sunt
2493 895 2595 953 per
2615 877 2901 937 mundum
2928 873 3141 934 Christi
3171 890 3404 933 narrare
3421 874 3731 935 victorias?

2017 967 2212 1026 Palma
2257 968 2545 1043 siquidem
2594 980 2834 1024 manum
2887 963 3031 1022 solet
3080 963 3362 1033 honorare
3409 963 3726 1023 victricem.

2015 1059 2211 1132 Ipsum
2241 1074 2471 1133 quoque
2494 1072 2704 1115 nomen
2726 1055 2880 1114 Elim
2902 1052 3197 1129 aptissime
3224 1068 3541 1127 congruere
3565 1053 3730 1113 vide-

2015 1155 2108 1205 tur
2158 1147 2446 1221 apostolis.
2488 1146 2641 1204 Elim
2694 1144 2855 1203 enim
2924 1144 3169 1202 vertitur
3215 1143 3275 1201 in
3331 1146 3551 1203 arietes.
3610 1143 3732 1217 Ipsi

2013 1235 2297 1294 nimirum
2370 1234 2544 1292 duces
2599 1230 2811 1306 gregis,
2864 1236 3118 1305 pastores
3183 1229 3410 1300 ovium,
3468 1230 3733 1304 magistri

2011 1325 2295 1397 gentium,
2347 1320 2491 1378 208
2544 1322 2832 1396 principes
2884 1320 3251 1394 populorum.
3303 1319 3419 1393 Ipsi
3474 1319 3730 1379 duorum

2012 1413 2512 1472 Testamentorum
2570 1408 2907 1469 auctoritate
2959 1407 3186 1466 sulfulti
3245 1414 3519 1483 tanquam
3576 1408 3736 1467 binis

2011 1501 2286 1560 cornibus
2324 1498 2680 1575 praamuniti,
2720 1497 2983 1570 lupinam
3031 1494 3438 1556 haereticorum
3492 1512 3557 1554 ac
3613 1495 3736 1555 Deo

2012 1592 2401 1652 resistentium
2447 1591 2664 1650 rabiem
2707 1588 3009 1660 ventilant,
3063 1595 3126 1648 ut
3181 1596 3485 1662 sequentes
3525 1588 3735 1648 ovium

221 1673 526 1763 principali
551 1675 802 1749 quadam
827 1675 1102 1751 dignitate
1130 1694 1264 1736 vere
1297 1679 1579 1739 dicendus
1614 1691 1698 1741 est
1724 1683 1924 1756 index,
1950 1688 2235 1763 Bturmas
2269 1683 2340 1741 ad
2387 1680 2693 1740 vtriditatis
2745 1688 2987 1737 aeternae
3048 1694 3255 1752 pascua
3307 1677 3436 1736 sine
3494 1677 3736 1737 laesione

124 1820 129 1823 ,
219 1762 360 1836 quia
399 1764 697 1823 veritatem
728 1765 1045 1827 Dominicze
1092 1767 1282 1827 carnis
1320 1770 1721 1842 ignorantibus
1772 1773 1928 1832 indi-

219 1849 391 1910 cavit.
426 1849 536 1909 Hic
560 1852 718 1909 enim
748 1853 948 1913 beatus
985 1854 1275 1929 apostolus
1314 1858 1721 1917 certitudinem
1762 1860 1932 1920 nobis

221 1955 325 1999 sua
348 1939 638 2000 dubietate
671 1944 939 2016 providit,
969 1953 1022 2003 et
1052 1944 1193 2004 dum
1222 1955 1510 2007 scrutatur
1533 1949 1771 2009 vulnera
1802 1949 1927 2010 Sal-

220 2030 452 2101 vatoris,
482 2031 686 2089 evertit
708 2047 928 2093 errores
951 2042 1123 2108 atque
1160 2038 1444 2095 versutias
1483 2038 1771 2097 haeretica;
1796 2056 1928 2113 pra-

162 2113 166 2116 ⁴
220 2117 428 2176 vitatis.
480 2117 677 2193 Palpat
725 2121 883 2179 enim
938 2122 1234 2181 veritatem
1290 2125 1498 2196 carnis,
1555 2133 1610 2183 et
1659 2127 1932 2200 intelligit

218 2206 692 2280 omnipotentiam
728 2208 972 2269 deitatis.
1008 2232 1037 2265 ί(
1069 2211 1374 2284 Dominus,
1420 2214 1629 2289 inquit,
1672 2231 1837 2275 meus
1876 2223 1931 2275 et

222 2294 373 2355 Deus
402 2312 567 2356 meus
604 2302 786 2366 (Joan.
818 2306 951 2369 xx).
987 2322 1014 2353 »

292 2384 635 2459 Quanquam
674 2403 808 2460 ergo
830 2388 901 2446 de
927 2389 991 2447 B.
1029 2389 1454 2450 Bartholomeeo
1485 2392 1545 2450 in
1584 2393 1931 2453 authenticis

221 2474 385 2535 libris
410 2475 496 2534 nil
518 2478 836 2551 proprium,
855 2478 944 2537 vel
975 2481 1291 2555 singulare,
1324 2491 1533 2555 praeter
1556 2499 1930 2542 communem

222 2560 447 2636 legatur
471 2564 790 2636 historiam,
813 2566 1098 2642 quidquid
1135 2576 1325 2628 tamen
1353 2586 1425 2628 ex
1453 2571 1545 2629 his
1566 2572 1781 2646 quibus
1811 2571 1930 2645 ipse

223 2653 598 2726 praeponitur,
637 2652 1065 2728 Scripturarum
1110 2659 1391 2731 reperitur
1435 2658 1583 2732 stylo
1621 2660 1930 2734 digestum,

220 2738 283 2798 in
306 2741 431 2813 ejus
462 2755 693 2815 quoque
724 2758 840 2801 non
865 2744 1160 2803 dubitatur
1189 2746 1510 2805 redundare
1540 2750 1930 2822 praeconium;

223 2827 357 2886 licet
378 2843 580 2887 omnes
596 2829 780 2889 sancti
799 2830 1037 2904 apostoli
1066 2833 1243 2890 unius
1261 2832 1549 2907 privilegii
1571 2836 1931 2910 dignitatem,

224 2916 403 2976 unius
454 2917 667 2992 fastigii
713 2918 1135 2989 celsitudinem,
1198 2936 1300 2981 nec
1353 2923 1637 2997 disparem
1687 2923 1933 2983 ccelestis

223 3004 425 3079 gratiae
485 3007 930 3081 comprobentur
976 3008 1188 3069 habere
1236 3010 1530 3070 virtutem.
1580 3012 1723 3072 Nam
1780 3016 1934 3088 quod

224 3092 390 3153 beato
418 3094 583 3154 Petro
612 3095 896 3156 Dominus
935 3097 1124 3157 claves
1181 3099 1343 3172 regni
1384 3100 1663 3160 ccelorum
1703 3102 1936 3176 speciali

228 3182 480 3256 quadam
516 3184 703 3244 voluit
739 3186 1044 3246 traditione
1092 3189 1449 3247 committere
1476 3193 1692 3260 Matth.
1741 3198 1935 3263 XVIII),

230 3274 339 3333 hoc
414 3280 708 3349 propterea
780 3277 993 3336 factum
1047 3286 1150 3343 est,
1216 3288 1277 3337 ut
1334 3280 1613 3340 unitatem
1666 3282 1938 3341 Ecclesiae

226 3367 672 3428 commendaret.
741 3369 1026 3430 Caeterum
1098 3372 1382 3448 quidquid
1445 3374 1547 3433 uni
1621 3375 1941 3449 specialiter

227 3456 403 3529 dedit,
439 3460 827 3519 communiter
862 3463 1135 3523 omnibus
1163 3466 1423 3525 contulit.
1456 3465 1742 3527 Omnibus
1781 3468 1939 3526 enim

230 3546 369 3607 dicit
422 3572 435 3606 :
498 3573 523 3596 α
577 3549 833 3624 Accipite
924 3551 1201 3626 Spiritum
1290 3562 1607 3626 sanctum;
1694 3573 1940 3630 quorum

234 3637 571 3697 remiseritis
649 3649 894 3714 peccata,
955 3644 1332 3703 remittuntur
1409 3645 1512 3715 eis,
1566 3654 1622 3704 et
1692 3663 1943 3719 quorum

237 3728 610 3800 retinueritis,
641 3738 859 3790 retenta
888 3739 1024 3792 sunt
1055 3738 1229 3803 (Joan.
1270 3738 1399 3807 xx).
1436 3761 1462 3785 »ι
1499 3736 1569 3795 Et
1598 3737 1783 3796 Lucas
1817 3739 1897 3797 ait
1929 3758 1941 3797 :

239 3838 264 3869 «ι
281 3814 427 3885 Quia
453 3824 778 3881 convocatis
808 3823 1111 3882 duodecim
1135 3825 1429 3899 apostolis,
1446 3827 1602 3886 dedit
1624 3828 1741 3887 illis
1770 3828 1949 3888 virtu-

239 3912 354 3965 tem
384 3914 439 3965 et
485 3916 817 3982 potestatem
844 3928 1017 3986 super
1044 3913 1242 3970 omnia
1280 3913 1588 3985 daemonia,
1624 3923 1681 3973 et
1718 3924 1782 3976 ut
1819 3918 1945 3976 lan—

238 4010 444 4066 guores
464 4006 734 4057 curarent
764 4002 909 4071 (Luc.
937 4006 1020 4074 x).
1053 4022 1081 4055 ιο
1109 4000 1272 4060 Unde
1294 4010 1348 4060 et
1373 4003 1493 4077 ipse
1509 4003 1793 4063 Dominus
1819 4004 1900 4064 ait
1931 4034 1944 4070 ε

250 4108 273 4129 «ι
300 4084 443 4142 Ecce
469 4085 603 4145 dedi
630 4088 793 4147 vobis
814 4096 1147 4162 potestatem
1175 4090 1433 4151 calcandi
1460 4109 1634 4167 supra
1657 4103 1950 4169 serpentes

240 4177 295 4227 et
349 4174 693 4245 scorpiones,
756 4183 811 4233 et
858 4191 1028 4250 super
1086 4192 1318 4236 omnem
1381 4180 1652 4240 virtutem
1702 4182 1947 4253 inimici,

243 4266 299 4316 et
357 4259 508 4318 nihil
564 4261 727 4320 vobis
797 4264 1021 4322 nocebit
1075 4267 1287 4335 (Ibid).
1349 4291 1367 4315 ιο
1429 4267 1501 4327 Et
1549 4271 1721 4343 paulo
1778 4287 1948 4345 supe-

244 4351 368 4410 rius
423 4370 435 4409 :
503 4378 519 4400 ι
577 4352 689 4423 Qui
749 4371 850 4414 vos
915 4357 1096 4429 audit,
1153 4374 1247 4417 me
1320 4358 1502 4432 audit,
1559 4368 1614 4420 et
1679 4364 1783 4439 qui
1851 4382 1950 4425 vos

243 4441 482 4513 spernit,
531 4458 625 4502 me
668 4445 887 4518 spernit
929 4448 1139 4516 (Ibid).
1186 4470 1212 4500 υ
1255 4448 1409 4509 Illud
1457 4450 1627 4510 etiam
1677 4453 1950 4515 omnibus

244 4528 442 4589 dixit:
480 4554 502 4582 ι
551 4530 661 4602 Qui
687 4534 868 4591 credit
917 4536 974 4592 in
1015 4551 1126 4606 inc,
1158 4553 1349 4611 opera,
1379 4555 1513 4614 quae
1559 4556 1663 4615 ego
1704 4541 1867 4610 facio,
1896 4551 1951 4602 et

244 4616 365 4692 ipse
393 4619 596 4693 faciet;
626 4629 681 4681 et
723 4623 938 4697 majora
978 4624 1185 4684 horum
1234 4628 1416 4698 faciet,
1451 4629 1588 4703 quia
1620 4630 1689 4689 ad
1725 4630 1949 4690 Patrem

246 4708 390 4768 vado
419 4713 595 4783 (Joan.
628 4718 776 4782 XIV).
813 4735 841 4765 »

317 4800 491 4861 Porro
538 4810 731 4862 autem
772 4804 924 4877 quod
968 4802 1232 4864 Salvator
1274 4814 1484 4877 noster,
1521 4807 1595 4865 ad
1644 4808 1950 4883 perlicien-

241 4886 382 4951 dum
409 4891 791 4967 apostolicum
821 4892 1106 4966 ordinem,
1135 4895 1479 4955 duodenarii
1508 4898 1739 4956 numeri
1771 4899 1950 4959 voluit

241 4980 452 5055 eligere
495 4983 895 5057 quantitatem,
934 4984 1056 5044 haec
1103 4991 1190 5044 est
1239 5002 1413 5044 causa
1464 5006 1475 5045 :
1533 4986 1820 5055 Quoniam
1868 4994 1951 5046 ter

240 5072 505 5146 quaterni
554 5072 858 5133 duodecim
908 5074 1080 5143 fiunt,
1105 5082 1161 5133 et
1201 5074 1441 5144 rationis
1484 5074 1624 5133 ordo
1662 5076 1948 5151 poscebat,

240 5168 302 5221 ut
336 5162 641 5222 duodecim
684 5164 1035 5237 eligerentur
1062 5164 1322 5237 apostoli,
1356 5164 1460 5240 qui
1496 5171 1709 5224 sanctae
1754 5163 1948 5223 Trini-

243 5252 375 5309 tatis
417 5251 590 5311 tidem
645 5258 977 5327 spargerent
1028 5268 1129 5327 per
1180 5259 1428 5328 quatuor
1479 5260 1664 5328 partes
1719 5253 1943 5312 mundi.

242 5340 351 5400 Hic
393 5341 563 5415 plane
607 5343 888 5417 mysticus
929 5358 1211 5403 numerus
1260 5343 1474 5403 sanctis
1509 5343 1781 5419 apostolis
1818 5360 1950 5402 con-

243 5431 441 5489 venire
473 5437 608 5489 tunc
634 5430 1029 5491 indubitanter
1052 5433 1405 5507 agnoscitur,
1433 5448 1563 5493 cum
1595 5432 1949 5493 Israeliticus

238 5520 490 5594 populus
536 5520 597 5579 in
632 5520 782 5580 Elim
820 5528 1002 5581 castra
1031 5523 1291 5595 posuisse
1328 5529 1614 5595 narratur,
1654 5523 1752 5584 ubi
1788 5523 1946 5584 vide-

2012 1772 2350 1847 perducant.

2087 1863 2155 1919 Et
2185 1861 2503 1921 notandum
2540 1860 2693 1936 quod
2731 1860 2881 1918 sicut
2919 1858 2983 1918 B.
3026 1856 3484 1917 Bartholomteus
3524 1863 3733 1916 sextus

2013 1958 2097 2010 est
2123 1950 2275 2008 intra
2298 1950 2564 2009 ordinem
2592 1948 2994 2023 apostolicum,
3026 1947 3110 2005 sic
3138 1946 3290 2005 Elim
3316 1961 3557 2022 quoque
3580 1945 3737 2003 intra

2014 2038 2315 2098 Israelitici
2350 2039 2548 2114 populi
2595 2036 2929 2097 mansiones
2973 2042 3205 2095 sextum
3250 2033 3472 2093 obtinet
3516 2034 3734 2102 locum,

2016 2135 2080 2185 ut
2105 2126 2243 2185 huic
2277 2140 2487 2184 nomen
2519 2125 2837 2198 spiritualis
2864 2123 3059 2183 arietis
3103 2123 3400 2196 aptissime
3428 2127 3734 2196 congruat,

2015 2232 2047 2274 a
2084 2231 2201 2290 quo
2248 2214 2409 2273 locus
2453 2215 2596 2287 ipse,
2650 2213 2752 2289 qui
2801 2214 2987 2271 fontes
3035 2212 3205 2270 habet
3249 2209 3590 2286 apostolicos
3634 2226 3739 2283 per

2020 2303 2275 2363 nominis
2304 2307 2358 2361 et
2383 2301 2604 2360 ordinis
2636 2300 2978 2374 mysterium
3008 2314 3123 2359 non
3151 2298 3458 2358 discordat.
3483 2297 3734 2357 Sextum

2021 2392 2409 2450 nihilominus
2445 2391 2635 2448 locum
2663 2390 2924 2448 Issachar
2947 2389 3096 2447 inter
3127 2387 3331 2446 fratres
3361 2386 3564 2455 tenuit,
3595 2402 3737 2445 cum

2021 2495 2158 2537 eum
2206 2478 2527 2552 patriarcha
2568 2477 2745 2538 Jacob
2788 2493 2923 2536 cum
2969 2478 3192 2535 caeteris
3241 2476 3515 2535 fratribus
3554 2475 3740 2532 bene-

2020 2568 2189 2626 dixit.
2227 2567 2404 2641 Cujus
2445 2566 2618 2625 etiam
2654 2565 2979 2625 benedictio
3020 2567 3182 2625 beato
3217 2581 3451 2640 quoque
3485 2564 3738 2624 Bai-tho-

2020 2655 2226 2713 lomzeo
2272 2655 2573 2729 perspicue
2623 2655 2927 2729 congruit,
2984 2654 3085 2731 qui
3145 2654 3411 2713 videlicet
3467 2653 3736 2724 Indiam,

2019 2744 2293 2818 gentilem
2341 2745 2544 2818 utique
2591 2743 2890 2818 populum,
2934 2744 2994 2802 in
3045 2750 3257 2803 sortem
3306 2742 3741 2818 praedicationis

2019 2835 2253 2908 accepit.
2291 2833 2437 2892 Nam
2481 2848 2617 2891 cum
2649 2833 2895 2891 diversis
2933 2848 3033 2907 per
3066 2833 3330 2907 quinque
3363 2832 3515 2890 lilios
3554 2832 3738 2890 bene-

2019 2922 2372 2981 dictionibus
2399 2921 2742 2992 distributis,
2781 2921 2854 2978 ad
2885 2921 3146 2979 Issachar
3185 2930 3527 2994 perventum
3559 2927 3735 2992 esset,

2021 3014 2102 3072 ait
2125 3012 2301 3072 Jacob
2335 3037 2347 3071 :
2385 3038 2410 3061 α
2437 3013 2718 3082 Issachar,
2751 3012 2952 3070 asinus
2992 3011 3156 3070 fortis
3191 3012 3480 3070 accubans
3521 3010 3580 3069 in
3619 3018 3741 3069 tero

2025 3104 2219 3173 minis,
2249 3102 2392 3161 vidit
2415 3102 2695 3176 requiem,
2720 3102 2873 3177 quod
2894 3109 3041 3160 esset
3066 3101 3228 3171 bona,
3242 3107 3297 3159 et
3326 3108 3558 3171 terram,
3575 3099 3736 3174 quod

2022 3194 2259 3269 Optima,
2288 3201 2343 3251 et
2369 3194 2669 3267 supposuit
2696 3193 3011 3252 humerum
3057 3207 3234 3251 suum
3280 3191 3352 3249 ad
3390 3191 3741 3265 portandum

2025 3286 2176 3357 (Gen.
2209 3285 2392 3355 XLIX).
2430 3308 2453 3333 η
2486 3283 2552 3341 In
2582 3282 2846 3341 terminis
2881 3282 3096 3357 quippe
3136 3279 3413 3339 accubare
3443 3284 3548 3347 est,
3580 3293 3737 3352 prte-

2026 3375 2228 3432 stolato
2257 3370 2463 3431 mundi
2503 3372 2637 3441 fine,
2668 3370 3047 3444 requiescere,
3079 3368 3344 3443 nihilque
3377 3367 3448 3427 de
3487 3369 3576 3426 his
3602 3382 3741 3441 quas

2028 3478 2188 3521 nunc
2228 3462 2290 3520 in
2329 3459 2518 3519 medio
2548 3466 2869 3531 versantur,
2902 3473 3184 3533 qurerere,
3209 3457 3306 3516 sed
3343 3456 3547 3515 ultima
3582 3456 3741 3514 desi-

2027 3556 2245 3614 derare.
2276 3553 2347 3611 Et
2384 3552 2547 3611 fortis
2572 3552 2775 3610 asinus
2803 3550 3062 3625 requiem
3102 3549 3380 3625 optimam
3411 3545 3572 3617 vidit,
3601 3560 3741 3604 cum

2029 3646 2279 3721 simplex
2306 3643 2598 3719 gentilitas
2623 3643 2835 3702 idcirco
2865 3659 2925 3702 se
2950 3643 3020 3700 ad
3051 3641 3226 3700 robur
3254 3639 3392 3699 boni
3410 3637 3598 3713 operis
3622 3638 3742 3696 eri-

2031 3736 2133 3810 git,
2162 3735 2301 3808 quia
2333 3736 2403 3794 ad
2434 3741 2672 3793 teternte
2711 3734 2843 3791 vitte
2878 3733 3121 3807 patriam
3157 3729 3355 3790 tendit.
3397 3728 3537 3799 Quae
3574 3733 3629 3786 et
3664 3727 3740 3786 ad

2031 3826 2380 3900 portandum
2460 3825 2778 3883 humerum
2853 3822 3142 3896 supponit,
3228 3821 3367 3896 quia
3440 3826 3744 3894 conspecta

2031 3930 2283 3990 superna
2328 3912 2543 3988 requie,
2575 3913 2871 3986 praeceptis
2910 3911 3084 3969 etiam
3117 3910 3394 3983 gravibus
3436 3909 3494 3967 in
3536 3922 3742 3981 opera-

2033 4007 2188 4067 tione
2226 4021 2286 4065 se
2322 4003 2576 4079 subjicit,
2612 4010 2665 4061 et
2702 4001 2986 4077 quidquid
3026 4000 3385 4060 intolerabile
3425 3997 3743 4074 pusillani-

2034 4095 2201 4153 mitas
2217 4093 2439 4162 asserit,
2464 4093 2572 4151 hoc
2592 4091 2645 4150 ei
2674 4092 2799 4150 leve
2816 4106 2882 4149 ac
2912 4090 3077 4148 facile
3100 4105 3227 4164 spes
3255 4085 3748 4149 remunerationis

2030 4185 2299 4248 ostendit.

2103 4271 2430 4334 Benedictio
2470 4269 2649 4343 igitur
2684 4266 2944 4327 Issachar
2980 4268 3143 4326 beato
3180 4264 3605 4326 Bartholomteo
3638 4281 3744 4341 per

2034 4363 2307 4441 gentilem
2362 4358 2638 4434 populum
2693 4357 2983 4430 congruit,
3012 4372 3186 4429 quem
3234 4355 3373 4415 dum
3429 4373 3463 4414 a
3512 4355 3747 4415 cultura

2034 4456 2370 4514 daemonum
2400 4450 2745 4509 Christianae
2781 4447 2915 4507 ﬁdei
2954 4448 3211 4520 sociavit,
3245 4447 3302 4506 in
3350 4450 3572 4507 unitate
3620 4446 3746 4522 spi-

2034 4546 2183 4604 ritus
2237 4540 2662 4618 quodammodo
2714 4554 2888 4599 suum
2937 4554 3144 4613 corpus
3184 4538 3386 4598 eﬁ‘ecit.
3440 4537 3640 4598 Unum
3690 4544 3745 4597 et

2037 4650 2141 4694 nos
2168 4648 2300 4694 cum
2338 4631 2552 4691 sanctis
2587 4628 2859 4703 apostolis
2896 4644 3124 4699 sumus,
3150 4627 3199 4686 si
3244 4643 3359 4687 non
3402 4626 3570 4686 modo
3610 4626 3745 4687 ﬁdei

2036 4723 2331 4794 meritum,
2384 4720 2484 4779 sed
2553 4725 2609 4777 et
2675 4717 3130 4779 conversationis
3190 4733 3391 4777 eorum
3444 4716 3747 4777 imitemur

2033 4800 2568 4886 exemplum,‘sicut
2613 4823 2712 4882 per
2764 4804 3009 4866 Paulum
3064 4806 3319 4865 dicitur:
3353 4830 3379 4853 α
3408 4804 3640 4864 Etenim
3680 4806 3745 4864 in

2035 4920 2154 4963 uno
2181 4902 2390 4976 spiritu
2416 4916 2618 4960 omnes
2655 4914 2761 4958 nos
2797 4899 2858 4958 in
2889 4913 3074 4957 unum
3104 4913 3314 4971 corpus
3342 4896 3609 4971 baptizati
3636 4913 3747 4958 su-

2036 5008 2187 5062 mus,
2210 4993 2333 5050 sive
2355 4988 2571 5060 Judtei,
2599 4986 2722 5046 sive
2742 4986 3009 5061 gentiles,
3034 4986 3158 5045 sive
3190 4985 3362 5056 servi,
3396 4986 3521 5045 sive
3549 4983 3743 5056 liberi,

2035 5085 2311 5138 etomnes
2338 5093 2453 5136 uno
2478 5076 2686 5150 spiritu
2713 5076 2891 5150 potati
2916 5090 3122 5134 sumus
3148 5076 3193 5148 (Ι
3216 5074 3333 5133 Cor.
3368 5075 3494 5147 xu).
3536 5094 3557 5122 ι
3588 5072 3746 5144 Qua-

2035 5175 2264 5241 propter
2311 5182 2512 5225 eorum
2568 5165 2735 5224 nobis
2784 5180 3014 5223 necesse
3064 5172 3150 5223 est
3196 5177 3423 5237 semper
3476 5162 3749 5237 exempla

2037 5272 2373 5331 proponere,
2416 5263 2479 5314 ut
2520 5272 2554 5313 a
2597 5254 2811 5329 quibus
2853 5254 3225 5328 agnoscimur
3268 5253 3328 5311 in
3380 5252 3492 5311 iide
3535 5252 3742 5326 geniti,

2039 5361 2154 5405 non
2194 5345 2495 5403 videamur
2530 5342 2763 5401 dissona
2798 5342 2930 5400 vitae
2968 5339 3244 5417 qualitate
3282 5339 3533 5400 discreti.
3576 5339 3743 5399 Unde

2035 5442 2120 5494 est
2144 5434 2298 5511 quod
2338 5440 2461 5508 post
2495 5432 2763 5493 Jordanis
2797 5430 3101 5491 transitum
3131 5430 3203 5490 ad
3239 5429 3414 5490 Josue
3458 5430 3743 5489 Dominus

2034 5524 2155 5584 ait:
2193 5547 2219 5578 α
2252 5525 2416 5599 Elige
2458 5523 2762 5586 duodecim
2810 5524 2989 5597 viros,
3035 5520 3298 5597 singulos
3333 5537 3434 5597 per
3477 5520 3742 5596 singulas
