4064 6208
314 140 423 200 725

1832 146 2081 210 SERMO
2120 146 2303 209 XLII.
2340 175 2349 179 ·

3723 149 3829 214 726

314 262 522 331 tribus,
554 268 611 322 et
639 264 884 340 pracipe
912 265 996 324 eis
1036 273 1099 324 ut
1135 265 1357 337 tollant,
1399 268 1468 326 de
1518 269 1706 330 medio
1755 270 2411 333 JordanisAdilectores
2449 290 2481 332 a
2517 273 2703 347 rigore
2737 291 2860 334 sese
2902 275 3140 336 tumida
3180 247 3470 351 superbia
3519 277 3821 338 humiliter

310 350 501 419 alveo,
554 352 657 411 ubi
715 358 996 413 steterunt
1056 354 1417 416 sacerdotum
1477 360 1666 432 pedes,
1719 359 2023 420 duodecim

311 440 659 500 durissimos
700 439 939 515 lapides,
984 458 1130 516 quos
1166 444 1395 518 ponetis
1422 443 1481 503 in
1513 446 1635 507 loco
1680 455 2022 521 castrorum,

314 529 421 589 ubi
476 528 722 588 ﬁxeritis
769 529 875 588 hac
927 536 1093 590 nocte
1138 533 1380 590 tentoria
1441 536 1568 605 (Jos.
1632 539 1733 609 Iv).
1788 558 1815 589 ››
1872 537 2022 607 Quid

311 617 511 693 itaque
568 635 669 693 per
732 619 1001 679 Iordanis
1085 622 1414 695 transitum,
1482 624 1596 683 nisi
1667 626 2025 700 baptismatis

313 707 588 768 innuitur
624 710 1096 767 sacramentum?
1141 709 1260 769 Cur
1298 711 1512 771 dicitur
1544 712 1682 787 quia
1719 714 2021 774 duodecim

314 794 659 856 durissimos
685 796 904 871 lapides
931 797 994 855 in
1025 799 1417 859 testimonium
1447 811 1786 875 posuerunt,
1822 805 1933 863 nisi
1960 813 2025 865 ut

314 903 425 947 nos
452 888 740 948 instruant
771 895 1075 961 quatenus,
1108 905 1245 949 mox
1272 899 1336 950 ut
1359 893 1429 951 de
1456 895 1599 952 sacri
1627 894 1842 954 lavacri
1870 898 2025 957 fonte

314 976 746 1049 consurgimus,
783 976 1010 1035 virtutis
1035 978 1362 1052 apostolica
1406 981 1573 1039 nobis
1611 985 1878 1059 exempla
1908 987 2024 1045 for-

314 1064 539 1124 tissima
568 1066 1007 1139 proponamus?
1033 1074 1096 1124 ut
1120 1068 1161 1126 ii
1191 1068 1356 1126 nobis
1386 1069 1600 1143 lapides
1626 1073 1743 1130 sint
1770 1074 1827 1131 in
1866 1074 2025 1132 testi-

312 1155 601 1225 monium,
634 1153 777 1213 dum
809 1156 1213 1215 contendimus
1242 1157 1308 1214 ad
1338 1158 1695 1218 incrementa
1724 1161 2020 1221 virtutum.

311 1243 484 1304 Unde
516 1244 782 1317 protinus
815 1248 987 1304 Josue
1014 1246 1261 1319 jubetur
1289 1252 1353 1304 ut
1379 1248 1439 1306 in
1469 1248 1705 1323 Galgala
1751 1267 1884 1309 cum
1923 1267 2024 1325 po—

307 1331 455 1405 pulo
487 1338 758 1404 transeat,
787 1339 959 1408 atque
984 1333 1104 1392 illic
1133 1350 1230 1393 eos
1258 1333 1463 1393 cultris
1504 1336 1743 1411 lapideis
1773 1337 2023 1396 circum-

307 1423 483 1482 cidat.
518 1422 702 1492 Petra,
730 1428 793 1481 ut
821 1423 901 1480 ait
930 1423 1257 1498 Apostolus,
1288 1430 1407 1483 erat
1436 1424 1698 1485 Christus
1719 1432 1769 1494 (Ι
1788 1429 2021 1499 Corax).

2114 359 2373 420 ﬂectunt.

2184 445 2256 504 Et
2290 463 2414 519 nos,
2454 447 2660 507 fratres
2698 448 3042 516 charissimi,
3085 465 3311 525 semper
3348 449 3674 524 apostolicis
3705 453 3818 512 hu-

2112 535 2408 595 miliemur
2453 538 2730 612 imperiis,
2786 546 2851 597 ut
2893 538 3138 613 rigidam
3183 540 3370 600 cordis
3410 541 3593 600 nostri
3631 543 3819 601 cervi-

2110 641 2233 685 cem
2293 641 2495 685 eorum
2550 628 2889 687 studeamus
2941 629 3251 704 subjugare
3302 631 3598 690 doctrinis.
3659 631 3820 690 Certe

2108 713 2219 787 ipsi
2274 721 2414 773 sunt
2461 716 2685 787 judices
2749 716 2951 787 nostri,
3001 719 3073 777 ab
3124 718 3265 791 ipsis
3324 733 3528 776 sumus
3586 718 3646 776 in
3711 726 3821 778 tre-

2112 803 2322 863 mendo
2351 805 2563 863 summi
2593 805 2817 865 Judicis
2842 807 3115 865 examine
3145 807 3515 869 discutiendi.
3549 808 3691 867 Ecce
3721 826 3822 883 per

2112 899 2296 953 totum
2337 895 2622 954 mundum
2663 897 2933 955 tubarum
2971 897 3339 972 clangoribus
3376 900 3662 969 intonant,
3693 915 3822 959 ecce

2110 982 2383 1042 rebellem
2453 985 2645 1043 adhuc
2701 986 2929 1045 Jericho
2999 987 3164 1061 quasi
3220 1004 3353 1047 cum
3405 1004 3535 1046 arca
3591 987 3822 1048 fadcris

2110 1087 2310 1131 eorum
2365 1073 2625 1132 doctrina
2678 1075 3014 1135 circumdat.
3075 1077 3413 1137 Excitemur
3468 1080 3538 1138 ad
3606 1079 3819 1138 tonitru

2110 1166 2284 1231 tanta
2310 1164 2758 1237 pradicationis,
2792 1181 2897 1224 nec
2934 1181 3101 1240 sopor
3135 1182 3239 1225 nos
3276 1169 3477 1226 mortis
3513 1170 3820 1244 opprimat,

2109 1248 2251 1308 dum
2290 1251 2426 1309 vita
2463 1252 2714 1311 carnalis
2752 1253 2958 1311 umbra
2996 1252 3255 1314 delectat.
3301 1256 3629 1315 Audiamus
3670 1256 3816 1314 Pau-

2110 1338 2234 1397 lum
2272 1346 2548 1414 tanquam
2594 1343 2905 1401 vehemens
2944 1343 3252 1403 classicum
3291 1345 3622 1405 terribiliter
3670 1346 3821 1404 into-

2110 1437 2347 1487 nantem
2380 1448 2393 1486 :
2425 1454 2445 1479 α
2474 1429 2760 1505 Exsurge,
2792 1432 3004 1505 inquit,
3047 1434 3147 1507 qui
3188 1434 3428 1503 dormis,
3468 1443 3523 1493 et
3571 1450 3821 1506 exsurge

310 1511 423 1571 Per
445 1510 709 1570 cultellos
740 1528 875 1585 ergo
910 1511 1162 1586 lapideos
1191 1509 1337 1568 209
1363 1513 1855 1586 circumcidimur,
1886 1532 2022 1575 cum
2106 1531 2141 1572 a
2189 1516 2452 1588 mortuis,
2509 1524 2563 1576 et
2619 1518 2893 1577 excitabit
2952 1524 3004 1577 te
3062 1520 3325 1580 Christus
3378 1525 3600 1594 (Ephes.
3657 1523 3741 1595 v).
3797 1542 3819 1571 ι

307 1615 415 1675 per
436 1600 730 1660 Christum
763 1617 796 1659 a
828 1601 994 1660 nobis
1019 1617 1220 1660 omnes
1247 1602 1438 1661 carnis
1470 1610 1527 1662 et
1556 1604 1795 1678 spiritus
1824 1604 2020 1663 illece-
2041 1627 2089 1688 B
2110 1603 2283 1664 Porro
2320 1622 2452 1664 cum
2494 1607 2943 1666 sacerdotalibus
2983 1608 3137 1668 tubis
3174 1609 3558 1668 Jerichontini
3607 1608 3824 1683 lapides

307 1689 445 1749 bras
488 1698 878 1765 amputamus.
925 1692 996 1750 Et
1036 1693 1140 1750 hac
1187 1692 1651 1765 circumcisione,
1702 1694 1852 1753 sicut
1903 1695 2025 1755 illic
2108 1693 2657 1767 obtemperaveriut,
2692 1700 2748 1752 et
2781 1695 3141 1755 insensibilis
3180 1696 3280 1754 illa
3318 1696 3577 1767 materia,
3626 1695 3821 1754 diruta

306 1777 542 1848 dicitur,
576 1779 977 1855 Egyptiorum
1015 1781 1420 1855 prepulsamus
1449 1784 1845 1858 opprobrium,
1878 1802 2025 1861 quo-
2109 1781 2371 1841 funditus
2418 1790 2472 1842 et
2511 1800 2709 1841 eversa
2756 1783 3005 1853 civitate,
3048 1786 3365 1856 corruerit;
3400 1786 3689 1859 quomodo
3719 1801 3824 1844 nos

308 1867 469 1926 niam
516 1868 917 1928 deludentium
962 1887 1065 1930 nos
1104 1872 1377 1932 elidimus
1414 1875 1791 1947 petulantiam
1851 1878 2020 1938 vitio-
2107 1872 2180 1931 ad
2208 1872 2536 1946 apostolica
2566 1872 2991 1945 pradicationis
3028 1872 3339 1946 imperium
3373 1875 3531 1934 velut
3564 1874 3821 1932 insensi-

309 1956 770 2029 rum:«Hodie,
792 1958 983 2033 inquit
1014 1960 1297 2019 Dominus
1325 1963 1395 2020 ad
1427 1963 1624 2037 Josuc,
1665 1965 1879 2025 abstuli
1917 1983 2022 2042 op-
2108 1962 2255 2021 biles
2305 1961 2681 2032 dormiemus,
2757 1964 2857 2035 qui
2912 1978 3013 2036 per
3085 1962 3297 2021 Christi
3348 1965 3613 2037 gratiam,
3674 1960 3821 2018 210

307 2045 1373 2123 probriumZEgypliavobi3(Jos.V).»
1396 2053 1510 2112 Nec
1528 2057 2020 2128 pratereundum,
2107 2051 2211 2126 qui
2250 2050 2394 2124 lapis
2430 2057 2515 2108 est
2552 2050 2870 2123 angularis,
2912 2057 2968 2109 et
3002 2051 3114 2125 ipsi
3154 2051 3274 2110 vivi
3314 2052 3535 2126 lapides
3565 2053 3821 2112 sumus?

306 2136 463 2210 quod
493 2136 729 2213 Galgala
755 2143 1014 2197 revelatio
1040 2141 1470 2216 interpretatur.
1503 2144 1632 2203 Vita
1660 2146 1873 2220 quippe
1895 2164 2021 2207 car-

306 2223 462 2283 nalis
514 2228 713 2286 oculos
754 2230 963 2287 mentis
1006 2236 1278 2301 excacat,
1338 2232 1654 2306 spiritualis
1706 2234 2018 2295 illuminat.

314 2336 340 2366 ι
370 2312 604 2386 Revela,
638 2313 849 2390 inquit,
887 2318 1083 2376 oculos
1124 2334 1300 2391 meos,
1335 2325 1390 2378 et
1432 2322 1806 2381 considerabo
1844 2324 2022 2383 mira-

305 2401 451 2460 bilia
502 2402 575 2461 de
613 2403 737 2478 lege
775 2412 872 2463 tua
912 2408 1076 2477 (Psal.
1127 2410 1357 2481 CXVIII).
1395 2434 1419 2458 »
1463 2408 1606 2469 Cum
1650 2412 1809 2470 enim
1838 2429 1871 2469 a
1901 2413 2023 2471 suis

308 2491 485 2550 homo
520 2492 675 2549 vitiis
704 2492 1158 2567 circumciditur,
1198 2496 1265 2553 ad
1309 2496 1528 2556 divinae
1572 2498 1711 2573 legis
1757 2500 2020 2559 conside-

308 2582 489 2640 randa
519 2583 788 2657 mysteria
817 2583 1029 2642 mentis
1054 2586 1206 2643 acies
1232 2585 1540 2659 relevatur,
1569 2588 1630 2647 in
1660 2604 1775 2663 quo
1807 2589 2022 2648 scilicet

308 2668 436 2730 loco
486 2671 561 2729 ab
619 2670 933 2732 Israelitico
988 2674 1200 2749 populo
1276 2675 1494 2735 Pascha
1547 2678 1894 2749 celebratur,
1966 2685 2023 2737 et

308 2759 497 2834 typice
562 2760 767 2835 Agnus
844 2762 939 2820 ille
1008 2763 1348 2835 comeditur,
1416 2766 1517 2842 qui
1590 2767 1738 2826 tollit
1796 2774 2021 2840 peccata

306 2848 520 2907 mundi
546 2853 727 2920 (Joan.
760 2857 825 2922 Ι).

384 2936 455 2995 Et
492 2945 625 2998 nota
676 2940 940 3000 ordinem
977 2957 1194 3013 rerum,
1234 2958 1300 3001 ac
1333 2941 1538 3002 salutis
1575 2943 1851 3003 humana
1891 2960 2018 3020 per-

304 3024 496 3099 pende
544 3026 905 3101 mysterium.
954 3027 1265 3103 Postquam
1307 3029 1377 3088 de
1413 3029 1700 3104 baptismo
1738 3031 1904 3104 quasi
1951 3030 2022 3089 de

304 3113 538 3187 gurgite
574 3114 845 3175 Iordanis
881 3117 1133 3188 eximus,
1175 3119 1503 3191 apostolica
1542 3118 1773 3177 virtutis
1801 3126 1854 3179 et
1884 3136 2022 3180 con-

306 3201 539 3260 stantia
575 3202 794 3277 lapides
834 3205 1001 3263 nobis
1046 3206 1107 3263 in
1153 3205 1405 3281 exempli
1447 3205 1844 3268 testimonium
1886 3224 2021 3267 con-

305 3290 625 3365 stituimus,
666 3309 813 3368 quos
860 3295 1253 3354 amulationis
1307 3294 1498 3353 studio
1543 3297 2021 3371 contemplantes,

305 3396 342 3438 a
364 3382 668 3455 pravitatis
698 3391 910 3444 nostra
940 3387 1225 3460 praputio
1260 3385 1741 3445 circumcidimur
1768 3405 1783 3456 ;
1826 3389 2025 3463 sicque

2108 2141 2435 2200 Audiamus
2473 2141 2615 2214 quid
2664 2141 2864 2199 Petrus
2894 2140 3046 2199 dicat
3080 2141 3411 2214 apostolus:
3440 2164 3465 2194 «
3496 2142 3581 2200 Ad
3622 2157 3820 2214 quem,

2109 2227 2322 2302 inquit,
2373 2228 2726 2299 accedentes,
2771 2228 3019 2302 lapidem
3077 2228 3301 2301 vivum,
3350 2228 3424 2286 ab
3484 2229 3825 2287 hominibus

2107 2316 2345 2391 quidem
2381 2316 2771 2391 reprobatum,
2816 2333 2849 2374 a
2885 2316 3001 2376 Deo
3043 2324 3236 2376 autem
3265 2317 3516 2376 electum
3547 2323 3604 2375 et
3634 2319 3821 2376 hono-

2113 2407 2439 2477 rificatum;
2488 2415 2543 2467 et
2584 2407 2696 2480 ipsi
2744 2412 3015 2482 tanquam
3056 2407 3175 2466 vivi
3217 2408 3434 2480 lapides
3461 2406 3821 2480 superadiﬁ-

2111 2498 2327 2556 camini
2374 2498 2579 2555 domus
2629 2496 2949 2570 spiritualis
2991 2500 3042 2566 (I
3082 2500 3226 2555 Petr.
3274 2502 3356 2566 ll).
3396 2518 3416 2546 ι
3468 2495 3598 2554 Jam
3640 2495 3821 2570 igitur

2108 2588 2169 2645 in
2218 2587 2386 2645 nobis
2430 2585 2678 2660 superba
2720 2585 2971 2656 Jericho,
3023 2602 3139 2645 non
3179 2586 3666 2656 Chananaorum,
3722 2584 3821 2644 sed

2109 2673 2386 2733 vitiorum
2414 2673 2690 2733 habitatio
2720 2680 2950 2732 corruat
2974 2693 2989 2744 ;
3019 2681 3073 2733 et
3101 2674 3467 2734 Hierusalem
3500 2690 3670 2744 nova,
3699 2672 3823 2731 vir-

2110 2771 2298 2823 tutum
2331 2762 2621 2853 lapidibus
2651 2761 2954 2832 aditicata,
2978 2768 3325 2853 consurgat,
3364 2768 3431 2853 ut
3468 2762 3637 2837 juxta
3662 2762 3820 2834 Apo-
3932 2848 3937 2853 ‘

2109 2852 2320 2912 stolum
2370 2871 2381 2909 :
2430 2876 2457 2901 κ
2501 2850 2732 2910 Peccato
2778 2852 3012 2921 mortui,
3053 2851 3295 2927 iustitia
3346 2851 3661 2922 vivamus;
3707 2856 3763 2908 et
3807 2868 3819 2906 :

2108 2942 2217 3012 Qui
2278 2941 2624 3000 commortui
2670 2956 2877 3000 sumus
2923 2940 3169 3012 Christo,
3221 2940 3399 3000 simul
3447 2947 3505 2998 et
3551 2939 3823 2998 vivamus

2109 3046 2246 3090 cum
2272 3032 2396 3105 ipso
2425 3034 2501 3100 (II
2524 3034 2662 3090 Tim.
2696 3037 2781 3100 ll).
2815 3054 2841 3083 υ
2875 3030 2986 3100 Qui
3033 3046 3163 3090 cum
3217 3029 3333 3089 Deo
3375 3029 3541 3088 Patre
3585 3034 3642 3087 et
3691 3028 3818 3102 Spi-

2107 3120 2223 3179 ritu
2272 3128 2466 3180 sancto
2517 3121 2664 3180 vivit
2705 3127 2761 3179 et
2808 3124 3008 3193 regnat
3055 3119 3116 3177 in
3170 3117 3389 3177 sacula
3441 3117 3816 3177 saeculorum.

2108 3207 2318 3266 Amen.

2724 3329 2972 3391 SERMO
3009 3329 3190 3389 XLII.

303 3439 525 3531 dimota
548 3475 745 3548 procul
778 3439 969 3550 atqu;
984 3439 1209 3533 det’em
1236 3475 1486 3551 caligine
1526 3439 1822 3544 vitiormh,
1859 3439 2024 3534 Γαζω-
2251 3451 2406 3538 ιι..οΕ
2435 3452 2482 3497 s.
2508 3449 2959 3498 BARTHOLOMAZO
2980 3447 3293 3496 APOSTOLO.
3320 3439 3498 3504 (xxxv
3512 3442 3679 3505 suo.)

305 3559 425 3619 lata
469 3561 615 3621 facie
664 3562 940 3638 spiritalis
987 3565 1227 3634 latitia,
1287 3564 1501 3623 Pascha
1549 3563 1914 3625 celebramus
1961 3566 2021 3624 in
2177 3561 2474 3620 Latamur
2506 3566 2561 3618 et
2586 3559 2908 3633 gloriamur
2937 3557 2999 3617 in
3037 3557 3308 3626 Domino,
3336 3558 3718 3630 dilectissimi,
3749 3561 3823 3618 de

304 3648 442 3708 luce
492 3650 796 3709 virtutum.
854 3650 980 3710 Illic
1036 3653 1290 3725 primum
1340 3651 1592 3727 populus
1641 3653 1712 3711 de
1760 3653 2025 3726 frugibus
2107 3657 2304 3709 sancto
2349 3658 2552 3708 vestra
2591 3648 2917 3707 devotionis
2955 3647 3185 3718 aﬂ‘ectu,
3228 3647 3370 3727 quia
3411 3655 3629 3721 quanto
3673 3648 3817 3708 ube-

308 3743 480 3798 terra
505 3740 751 3799 comedit
777 3756 1009 3816 azymos
1040 3756 1249 3814 panes;
1283 3747 1341 3799 et
1369 3757 1606 3812 manna,
1637 3757 1756 3815 quo
1787 3750 2024 3802 eatenus
2108 3738 2233 3797 rius
2261 3738 2449 3796 divini
2486 3737 2645 3796 verbi
2677 3737 2950 3811 poculum
2983 3736 3199 3808 bibitis,
3248 3742 3404 3795 tanto
3448 3737 3817 3797 ferventioris

305 3825 385 3885 ali
437 3835 873 3898 consueverant,
920 3829 1167 3888 ulterius
1202 3845 1317 3888 non
1355 3831 1640 3905 apparuit.
1682 3830 1828 3901 Quia
1867 3841 2023 3907 post-
2106 3829 2168 3887 in
2216 3827 2469 3902 idipsum
2509 3827 2781 3885 desiderii
2826 3824 3091 3885 faucibus
3133 3826 3410 3884 astuatis.
3461 3825 3577 3884 Nec
3610 3825 3816 3885 imme-

305 3931 484 3991 qnam
508 3917 671 3991 panis
694 3916 794 3977 ille
817 3920 1005 3987 vivus,
1029 3920 1128 3992 qui
1153 3919 1225 3977 de
1244 3918 1388 3979 calo
1410 3920 1897 3995 descendit(Joan.
1922 3924 2022 3995 Vl),
2107 3919 2216 3977 rito
2246 3942 2258 3976 :
2292 3934 2425 3976 nam
2471 3919 2545 3976 ita
2592 3932 2671 3975 est
2712 3916 2906 3976 omnis
2953 3915 3247 3989 apostolici
3297 3915 3579 3974 culminis
3631 3916 3815 3974 beati-

306 4019 384 4063 ex
425 4021 563 4081 agro
600 4006 902 4080 virginalis
939 4008 1088 4066 uteri
1128 4007 1376 4082 prodiit;
1417 4018 1722 4084 postquam
1773 4027 2021 4081 granum
2106 4011 2243 4069 tudo
2280 4011 2604 4084 conjuncta,
2647 4017 2699 4065 et
2738 4016 2815 4067 tot
2859 4006 3172 4081 gratiarum
3227 4022 3501 4080 compage
3548 4005 3640 4064 vcl
3688 4006 3819 4080 glu-

306 4093 482 4151 tritici
532 4094 744 4153 cadens
781 4095 841 4153 in
882 4100 1095 4153 terram
1145 4105 1439 4155 mortuum
1480 4106 1584 4164 est,
1624 4114 1690 4156 ac
1741 4098 2025 4172 plurimos
2106 4100 2229 4158 tino
2254 4099 2527 4172 probatur
2559 4097 2738 4166 unita,
2786 4103 2849 4154 ut
2880 4111 3018 4154 cum
3060 4093 3240 4154 unius
3285 4110 3485 4154 eorum
3536 4094 3817 4153 festivitas

309 4183 533 4243 fructus
569 4184 764 4243 attulit
805 4189 982 4255 (Joan.
1033 4188 1165 4255 XII),
1208 4201 1344 4245 mox
1378 4185 1581 4261 typica
1620 4186 1764 4261 legis
1809 4204 2021 4247 manna
2103 4188 2329 4255 colitur,
2381 4185 2645 4259 protinus
2686 4185 2952 4243 omnium
2995 4182 3384 4257 apostolorum
3423 4199 3541 4242 non
3592 4183 3819 4241 diversa

303 4273 531 4332 defecit.
580 4273 757 4333 Terra
794 4275 1011 4349 quippe
1044 4274 1508 4349 repromissionis
1545 4283 1745 4335 venter
1772 4283 1855 4335 est
1900 4276 2433 4349 Vir—_sublimitas
2488 4275 2863 4334 interioribus
2929 4273 3228 4333 obtutibus
3307 4274 3620 4348 ingeratur.
3692 4273 3816 4332 Una

302 4339 1018 4439 ginis.Dequaterra.per
1047 4339 1257 4424 Isaiam
1281 4339 2322 4437 dicitur:«Rorate,cali,Dscilicet
2372 4367 2526 4425 inter
2575 4382 2670 4424 eos
2724 4363 3066 4423 excellentia
3128 4339 3454 4438 iudiciaria
3508 4366 3816 4439 potestatis,

305 4449 555 4526 desuper
581 4458 637 4511 et
674 4453 857 4511 nubes
886 4453 1091 4528 pluant
1125 4452 1156 4512 J
1163 4459 1357 4512 ustum
1385 4470 1400 4524 ;
1443 4453 1737 4528 aperiatur
1764 4461 1935 4526 terra,
1962 4461 2017 4514 et

304 4541 593 4615 germinet
620 4540 978 4602 Salvatorem
1002 4547 1130 4615 (Isa.
1165 4546 1326 4612 XLV).
1360 4563 1387 4594 ι)
1424 4541 1567 4601 Cum
1600 4558 1734 4616 ergo
1756 4543 1827 4601 ad
1854 4544 2013 4602 hunc

304 4644 518 4703 panem
558 4630 915 4704 pervenitur,
955 4630 1098 4705 legis
1136 4630 1344 4689 veteris
1372 4630 1626 4704 amplius
1658 4647 1874 4690 manna
1900 4646 2015 4690 non

304 4719 604 4793 quaritur.
649 4719 865 4779 Deinde
901 4720 1132 4779 Jericho
1163 4726 1381 4794 septem
1408 4719 1612 4779 diebus
1643 4719 1876 4780 obsessa
1914 4720 2017 4779 de-

304 4807 550 4868 struitur
579 4812 705 4880 Uos.
732 4813 833 4881 VI),
862 4826 963 4884 per
986 4824 1161 4886 quam
1190 4809 1459 4868 videlicet
1487 4809 1742 4869 mundus
1772 4810 1880 4869 iste
1915 4810 2017 4869 de-

307 4902 589 4976 signatur.
633 4902 794 4962 Sicut
822 4903 979 4963 enim
1013 4904 1218 4963 civitas
1253 4903 1355 4962 illa
1389 4918 1503 4962 non
1544 4904 1825 4964 evertitur
1865 4905 2015 4978 telis,

309 4994 397 5053 vel
435 4994 907 5070 oppugnantibus
933 4994 1136 5053 cuneis
1166 4993 1531 5064 bellatorum,
1567 4995 1666 5054 sed
1698 4995 1854 5056 tubis
1886 5002 2015 5054 tan-

309 5082 608 5143 tummodo
645 5082 1049 5157 clangentibus
1080 5083 1480 5153 sacerdotum;
1522 5083 1600 5141 ita
1638 5084 1894 5143 mundus
1926 5085 2019 5143 hic

307 5186 424 5231 non
455 5170 702 5229 terrenis
737 5178 1043 5245 superatus
1089 5178 1171 5228 est
1213 5170 1412 5240 armis,
1448 5170 1545 5230 sed
1585 5173 1752 5246 quasi
1784 5171 2018 5247 quibus-

308 5261 441 5321 dam
480 5258 640 5319 tubis
683 5267 857 5334 atque
885 5259 1257 5331 clangoribus
1285 5261 1613 5333 apostolica
1651 5261 2016 5336 praedicatio-

309 5352 421 5411 nis.
453 5350 790 5413 Sacerdotes
816 5357 1159 5426 concrepant
1189 5351 1361 5422 tubis,
1390 5358 1445 5410 et
1471 5351 1623 5410 muri
1648 5351 1877 5411 Jericho
1900 5368 2018 5412 cor-

306 5448 522 5515 ruunt;
569 5443 729 5519 quia,
775 5440 1229 5514 pradicantibus
1259 5440 1551 5517 apostolis,
1594 5434 1773 5509 hujus
1812 5442 2014 5503 mundi

2105 4455 2303 4513 eadem
2341 4454 2595 4527 dignitas
2638 4451 2881 4523 ordinis,
2916 4467 3023 4509 nec
3048 4452 3277 4510 diversa
3306 4453 3367 4509 in
3406 4452 3643 4526 ligando
3695 4452 3820 4509 sive

2104 4541 2382 4602 solvendo
2422 4541 2653 4599 virtutis
2691 4540 2939 4597 habetur
2963 4539 3291 4598 auctoritas.
3327 4538 3455 4606 Hal
3479 4545 3620 4598 sunt
3657 4539 3814 4597 enim

2104 4631 2223 4689 illa
2253 4630 2514 4703 pretiosa
2544 4629 2888 4701 margarita,
2927 4642 3071 4700 quas
3098 4626 3155 4684 in
3186 4626 3532 4700 Apocalypsi
3557 4625 3623 4684 B.
3647 4626 3819 4686 Joan-

2105 4737 2205 4780 nes
2232 4736 2293 4780 se
2322 4717 2695 4793 conspexisse
2727 4716 3083 4792 pronuntiat,
3126 4732 3199 4775 ex
3247 4716 3463 4792 quibus
3489 4716 3663 4775 etiam
3698 4733 3811 4775 C(B-

2105 4811 2263 4870 lestis
2302 4807 2668 4869 Hierusalem
2710 4813 2897 4882 portas
2945 4806 3212 4880 perhibet
3250 4822 3377 4865 esse
3419 4812 3816 4867 constructas:

2106 4924 2134 4957 «
2169 4901 2453 4975 Singula,
2488 4898 2698 4973 inquit,
2744 4904 2924 4970 porta
2954 4903 3118 4957 erant
3147 4912 3223 4955 ex
3252 4895 3503 4969 singulis
3537 4897 3821 4970 margari-

2105 4994 2178 5052 tis
2232 4996 2420 5067 (Apoc.
2485 4992 2631 5061 XXI).
2666 5011 2693 5043 ιο
2742 4988 2859 5064 Ipsi
2913 4987 3201 5047 nimirum
3259 4997 3459 5062 porta,
3516 4987 3627 5063 ipsi
3681 4992 3819 5047 sunt

2102 5082 2490 5142 nihilominus
2520 5080 2865 5150 margarita,
2900 5078 3058 5154 quia,
3091 5078 3235 5138 dum
3267 5077 3450 5151 signis
3479 5084 3651 5152 atque
3682 5093 3814 5151 pro-

2103 5173 2277 5247 digiis
2301 5172 2582 5247 quosdam
2613 5170 2801 5229 divini
2840 5168 3162 5243 splendoris
3205 5169 3396 5227 radios
3438 5170 3697 5238 mittunt,
3743 5168 3819 5228 ad

2104 5277 2374 5337 superna
2432 5257 2798 5318 Hierusalem
2841 5256 3087 5332 gloriam
3137 5258 3432 5317 conversis
3500 5256 3570 5315 ad
3642 5256 3815 5318 ﬁdem

2102 5353 2373 5429 gentibus
2426 5352 2648 5411 aditum
2701 5347 2986 5422 pandunt.
3045 5347 3116 5407 Et
3164 5349 3502 5425 quicunque
3556 5349 3817 5411 salvetur

2102 5458 2202 5519 per
2249 5443 2374 5513 hos,
2418 5440 2586 5517 quasi
2645 5444 2834 5513 portas
2879 5437 2950 5497 ad
3005 5437 3181 5497 vitam
3235 5437 3422 5497 viator
3473 5438 3814 5514 ingreditur.
