4064 6208
222 104 327 164 727

838 104 896 164 S.
941 105 1163 165 PETRI
1203 106 1525 164 DAMIANI
1563 106 1720 166 OPP.
1763 105 1955 168 PARS
1997 105 2140 167 SEU
2179 109 2428 169 TOMUS
2470 111 2542 168 ΙΙ.
2588 143 2656 154 -
2697 106 3110 172 SERMONES.

3609 113 3717 172 728

217 228 480 300 Quorum
523 221 826 302 mysticam
876 234 1110 308 tenuere
1152 231 1397 302 ﬁguram
1444 241 1499 290 et
1549 231 1766 305 lapides
1822 232 2189 305 illi,Abihus
2231 235 2380 292 aeris
2411 233 2574 306 (Psat.
2607 235 2775 305 XVII),
2810 255 2836 285 ιο
2883 232 3020 306 quia
3063 232 3328 291 videlicet
3369 234 3591 294 occulta
3639 243 3728 296 est

222 319 345 394 qui,
384 317 501 375 Deo
543 317 781 391 jubente
819 316 1024 391 Moysi,
1067 318 1333 377 rationali
1373 319 1588 379 summi
1628 320 1937 380 sacerdotis

228 401 502 482 leguntur
538 408 803 483 impressi
843 411 1037 480 (Exod.
1081 415 1317 476 XXVIII).
1374 410 1494 468 Hoc
1531 410 1725 485 itaque
1761 413 1934 471 ratio-
1971 432 1973 434 ·

226 497 358 556 nale
401 497 663 556 sacerdos
702 496 914 554 ferebat
959 497 1021 554 in
1072 505 1315 570 pectore,
1364 515 1493 557 cum
1541 499 1937 574 ingrederetur

231 590 436 650 Sancta
463 599 810 648 sanctorum.
841 589 1196 663 Praeceptum
1225 597 1310 648 est
1335 605 1470 663 ergo
1497 595 1560 648 ut
1586 590 1644 649 in
1671 606 1738 649 eo
1765 607 1938 665 pone-

228 689 428 738 rentur
447 678 747 737 duodecim
776 678 1012 752 lapides,
1038 679 1188 736 terni
1214 695 1315 752 per
1337 686 1649 754 quaternos
1670 681 1933 752 angulos,

226 766 440 826 inclusi
479 782 651 833 auro;
693 766 832 839 quia
869 766 1152 825 nimirum
1185 767 1364 824 sancti
1392 767 1631 840 apostoli
1663 784 1761 841 per
1787 786 1934 842 qua-

227 857 500 915 driﬁdum
530 855 725 914 orbem
755 855 826 913 de
851 857 1151 926 Trinitate,
1183 873 1315 930 qua
1348 857 1498 915 Deus
1527 865 1632 928 est,
1665 861 1935 932 pradica-

227 950 363 1003 runt
416 944 712 1002 catholica
763 944 897 1002 ﬁdei
955 947 1272 1003 veritatem.
1333 945 1443 1014 Qui
1493 947 1665 1005 etiam
1721 949 1938 1020 lapides

225 1047 366 1090 auro
424 1032 758 1089 referuntur
814 1032 1046 1102 inclusi,
1087 1033 1224 1106 quia
1267 1041 1321 1091 et
1377 1033 1526 1092 beati
1578 1036 1820 1107 apostoli
1875 1038 1933 1094 in

226 1122 526 1196 sapientia
571 1121 820 1181 caelestis
863 1137 1072 1181 arcano
1116 1129 1483 1198 perseverant
1521 1124 1948 1204 inviolabiliter.

230 1211 579 1269 conﬁrmati.

299 1298 651 1371 Legitimum
703 1313 838 1373 ergo
879 1306 963 1357 est
1005 1307 1067 1357 ut
1105 1301 1384 1372 sacerdos,
1434 1317 1567 1359 cum
1615 1302 1937 1376 ingreditur

226 1387 644 1456 sanctuarium,
699 1387 1003 1446 duodecim
1048 1388 1325 1460 pretiosos
1380 1389 1598 1463 lapides
1646 1390 1707 1448 in
1759 1392 1935 1451 ratio-

225 1478 344 1538 nali
382 1478 627 1552 pectoris
659 1477 911 1546 deferat;
948 1485 1236 1552 quatenus
1272 1480 1539 1551 quisquis
1578 1481 1754 1540 sacris
1790 1483 1934 1542 alta-

2017 324 2298 396 sapientia
2327 323 2388 380 in
2418 325 2734 397 prophetis.

2090 413 2205 470 Nec
2278 411 2568 470 immerito
2631 412 2918 472 columna
2964 417 3269 483 argentea,
3324 412 3533 486 paxilli
3592 430 3733 473 vero

2017 501 2154 559 arei
2195 500 2326 558 facti
2370 506 2537 569 sunt;
2569 499 2706 573 quia
2749 500 2900 572 quod
2947 499 3099 558 clare
3138 499 3259 573 jam
3291 501 3534 572 apostoli
3576 519 3733 576 pra-

2015 590 2226 658 dicant,
2258 591 2366 648 hoc
2399 590 2692 664 propheta
2723 589 2830 647 sub
2869 587 3167 647 intellectu
3201 590 3442 662 mystico
3479 591 3732 652 obscure

2020 676 2192 735 locuti
2236 683 2388 734 sunt.
2440 677 2612 736 Recte
2659 690 2796 734 vero
2832 690 2932 748 per
2981 675 3119 734 aris
3167 676 3468 736 metallum
3516 680 3732 753 signati

2017 772 2174 833 sunt,
2209 764 2308 837 qui
2336 764 2475 822 clari
2508 764 2568 821 in
2604 763 2726 822 suis
2764 762 3275 836 praedicationibus
3308 781 3427 824 non
3461 767 3737 833 fuerunt:

2017 851 2198 909 sancti
2257 867 2387 910 vero
2446 851 2710 924 apostoli,
2769 851 2908 926 quia
2964 851 3036 910 de
3093 852 3494 927 Redemptoris
3553 857 3737 916 nostri

2020 941 2290 1014 mysterio
2340 942 2530 999 lucem
2575 941 3000 1015 praedicationis
3047 943 3396 1013 habuerunt,
3444 947 3736 1016 argenteis

2015 1030 2307 1088 columnis
2351 1031 2610 1104 expressi
2653 1036 2805 1088 sunt.
2841 1029 2912 1087 Et
2963 1030 3281 1089 notandum
3325 1033 3480 1105 quod
3519 1049 3735 1107 argen-

2019 1125 2142 1177 tum
2194 1126 2359 1178 sonat
2409 1127 2464 1177 et
2521 1120 2709 1190 lucet;
2744 1135 2824 1177 as
2868 1133 3004 1177 vero
3057 1125 3242 1189 sonat,
3270 1129 3325 1178 et
3373 1136 3488 1180 non
3545 1121 3733 1194 lucet;

2016 1208 2152 1284 quia
2222 1209 2624 1282 pradicatores
2695 1208 2842 1267 Novi
2910 1208 3260 1267 Testamenti
3310 1219 3503 1285 aperte
3555 1213 3738 1272 locuti

2015 1304 2151 1356 sunt
2187 1314 2319 1372 qua
2360 1298 2534 1356 etiam
2588 1305 2908 1356 monstrare
2935 1306 3261 1372 potuerunt.
3322 1298 3741 1361 Pradicatores

2016 1402 2153 1445 vero
2228 1387 2580 1446 Testamenti
2657 1387 2901 1457 Veteris,
2959 1389 3097 1461 quia
3151 1403 3254 1462 per
3323 1389 3738 1460 allegoriamm

2015 1477 2250 1535 umbras
2287 1476 2357 1535 de
2405 1477 2620 1534 calesti
2671 1476 2945 1549 mysterio
2988 1477 3230 1536 obscura
3279 1479 3430 1536 dicta
3478 1479 3742 1552 protule-

229 1567 391 1625 ribus
431 1566 874 1640 appropinquat,
925 1567 1251 1641 apostolica
1298 1568 1530 1627 sibimet
1575 1571 2175 1667 rectitudinisBrunt,
2215 1565 2381 1639 quasi
2421 1564 2715 1667 siuei-luce
2754 1566 3006 1667 sonitum
3043 1567 3355 1637 dederunt;
3397 1584 3733 1666 quanquam

229 1654 496 1729 exempla
526 1662 836 1729 proponat;
883 1663 947 1714 ut
991 1672 1240 1729 quorum
1284 1658 1606 1718 ministerio
1651 1661 1934 1735 fungitur,

231 1759 433 1803 eorum
484 1745 682 1813 vitam,
737 1744 800 1801 in
846 1753 1128 1819 quantum
1177 1747 1471 1819 pravalet,
1530 1748 1830 1820 imitetur;
1885 1759 1940 1808 et

230 1847 481 1906 quorum
531 1831 679 1902 gerit
723 1832 1000 1903 ofﬁcium,
1043 1833 1101 1890 in
1149 1849 1245 1891 eos
1288 1843 1502 1893 sancta
1548 1838 1940 1896 amulationis

232 1928 422 1987 studio
467 1929 681 1986 mentis
732 1929 943 2002 deligat
988 1929 1277 1988 obtutum.
1325 1929 1395 1986 Et
1437 1931 1578 2007 quid
1624 1935 1861 2005 mirum,
1891 1935 1940 1992 si

229 2035 334 2078 nos
395 2018 714 2077 imbecilles
759 2027 815 2077 et
867 2020 1113 2092 parvuli,
1181 2020 1478 2079 beatorum
1529 2024 1937 2096 apostolorum,

235 2107 373 2164 211
417 2109 517 2182 qui
567 2116 780 2168 sancta
822 2110 1092 2169 Ecclesia
1137 2111 1300 2171 bases
1341 2121 1478 2172 sunt
1525 2121 1581 2172 et
1627 2113 1938 2186 columna,

227 2196 540 2270 jubeamur
569 2196 784 2256 imitari
808 2213 1091 2269 normam,
1115 2210 1486 2278 sanctamque
1515 2211 1706 2261 tenere
1731 2202 1940 2260 doctri-

232 2300 390 2354 nam,
421 2301 555 2344 cum
585 2293 639 2344 et
667 2286 774 2360 ipsi
805 2288 1044 2361 apostoli
1077 2289 1336 2362 priorum
1365 2307 1624 2360 suorum,
1665 2291 1942 2364 antiquo-

232 2389 366 2434 rum
393 2375 611 2433 scilicet
636 2375 889 2444 Patrum,
915 2376 1032 2433 sint
1061 2380 1394 2438 auctoritate
1421 2379 1679 2438 ﬁrmati?
1707 2379 1870 2437 Unde
1889 2384 1944 2436 et

233 2462 297 2520 in
337 2463 760 2522 constructione
811 2463 1169 2524 tabernaculi
1216 2476 1280 2527 ut
1321 2468 1612 2526 columna
1656 2474 1944 2540 argentea

231 2550 483 2612 interius
506 2558 740 2622 starent,
775 2553 976 2626 paxilli
1003 2556 1140 2615 arei
1171 2558 1272 2630 ﬁgi
1305 2573 1404 2632 per
1440 2558 1750 2617 circuitum
1777 2565 1940 2615 exte-

235 2643 359 2701 rius
380 2644 529 2716 jussi
561 2652 700 2702 sunt
736 2648 932 2715 (Emod.
965 2651 1250 2719 XXXVIII),
1281 2650 1343 2706 in
1379 2651 1596 2723 quibus
1635 2649 1942 2720 religatum

237 2731 675 2790 tabernaculum
727 2740 1032 2792 teneretur.
1075 2736 1376 2796 Columna
1418 2737 1610 2810 itaque
1657 2744 1945 2810 argentea

236 2817 502 2888 interius,
529 2819 735 2892 paxilli
755 2832 893 2880 vero
922 2823 1060 2881 arei
1089 2823 1150 2881 in
1183 2824 1430 2882 circuitu
1459 2823 1736 2898 ﬁguntur,
1773 2833 1945 2897 atque

238 2909 298 2968 in
353 2909 494 2983 ipsis
537 2912 704 2970 funes
744 2911 902 2985 ligati
953 2919 1104 2983 sunt,
1147 2921 1212 2972 ut
1268 2914 1704 2973 tabernaculum
1761 2915 1942 2972 iixum

2027 1670 2109 1712 as
2154 1659 2210 1712 et
2258 1655 2469 1712 sanctis
2511 1653 2827 1727 aliquando
2873 1669 3189 1726 congruere
3234 1657 3552 1730 reperiatur
3597 1674 3740 1731 apo-

2029 1743 2208 1801 stolis.
2240 1741 2318 1800 De
2369 1742 2583 1816 quibus
2633 1742 2740 1800 sub
2800 1745 2944 1800 Aser
3000 1744 3188 1815 specie
3233 1759 3333 1816 per
3381 1744 3620 1817 Moysen
3671 1748 3736 1805 in

2029 1831 2477 1890 Deuteronomio
2506 1831 2717 1889 dicitur
2749 1848 2760 1885 :
2802 1855 2827 1881 α
2862 1831 3100 1889 Ferrum
3154 1838 3211 1889 et
3251 1847 3333 1890 as
3379 1832 3743 1894 calceamen-

2031 1929 2152 1979 tum
2193 1922 2318 1993 ejus
2356 1925 2531 1991 (Deut.
2571 1922 2810 1991 XXXIII).
2841 1942 2869 1978 ››
2903 1920 3366 1980 Calceamentum
3410 1923 3628 1997 quippe
3677 1924 3741 1982 in

2031 2007 2324 2081 Scriptura
2352 2024 2510 2066 sacra
2553 2007 2985 2067 munimentum
3044 2009 3476 2081 pradicationis
3523 2011 3744 2085 accipi-

2031 2103 2142 2166 tur,
2182 2097 2331 2155 sicut
2366 2097 2644 2170 scriptum
2692 2104 2775 2155 est
2809 2121 2821 2156 :
2863 2119 2881 2146 ε
2913 2097 3155 2156 Calceati
3201 2099 3370 2171 pedes
3420 2099 3482 2156 in
3524 2100 3744 2172 pradi-

2027 2187 2252 2244 catione
2297 2185 2600 2258 Evangelii
2631 2187 2786 2260 pacis
2822 2190 3041 2258 (Ephes.
3080 2194 3186 2256 v1).
3218 2213 3244 2236 »
3296 2187 3440 2258 Quia
3471 2205 3607 2262 ergo
3639 2205 3745 2263 per

2028 2275 2249 2332 ferrum
2299 2273 2504 2343 virtus,
2553 2289 2651 2345 per
2679 2289 2758 2332 as
2795 2281 2988 2330 autem
3018 2275 3441 2347 perseverantia
3471 2276 3732 2350 longani-

2030 2363 2245 2420 mitatis
2301 2363 2679 2434 exprimitur;
2734 2364 2973 2433 ferrum,
3033 2360 3176 2420 212
3225 2371 3280 2422 et
3333 2381 3415 2424 as
3461 2367 3746 2440 apostolo-

2031 2467 2162 2509 rum
2210 2449 2420 2508 dicitur
2465 2466 2586 2508 esse
2625 2449 3100 2523 calceamentum,
3135 2468 3238 2511 nec
3281 2469 3394 2512 non
3426 2462 3482 2513 et
3513 2463 3746 2514 sancto-

2031 2555 2161 2597 rum
2189 2539 2581 2612 quorumlibet
2614 2540 3077 2614 pradicatorum.
3120 2541 3223 2599 Per
3261 2543 3480 2602 ferrum
3525 2543 3747 2604 scilicet

2031 2630 2396 2686 adversantia
2444 2630 2592 2687 mala
2647 2630 2930 2703 patienter
2982 2630 3259 2702 tolerant;
3314 2651 3414 2708 per
3467 2651 3550 2693 as
3606 2653 3748 2696 vero

2031 2718 2183 2776 bona
2243 2719 2532 2792 proposita
2606 2717 3015 2792 longanimiter
3074 2731 3324 2781 servant.
3390 2724 3470 2784 De
3525 2725 3745 2800 quibus

2030 2807 2321 2882 apostolis,
2375 2807 2498 2864 sive
2544 2808 2871 2880 apostolicis
2916 2809 3074 2882 viris,
3121 2811 3596 2885 pradicatoribus
3635 2815 3748 2874 sci-

2031 2897 2166 2954 licet
2219 2896 2447 2966 sanctis,
2507 2895 2578 2952 ad
2629 2898 2901 2956 eumdem
2957 2901 3102 2957 Aser
3149 2917 3282 2959 cum
3325 2902 3740 2974 pramisisset:

242 2962 721 3076 ιιςειῖέῖρεῑίῑίξεξι
745 2962 1795 3079 attigas“anar‘gpaai‘irm‘
1821 2962 2058 3062 ιυεεοι
2095 2987 2383 3079 θεοριξξοιτ
2431 2984 2561 3079 εφη
2955 2995 3190 3058 ι»
3233 2991 3388 3052 unco
3436 2993 3746 3051 suam:

239 3091 523 3149 sermonis
551 3091 642 3150 sui
689 3093 857 3151 solidi
897 3099 1130 3162 starent,
1163 3101 1342 3168 utque
1383 3102 1566 3154 totum
1609 3095 1948 3152 tabernacu-

240 3180 388 3249 lum,
411 3179 471 3238 id
501 3185 605 3251 est,
636 3186 829 3237 sancta
856 3178 1107 3237 Ecclesia
1135 3180 1195 3237 in
1229 3181 1361 3239 ﬁdei
1392 3182 1720 3254 integritate
1737 3182 1950 3240 consis-

241 3273 402 3339 teret,
433 3273 708 3340 tanquam
738 3267 936 3340 paxilli
967 3268 1108 3326 arei
1147 3269 1206 3326 in
1248 3269 1497 3328 circuitu
1532 3277 1716 3344 patres
1749 3271 1949 3329 Testa-

239 3358 420 3417 menti
461 3355 682 3414 Veteris
723 3372 789 3414 ac
832 3347 1127 3431 propheta
1172 3359 1432 3419 exterius
1470 3361 1575 3417 ﬁxi
1621 3367 1790 3432 sunt;
1848 3364 1948 3435 qui

239 3446 552 3506 verborum
592 3460 830 3504 suorum
868 3446 1112 3505 funibus
1147 3447 1590 3522 pradicatorum
1630 3459 1852 3508 mentes
1887 3451 1950 3508 in

242 3536 527 3596 soliditate
563 3534 1039 3608 constringerent,
1068 3543 1241 3611 atque
1273 3539 1383 3598 hoc
1410 3539 1512 3597 Dei
1553 3540 1949 3600 habitaculum

242 3624 378 3684 ﬁdei
409 3623 716 3682 stabilitate
744 3623 1008 3697 ligarent.

315 3714 492 3773 Extra
533 3729 668 3787 ergo
713 3714 922 3787 paxilli
967 3722 1124 3783 sunt,
1179 3717 1281 3789 qui
1329 3723 1463 3775 ante
1511 3725 1736 3794 tempus
1777 3721 1954 3794 hujus

244 3811 454 3863 sancta
493 3803 762 3862 Ecclesia
808 3804 1064 3862 fuerunt.
1102 3803 1211 3863 Sed
1262 3816 1450 3866 tamen
1493 3825 1590 3868 eos
1626 3810 1806 3883 ligant
1853 3812 1953 3886 qui

246 3893 304 3951 in
345 3893 469 3966 ipsa
513 3899 676 3961 sunt;
730 3892 869 3963 quia
913 3894 1057 3951 dum
1101 3894 1353 3953 caelestia
1392 3899 1662 3971 mysteria
1707 3907 1957 3959 ventura

249 3979 581 4053 pradicant,
637 3981 1133 4056 hac,.postquam
1177 3990 1406 4042 ostensa
1451 3994 1603 4055 sunt,
1656 3987 1956 4046 credibilia

245 4067 445 4125 omnia
474 4069 750 4126 fecerunt.
786 4069 857 4126 Ut
904 4085 1041 4141 ergo
1087 4071 1248 4130 intus
1293 4073 1583 4133 columna
1630 4075 1959 4138 immobiles

247 4162 418 4225 stent,
477 4155 613 4213 foris
657 4156 862 4228 paxilli
919 4157 1089 4216 funes
1143 4161 1468 4233 continent;
1505 4165 1642 4237 quia
1679 4173 1744 4224 ut
1777 4167 1957 4224 sancti

248 4243 489 4317 apostoli
518 4243 783 4316 perlecta
810 4244 1226 4306 incarnationis
1256 4247 1575 4309 Dominica
1616 4255 1956 4328 mysterium

250 4315 566 4404 crederent,
585 4333 822 4392 illorum
839 4335 1168 4407 praedicatio
1187 4338 1466 4411 obtinuit;
1493 4342 1594 4415 qui
1617 4315 1743 4408 hoc,
1767 4344 1957 4416 prius-
1981 4315 2031 4374 Β

248 4440 426 4499 quam
454 4426 633 4496 ﬁeret,
665 4432 720 4483 et
761 4425 954 4485 videre
994 4433 1050 4484 et
1085 4428 1397 4501 pradicare
1436 4439 1764 4504 potuerunt.
1796 4433 1960 4492 Unde

253 4520 402 4571 recte
433 4528 662 4588 quoque
691 4515 812 4585 ipse
855 4515 1077 4586 primus
1113 4519 1526 4591 apostolorum,
1566 4537 1774 4594 magna
1802 4522 1958 4580 scili-

251 4608 337 4659 cet
366 4600 633 4659 columna
666 4601 786 4659 veri
821 4601 1192 4676 tabernaculi,
1223 4605 1497 4681 loquitur,
1521 4608 1716 4668 dicens
1747 4629 1760 4669 :
1795 4631 1823 4663 ι(
1850 4610 1960 4668 Ha-

250 4691 456 4750 bemus
484 4691 796 4751 ﬁrmiorem
829 4695 1229 4768 propheticum
1269 4711 1616 4769 sermonem,
1651 4701 1746 4758 cui
1787 4700 1960 4759 bene-

254 4782 437 4840 tacitis
513 4781 896 4854 intendentes,
954 4786 1119 4857 quasi
1195 4785 1448 4845 lucerna
1540 4788 1817 4848 relucenti
1896 4791 1958 4848 in

254 4871 569 4945 caliginoso
597 4871 719 4931 loco
746 4873 819 4944 (Π
839 4877 985 4930 Pctr.
1023 4877 1082 4945 1).
1113 4895 1140 4928 ››
1173 4874 1239 4932 In
1281 4876 1495 4949 quibus
1524 4877 1715 4936 verbis
1745 4879 1961 4936 indicat.

254 4962 546 5038 (quamvis
575 4961 642 5020 ad
689 4963 804 5020 alta
842 4965 1117 5034 surrexit)
1155 4980 1230 5022 ex
1264 4965 1542 5035 culmine,
1586 4966 1688 5023 ubi
1723 4966 1960 5040 religata

257 5051 519 5124 persistat
545 5051 609 5109 in
647 5050 780 5109 ﬁde.
812 5050 952 5121 Qua
990 5059 1180 5111 tamen
1221 5052 1457 5112 lucerna
1495 5055 1810 5128 prophetici
1840 5073 1960 5115 ser-

257 5142 446 5199 monis
490 5143 610 5215 jam
655 5141 891 5216 quidem
935 5142 1390 5215 intelligentibus
1431 5144 1600 5213 lucet,
1628 5145 1726 5203 sed
1771 5147 1962 5207 adhuc

255 5245 374 5287 non
414 5219 873 5303 inte'lligentibus
909 5239 1173 5306 cooperta
1202 5232 1610 5306 allegoriarum
1639 5235 1958 5295 obscurita-

254 5318 410 5378 tibus
430 5328 742 5392 permanet.
769 5319 931 5380 Unde
949 5322 1118 5382 etiam
1143 5339 1244 5398 per
1263 5323 1625 5384 Psalmistam
1649 5323 1720 5383 de
1744 5326 1958 5385 eisdem

255 5408 424 5469 dictis
451 5412 854 5484 prophetarum
883 5413 1093 5472 dicitur
1119 5432 1132 5466 :
1169 5435 1195 5466 «
1230 5412 1554 5476 Tenebrosa
1581 5431 1735 5490 aqua
1762 5416 1819 5474 in
1849 5432 1961 5476 nu-

2037 3098 2059 3128 ι
2095 3074 2522 3148 Magniﬁcenlia
2560 3079 2685 3151 ejus
2720 3077 3059 3136 discurrunt
3103 3079 3307 3140 nubes.
3347 3103 3372 3134 υ
3415 3081 3556 3152 Quis
3581 3084 3750 3143 enim

2031 3173 2115 3226 est
2142 3182 2409 3226 ascensor
2437 3167 2590 3237 cmli,
2621 3168 2733 3227 nisi
2759 3167 3018 3227 Salvator
3045 3177 3254 3241 noster,
3284 3171 3406 3245 qui,
3436 3179 3746 3246 postquam

2034 3256 2236 3314 mortis
2291 3255 2604 3329 imperium
2661 3257 2916 3316 moriens
2955 3257 3219 3330 perdidit,
3267 3261 3480 3319 calum
3517 3261 3747 3337 angelis

2034 3346 2444 3404 comitantibus
2467 3353 2521 3404 et
2549 3346 2854 3420 discipulis
2889 3348 3339 3421 suspicientibus
3375 3351 3746 3424 penetravit?

2035 3438 2226 3512 Hujus
2278 3438 2704 3511 magniﬁcentia
2769 3440 2954 3498 nubes
3012 3441 3368 3513 discurrunt,
3417 3445 3552 3518 quia
3614 3446 3752 3518 ejus

2035 3527 2370 3588 auctoritate
2415 3527 2672 3586 doctores
2715 3529 2896 3586 sancti
2947 3544 3047 3602 per
3087 3533 3378 3590 mundum
3425 3533 3750 3592 salutifera

2036 3616 2456 3691 pradicationis
2508 3615 2754 3673 imbrem
2808 3616 3038 3690 pluunt.
3103 3618 3180 3677 De
3239 3621 3456 3694 quibus
3505 3630 3560 3678 et
3608 3637 3746 3695 pro-

2038 3706 2207 3779 pheta
2233 3728 2244 3762 :
2275 3727 2296 3755 ι
2325 3704 2434 3774 Qui
2461 3711 2617 3774 sunt,
2645 3705 2856 3777 inquit,
2889 3705 3005 3778 isti,
3030 3707 3132 3780 qui
3161 3715 3222 3766 ut
3250 3709 3433 3768 nubes
3454 3708 3687 3768 volant?
3719 3735 3741 3760 -

2039 3798 2164 3865 (Isa.
2212 3795 2330 3865 LX.)
2373 3792 2505 3850 Ista
2549 3793 2735 3852 nubes
2781 3793 3154 3854 resolvuntur
3206 3798 3267 3855 in
3319 3813 3550 3871 aquam,
3604 3814 3745 3856 cum

2041 3894 2251 3944 terram
2274 3885 2462 3944 cordis
2489 3884 2668 3942 nostri
2704 3884 2982 3942 doctrina
3016 3901 3139 3945 sua
3167 3887 3401 3947 ﬂuentis
3429 3888 3750 3960 inebriant,

2039 3984 2103 4035 ut
2148 3990 2277 4032 eam
2319 3974 2391 4032 ad
2436 3973 2778 4046 proferenda
2818 3973 2896 4047 pii
2944 3975 3134 4047 operis
3177 3978 3440 4049 germina
3494 3977 3746 4037 fertilem

2043 4066 2299 4124 reddant.

2116 4155 2278 4214 Unde
2319 4161 2374 4214 et
2426 4154 2882 4216 Bartbolomaus
2925 4157 3098 4233 (quod
3141 4159 3341 4232 utique
3381 4157 3594 4232 Syrum
3645 4175 3753 4217 no-

2044 4259 2177 4302 men
2223 4249 2326 4313 est,
2367 4259 2485 4302 non
2523 4244 2858 4318 Hebraum)
2892 4246 3300 4319 interpretatur
3326 4249 3477 4318 ﬁlius
3518 4265 3753 4322 suspen-

2043 4336 2221 4391 dentis
2269 4352 2444 4406 aquas
2479 4355 2496 4390 :
2528 4335 2712 4394 Filius
2752 4337 2955 4412 utique
2996 4337 3117 4407 Dei,
3165 4339 3267 4412 qui
3310 4338 3753 4411 pradicalorum

2044 4439 2284 4483 suorum
2313 4431 2533 4484 mentes
2559 4426 2630 4483 ad
2659 4427 2911 4486 calestia
2935 4427 3378 4500 contemplanda
3405 4430 3750 4503 suspendit;

2044 4521 2109 4573 ut
2160 4521 2377 4588 quanto
2430 4515 2670 4574 liberius
2721 4533 2781 4576 se
2824 4518 2893 4576 ad
2943 4517 3385 4592 intelligendum
3425 4518 3754 4579 Creatorem

2044 4621 2218 4664 suum
2286 4605 2492 4679 pennis
2561 4606 2842 4665 virtutum
2895 4607 3129 4679 librant,
3189 4615 3345 4666 tanto
3396 4608 3646 4667 feracius
3696 4616 3754 4667 et

2044 4694 2285 4754 uberius
2339 4694 2583 4752 imbrem
2644 4694 2892 4754 calestis
2947 4695 3163 4771 eloquii
3214 4697 3428 4756 nostris
3477 4696 3755 4756 cordibus

2043 4785 2353 4844 infundere
2387 4785 2636 4855 valeant,
2683 4791 2739 4843 et
2777 4801 2849 4843 ex
2895 4784 2995 4844 illo
3031 4786 3183 4844 fonte
3219 4786 3485 4861 suspensi
3523 4787 3746 4857 bibant,

2045 4875 2201 4949 quod
2245 4874 2303 4932 in
2362 4889 2464 4932 nos
2521 4873 2884 4946 postmodum
2930 4873 3286 4947 propinando
3315 4876 3745 4935 transfundam.

2046 4964 2211 5024 Unde
2251 4964 2396 5023 bene
2428 4963 2652 5038 Moyses
2692 4965 2928 5038 mystice
2957 4964 3029 5022 de
3057 4971 3248 5022 sancta
3285 4964 3424 5023 dicit
3451 4965 3742 5024 Ecclesia:

2049 5078 2075 5104 ι
2099 5055 2226 5114 Non
2249 5060 2353 5124 est,
2369 5053 2573 5126 inquit,
2592 5059 2757 5121 terra,
2778 5053 2850 5111 ad
2871 5068 3042 5126 quam
3063 5053 3441 5125 ingredimini
3457 5053 3753 5126 possiden-

2046 5145 2202 5213 dam,
2237 5141 2448 5200 similis
2485 5149 2652 5200 terra
2683 5142 2938 5217 Egypti,
2963 5141 3032 5200 de
3063 5159 3178 5218 qua
3215 5143 3437 5212 existis,
3474 5143 3574 5202 ubi
3605 5144 3749 5217 jacto

2044 5233 2284 5303 semine,
2303 5233 2362 5290 in
2387 5232 2685 5291 hortorum
2700 5247 2917 5290 morem
2930 5247 3098 5305 aqua
3117 5231 3408 5290 ducuntur
3425 5231 3691 5304 irrigua;
3721 5256 3741 5281 ι

2045 5324 2143 5383 sed
2177 5343 2189 5382 :
2225 5344 2252 5377 ‹‹
2280 5323 2350 5381 de
2377 5321 2522 5381 calo
2554 5321 2781 5396 pluvias
2813 5327 3165 5394 exspectans,
3198 5336 3373 5396 quam
3412 5321 3567 5380 Deus
3607 5337 3749 5381 suus

2044 5415 2243 5475 invisit
2292 5413 2451 5474 omni
2502 5420 2752 5484 tempore
2801 5415 2978 5480 (Deut.
3037 5415 3144 5481 Xl).
3183 5432 3203 5462 ι
3235 5410 3546 5472 Sacularis
3589 5412 3749 5471 enim
