4064 6208
185 249 290 308 729

1701 247 1946 310 SERMO
1986 249 2167 308 XLII.

3576 251 3682 311 730

184 374 490 448 prudentia
517 375 682 448 quasi
728 373 964 434 coluber
1005 391 1107 450 per
1139 377 1386 436 humum
1434 377 1629 451 serpit,
1680 383 1736 435 et
1774 376 1952 436 huo-A
1977 373 2226 448 insignis
2262 381 2346 433 est
2379 380 2554 449 atque
2579 375 2948 448 conspicuus,
2981 374 3086 450 qui
3115 374 3366 449 quodam
3399 375 3679 458 prasagio

181 461 443 536 illucque
483 461 708 520 lubrica
737 462 1013 522 varietate
1059 463 1349 534 declinat;
1398 464 1598 524 divina
1635 479 1770 522 vero
1804 478 1897 520 sa-

181 552 400 626 pientia
432 551 504 610 de
543 551 876 611 caelestibus
902 552 1145 612 intonat.
1177 554 1394 614 Hortus
1419 554 1591 612 etiam
1628 553 1723 611 hic
1753 552 1894 610 sini-

182 650 360 700 stram
405 642 574 699 habet
620 641 1124 715 signiiicationem.
1170 644 1317 702 Nam
1360 642 1608 702 carnalis
1642 641 1895 700 scientia

183 731 414 789 videtur
471 730 776 801 designare
851 731 1168 790 lasciviam.
1249 731 1412 792 Sicut
1481 738 1536 790 et
1591 730 1729 801 illic,
1793 730 1894 789 ubi

181 819 382 878 Achab
409 819 573 892 petiit
613 819 846 877 vineam
891 819 1114 878 Naboth
1147 845 1159 878 :
1187 840 1214 873 α
1243 820 1322 878 Da
1357 819 1521 888 mibi,
1558 818 1768 894 inquit,
1800 818 1891 876 vi-

182 921 355 965 neam
393 914 668 974 tuam,-ut
697 907 902 965 faciam
937 909 1082 983 mihi
1111 909 1343 966 hortum
1368 907 1632 966 oleorum
1665 909 1736 978 (ΙΙ
1759 912 1890 977 Reg.

180 1001 334 1070 XXI).
362 1021 386 1046 υ
421 997 527 1056 Ille
547 998 760 1074 quippe
780 1000 838 1056 in
870 999 1104 1058 hortum
1131 1007 1371 1058 conatur
1393 999 1624 1057 vineam
1649 1006 1889 1068 vertere,

177 1088 282 1164 qui
319 1088 567 1160 rigorem
600 1087 831 1145 virtutis
869 1089 1132 1161 jucunda
1173 1093 1423 1146 carnalis
1451 1087 1738 1146 illecebra
1769 1087 1896 1146 vult

175 1178 511 1236 ammnitate
560 1184 801 1235 mutare.
854 1177 924 1236 Et
971 1179 1270 1238 Psalmista
1323 1178 1592 1252 reprobos
1638 1177 1894 1236 oleribus

175 1272 491 1340 comparat,
572 1265 768 1324 dicens
818 1285 831 1325 :
889 1291 910 1316 ι
967 1267 1269 1339 Tanquam
1343 1268 1540 1325 fenum
1625 1266 1894 1324 velociter

173 1362 457 1423 arescent,
491 1360 544 1411 et
582 1355 730 1412 sicut
776 1353 933 1412 olera
980 1356 1290 1415 herbarum
1338 1355 1449 1414 cito
1480 1354 1684 1413 cadent
1717 1358 1888 1422 (Psal.

174 1450 485 1514 ΧΧΧνῡ.»

245 1535 430 1593 Terra
485 1534 683 1610 itaque
727 1535 1212 1608 repromissionis,
1264 1535 1370 1594 hoc
1419 1543 1504 1594 est
1547 1543 1742 1596 sancta
1783 1536 1889 1594 Ec-

170 1625 369 1696 clesia,
400 1625 552 1683 etde
579 1623 724 1684 calo
772 1624 1000 1697 pluvias
1043 1624 1424 1697 prastolalur,
1476 1626 1612 1700 quia
1661 1626 1888 1698 sapien-

1979 461 2311 521 futurorum
2368 463 2546 537 hujus
2597 462 2828 538 mystici
2886 461 3152 521 vocabuli
3197 461 3366 521 titulo
3429 463 3683 522 cernitur

1978 553 2311 625 insignitus.
2355 553 2500 611 Nam
2547 568 2680 611 cum
2725 552 2937 611 dicitur
2971 552 3129 611 filius
3177 554 3581 626 suspendentis
3619 569 3683 611 a-

1977 662 2143 721 quas,
2185 647 2399 706 dicitur
2453 646 2648 718 procul
2691 647 2870 705 dubio
2911 646 3070 706 filius
3117 645 3240 717 Dci,
3287 661 3400 704 non
3448 646 3682 720 quidem

1978 735 2258 818 nqtnralis
2287 736 2673 809 generationis
2708 735 2952 808 origine,
2994 735 3090 792 sed
3129 734 3517 808 propensioris
3551 751 3682 807 gra-

1977 823 2073 882 tia
2127 824 2422 896 dignitate.
2480 825 2612 882 Erat
2659 824 2817 882 enim
2879 839 3009 882 vere
3055 825 3156 882 Dei
3208 824 3508 898 templum,
3565 840 3679 883 εαξη

1976 912 2134 971 lestis
2184 914 2382 986 gratia
2436 913 2854 984 sanctuarium,
2913 929 3044 972 arca
3113 915 3364 985 faderis,
3420 915 3681 973 taberna-

1975 1002 2173 1061 culum
2232 1003 2566 1062 testimonii.
2622 1004 2766 1060 Nam
2819 1003 2964 1060 sicut
3014 1018 3144 1061 arca
3203 1003 3302 1061 illa
3359 1003 3559 1075 legalis
3609 1019 3685 1061 ex

1976 1094 2437 1167 imputribilibus
2465 1095 2642 1167 lignis
2677 1093 2857 1153 Setim
2889 1094 3128 1167 mystica
3164 1096 3350 1152 fuerat
3378 1101 3498 1152 arte
3525 1109 3680 1151 com-

1977 1185 2178 1256 posita,
2228 1200 2370 1242 auro
2413 1200 2646 1257 quoque
2695 1184 3004 1255 purissimo
3054 1183 3474 1254 resplendebat,
3526 1183 3683 1240 intus

1977 1279 2032 1330 et
2083 1273 2446 1330 extrinsecus
2489 1272 2754 1330 inaurata
2791 1274 2988 1344 (Exod.
3046 1273 3232 1343 XXV);
3294 1271 3374 1329 ita
3431 1271 3523 1329 vir
3578 1272 3686 1329 iste

1979 1363 2282 1433 mirabilis,
2339 1363 2441 1436 qui
2500 1378 2658 1433 spem
2703 1379 2864 1420 suam
2908 1363 2966 1419 in
3021 1361 3342 1419 aternitate
3394 1365 3682 1434 posuerat,

1975 1459 2031 1510 et
2077 1453 2338 1511 exterius
2396 1452 2651 1510 radiabat
2707 1451 3004 1509 imitanda
3060 1455 3194 1508 vita
3253 1451 3576 1524 splendore,
3633 1458 3688 1509 et

1976 1543 2325 1600 intrinsecus
2381 1539 2731 1614 pralucebat
2782 1539 3001 1597 divina
3058 1539 3356 1611 sapientia
3407 1538 3680 1597 claritate.

1978 1632 2042 1690 In
2078 1631 2180 1689 illa
2208 1647 2438 1706 quoque
2471 1645 2602 1686 arca
2639 1635 2760 1685 erat
2791 1643 2936 1686 urna
2983 1643 3178 1697 aurea,
3220 1627 3281 1684 in
3321 1643 3434 1702 qua
3473 1642 3686 1684 manna

171 1717 268 1774 tia
294 1714 546 1772 caelestis
574 1715 760 1773 imbre
793 1713 1186 1786 perfunditur,
1217 1723 1269 1772 et
1312 1717 1494 1774 nubes
1525 1717 1667 1790 ejus,
1702 1718 1883 1775 sancti
1910 1721 2328 1791 Bservabatur,
2362 1718 2576 1777 tabula
2607 1716 2996 1774 nihilominus
3026 1715 3399 1784 Testamenti,
3441 1719 3496 1772 et
3526 1713 3688 1785 virga

171 1804 392 1862 scilicet
437 1803 711 1873 doctores,
766 1803 837 1860 de
885 1801 1100 1861 calesti
1150 1819 1267 1862 uno
1309 1805 1466 1863 fonte
1517 1805 1890 1864 invisibiliter

171 1891 480 1962 hauriunt,
535 1890 692 1966 quod
749 1891 810 1948 in
864 1907 967 1949 nos
1024 1893 1394 1965 postmodum
1452 1895 1710 1953 suaviter
1753 1911 1886 1953 eru-

171 1981 384 2040 ciando
433 1980 871 2040 transfundunt.
915 1980 1079 2039 Unde
1122 1981 1441 2054 Propheta:
1474 1982 1884 2055 «Memoriam,

171 2067 390 2142 inquit,
456 2067 830 2126 abundantia
890 2069 1190 2129 suavitatis
1249 2078 1364 2129 tua
1417 2072 1782 2142 eructabunt,
1834 2079 1887 2130 et

165 2160 393 2235 iustitia
427 2166 524 2218 tua
555 2160 936 2219 exsultabunt
983 2165 1154 2230 (Psal.
1206 2166 1430 2228 CXLIV).
1463 2183 1489 2213 ι)
1523 2164 1611 2220 An
1663 2178 1780 2224 non
1817 2163 1887 2220 ad

170 2249 344 2308 illum
392 2249 609 2306 fontem
657 2248 890 2320 Paulus,
927 2265 1134 2322 magna
1175 2249 1392 2308 scilicet
1437 2249 1643 2321 nubes,
1696 2251 1886 2322 rediit,

170 2351 329 2402 cum,
361 2350 538 2408 supra
577 2334 810 2393 tertium
857 2335 1073 2394 calum
1124 2343 1338 2410 raptus,
1369 2336 1544 2394 verba
1569 2352 1701 2410 qua
1730 2336 1891 2410 loqui

174 2439 289 2482 non
321 2424 549 2494 licebat,
579 2422 853 2484 audivit?
891 2428 935 2498 (Ι
967 2427 1085 2484 Cor.
1132 2429 1212 2497 II.)
1243 2429 1332 2484 An
1369 2442 1485 2484 non
1516 2426 1584 2484 ad
1619 2426 1888 2484 eumdem

171 2515 396 2573 fontem
437 2529 703 2572 reversus
733 2520 818 2572 est
853 2514 1076 2584 Petrus,
1122 2529 1258 2572 cum
1304 2515 1366 2572 in
1412 2515 1661 2573 extasim
1699 2515 1891 2574 subito

172 2604 421 2676 rapitur,
465 2610 521 2660 et
565 2618 682 2662 non
730 2603 902 2662 modo
951 2603 1180 2662 diversa
1226 2605 1613 2663 animantium
1658 2621 1886 2679 genera,

170 2691 274 2749 sed
330 2698 390 2749 et
439 2692 725 2765 serpentia
775 2698 1022 2750 mactare
1089 2698 1146 2750 et
1203 2694 1553 2752 manducare
1601 2694 1892 2767 jubetur?

171 2784 324 2848 (Act.
359 2785 450 2848 X.)
485 2780 554 2838 Et
597 2780 720 2838 hac
749 2780 984 2855 quidem
1031 2781 1216 2840 nubes
1254 2798 1372 2842 non
1414 2791 1536 2841 erat
1571 2789 1711 2842 tunc
1739 2799 1890 2857 aqua

171 2871 478 2945 sapientia
522 2870 768 2944 pleniter
807 2870 1066 2943 gravida,
1099 2871 1235 2944 quia
1266 2875 1597 2932 communis
1627 2875 1890 2933 omnium

171 2958 320 3016 213
377 2963 640 3035 gentium
692 2961 1011 3020 vocationis
1062 2969 1181 3019 erat
1231 2963 1448 3036 ignara.
1503 2963 1612 3023 Sed
1658 2965 1890 3024 accessit

167 3047 242 3106 ad
299 3047 540 3117 fontem,
591 3055 646 3107 et
697 3049 887 3107 hausit
933 3049 1400 3122 limpidissimam
1451 3059 1626 3126 atque
1666 3053 1886 3127 perspi-

168 3151 346 3195 cuam
374 3136 446 3194 de
476 3137 660 3196 salute
687 3137 951 3211 gentium
982 3137 1311 3212 puritatem.
1346 3138 1624 3213 Nunquid
1661 3149 1715 3198 et
1754 3142 1888 3199 bea-

173 3234 267 3285 tus
298 3226 409 3284 iste
457 3225 918 3286 Bartbolomaus
962 3228 1033 3286 de
1077 3227 1439 3302 plenitudine
1491 3230 1665 3288 fontis
1714 3231 1889 3303 hujus

171 3318 455 3377 haustum
486 3318 733 3376 caelestis
759 3320 959 3392 gratia
997 3336 1114 3378 non
1155 3321 1429 3395 percepit,
1459 3322 1691 3395 quando
1716 3337 1890 3394 super

170 3421 306 3465 eum
335 3421 471 3464 cum
494 3406 832 3480 coapostolis
856 3408 979 3467 suis
996 3408 1271 3466 omnibus
1299 3409 1460 3466 venit
1493 3407 1741 3482 Spiritus
1764 3424 1893 3467 san-

1976 1812 2188 1878 Aaron,
2230 1824 2363 1881 qua
2404 1807 2755 1866 fronduerat.
2803 1804 2954 1874 Quid
3003 1812 3087 1863 est
3137 1812 3330 1862 autem
3377 1818 3524 1862 urna
3578 1819 3686 1861 au-

1975 1913 2089 1964 rea,
2144 1897 2259 1955 nisi
2296 1912 2428 1954 caro
2467 1894 2677 1953 Christi
2721 1893 2960 1962 munda,
2999 1893 3202 1963 nitida,
3244 1892 3468 1950 sincera
3513 1898 3687 1966 atque

1975 1987 2048 2045 ab
2088 1986 2249 2045 omni
2294 1991 2485 2044 reatus
2530 1983 2870 2057 contagione
2914 1979 3264 2055 purissima?
3303 1980 3444 2050 Qua
3482 1994 3686 2038 recon-

1975 2077 2163 2136 ditum
2231 2076 2405 2133 habet
2460 2089 2694 2144 manna,
2747 2072 3077 2145 angelicum
3130 2070 3397 2129 videlicet
3451 2084 3685 2144 panem,

1975 2165 2084 2222 hoc
2123 2171 2226 2235 est,
2274 2162 2596 2220 divinitatis
2644 2167 2880 2219 aterna
2919 2159 3311 2218 dulcedinem.
3366 2157 3509 2215 Dua
3550 2171 3686 2215 vero

1976 2254 2218 2328 lapidea
2263 2253 2475 2311 tabula
2528 2249 2925 2309 inviolabilem
2978 2248 3284 2321 utriusque
3337 2247 3688 2305 Testamenti

1976 2343 2301 2415 signiﬁcant
2332 2342 2680 2399 ﬁrmitatem.
2715 2338 2864 2408 Quid
2895 2346 3093 2398 autem
3123 2340 3316 2396 Aaron
3347 2338 3530 2410 virga,
3570 2337 3684 2394 nisi

1976 2431 2190 2488 summi
2240 2431 2480 2504 verique
2521 2427 2814 2486 Pontiﬁcis
2854 2429 3029 2485 nostri
3072 2425 3325 2484 salutare
3374 2424 3683 2494 vexillum,

1975 2527 2030 2577 et
2057 2520 2304 2577 vivifica
2334 2519 2521 2578 crucis
2544 2516 2823 2591 exprimit
2851 2514 3318 2574 sacramentum?
3347 2513 3486 2585 Qua
3513 2513 3687 2572 etiam

1974 2607 2036 2666 in
2107 2624 2173 2666 eo
2242 2609 2397 2680 quod
2454 2605 2810 2679 germinasse
2863 2604 3220 2678 perhibetur,
3288 2602 3688 2676 praﬁguravit

1975 2695 2200 2753 beatam
2239 2710 2472 2753 crucem
2510 2693 2853 2752 immortalis
2893 2692 3188 2751 memoria
3227 2689 3516 2749 viriditate
3553 2707 3687 2750 ver-

1979 2793 2234 2844 nantem.
3294 2828 3298 2832 ~

2049 2875 2185 2932 Hac
2236 2881 2372 2932 sunt
2423 2880 2782 2933 sacramenta
2825 2871 3171 2931 universalis
3214 2872 3507 2945 Ecclesia,
3564 2872 3689 2932 hac

1975 2965 2148 3022 etiam
2181 2963 2451 3021 salutaris
2479 2963 2785 3021 instructio
2813 2961 3213 3035 cujuscunque
3255 2960 3444 3018 fidelis
3474 2961 3686 3019 animae

1976 3053 2339 3111 Christiana.
2388 3051 2548 3121 Quod
2591 3050 2747 3108 enim
2794 3065 2924 3108 arca
2961 3065 3061 3123 per
3093 3049 3494 3108 adumbratam
3538 3064 3686 3122 pra-

1978 3141 2242 3199 tendebat
2295 3141 2633 3214 imaginem,
2685 3141 2792 3198 hoc
2849 3155 3004 3198 nunc
3054 3139 3326 3212 Ecclesia,
3383 3139 3473 3197 vel
3524 3155 3688 3216 qua-

1975 3245 2089 3305 que
2130 3246 2294 3289 mens
2326 3232 2472 3306 justi
2508 3247 2610 3303 per
2645 3230 3104 3288 eiiicacissimam
3139 3237 3194 3288 et
3223 3238 3477 3304 apertam
3504 3231 3691 3305 possi-

1975 3319 2070 3377 det
2120 3321 2444 3379 veritatem.
2516 3321 2656 3379 Hac
2715 3315 2861 3372 214
2915 3319 3063 3376 beati
3127 3319 3366 3393 apostoli
3430 3319 3691 3393 mystica

1975 3407 2306 3466 refectionis
2347 3408 2620 3466 alimenta
2651 3406 2974 3481 portabant,
3013 3406 3134 3463 hac
3163 3413 3439 3478 tanquam
3480 3421 3687 3479 panem

169 3501 301 3552 ctus
344 3493 406 3551 in
451 3494 766 3567 ignitarum
819 3496 1150 3555 diversitate
1191 3495 1570 3569 linguarum?
1607 3500 1751 3566 (Act.
1797 3501 1889 3566 Il.)
1974 3496 2232 3571 parvulis
2254 3495 2600 3568 exponendo
2633 3495 2991 3567 frangebant.
3020 3493 3164 3551 Nam
3187 3501 3489 3567 postquam
3518 3509 3691 3551 evan-

174 3580 290 3640 Sed
313 3581 419 3656 qui
450 3582 646 3655 ignem
673 3585 862 3654 audis,
893 3601 1105 3660 aquam
1145 3586 1382 3644 forsitan
1412 3601 1529 3644 non
1567 3586 1887 3660 intelligis?
1972 3584 2192 3658 gelicus
2238 3584 2339 3642 ille
2389 3600 2576 3642 sermo
2629 3582 2911 3660 prorupit,
2960 3583 3235 3662 quoniam
3291 3581 3521 3657 aperuit
3571 3581 3688 3640 illis

168 3671 332 3730 Audi
356 3672 646 3744 quomodo
678 3673 962 3733 Dominus
989 3675 1259 3734 eumdem
1289 3674 1569 3748 Spiritum
1599 3685 1888 3739 sanctum.
1974 3690 2232 3746 sensum,
2266 3681 2331 3732 ut
2359 3672 2749 3744 intelligerent
2784 3671 3108 3745 Scripturas
3136 3673 3283 3743 (Luc.
3326 3672 3526 3746 XXIV),
3555 3685 3687 3744 pro-

167 3759 276 3830 qui
328 3760 394 3816 in
443 3761 579 3834 igne
616 3776 790 3834 super
824 3763 1108 3835 apostolos
1147 3763 1323 3832 venit,
1377 3779 1589 3837 aquam
1642 3764 1888 3822 vocavit.
1973 3762 2198 3836 phetica
2256 3761 2491 3836 querela
2543 3759 2809 3832 cessavit,
2883 3776 3001 3834 qua
3067 3761 3335 3818 dicitur:
3385 3781 3410 3814 ‹‹
3452 3759 3688 3818 Parvuli

171 3869 196 3898 α
232 3847 301 3906 Si
349 3849 504 3922 quis,
552 3849 768 3924 inquit,
818 3851 957 3920 sitit,
1016 3852 1208 3910 veniat
1265 3852 1337 3910 ad
1391 3869 1483 3911 me
1539 3860 1594 3911 et
1649 3853 1888 3911 bibat.»
1975 3851 2266 3925 petierunt
2335 3865 2563 3925 panem,
2627 3856 2683 3907 et
2745 3865 2863 3908 non
2925 3855 3046 3908 erat
3097 3849 3198 3924 qui
3251 3849 3540 3920 frangeret
3605 3848 3689 3906 eis

168 3935 436 4010 Moxque
477 3937 784 4010 subjunxit
813 3957 826 3997 :
860 3964 879 3990 ι
903 3939 1012 4008 Qui
1041 3940 1220 3998 credit
1256 3940 1316 3997 in
1348 3957 1462 4012 me,
1497 3967 1522 3989 ››
1570 3941 1720 4001 sicut
1755 3942 1896 4000 dicit
1975 3943 2196 4008 (Τὴν-θη.
2235 3944 2339 4008 IV).
2378 3960 2399 3988 ι
2450 3939 2561 3997 Hic
2586 3945 2672 3996 est
2705 3937 2868 4012 panis
2907 3937 3008 3996 ille
3049 3936 3444 4011 quotidianus,
3488 3936 3690 3995 fratres

167 4025 494 4100 Scriptura,
520 4029 1258 4103 «ﬂuminadeventreejus
1277 4031 1642 4106 ﬂuentaqua
1665 4034 1888 4090 viva.»
1975 4029 2110 4097 mei,
2155 4043 2331 4101 quem
2381 4041 2487 4086 nos
2536 4026 2754 4085 Veritas
2804 4027 2998 4085 docuit
3036 4026 3332 4084 inhianter
3381 4033 3677 4098 expetere;

166 4113 298 4174 Hoc
340 4122 559 4186 autem,
593 4119 674 4174 ait
707 4117 1077 4191 evangelista,
1123 4119 1276 4178 dixit
1320 4119 1391 4178 de
1439 4120 1656 4194 Spiritu
1713 4138 1890 4196 quem
1975 4121 2084 4178 hoc
2112 4117 2358 4177 calestis
2385 4118 2684 4192 sapientia
2715 4117 3016 4192 pabulum,
3044 4118 3200 4189 quod
3223 4117 3503 4176 debemus
3528 4117 3688 4191 jugi-

162 4205 464 4278 accepturi
508 4213 671 4264 erant
711 4206 1006 4266 credentes
1049 4208 1111 4265 in
1163 4224 1295 4268 eum
1351 4212 1523 4282 (Joan.
1577 4213 1697 4282 v11).
1731 4232 1758 4263 »
1813 4211 1892 4270 De
1975 4217 2059 4268 ter
2087 4209 2332 4267 esurire.
2428 4233 2434 4239 -

163 4295 390 4368 quibus
436 4296 808 4355 credentibus
852 4313 953 4370 per
996 4296 1339 4371 Prophetam
1387 4299 1600 4358 dicitur
1643 4319 1654 4357 :
1710 4322 1730 4351 α
1763 4300 1888 4358 Ine-
2047 4298 2371 4358 Audiamus
2401 4300 2595 4373 itaque
2623 4316 2724 4374 per
2748 4316 2812 4358 os
2843 4297 3171 4358 Salomonis
3201 4297 3556 4372 Sapientiam
3584 4313 3689 4356 nos

163 4383 526 4442 briabuntur
598 4385 671 4442 ab
745 4385 1004 4443 ubertate
1055 4385 1264 4445 domus
1331 4392 1466 4456 tua,
1529 4395 1584 4445 et
1638 4393 1891 4446 torrente
1917 4389 2049 4460 had
2095 4403 2353 4446 mensam
2402 4388 2720 4460 spiritualis
2766 4389 3060 4446 alimonia
3102 4387 3272 4445 claris
3313 4387 3552 4445 vocibus
3596 4387 3689 4445 in-

163 4472 486 4545 voluptatis
537 4480 656 4532 tua
713 4474 932 4548 potabis
985 4490 1100 4545 eos,
1153 4475 1426 4549 quoniam
1488 4476 1638 4548 apud
1704 4483 1754 4532 te
1809 4472 2257 4535 estuvitantem
2299 4501 2311 4534 :
2361 4477 2727 4551 «Sapientia,
2791 4478 3003 4553 inquit,
3053 4475 3380 4534 immolavit
3425 4476 3689 4533 victimas

167 4562 305 4620 fons
335 4563 472 4621 vita
499 4567 668 4632 (Psal.
711 4569 933 4631 XXXV).
969 4586 996 4614 υ
1040 4564 1376 4639 Philosophi
1406 4565 1608 4622 dicunt
1641 4565 1887 4638 spatium
1980 4581 2133 4634 suas,
2192 4566 2426 4625 miscuit
2478 4566 2684 4623 vinum
2732 4572 2788 4623 et
2833 4565 3128 4639 proposuit
3172 4579 3431 4622 mensam
3478 4578 3682 4635 suam;

160 4667 360 4710 aerea
386 4655 786 4713 crassitudinis
819 4649 1219 4728 non‘amplius
1252 4669 1427 4729 quam
1467 4654 1662 4712 decem
1694 4655 1893 4713 stadiis
1983 4655 2137 4712 misit
2188 4654 2427 4712 ancillas
2491 4671 2643 4724 suas,
2699 4661 2762 4712 ut
2809 4661 3078 4712 vocarent
3125 4653 3196 4710 ad
3244 4666 3453 4719 arcem,
3507 4656 3564 4708 et
3615 4651 3685 4708 ad

159 4758 195 4799 a
241 4749 406 4801 terra
446 4744 717 4816 distendi,
767 4761 902 4818 qua
950 4743 1117 4803 nobis
1155 4744 1467 4818 aliquando
1513 4745 1650 4803 solis
1695 4746 1890 4820 splen-
1982 4743 2194 4802 mania
2221 4741 2508 4801 civitatis:
2538 4743 2586 4800 si
2621 4744 2756 4818 quis
2785 4749 2869 4802 est
2897 4742 3196 4818 parvulus,
3226 4740 3423 4799 veniat
3445 4739 3517 4797 ad
3553 4755 3682 4810 me;

158 4833 377 4893 dorem
429 4833 712 4893 subtrahit
760 4841 812 4892 et
865 4834 1093 4908 pluvias
1155 4835 1364 4893 fundit.
1426 4835 1559 4892 Ista
1608 4850 1765 4906 vero,
1823 4833 1893 4893 de
1985 4832 2194 4903 venite,
2253 4831 2535 4890 comedite
2596 4849 2802 4906 panem
2863 4848 3078 4900 meum,
3134 4835 3190 4888 et
3245 4828 3424 4888 bibite
3481 4829 3684 4888 vinum

156 4924 397 4998 quibus
442 4939 598 4983 nunc
642 4923 955 4997 loquimur,
1002 4925 1189 4984 nubes
1232 4923 1508 4983 calorum
1551 4924 1701 4982 celsa
1745 4931 1894 4981 tran-
1981 4923 2132 4996 quod
2175 4922 2386 4980 miscui
2432 4921 2592 4980 vobis
2625 4925 2800 4994 (Prov.
2850 4925 2953 4993 1X).
2989 4943 3016 4973 ιι
3057 4921 3318 4979 Christus
3361 4917 3541 4988 enim,
3585 4919 3686 4991 qui

157 5013 484 5081 scendunt,
533 5021 587 5072 et
632 5015 832 5074 lumen
890 5014 1010 5072 veri
1064 5012 1215 5074 Solis
1266 5029 1384 5071 non
1437 5014 1730 5081 auferunt,
1795 5015 1891 5071 sed
1981 5015 2260 5089 sapientia
2320 5014 2502 5072 Patris
2556 5022 2659 5083 est,
2719 5013 2982 5071 victimas
3036 5010 3375 5079 immolavit,
3427 5024 3560 5068 cum
3615 5008 3682 5065 ad

157 5103 510 5163 ostendunt.
557 5101 634 5162 De
676 5102 892 5177 quibus
935 5103 1106 5162 etiam
1147 5102 1268 5162 sul!
1297 5102 1613 5161 ﬂuviorum
1660 5102 1894 5160 nomine
1982 5111 2192 5164 nostra
2228 5104 2566 5162 imitationis
2594 5105 2930 5176 exemplum
2969 5103 3160 5160 beatos
3196 5108 3477 5175 martyres
3503 5097 3686 5157 occidi

157 5210 272 5268 per
337 5191 708 5250 Salomonem
760 5190 972 5250 dicitur
1005 5210 1018 5248 :
1057 5215 1082 5241 α
1113 5190 1321 5250 Omnia
1383 5190 1631 5248 ﬂumina
1678 5190 1896 5247 intrant
1982 5192 2262 5268 permisit.
2309 5193 2538 5250 Miscuit
2574 5193 2801 5264 vinum,
2841 5193 2982 5268 quia
3021 5190 3350 5266 propinavit
3399 5187 3685 5246 credenti-

156 5283 222 5339 in
288 5296 474 5351 mare,
531 5289 586 5339 et
632 5297 788 5339 mare
838 5296 953 5339 non
993 5280 1316 5350 redundat;
1372 5280 1442 5337 ad
1495 5279 1686 5342 tecum
1744 5278 1896 5335 unde
1985 5283 2091 5341 bus
2151 5281 2431 5354 Spiritum
2494 5289 2780 5339 sanctum.
2842 5280 3144 5356 Proposuit
3202 5293 3484 5349 mensam,
3547 5277 3685 5352 quia

155 5378 418 5442 exeunt,
500 5371 750 5430 ﬂumina
825 5374 1212 5442 revertuntur,
1297 5376 1358 5427 ut
1435 5368 1647 5426 iterum
1715 5366 1896 5424 ﬂuant
1981 5372 2272 5428 calestem
2308 5369 2524 5440 paravit
2561 5369 2899 5427 hominibus
2933 5369 3199 5443 gloriam.
3251 5367 3405 5426 Misit
3445 5366 3688 5425 ancillas

158 5463 478 5534 (Eccle.1).
512 5485 538 5508 ιι
701 5509 707 5528 ,
1983 5474 2140 5529 suas,
2194 5457 2252 5515 id
2317 5463 2420 5527 est,
2466 5464 2691 5515 sanctos
2755 5456 2922 5517 Verbi
2976 5458 3293 5529 ministros,
3341 5456 3443 5531 qui
3491 5472 3552 5515 se
3594 5455 3687 5514 in-

231 5553 409 5622 Inter
463 5565 609 5625 quos
665 5551 870 5626 utique
908 5551 1118 5613 ﬂuvios
1173 5550 1374 5611 beatus
1429 5547 1892 5608 Bartholomaus
1985 5548 2182 5606 ﬁrmos
2228 5553 2282 5605 et
2322 5545 2552 5620 fragiles
2581 5554 2928 5607 asseverant.
2973 5545 3124 5620 Quid
3164 5563 3300 5622 ergo
3335 5549 3454 5625 jam
3493 5552 3686 5618 restat,
