4064 6208
324 259 423 319 731

938 253 997 315 S.
1040 252 1262 312 PETRI
1300 250 1620 311 DAMIANI
1661 248 1820 310 OPP.
1868 246 2059 310 PARS
2099 238 2240 303 SEU
2276 234 2527 296 TOMUS
2570 236 2648 296 II.
2691 268 2758 278 —
2797 233 3212 296 SERMONES.

3716 231 3823 290 732

323 381 437 440 nisi
467 387 548 447 ut,
579 378 774 438 relicta
805 378 953 435 fame
994 374 1215 444 saculi,
1258 388 1630 448 properemus
1655 373 1725 430 ad
1767 385 2023 431 mensam
2036 371 2086 430 Α
2109 362 2327 438 Spiritu
2359 364 2554 417 sancto
2584 358 2730 416 vivit
2761 365 2813 416 et
2852 363 3051 431 regnat
3099 357 3161 414 in
3201 355 3412 414 sacula
3445 355 3823 414 saculorum.

325 467 478 527 Dei?
510 467 620 526 Sed
661 466 731 524 ad
770 467 919 523 hanc
958 462 1326 536 ingrediendi
1379 460 1605 519 aditum
1641 461 1893 533 reperire
1921 476 2035 519 non

325 572 654 631 possumus,
710 553 823 612 nisi
878 569 978 626 per
1029 557 1252 609 sanctos
1305 541 1609 622 apostolos,
1652 550 1865 624 quibus
1925 548 2037 607 cla-

325 661 425 704 ves
453 644 775 702 commissa
813 647 950 698 sunt
989 638 1153 713 regni
1190 637 1470 696 calorum
1507 639 1680 706 (Joan.
1711 639 1840 708 XX).
1873 637 2036 696 Unde

323 732 598 805 scriptum
638 735 721 788 est
755 754 767 786 :
805 753 827 778 ιι
862 727 1157 801 Sapientia
1203 727 1343 785 foris
1395 725 1691 798 pradicat,
1720 726 1779 783 in
1833 726 2034 805 plateis

323 791 668 880 dat‘vocetn
724 834 911 888 suam,
941 817 1002 875 in
1056 817 1238 890 capite
1293 816 1592 874 turbarum
1644 815 1920 887 clamitat,
1972 791 2034 874 I'n

321 911 545 971 foribus
580 919 872 984 portarum
914 910 1092 979 (Prov.
1125 910 1182 978 I).
1225 928 1251 958 ι)
1296 906 1414 979 Ipsi
1440 907 1654 980 quippe
1700 915 1836 965 sunt
1867 913 2035 979 caput

327 1000 627 1058 turbarum
673 999 936 1072 foresque
980 1003 1297 1069 portarum,
1335 996 1469 1069 quia
1513 996 1622 1068 ipsi
1667 1000 1807 1053 sunt
1853 1010 2036 1068 popu-

323 1089 516 1148 lorum
566 1088 874 1161 principes,
922 1102 987 1143 ac
1022 1100 1301 1158 superna
1340 1084 1659 1142 Jerusalem
1707 1101 1809 1158 per
1852 1085 2036 1142 subli-

321 1177 522 1237 mioris
565 1174 923 1234 excellentia
976 1173 1349 1246 privilegium
1391 1172 1686 1245 janitores.
1740 1172 1856 1244 Ipsi
1902 1178 2038 1230 sunt

320 1267 540 1340 regales
566 1266 684 1324 illa
721 1264 903 1333 sedes,
948 1262 1019 1320 de
1053 1263 1268 1335 quibus
1313 1262 1375 1318 in
1417 1261 1562 1319 libro
1606 1260 1918 1335 Sapientia
1957 1261 2038 1320 di-

319 1355 472 1413 citur
513 1374 524 1412 :
572 1376 598 1408 ‹‹
647 1353 799 1411 Dum
847 1351 1105 1409 medium
1157 1349 1457 1407 silentium
1507 1356 1762 1406 tenerent
1817 1351 2035 1420 omnia,

322 1446 378 1499 et
431 1455 551 1498 nox
593 1439 656 1497 in
704 1454 808 1496 suo
863 1453 1040 1496 cursu
1101 1436 1359 1494 medium
1410 1435 1519 1492 iter
1562 1436 1819 1505 haberet,
1853 1436 2040 1494 omni-

318 1536 521 1603 potens
571 1542 760 1585 sermo
817 1534 971 1595 tuus,
1019 1525 1280 1594 Domine,
1338 1524 1409 1582 de
1460 1524 1608 1582 calo
1659 1541 1692 1582 a
1751 1525 2041 1597 regalibus

323 1618 558 1676 sedibus
603 1615 761 1674 venit
799 1617 956 1686 (Sap.
993 1617 1183 1682 XVIII).
1223 1639 1241 1662 η
1275 1611 1342 1670 In
1382 1612 1636 1671 adventu
1678 1614 1890 1687 quippe
1927 1615 2038 1673 Do-

324 1706 473 1766 mini
526 1704 786 1764 medium
839 1703 1138 1760 silentium
1181 1702 1376 1760 omnia
1431 1703 1833 1774 continebant,
1902 1703 2107 1792 quiaB

323 1795 443 1870 jam
489 1800 546 1853 et
595 1794 887 1867 propheta
945 1799 1331 1861 cessaverant,
1384 1797 1439 1848 et
1485 1792 1746 1850 nondum
1801 1792 2043 1866 apostoli

327 1885 397 1942 ad
433 1883 854 1958 pradicandam
918 1897 1084 1939 nova
1131 1880 1266 1938 fidei
1315 1881 1557 1952 gratiam
1603 1881 1930 1940 veniebant.
1973 1881 2041 1938 In

325 1972 579 2047 quodam
618 1972 786 2044 plane
821 1969 1076 2028 mundus
1127 1967 1452 2026 meditullio
1494 1969 1866 2041 consistebat,
1899 1970 2036 2030 dum

329 2066 384 2118 et
433 2061 844 2134 prophetarum
882 2073 1247 2131 nequaquam
1287 2056 1520 2114 oracula
1559 2066 1946 2131 superessent,
1987 2065 2041 2115 et

325 2146 633 2222 apostolica
665 2147 922 2204 nondum
955 2145 1283 2218 pradicatio
1313 2153 1652 2204 coruscaret.
1672 2146 1822 2217 Quid
1847 2155 2039 2206 autem

326 2236 420 2294 hic
449 2251 566 2293 nox
597 2233 960 2307 intelligitur,
998 2234 1110 2292 nisi
1141 2233 1423 2305 diabolus,
1457 2234 1558 2309 qui
1599 2243 1798 2295 auctor
1837 2241 1920 2294 est
1958 2243 2042 2294 te-

329 2325 644 2383 nebrarum
664 2322 691 2381 ?
711 2325 813 2398 qui
840 2323 1117 2382 nimirum
1144 2324 1570 2398 quodammodo
1594 2331 1734 2382 tunc
1762 2324 2040 2394 ambulat,

328 2428 464 2470 cum
495 2427 610 2470 non
648 2411 816 2469 facile
843 2411 992 2469 valet
1033 2412 1274 2484 implere
1307 2412 1461 2486 quod
1509 2420 1693 2486 Optat;
1734 2422 1868 2471 tunc
1910 2429 2042 2471 vero

327 2501 524 2572 currit,
575 2516 709 2558 cum
763 2499 1002 2557 malitia
1063 2516 1185 2558 sua
1242 2509 1375 2559 vota
1429 2499 1646 2575 absque
1717 2500 1838 2559 ullo
1904 2515 2040 2559 con-

329 2592 686 2667 tradictionis
739 2591 1029 2650 obstaculo
1087 2590 1335 2664 perficit;
1405 2599 1460 2648 et
1538 2607 1654 2649 non
1721 2591 1842 2666 jam
1907 2593 2042 2650 vita

330 2681 674 2753 marginem,
725 2680 825 2736 sed
878 2679 1138 2737 medium
1179 2680 1288 2737 iter
1334 2686 1504 2748 tenet,
1541 2681 1680 2739 dum
1734 2680 1883 2738 nihil
1931 2680 2040 2738 sibi

333 2768 489 2825 videt
547 2782 868 2838 occurrere,
927 2767 1077 2841 quod
1134 2767 1223 2825 sui
1274 2783 1480 2827 cursus
1529 2768 1809 2840 impetum
1860 2768 2045 2826 valeat

336 2853 643 2913 retardare.

408 2943 552 3001 Cum
583 2942 761 3016 igitur
788 2944 900 3002 sub
932 2950 1044 3001 tam
1085 2944 1262 3003 noxio
1298 2944 1554 3004 mundus
1593 2945 1825 3005 silentio
1861 2945 2046 3004 conti-

2121 457 2328 513 Amen.

2734 643 3228 706 SEPTEMBER.

2118 747 2165 807 Ι.
2198 745 2429 809 Sermo
2458 745 2537 806 de
2566 743 2638 808 ις.
2687 743 2916 805 Victore
2959 740 3334 819 confessam.

2114 837 2275 896 VIII.
2313 834 2540 896 Sermo
2567 832 2603 895 Ι
2623 836 2696 895 in
2727 830 3078 896 Nativita’te
3132 828 3200 890 Β.
3267 825 3539 904 Virginis
3582 825 3828 888 Maria.

2203 923 2427 985 Sermo
2457 922 2516 982 II
2542 924 2620 983 de
2656 923 2910 984 eadem.

2206 1012 2494 1073 llomilta
2525 1011 2601 1072 de
2631 1013 2880 1073 eadem.

2117 1103 2270 1163 XIV.
2309 1099 2532 1162 Sermo
2569 1100 2598 1160 Ι
2621 1102 2698 1162 de
2735 1101 3141 1164 exultatione
3179 1100 3248 1162 S.
3284 1098 3528 1162 Crucis.

2198 1189 2420 1252 Sermo
2452 1187 2514 1250 ΙΙ
2543 1191 2618 1250 de
2663 1191 2918 1252 eadem.

2118 1280 2276 1340 XXI.
2309 1277 2530 1340 Sermo
2558 1280 2636 1340 de
2677 1277 2746 1341 S.
2782 1278 3092 1356 Matthao,
3126 1277 3408 1357 apostolo
3454 1281 3511 1335 et
3552 1289 3841 1351 evange-

2205 1369 2384 1428 (ista.

2205 1455 2435 1517 Sermo
2485 1455 2545 1516 II
2576 1456 2654 1517 de
2696 1457 2941 1517 eodem.

2207 1545 2494 1606 Homitia
2522 1545 2600 1607 de
2627 1546 2872 1606 eodem.

2124 1635 2333 1696 XXIX.
2372 1634 2598 1697 Sermo
2639 1635 2716 1696 de
2744 1634 2815 1696 S.
2847 1633 3147 1696 lilio/mele
3175 1631 3600 1709 archangelo.

2712 1776 2732 1798 *
2775 1773 3020 1834 SEBMO
3052 1773 3264 1832 XLIII.

2268 1876 2340 1921 DE
2372 1874 2597 1922 SANCTO
2624 1875 2874 1922 VICTORE
2906 1875 3294 1923 CONFESSOBE.
3325 1867 3359 1932 (Ι
3389 1864 3692 1926 SEPTEMB.)

2197 1969 2304 2028 Hic
2332 1969 2430 2027 ille
2471 1985 2715 2042 magnus
2752 1969 3140 2028 Providentia
3171 1966 3376 2028 oculus
3425 1965 3676 2025 dulciori
3711 1983 3845 2025 ver-

2125 2061 2258 2119 bere
2295 2075 2529 2118 carnem
2568 2060 2875 2119 carnaliter
2913 2059 3315 2117 ambulantem
3355 2056 3564 2115 aﬂlixit
3603 2064 3658 2116 et
3697 2073 3841 2116 con-

2124 2149 2256 2207 ﬁxit
2307 2150 2509 2208 timore
2559 2165 2684 2207 suo.
2719 2149 2827 2219 Qui
2877 2149 3034 2206 enim
3083 2148 3420 2221 patientiam
3459 2147 3581 2216 Dei,
3611 2163 3846 2222 poenam

2126 2239 2363 2308 inferni,
2394 2239 2634 2314 gloriam
2667 2239 2828 2311 regni
2869 2238 3066 2296 animo
3103 2236 3437 2294 irreverenti
3469 2245 3526 2294 et
3551 2237 3847 2296 infrunito

2125 2337 2604 2400 contempseram,
2639 2333 2870 2401 paratus
2894 2342 3047 2391 sum,
3073 2332 3128 2384 et
3159 2341 3275 2384 non
3307 2341 3437 2384 sum
3465 2325 3753 2395 turbatus,
3785 2335 3852 2385 ut

2125 2417 2443 2474 custodiam
2479 2417 2750 2474 mandata
2794 2414 3027 2473 Domini
3058 2417 3226 2479 (Psat.
3256 2417 3490 2484 CXVIII).
3526 2413 3694 2471 Intus
3723 2424 3850 2472 erat

2125 2521 2302 2565 urens
2331 2503 2684 2563 conscientia
2716 2505 2914 2563 multis
2945 2503 3218 2562 obvoluta
3241 2502 3605 2570 criminibus,
3636 2510 3690 2561 et
3717 2504 3854 2563 arti.-

2125 2594 2321 2653 ficioso
2352 2594 2638 2653 velamine
2668 2592 3072 2652 detestandum
3104 2591 3403 2650 silentium
3437 2590 3688 2664 diligens
3715 2590 3852 2664 plus

2124 2684 2372 2756 elegerat
2421 2683 2563 2741 mori
2613 2698 2788 2756 quam
2839 2681 3017 2756 loqui,
3050 2680 3234 2754 perire
3285 2694 3460 2754 quam
3511 2678 3722 2736 redire.
3759 2678 3854 2737 Sic

2126 2772 2526 2830 obdurationis
2558 2787 2681 2830 sua
2713 2771 2938 2844 legibus
2978 2785 3186 2844 pressa,
3221 2767 3416 2827 oculos
3454 2782 3590 2826 suos
3629 2773 3852 2826 statue-

2129 2869 2214 2921 rat
2266 2863 2558 2921 declinare
2609 2862 2670 2920 in
2723 2866 2950 2919 terram.
2986 2858 3098 2920 Sed
3161 2858 3262 2916 ille
3313 2857 3413 2932 qui
3465 2872 3582 2915 non
3635 2856 3857 2915 dormit

2129 2967 2318 3026 neque
2368 2950 2658 3022 dormitat,
2687 2949 2955 3024 pauperis
3006 2947 3218 3006 anima
3275 2945 3621 3013 recordatus,
3653 2960 3854 3018 agres-

335 3038 602 3103 oesoeret.
629 3038 685 3090 ot
712 3031 834 3089 11830
863 3031 933 3089 ad
964 3032 1281 3106 perdendos
1312 3035 1578 3092 homines
1606 3035 1829 3093 occasio
1857 3034 2109 3113 diabO-n
2133 3057 2234 3101 sus
2261 3048 2346 3099 est
2374 3039 2616 3113 ﬂagellis
2655 3040 2885 3099 vincere
2923 3053 3099 3112 quam
3134 3037 3362 3095 vincere
3399 3035 3698 3093 beneficiis
3734 3050 3852 3093 non

337 3122 462 3180 “tm
492 3091 841 3194 Privata
867 3091 978 3179 ίυέ
1153 3123 1322 3181 modo
1355 3091 1626 3181 medium
1647 3091 1759 3180 ίιέί
1779 3091 2044 3192 habena,
2066 3091 2110 3152 α
2132 3091 2615 3188 aestatis;
2667 3091 3099 3186 arma;
3133 3091 3583 3196 statim
3616 3091 3852 3182 sum;

341 3215 437 3272 sed
463 3220 517 3272 et
546 3213 836 3286 currebat,
865 3214 1004 3287 quia
1041 3215 1326 3290 quidquid
1375 3216 1649 3291 nequitia
1683 3232 1808 3275 sua
1856 3222 2050 3273 mente

339 3310 692 3376 conceperat,
721 3301 1020 3360 ellicaciter
1039 3303 1408 3378 adimplebat.
1441 3305 1590 3364 Nam
1619 3310 1674 3364 et
1708 3311 1912 3364 cuncta
1927 3302 2048 3377 jam

342 3391 670 3450 Romanum
699 3391 1013 3464 occupabat
1038 3391 1373 3465 imperium,
1405 3399 1460 3450 et
1498 3408 1728 3452 necesse
1765 3401 1885 3451 erat
1931 3408 2046 3464 eos,

342 3478 445 3551 qui
473 3478 658 3551 legem
696 3478 800 3536 Dei
847 3485 1086 3537 eatenus
1127 3479 1327 3537 saltem
1380 3488 1676 3553 utcunque
1725 3489 2047 3552 tenuerant,

339 3566 456 3640 jam
483 3566 717 3625 subesse
746 3568 970 3642 legibus
1000 3584 1378 3643 paganorum.
1409 3569 1531 3628 Sub
1559 3571 1737 3644 igitur
1757 3573 2054 3645 pereuntis

345 3657 548 3714 mundi
568 3657 796 3716 silentio
819 3675 1006 3718 sermo
1026 3658 1257 3718 Domini
1276 3676 1309 3716 a
1338 3656 1482 3714 215
1507 3659 1798 3734 regalibus
1821 3661 2054 3721 sedibus

347 3746 524 3815 venit,
579 3747 716 3822 quia
765 3747 837 3806 de
888 3748 1210 3822 pectoribus
1283 3749 1630 3822 apostolicis,
1697 3767 1832 3824 qua
1906 3751 2055 3823 regis

348 3835 549 3892 aterni
625 3835 903 3894 veraciter
968 3837 1130 3896 sedes
1186 3843 1347 3910 sunt,
1410 3838 1648 3897 verbum
1707 3841 2055 3913 evangelica

348 3925 768 3997 pradicationis
795 3926 999 4001 erupit.
1043 3926 1158 4000 Ipsi
1199 3927 1412 4002 quippe
1450 3928 1667 4000 regales
1705 3935 1840 3986 sunt
1871 3929 2052 4002 sedes,

349 4029 496 4086 quas
539 4015 694 4073 Deus
735 4015 1036 4088 inhabitat,
1073 4017 1181 4090 ipsi
1219 4033 1397 4090 reges,
1429 4023 1483 4075 et
1525 4017 1716 4075 Patres
1763 4017 2050 4088 Ecclesia,

351 4102 497 4160 sicut
536 4102 786 4160 dicitur:
831 4127 851 4155 ι
899 4105 1100 4162 Omnis
1139 4106 1321 4179 gloria
1373 4106 1497 4179 ejus
1543 4106 1683 4165 tilia
1730 4121 1931 4177 regum
1984 4108 2058 4166 ab

352 4191 510 4249 intus
563 4195 728 4263 (Psal.
766 4195 942 4266 XLIV).
982 4215 1008 4245 »
1069 4193 1166 4250 Isti
1213 4210 1348 4253 sane
1400 4211 1562 4266 reges
1606 4197 1812 4252 armati
1869 4196 2059 4270 gladio

353 4278 610 4351 spiritus,
635 4279 790 4353 quod
816 4287 900 4337 est
930 4281 1174 4340 verbum
1199 4281 1297 4341 Dei
1328 4286 1540 4356 (Ephes.
1572 4285 1672 4354 Vl),
1698 4283 2061 4343 debellarunt

354 4367 670 4442 principem
736 4368 957 4426 mundi.
1022 4369 1096 4427 De
1157 4387 1272 4445 quo
1329 4373 1613 4432 nimirum
1664 4373 2053 4446 apostolorum

2132 3219 2357 3293 physici
2405 3217 2731 3287 nominant,
2785 3223 2840 3275 et
2891 3215 3169 3274 membris
3217 3213 3492 3272 omnibus
3551 3212 3853 3287 profusius

2133 3307 2436 3382 suPertusa
2483 3304 2629 3363 216
2684 3305 3001 3366 miserabili
3047 3303 3267 3379 corpori
3317 3302 3544 3362 insedit.
3583 3303 3852 3376 Exagge-

2133 3404 2292 3454 ratur
2319 3397 2495 3468 calor,
2525 3405 2580 3454 et
2609 3395 2671 3454 in
2715 3397 2898 3468 ipsam
2929 3393 3142 3453 anima
3175 3391 3366 3450 sedem
3399 3391 3552 3464 ignis
3591 3391 3853 3450 furiosus

2134 3485 2422 3558 irrumpit.
2453 3485 2484 3544 J
2490 3501 2584 3543 am
2616 3484 2863 3564 flammis
2887 3483 3194 3542 ultricibus
3218 3479 3500 3555 peccantis
3526 3479 3853 3538 substantia

2134 3575 2542 3648 conﬂagratur,
2575 3581 2628 3632 et
2656 3574 3024 3633 aternalium
3055 3571 3230 3630 sentit
3267 3568 3547 3643 praludia
3593 3576 3852 3627 tormen-

2137 3670 2348 3722 torum.
2402 3661 2740 3736 Intelligens
2818 3661 2993 3735 igitur
3065 3658 3203 3734 quia
3263 3677 3290 3709 ‹‹
3337 3654 3700 3715 horrendum
3772 3663 3857 3714 est

2139 3750 2392 3808 incidere
2420 3750 2478 3807 in
2510 3765 2719 3808 manus
2752 3749 2852 3807 Dei
2882 3749 3128 3808 viventis
3160 3749 3345 3817 (Hebr.
3377 3751 3462 3816 Χ),
3501 3767 3521 3794 ι
3567 3743 3854 3818 multipli-

2139 3841 2366 3900 citatem
2420 3841 2741 3899 facinorum
2781 3855 3043 3898 meorum
3085 3837 3372 3909 recolligo,
3401 3835 3703 3893 confessus
3745 3832 3856 3901 illi,

2139 3944 2312 4004 quem
2351 3929 2552 3987 electio
2607 3936 2846 4001 patrem,
2889 3926 3144 3986 amicitia
3193 3923 3444 3996 ﬁdelem,
3494 3921 3860 3980 familiaritas

2138 4022 2459 4075 consortem
2484 4015 2670 4074 eﬂ‘ecit
2698 4017 2737 4088 (l
2759 4017 2855 4087 l3).
2884 4014 3094 4073 Utrum
3126 4013 3311 4071 taliter
3339 4008 3697 4084 responderit
3723 4023 3861 4080 qua-

2144 4107 2272 4165 liter
2309 4121 2412 4178 ego
2461 4105 2854 4174 clamaveriin,
2902 4106 3026 4178 ejus
3061 4101 3394 4160 discretioni
3432 4098 3634 4156 censui
3675 4097 3858 4155 relin—

2141 4194 2464 4269 quendum.
2495 4194 2560 4251 In
2615 4194 2900 4267 proposito
2951 4207 3078 4250 meo
3135 4199 3220 4248 est
3273 4195 3329 4248 et
3383 4185 3672 4262 praterita
3732 4199 3860 4241 mea

2143 4283 2414 4359 plangere
2449 4289 2503 4340 et
2529 4298 2729 4340 cavere
2754 4283 2970 4340 futura.
3007 4280 3189 4338 Donet
3215 4279 3314 4336 ille
3341 4272 3860 4351 perseverantiam,

2145 4373 2247 4447 qui
2302 4371 2707 4447 negligentiam
2765 4369 3058 4428 excitavit.
3106 4367 3170 4425 In
3214 4366 3398 4439 ipsius
3441 4360 3856 4429 misericordia,

352 4457 544 4530 gladio
579 4457 788 4531 legitur
821 4479 830 4516 :
870 4480 898 4512 ι(
934 4459 1125 4520 Durus
1151 4453 1464 4522 debellator
1497 4464 1554 4522 in
1588 4463 1836 4522 mediam
1865 4451 2112 4522 exter-D
2140 4477 2253 4519 non
2287 4460 2342 4518 in
2375 4459 2599 4535 justitia
2623 4475 2728 4517 sua
2755 4456 2993 4517 conﬁdit
3018 4470 3220 4514 servus
3249 4469 3411 4523 suus,
3443 4457 3509 4509 ut
3533 4464 3760 4508 memor
3786 4448 3863 4507 sit

358 4545 527 4603 minii
555 4552 759 4604 terram
795 4547 1096 4621 prosilivit,
1141 4548 1373 4622 gladius
1409 4559 1616 4610 acutus
1651 4553 2056 4610 insimulatum

354 4635 665 4709 imperium
723 4642 889 4697 tuum
952 4646 1206 4713 portans,
1248 4648 1303 4699 et
1361 4649 1518 4699 stans
1572 4642 1812 4714 replevit
1862 4641 2058 4700 omnia

358 4731 558 4798 morte,
587 4733 641 4784 et
672 4743 854 4801 usque
895 4729 963 4786 ad
1015 4731 1226 4788 coelum
1263 4730 1577 4804 attingebat
1613 4738 1769 4788 stans
1811 4731 1869 4788 in
1912 4736 2058 4789 terra

356 4817 504 4888 (Sap.
534 4819 725 4887 XVIII).
763 4840 784 4868 ι

425 4903 672 4964 Istorum
746 4908 939 4981 itaque
1011 4923 1230 4980 regum,
1288 4906 1668 4975 dilectissimi,
1743 4907 2063 4966 subdamur

354 4994 635 5068 imperiis,
681 5011 882 5053 eorum
929 4997 1272 5070 magisteriis
1323 4997 1554 5065 instrui,
1611 5013 1814 5056 eorum
1872 5005 2062 5071 patro-

357 5083 526 5142 ciniis
580 5085 939 5144 elaboremus
989 5085 1244 5153 absolvi;
1302 5096 1612 5160 quatenus,
1672 5087 1922 5146 absoluti
1967 5104 2064 5160 per

356 5191 681 5234 concessam
728 5176 909 5235 beatis
963 5177 1233 5248 apostolis
1279 5177 1696 5246 auctoritatem,
1749 5177 1816 5234 ad
1871 5179 2060 5251 ipsum

357 5267 682 5339 apostolica
720 5265 1015 5340 dignitatis
1052 5265 1488 5325 introducamur
1525 5272 1817 5325 auctorem
1862 5265 2062 5324 Domi-

360 5369 500 5413 num
534 5361 792 5413 nostrum
819 5355 1016 5414 Jesum
1050 5354 1362 5425 llhristum,
1383 5353 1482 5430 qui
1511 5370 1644 5414 cum
1679 5353 1788 5412 Deo
1826 5354 1986 5413 Patre
2008 5359 2064 5412 et

2146 4550 2550 4608 mandatorum
2595 4548 2778 4622 ipsius
2809 4562 2925 4606 non
2971 4545 3161 4604 solum
3207 4544 3275 4602 ad
3331 4539 3727 4609 scribendum,
3759 4540 3863 4597 sed

2140 4637 2210 4696 ad
2243 4637 2572 4696 faciendum
2621 4652 2705 4694 ea.
2734 4635 2872 4694 Hac
2909 4649 3044 4707 ergo
3082 4647 3254 4690 causa
3292 4630 3399 4688 fuit
3435 4627 3626 4702 Operis
3677 4627 3862 4684 inter-

2142 4725 2315 4800 rupti.
2350 4725 2491 4784 Hac
2534 4730 2706 4783 tanta
2745 4720 3148 4782 taciturnitatis
3177 4719 3428 4787 occasio;
3475 4731 3635 4775 nunc
3681 4715 3868 4788 igitur

2143 4815 2464 4874 scribemus
2535 4820 2690 4872 tanto
2775 4813 3012 4884 latius,
3067 4818 3284 4888 quanto
3352 4809 3656 4876 securius,
3721 4819 3870 4864 cum

2146 4919 2446 4963 summum
2484 4902 2812 4978 periculum
2850 4902 2924 4961 sit
2956 4902 3179 4972 docere,
3219 4916 3324 4959 nec
3359 4900 3578 4967 facere;
3622 4911 3728 4954 nec
3772 4899 3870 4952 at-

2146 4995 2414 5053 tendatur
2453 4994 2546 5052 hic
2583 4993 2718 5066 styli
2770 4991 3153 5051 lenocinantis
3189 5005 3493 5060 excursus,
3533 5002 3666 5046 cum
3705 4999 3873 5044 veras

2147 5083 2444 5157 religionis
2470 5082 2543 5140 sit
2566 5080 2893 5140 eventilatis
2917 5080 3170 5139 caruisse
3192 5078 3580 5148 sermonibus,
3605 5091 3712 5134 nec
3737 5089 3875 5132 ver-

2145 5176 2353 5235 borum
2382 5173 2629 5249 gloriam
2656 5173 2930 5231 redolere.

2217 5265 2303 5323 Ad
2345 5277 2584 5322 manum
2618 5269 2701 5321 est
2748 5263 2924 5337 patris
2965 5262 3144 5321 nostri
3199 5259 3442 5318 Victoris
3496 5255 3872 5321 solemnitas,

2144 5352 2214 5411 ad
2262 5351 2430 5426 cujus
2483 5349 2933 5410 sacratissimum
2987 5364 3213 5424 corpus,
3268 5346 3316 5406 si
3377 5360 3511 5404 vera
3563 5348 3650 5402 est
3706 5341 3872 5401 anti-

423 5540 554 5605 (lt3)
581 5543 647 5594 En
673 5541 840 5594 habes
871 5542 960 5594 hic
994 5541 1392 5596 confessionem
1416 5540 1864 5595 sacramentalem
1891 5539 2086 5593 factam
2108 5538 2400 5594 sacerdoti.
