4064 6208
142 267 251 328 733

1584 264 1590 271 ’
1654 271 1902 335 SERMO
1941 276 2153 339 XLIII.

3554 279 3657 341 734

140 390 383 466 quitatis
419 391 584 461 ﬁdes,
631 391 892 466 quotidie
929 393 1270 455 residemus.
1314 395 1427 456 Hic
1473 403 1559 456 est
1602 397 1713 469 vir,
1758 399 2139 472 quiAmedio
2172 408 2337 462 terrm
2377 403 2542 475 (Psal.
2588 403 2823 475 LXXIII).
2864 401 3060 461 Terrm
3113 402 3315 478 utique
3358 402 3544 477 illius,
3584 406 3655 465 de

138 480 200 539 in
270 480 484 540 virtute
528 480 761 538 Domini
803 480 1086 541 virtutum
1148 483 1333 558 signis
1397 492 1455 544 et
1492 486 1863 546 mirabilibus

136 570 429 647 gloriosus
469 569 709 641 effulsit,
763 572 1037 645 apostolis
1086 579 1141 632 et
1188 576 1515 650 apostolicis
1561 578 1704 636 viris
1757 579 1864 637 mi-

137 661 473 719 raculorum
506 659 692 733 gloria
729 663 1174 735 comparandus.
1216 663 1359 735 Qum
1386 674 1441 724 et
1470 674 1687 740 quanta
1721 670 1862 741 sint,

137 756 193 807 et
248 755 471 820 quanta
523 746 876 823 sublimitate
942 748 1245 824 fulgentia,
1314 752 1547 812 libellus
1610 756 1680 815 de
1743 757 1862 815 vita

134 848 195 902 et
241 848 373 901 ortu
412 841 538 915 ejus
586 840 760 899 latius
807 848 1078 900 exaratus
1119 842 1330 902 sufﬁcit
1376 844 1651 904 indicare.
1709 846 1864 907 Huic

140 932 540 1005 signiﬁcanter
583 932 867 1005 assignari
905 938 1091 1006 potest
1128 934 1271 993 illud
1313 935 1465 1009 quod
1516 937 1577 995 in
1633 937 1733 996 illa
1769 955 1863 997 so-

143 1021 332 1080 lemni
387 1019 611 1079 visione
661 1021 867 1094 angelo
929 1021 1142 1095 Ephesi
1207 1023 1474 1084 Ecclesim
1543 1026 1858 1086 scribitur:

145 1129 175 1163 ¢
208 1108 478 1169 Vincenti
517 1108 667 1167 dabo
715 1110 888 1167 edere
933 1109 1004 1167 de
1053 1110 1212 1182 ligno
1258 1112 1417 1182 vitm,
1461 1115 1613 1188 quod
1664 1123 1748 1174 est
1797 1116 1859 1174 in

141 1198 414 1272 paradiso
462 1197 564 1256 Dei
603 1197 717 1255 mei
765 1199 961 1270 (Apoc.
1008 1206 1093 1267 II).
1137 1225 1158 1249 υ
1195 1199 1323 1273 Ipse
1372 1202 1606 1273 etenim,
1650 1219 1859 1263 nomen

144 1301 216 1343 ex
264 1300 439 1362 opere
488 1285 743 1354 sortitus,
785 1292 920 1343 ante
957 1285 1097 1343 vicit
1131 1301 1309 1361 quam
1347 1290 1580 1348 vincere
1630 1300 1859 1355 nosset;

142 1390 252 1435 nec
329 1375 652 1450 quemlibet
725 1375 969 1445 hostem,
1038 1375 1136 1434 sed
1204 1377 1373 1436 illum
1440 1380 1511 1438 de
1571 1397 1689 1455 quo
1738 1398 1863 1441 rara

142 1471 200 1523 et
249 1480 559 1539 nunquam
601 1478 801 1524 secura
851 1464 1108 1522 victoria.
1160 1465 1412 1539 Lignum
1458 1468 1593 1527 vitm
1637 1476 1723 1529 est
1773 1487 1863 1529 sa—

142 1556 385 1631 pientia,
438 1556 511 1615 de
561 1556 736 1629 cujus
798 1555 991 1613 fructu
1066 1562 1124 1613 et
1180 1557 1276 1615 hic
1340 1558 1401 1616 in
1459 1574 1578 1632 spe,
1635 1564 1691 1618 et
1744 1560 1865 1619 illic

144 1644 455 1702 manducet
499 1644 564 1701 in
609 1659 688 1713 re,
732 1643 925 1702 fructu
967 1644 1168 1718 utique
1196 1645 1451 1719 specioso
1490 1656 1545 1704 et
1578 1648 1860 1720 pretioso;

1946 504 2063 564 qua
2100 491 2377 565 scriptum
2421 497 2545 549 est:
2574 489 2806 548 «Nemo
2857 496 2978 548 erat
3026 490 3125 564 qui
3173 496 3507 565 operaretur
3550 499 3658 553 ter-

1949 596 2072 639 ram
2102 583 2255 651 (Gen.
2285 587 2369 653 II).
2408 606 2427 635 ι
2462 582 2558 640 Est
2591 582 2763 640 etiam
2793 582 2852 639 in
2886 580 3077 640 medio
3104 581 3396 654 Ecclesim,
3429 582 3655 642 dicente

1950 670 2254 730 Psalmista
2294 692 2306 730 :
2346 696 2371 723 κ
2399 671 2789 732 Sanctificavit
2839 670 3279 730 tabernaculum
3330 688 3503 732 suum
3561 673 3659 732 Al-

1948 760 2435 819 tissimuszDens
2487 762 2548 818 in
2606 760 2800 819 medio
2852 760 2977 833 ejus
3026 775 3141 818 non
3196 761 3657 821 commovebitur

1945 853 2096 908 Psal.
2117 851 2302 921 XLIII).
2322 871 2350 902 »
3618 840 3625 847 ’

2020 939 2375 1013 Colligamus
2427 953 2607 1014 pauca
2642 939 2713 998 de
2766 938 3054 1013 pluribus,
3104 939 3354 1013 qualiter
3400 938 3662 999 Salvator

1948 1028 2176 1087 medius
2223 1029 2315 1098 sit,
2358 1035 2411 1086 et
2450 1044 2677 1102 semper
2712 1029 2773 1086 in
2814 1027 3004 1087 medio
3048 1028 3330 1087 videatur.
3386 1054 3411 1076 ιι
3444 1027 3659 1102 Vulpes

1947 1117 2140 1175 foveas
2190 1117 2423 1182 habent,
2475 1123 2529 1174 et
2578 1116 2842 1175 volucres
2890 1115 3021 1175 cmli
3069 1116 3239 1174 nidos
3279 1118 3423 1187 (Luc.
3467 1118 3591 1187 IX);
3627 1139 3655 1166 π

1948 1206 2071 1279 ipse
2127 1222 2241 1265 non
2295 1208 2463 1265 habet
2516 1206 2744 1277 nidum,
2805 1206 3030 1264 foveam
3078 1205 3323 1279 ignorat,
3370 1204 3652 1279 angulum

1946 1297 2165 1367 nescit;
2233 1298 2421 1357 locum
2466 1298 2634 1356 illum
2689 1296 2862 1369 elegit
2916 1295 3072 1355 unde
3118 1303 3305 1371 pateat
3359 1296 3654 1365 omnibus,

1947 1385 2185 1444 exclusa
2233 1401 2617 1461 personarum
2659 1384 3006 1457 acceptione.
3050 1385 3316 1459 Denique
3360 1392 3415 1443 et
3458 1389 3686 1457 natus,.

1945 1474 2167 1549 positus
2200 1483 2284 1533 est
2321 1477 2383 1534 in
2432 1475 2622 1534 medio
2649 1475 2900 1534 duorum
2929 1474 3299 1546 animalium,
3341 1481 3397 1532 et
3440 1475 3653 1548 qumsi-

1946 1567 2043 1621 tus
2068 1563 2371 1621 invenitur
2395 1563 2455 1620 in
2489 1562 2680 1621 medio
2707 1562 3009 1621 doctorum
3042 1566 3190 1633 (Luc.
3221 1565 3279 1624 II)
3306 1581 3319 1619 :
3343 1568 3398 1620 et
3427 1563 3656 1621 medius

1944 1651 2283 1710 Judmorum
2315 1656 2442 1719 stat,
2484 1666 2660 1726 quem
2705 1650 2817 1724 ipsi
2859 1650 3139 1709 nesciunt.
3182 1649 3460 1724 Loquitur
3492 1655 3549 1708 et
3584 1650 3653 1708 ad

141 1733 400 1809 specioso
456 1740 684 1808 propter
738 1734 1006 1807 speciem,
1077 1734 1323 1808 pretioso
1372 1746 1600 1812 propter
1650 1740 2296 1816 utilitaaBdiscipulos:
2330 1761 2357 1793 «
2392 1740 2501 1798 Ubi
2532 1740 2666 1811 duo,
2693 1740 2785 1796 vel
2826 1744 2939 1797 tres
2976 1738 3304 1812 congregati
3343 1738 3563 1797 fuerint
3591 1740 3652 1797 in

140 1831 282 1880 tem.
342 1821 484 1881 Hmc
540 1830 625 1880 est
682 1821 786 1879 illa
842 1822 1115 1881 sublimis
1174 1824 1365 1895 arbor,
1429 1827 1595 1901 cujus
1650 1828 1857 1887 umbra

141 1918 395 1981 montes,
450 1917 507 1970 et
567 1912 800 1973 arbusta
856 1913 1057 1973 cedros
1123 1914 1224 1972 Dei
1280 1924 1636 1989 operuerunt
1683 1921 1853 1987 (Psal.

140 2005 389 2068 LXXXI).
437 1998 656 2060 Gedrus
704 2001 932 2074 Libani,
980 2017 1114 2076 qum
1167 2019 1389 2063 ramosa
1432 2005 1712 2065 densitate
1750 2023 1857 2066 an-

136 2090 358 2164 gelicas
400 2091 734 2162 perumbrat
780 2091 1073 2149 stationes.
1119 2091 1240 2152 Sub
1289 2095 1494 2152 umbra
1544 2096 1721 2170 hujus
1760 2112 1858 2155 ar-

139 2181 301 2241 boris
359 2181 518 2240 sedet
568 2197 798 2254 sponsa,
841 2189 897 2242 et
945 2183 1170 2243 fructus
1221 2187 1347 2257 ejus
1400 2185 1586 2245 dulcis
1638 2187 1859 2261 gutturi

140 2285 251 2330 suo
284 2271 461 2340 (Cant.
502 2276 584 2328 Ill.
628 2269 782 2329 Huic
812 2271 1099 2331 dicimus:
1129 2272 1195 2331 In
1230 2274 1439 2333 umbra
1468 2282 1567 2334 tua
1592 2278 1860 2336 vivemus

138 2359 297 2418 inter
338 2365 557 2432 gentes.
607 2359 798 2434 Hujus
844 2363 1253 2423 umbraculum
1306 2366 1550 2439 protegit
1597 2366 1669 2424 ab
1714 2374 1859 2427 mstu

140 2446 261 2507 diei
306 2448 369 2505 in
420 2448 806 2519 securitatem,
856 2456 913 2508 et
964 2451 1398 2511 absconsionem
1431 2468 1462 2510 a
1502 2454 1758 2521 turbine,
1806 2463 1860 2515 et

141 2552 177 2593 a
235 2536 438 2610 pluvia
488 2538 611 2610 (Isa.
676 2539 775 2610 Iv).
823 2538 946 2598 Hoc
994 2547 1079 2598 est
1132 2539 1284 2599 illud
1333 2558 1580 2615 granum
1645 2545 1862 2619 sinapis

139 2625 298 2699 quod
349 2624 413 2682 in
466 2630 631 2684 utero
681 2624 939 2698 Virginis
987 2628 1089 2687 Dei
1130 2628 1314 2687 Patris
1363 2631 1634 2690 manibus
1686 2634 1860 2691 semi-

139 2718 373 2782 natum,
446 2712 643 2772 minus
700 2713 810 2773 fuit
877 2715 1154 2774 omnibus
1204 2716 1464 2777 oleribus
1512 2724 1702 2789 terrm,
1762 2722 1859 2780 sed

140 2802 205 2860 in
257 2807 477 2859 tantam
534 2802 902 2862 altitudinem
955 2806 1310 2875 exsurrexit,
1364 2813 1427 2865 ut
1477 2807 1715 2866 veniant
1773 2826 1863 2868 vo-

142 2890 341 2949 lucres
369 2890 529 2959 coeli,
564 2897 621 2949 et
665 2892 926 2951 habitent
955 2894 1013 2951 in
1047 2895 1223 2953 ramis
1260 2896 1385 2968 ejus
1428 2901 1651 2962 (Matth.
1689 2905 1859 2971 XIII);

142 2978 399 3054 lignum,
446 2982 602 3057 quod
653 2981 977 3056 plantatum
1021 2992 1106 3043 est
1151 3000 1315 3043 secus
1353 2987 1634 3046 decursus
1680 3004 1863 3063 aqua—

1945 1828 2184 1886 nomine
2208 1842 2358 1896 meo,
2382 1826 2462 1885 ibi
2486 1842 2618 1886 sum
2639 1827 2696 1884 in
2730 1826 2922 1885 medio
2938 1841 3138 1885 eorum
3159 1828 3372 1899 (Matth.
3403 1835 3595 1899 XVIII).
3630 1850 3651 1877 ιι

1948 1916 2018 1974 Ει
2051 1940 2063 1973 :
2102 1939 2128 1966 ιι
2166 1915 2286 1987 Ego
2322 1917 2384 1973 in
2426 1913 2614 1973 medio
2654 1922 2912 1973 vestrum
2961 1930 3113 1985 sum,
3159 1913 3306 1973 sicut
3344 1915 3446 1989 qui
3486 1914 3659 1972 mini-

1947 2010 2087 2063 strat
2136 2008 2286 2072 (Luc.
2336 2007 2509 2071 XXII).
2547 2026 2572 2053 n
2622 2002 2950 2062 Crucilixus
2994 2009 3080 2060 est
3126 2002 3298 2060 etiam
3348 2002 3410 2060 in
3466 2002 3657 2061 medio

1946 2094 2200 2152 duorum
2240 2092 2572 2152 latronum:
2608 2107 2915 2165 resurgens
2954 2090 3109 2150 stetit
3145 2090 3203 2148 in
3249 2091 3440 2149 medio
3481 2091 3657 2150 disci-

1949 2180 2220 2256 pulorum
2249 2196 2487 2240 suorum
2516 2182 2690 2252 (Joan.
2723 2193 2852 2245 XIX,
2897 2181 3035 2251 XX);
3071 2186 3129 2237 et
3157 2195 3191 2237 a
3230 2178 3450 2238 Joanne
3496 2180 3657 2239 visus

1948 2278 2034 2332 est
2061 2273 2119 2331 in
2154 2272 2342 2330 medio
2370 2278 2586 2343 septem
2614 2270 3095 2329 candelabrorum
3126 2285 3437 2330 aureorum
3465 2272 3654 2345 (Apoc.

1950 2368 2011 2433 ι).
2066 2362 2293 2421 Medius
2340 2378 2476 2436 ergo
2521 2360 2779 2420 medium
2835 2376 3098 2435 sequere,
3160 2376 3264 2419 nec
3306 2362 3654 2435 angulorum

1950 2450 2237 2518 sordibus,
2285 2467 2390 2511 nec
2431 2454 2733 2510 fovearum
2784 2449 3034 2508 tenebris
3072 2449 3403 2520 delecteris;
3438 2450 3536 2508 sed
3566 2448 3659 2508 dic

1950 2554 2084 2596 cum
2119 2539 2278 2610 justo
2311 2563 2323 2596 :
2361 2560 2389 2592 «
2423 2537 2489 2597 In
2532 2538 2725 2597 medio
2781 2537 3049 2597 Ecclesim
3094 2538 3340 2598 laudabo
3390 2544 3443 2597 te
3481 2541 3653 2609 (Psal.

1952 2634 2105 2695 XXI).
2137 2648 2164 2680 ιο
2213 2627 2337 2687 Hoc
2388 2634 2475 2686 est
2526 2627 2704 2701 igitur
2753 2626 2979 2702 lignum
3032 2628 3169 2686 vitm
3218 2627 3540 2703 plantatum
3593 2627 3654 2686 in

1952 2717 2143 2776 medio
2167 2716 2413 2788 paradisi
2466 2717 2614 2787 (Gen.
2645 2717 2724 2785 II),
2776 2716 2946 2775 arbor
2970 2716 3301 2786 aromatica,
3332 2716 3670 2789 purissima,

1951 2808 2346 2866 balsamorum
2377 2805 2555 2863 mella
2582 2805 2890 2864 distillans.
2923 2806 3013 2863 Ex
3052 2806 3229 2880 hujus
3263 2804 3487 2863 arboris
3521 2805 3668 2864 sub-

1953 2898 2161 2956 stantia
2189 2895 2651 2971 septemplicium
2685 2911 2983 2954 ramorum
3012 2911 3223 2955 corona
3249 2894 3665 2969 progerminet,

1954 2986 2014 3045 in
2066 3000 2317 3059 quorum
2368 2985 2701 3044 summitate
2751 2984 2970 3042 fructus
3003 2984 3090 3041 illi
3129 2984 3472 3057 dependent,
3523 2998 3671 3057 quos

147 3085 290 3169 rum
319 3072 493 3137 (Psal.
535 3075 597 3142 I),
646 3072 870 3146 lignum
922 3073 1056 3131 vitm
1098 3072 1162 3132 in
1201 3073 1391 3133 medio
1427 3077 1672 3148 paradisi
1713 3079 1859 3149 (Gen.
1890 3074 2204 3169 Ccmlestis
2233 3072 2334 3169 illa
2363 3072 2578 3169 ﬁstula,
2613 3072 2827 3132 Paulus
2856 3072 3170 3146 apostolus,
3203 3072 3394 3130 verbis
3427 3072 3668 3147 elegan-

151 3163 233 3227 lll)
245 3204 261 3217 .

227 3250 302 3309 Et
323 3249 551 3310 attende
573 3266 852 3324 magnum
885 3258 1332 3311 sacramentum.
1366 3254 1552 3313 Filius
1582 3254 1685 3313 Dei
1718 3260 1869 3314 totus

154 3345 211 3397 et
250 3340 478 3411 integer
509 3345 803 3398 eructatus
843 3345 929 3399 est
970 3340 1041 3399 de
1088 3341 1258 3399 corde
1304 3340 1490 3401 Patris
1531 3343 1593 3400 in
1638 3348 1867 3402 uterum

150 3428 373 3499 Mariae,
426 3430 499 3487 de
557 3436 758 3487 ventre
809 3430 1007 3488 Matris
1075 3430 1136 3488 in
1210 3431 1496 3501 gremium
1574 3432 1865 3491 Ecclesim.

142 3519 411 3588 Quantus
454 3521 516 3578 in
567 3518 749 3588 Patre,
811 3523 1005 3578 tantus
1048 3520 1110 3578 in
1166 3519 1442 3594 Virgine;
1504 3526 1758 3594 quantus
1804 3521 1865 3579 in

148 3607 409 3681 Virgine,
441 3614 639 3667 tantus
670 3607 732 3666 in
762 3607 1035 3667 Ecclesim
1073 3608 1317 3667 unitate.
1350 3608 1417 3666 In
1450 3608 1618 3667 Patre
1659 3610 1865 3669 ineﬂ'a-

139 3696 362 3767 biliter,
394 3696 451 3755 in
487 3696 667 3755 Matre
701 3696 1067 3765 mirabiliter,
1094 3696 1469 3771 singulariter
1497 3697 1558 3755 in
1588 3698 1862 3759 Ecclesia.

140 3785 295 3845 Cum
350 3784 515 3843 Patre
566 3785 826 3859 ejusdem
880 3792 936 3844 et
988 3786 1232 3861 mqualis
1294 3786 1670 3858 substantiae;
1731 3803 1865 3848 cum

141 3874 330 3933 Matre
372 3874 653 3948 ejusdem,
706 3880 759 3933 et
806 3875 1051 3939 divism:
1096 3891 1229 3934 cum
1270 3876 1527 3935 Ecclesia
1580 3878 1862 3951 ejusdem,

140 3960 295 4019 217
330 3964 429 4021 sed
471 3965 734 4024 occultae.
774 3964 871 4026 Sic
898 3965 1329 4025 distillaverunt
1368 3968 1497 4026 cmli
1539 3967 1862 4027 misericor-

140 4052 326 4122 diam,
365 4051 451 4111 sic
491 4052 748 4112 Verbum
796 4055 896 4113 Dei
950 4056 1277 4114 tranfusum
1329 4063 1434 4126 est,
1487 4062 1544 4114 et
1606 4056 1859 4115 effusum

138 4140 366 4213 ubique
412 4146 617 4211 totum,
662 4143 788 4200 sine
823 4158 939 4218 quo
979 4143 1130 4201 nihil
1172 4151 1372 4203 totum.
1419 4145 1584 4203 Felix
1634 4146 1860 4216 effusio,

138 4244 278 4303 qum
324 4236 624 4287 currentes
675 4229 1134 4290 adolescentulas
1170 4231 1238 4290 ad
1281 4233 1512 4291 odorem
1558 4234 1863 4293 suavitatis

140 4318 377 4389 invitat,
428 4319 558 4377 visu
604 4326 838 4391 recreat,
890 4322 1055 4380 satiat
1089 4329 1284 4395 gustu,
1323 4323 1543 4397 ubique
1580 4332 1774 4382 autem
1800 4324 1858 4381 in

136 4407 358 4465 medio.
395 4406 542 4465 Nam
570 4414 627 4467 et
655 4408 713 4466 in
744 4408 843 4466 illa
874 4410 1105 4469 deitatis
1132 4411 1402 4481 essentia,
1434 4411 1622 4470 media
1649 4417 1732 4469 est
1765 4413 1860 4469 in-

1963 3162 2117 3221 tibus
2142 3161 2498 3234 explanavit.

2034 3253 2263 3311 Primus
2307 3267 2505 3310 ramus
2535 3257 2622 3310 est
2647 3251 2969 3313 incarnatio
3007 3249 3142 3310 Filii
3181 3250 3306 3310 Dei.
3339 3251 3451 3310 Iste
3477 3251 3667 3326 siqui-

1957 3341 2089 3399 dem
2120 3340 2353 3400 subtilis
2378 3350 2434 3399 et
2465 3341 2859 3411 necessarius;
2907 3355 3045 3398 cum
3083 3346 3139 3398 et
3163 3340 3446 3399 instauret
3492 3340 3666 3400 coele-

1958 3428 2087 3500 stia,
2129 3430 2415 3488 terrestria.
2466 3435 2762 3500 restauret,
2802 3434 2858 3485 et
2902 3435 3207 3501 utramque
3250 3433 3517 3485 naturam
3564 3442 3668 3485 sua

1956 3518 2210 3576 viviﬁcet
2259 3517 2564 3577 viriditate.
2612 3542 2632 3569 ι
2669 3517 2731 3576 Si
2765 3517 2825 3575 in
2880 3516 3076 3589 viridi,
3116 3516 3327 3592 inquit,
3366 3515 3527 3589 ligno
3558 3517 3666 3575 hoc

1957 3608 2286 3691 faciuutkin
2312 3607 2473 3666 arido
2501 3608 2641 3682 quid
2683 3606 2828 3666 fiet?
2858 3628 2885 3661 »
2936 3608 3081 3680 (Luc.
3123 3609 3320 3681 XXIII.)
3352 3606 3424 3667 Se
3456 3622 3667 3666 vocans

1955 3697 2140 3756 viride
2171 3697 2420 3769 lignum,
2456 3697 2527 3754 de
2565 3695 2836 3770 virginali
2873 3695 3230 3770 pullulatum
3261 3699 3489 3762 virore;
3530 3710 3664 3754 cum

1954 3801 2059 3845 nos
2088 3792 2144 3843 et
2172 3785 2489 3843 nativitatis
2516 3784 2888 3857 munditiam,
2939 3790 2996 3842 et
3032 3784 3164 3843 fidei
3207 3783 3558 3842 viriditatem
3600 3783 3661 3840 in

1952 3876 2142 3949 primo
2167 3879 2400 3948 parente
2427 3889 2632 3933 verum
2660 3875 2734 3933 sit
2762 3874 3046 3933 amisisse.
3079 3873 3356 3932 Viriditas
3384 3872 3511 3931 lImc
3549 3876 3663 3929 tam

1951 3962 2238 4034 sapienter
2262 3961 2335 4019 ab
2359 3961 2483 4035 ipsa
2511 3960 2806 4035 Sapientia
2836 3960 3161 4033 excogitata
3198 3966 3301 4029 est,
3342 3964 3406 4016 ut
3443 3965 3499 4016 et
3533 3973 3664 4015 oor-

1950 4048 2041 4106 dis
2085 4054 2140 4106 et
2184 4049 2302 4108 oris
2345 4057 2593 4109 transeat
2634 4049 2986 4109 facultatem.
3036 4046 3343 4121 Oportebat
3378 4049 3535 4105 enim
3591 4047 3663 4106 ad

1951 4137 2401 4211 redemptionem
2455 4139 2733 4209 hominis,
2784 4143 2849 4196 ut
2904 4138 3095 4195 victus
3151 4136 3324 4196 homo
3382 4135 3660 4196 victorem

1948 4225 2243 4286 diabolum
2270 4227 2542 4287 vinceret.
2576 4226 2682 4286 Sed
2715 4225 2873 4284 unde
2897 4224 3058 4283 ﬁeret
3088 4227 3215 4297 hoc,
3244 4240 3364 4284 non
3394 4224 3656 4284 habebat.

1948 4315 2161 4377 Omnes
2185 4317 2343 4375 enim
2375 4317 2433 4375 in
2472 4315 2574 4373 illo
2620 4314 2920 4389 proscripti
2958 4330 3210 4384 eramus,
3260 4321 3317 4373 et
3354 4331 3454 4389 per
3488 4313 3659 4372 illum

1948 4406 2248 4479 originalis
2272 4406 2485 4481 peccati
2516 4401 2663 4460 218
2687 4404 2966 4477 gravitate
2985 4404 3262 4478 depressi.
3290 4405 3442 4463 Deus
3465 4411 3659 4463 autem

140 4502 231 4553 ter
281 4494 511 4554 Patrem
554 4502 609 4555 et
645 4495 930 4571 Spiritum
974 4514 1220 4572 persona
1259 4464 1564 4558 familiaris
1609 4500 1862 4559 humano
1888 4464 2071 4553 θηοῆ
2114 4464 2334 4565 debuit,
2370 4509 2505 4553 cum
2543 4464 2735 4567 potius
2780 4485 3031 4567 potentia
3062 4464 3392 4562 lvideretur,
3445 4493 3493 4550 si
3538 4508 3661 4551 ser-

133 4583 346 4656 generi
396 4583 749 4657 benignitate
804 4586 1145 4645 familiarior
1189 4585 1507 4657 identitate,
1558 4603 1695 4645 cum
1744 4589 1862 4645 sola

136 4678 364 4730 nostrm
401 4674 592 4731 carnis
629 4676 943 4747 susceperit
974 4681 1386 4748 paupertatem.
1438 4676 1603 4735 Unde
1644 4684 1699 4736 et
1751 4678 1862 4737 Da-

134 4760 263 4832 vid,
321 4760 383 4818 in
434 4761 618 4835 ipsius
668 4762 990 4822 divinitatis
1014 4763 1289 4837 abyssum
1349 4766 1679 4834 immersus,
1728 4766 1858 4824 ait:

138 4871 166 4901 ι
198 4848 516 4908 Benedicat
562 4866 666 4909 nos
707 4850 882 4921 Deus,
929 4852 1084 4911 Deus
1136 4859 1351 4923 noster,
1408 4853 1707 4913 benedicat
1758 4870 1863 4913 nos

128 4937 304 4998 Deus
354 4942 520 5010 (Psal.
578 4944 779 5014 LXVI);
815 4964 837 4992 ι
874 4948 932 4999 et
980 4941 1147 5001 illum
1195 4941 1254 5000 in
1302 4943 1494 5002 medio
1552 4944 1864 5018 majestatis

128 5043 269 5087 me
324 5034 670 5101 protestans,
727 5036 784 5088 et
839 5036 1108 5090 nostrum
1184 5046 1447 5090 asserens
1516 5032 1859 5107 specialiter,

128 5114 249 5191 qui
300 5121 519 5174 nostrm
562 5116 926 5177 mortalitatis
974 5119 1168 5178 induit
1214 5119 1643 5178 vestimentum.
1699 5120 1865 5178 Pater

128 5203 331 5276 enim,
384 5211 442 5262 et
497 5204 751 5280 Spiritus
808 5207 1200 5281 impleverunt
1250 5209 1485 5281 quidem
1538 5208 1858 5281 Virginem,

128 5292 239 5351 sed
302 5292 622 5366 majestate,
683 5310 798 5354 non
856 5295 1237 5370 susceptione.
1298 5296 1400 5354 Est
1449 5302 1504 5353 et
1561 5295 1621 5353 in
1674 5296 1863 5355 medio

130 5379 409 5455 Virginis
474 5380 663 5456 ipsius
731 5391 895 5443 utero
946 5384 1399 5444 substantialiter
1444 5385 1707 5458 illapsus,
1761 5385 1860 5460 qui

131 5468 519 5529 medietatem
572 5476 800 5533 staterm
870 5473 1308 5548 comprehendit
1363 5475 1659 5534 humanm.
1710 5474 1864 5535 Deus

129 5559 305 5619 enim
336 5567 533 5619 noster
558 5575 663 5620 rex
691 5565 825 5622 ante
861 5562 1073 5623 smcula
1101 5567 1370 5638 operatus
1396 5568 1482 5623 est
1511 5562 1758 5624 salutem
1795 5563 1859 5623 in

1950 4598 2092 4642 vum
2122 4600 2155 4641 a
2189 4599 2251 4641 se
2279 4583 2657 4651 recedentem,
2689 4580 2790 4655 qui
2837 4579 3007 4637 illum
3047 4580 3477 4653 subjugaverat,
3518 4594 3653 4638 eno-

1948 4673 2126 4730 daret.
2155 4671 2319 4742 Quod
2351 4672 2530 4743 igitur
2559 4670 2732 4729 homo
2771 4684 2872 4742 per
2904 4684 2964 4728 se
2991 4684 3108 4727 non
3135 4668 3339 4741 potuit,
3372 4668 3523 4726 Deus
3559 4681 3662 4741 per

1948 4778 2009 4821 se
2054 4776 2170 4819 non
2209 4759 2428 4831 debuit,
2477 4759 2686 4817 artifex
2725 4756 3017 4832 Sapientia
3062 4756 3244 4816 Deum
3276 4762 3334 4815 et
3362 4756 3658 4815 hominem

1946 4849 2267 4921 collocavit,
2318 4855 2381 4907 ut
2417 4863 2488 4907 ex
2530 4853 2692 4921 parte
2735 4845 2990 4906 hominis
3038 4862 3139 4919 pro
3182 4844 3522 4905 hominibus
3568 4860 3655 4903 sa-

1948 4939 2252 5008 tisfaceret,
2300 4942 2355 4996 et
2393 4953 2469 4996 ex
2513 4943 2670 5010 parte
2705 4935 2805 4993 Dei
2850 4934 3166 5010 superbum
3203 4935 3354 4994 sicut
3386 4933 3659 4994 vulnera-

1949 5033 2071 5086 tum
2114 5026 2466 5086 humiliaret.
2499 5025 2708 5084 Clausa
2743 5031 2827 5082 est
2856 5024 3103 5097 principi
3133 5022 3503 5082 tenebrarum
3534 5023 3661 5081 hmc

1949 5123 2063 5175 tam
2092 5116 2338 5188 gloriosa
2364 5114 2716 5190 coniunctio,
2762 5128 2865 5172 nec
2894 5119 3124 5172 versuta
3158 5111 3440 5171 calliditas
3469 5110 3657 5171 consi-

1947 5207 2091 5265 lium
2125 5206 2225 5264 Dei
2266 5206 2452 5279 potuit
2488 5204 2825 5277 conjectare.
2855 5203 3191 5262 Assumitur
3218 5218 3431 5277 purum
3462 5219 3659 5263 semen

1946 5295 2017 5354 de
2056 5296 2315 5369 virginea
2356 5292 2626 5368 puritate,
2676 5299 2733 5349 et
2766 5291 2940 5351 illum
2979 5291 3399 5365 propitiationis
3440 5292 3658 5351 fontem

1951 5383 2241 5459 Sapientia
2291 5383 2395 5441 Dei
2442 5380 2731 5441 secretiori
2782 5379 3033 5439 novitate
3087 5387 3375 5456 repurgat.
3428 5380 3661 5442 Primus

1949 5472 2141 5546 itaque
2172 5486 2369 5531 ramus
2395 5477 2480 5529 est
2502 5470 2824 5529 incarnatio
2853 5470 3022 5542 ejus;
3050 5470 3275 5530 fructus
3306 5470 3451 5547 ejus,
3482 5469 3661 5548 Spiri-

1948 5570 2039 5624 tus
2061 5561 2383 5639 sapientim.
