4064 6208
360 239 466 332 735

984 241 1042 301 S.
1081 241 1306 303 PETRI
1343 244 1668 304 DAMIANI
1707 245 1864 306 OPP.
1913 239 2104 307 PARS
2144 244 2284 307 SEU
2323 244 2574 306 TOMUS
2613 244 2689 303 ΙΙ.
2730 277 2801 291 -—
2841 245 3256 307 SERMONES.

3756 248 3867 310 736

432 367 736 426 Secundus
790 374 1108 426 ramusest
1160 367 1480 441 baptismus
1529 367 1765 429 Christi.
1831 371 2064 432 Intuere
2079 369 2208 439 Ain
2238 367 2455 442 gloria!
2499 368 2710 436 Vident
2751 376 2807 436 et
2850 368 3228 430 admirantur
3266 368 3588 434 ccelestium
3628 371 3864 444 agmina

361 454 576 516 Filium
628 453 883 529 Virginis
935 472 1051 514 non
1105 455 1176 513 ad
1239 456 1593 516 ablutionem
1663 460 2063 520 membrorum

362 559 623 617 suorum,
657 558 791 617 qum
819 544 889 601 de
929 543 1206 616 virgineis
1245 545 1524 605 membris
1561 547 1849 620 exierant,
1890 550 2068 609 fuisse

363 633 730 707 baptizatum,
758 633 856 692 sed
886 640 946 690 ut
978 639 1149 692 tanta
1179 635 1576 695 mundationis
1609 638 1976 712 privilegium
2005 638 2067 696 in

363 737 649 796 aquarum
726 722 1045 781 substantia
1126 722 1464 783 sanciretur.
1521 726 1677 785 Tene
1751 728 2065 802 intellectu,

363 809 517 882 quod
574 809 705 866 visu
758 824 874 866 non
929 816 1105 882 potes,
1139 812 1478 870 descendere
1533 813 1594 871 in
1649 831 1880 888 aquam,
1935 834 2067 878 cum

361 897 573 972 aliquis
643 897 1008 970 baptizatur,
1073 898 1259 957 tilium
1344 901 1579 971 diaboli,
1639 912 1694 961 et
1761 906 2071 965 ascendere

362 983 553 1044 lilium
625 985 765 1056 Dei,
813 1001 950 1045 vasa
1006 987 1110 1045 ira
1163 988 1224 1045 in
1284 989 1689 1049 misericordiae
1747 1009 1882 1051 vasa
1932 1010 2072 1053 con-

359 1076 504 1133 verti
560 1078 727 1142 tRom.
782 1089 889 1149 1X),
946 1077 1126 1136 everti
1169 1085 1464 1152 peccatum
1520 1082 1784 1154 originis,
1813 1085 2071 1144 subverti

359 1165 596 1224 latronis
621 1165 956 1236 aedilicium,
989 1167 1308 1226 divinitatis
1335 1170 1694 1230 domicilium
1732 1177 2068 1248 przeparari.

358 1253 538 1312 Adest
582 1251 830 1327 Spiritus
869 1261 1123 1325 sanctus,
1154 1263 1207 1312 ot
1245 1257 1314 1314 de
1344 1274 1578 1316 summa
1624 1263 1901 1321 caelorum
1944 1281 2074 1324 arce

357 1342 749 1411 descendens,
788 1343 1140 1403 elementum
1177 1348 1515 1420 sanctificat,
1555 1351 1782 1411 deificat
1822 1354 2072 1428 baptiza-

363 1436 508 1500 tum,
571 1430 845 1490 clarilicat
902 1434 1206 1492 ministerii
1267 1437 1624 1510 dignitatem.
1668 1442 2075 1516 Constipantur

358 1521 638 1593 angelicae
690 1524 935 1582 virtutes
981 1525 1305 1584 alludentes
1350 1530 1858 1589 sacramentalibus
1907 1531 2075 1591 insti-

2147 459 2463 534 legionum,
2486 468 2540 524 et
2559 459 2631 518 ad
2663 465 2834 517 tantm
2862 457 3062 532 gratiae
3091 458 3410 530 largitatem
3439 460 3865 520 incessabiliter

2147 549 2578 622 obstupescunt.
2615 548 2940 622 Exsuperat
2966 547 3124 605 enim
3153 564 3391 607 sensum
3420 564 3653 610 omnem
3685 555 3865 608 tantae

2148 639 2500 712 dignationis
2536 638 2803 709 intuitus,
2844 639 2953 711 ipsi
2996 638 3102 698 soli
3143 639 3375 713 pervius
3411 639 3703 700 Trinitati.
3748 639 3866 699 Sed

2148 733 2204 786 et
2250 728 2344 785 hic
2388 743 2585 785 ramus
2629 727 2955 800 spectabilis
2987 733 3042 786 et
3089 727 3416 800 mirandus;
3448 729 3673 787 fructus
3726 744 3867 786 vero

2148 817 2293 890 ejus,
2324 813 2574 889 Spiritus
2607 815 2856 888 pietatis.

2226 907 2517 979 Septimus
2551 912 2633 963 est
2667 907 2790 965 dies
2822 906 3048 978 judicii,
3089 909 3327 980 quando
3360 907 3546 966 veniet
3586 923 3722 968 cum
3754 924 3867 983 po-

2152 1001 2348 1053 testate
2387 1010 2594 1069 magna
2629 1003 2687 1052 et
2722 994 3012 1068 majestate
3051 1000 3202 1064 (Luc.
3235 1003 3368 1065 XXJ)
3413 996 3648 1054 reddere
3677 997 3742 1054 in
3775 997 3868 1054 ira

2151 1085 2488 1155 vindictam,
2522 1091 2575 1143 et
2604 1085 2979 1143 vastationem
3012 1085 3068 1141 in
3101 1085 3332 1144 ﬂamma
3360 1086 3532 1158 ignis.
3561 1085 3725 1144 Tunc
3753 1087 3867 1143 erit
3931 1152 3942 1158 ς

2153 1176 2324 1233 timor
2352 1174 2450 1232 ille
2484 1174 2796 1240 timendus,
2825 1190 2982 1244 cum,
3010 1174 3168 1232 ccelis
3198 1175 3555 1241 ardentibus,
3592 1190 3869 1247 pugnan-

2153 1264 2309 1322 tibus
2357 1264 2674 1333 elementis,
2738 1273 2885 1321 terra
2935 1277 3226 1332 succensa,
3277 1265 3644 1322 conscientiis
3683 1264 3871 1323 obvo-

2156 1355 2314 1421 lutis,
2368 1353 2733 1411 daemonibus
2785 1353 3209 1422 accusantibus,
3269 1354 3646 1412 trementibus
3685 1369 3872 1423 ange-

2156 1444 2250 1515 lis,
2271 1444 2468 1516 judice
2497 1444 2817 1502 furibundo
2847 1450 2901 1500 et
2938 1444 3393 1502 misericordiam
3426 1443 3737 1507 nesciente,
3770 1441 3876 1500 ﬁet

2155 1533 2256 1591 illa
2311 1533 2614 1603 discussio,
2674 1548 2808 1605 quae
2865 1533 3091 1590 utinam
3155 1548 3258 1590 nos
3324 1539 3549 1608 paratos
3605 1532 3876 1589 inveniat

367 1609 524 1678 tutis,
553 1617 609 1666 et
635 1610 964 1670 coelestibus
994 1615 1271 1672 creaturis
1304 1616 1462 1673 unda
1494 1618 1806 1690 purilicans
1835 1636 2074 1679 corona-
2154 1627 2224 1693 (II
2274 1625 2456 1679 Thess.
2514 1625 2574 1693 1).
2626 1622 2845 1681 Hamus
2898 1624 3003 1680 iste
3057 1637 3304 1694 magnus
3361 1630 3417 1679 et
3473 1620 3870 1688 metuendus;

368 1704 482 1757 tur.
517 1698 738 1770 Cordis,
769 1717 884 1759 non
925 1704 1116 1761 carnis
1165 1704 1364 1764 oculos
1404 1705 1688 1764 desiderat
1730 1711 2380 1795 sacramentiBfructus
2410 1710 2554 1784 ejus,
2593 1709 2842 1782 Spiritus
2867 1711 3090 1768 timoris
3137 1709 3385 1768 Domini.
3416 1710 3698 1770 Amemus
3733 1722 3877 1778 ergo

367 1791 743 1862 transcensio,
801 1792 937 1866 quia
992 1793 1379 1866 intelligibilis
1427 1803 1530 1854 est.
1589 1795 1894 1858 Secundus
1943 1791 2131 1876 ergo“
2162 1802 2392 1874 lignum
2427 1800 2580 1872 vitae,
2604 1807 2659 1858 et
2691 1800 2761 1858 de
2789 1801 2982 1858 fructu
3014 1800 3138 1873 ejus
3164 1799 3394 1859 assidue
3423 1799 3875 1867 manducemus.

369 1893 567 1936 ramus
601 1885 685 1937 est
725 1878 1044 1954 baptismus
1092 1883 1340 1954 Christi;
1392 1884 1610 1944 fructus
1648 1887 1796 1960 ejus,
1828 1889 2079 1964 Spiritus
2163 1890 2300 1964 quia
2325 1890 2549 1948 fructus
2577 1889 2684 1947 iste
2714 1889 2898 1948 Filius
2935 1889 3132 1948 Maria
3161 1895 3265 1957 est,
3294 1887 3394 1963 qui
3421 1894 3506 1947 est
3531 1887 3874 1947 benedictus

373 1969 716 2029 intellectus.
2163 1980 2225 2037 in
2254 1978 2468 2038 smcula
2495 1979 2864 2038 saeculorum.
2899 1980 3107 2037 Amen.

442 2057 675 2117 Tertius
726 2066 811 2118 est
865 2061 1049 2134 passio
1109 2062 1525 2136 Redemptoris.
1559 2065 1704 2124 Vide
1763 2068 2077 2129 consilium

367 2147 474 2206 Dei
500 2147 654 2220 quod
694 2148 756 2208 in
793 2150 997 2224 abysso
1029 2152 1386 2224 judiciorum
1419 2155 1546 2227 ejus
1585 2155 1849 2215 clausum
1892 2159 2078 2218 fuerat

367 2236 440 2292 ab
477 2240 714 2296 aeterno.
747 2235 1067 2298 Consilium
1106 2245 1271 2300 tuum
1309 2241 1640 2316 antiquum,
1677 2243 1939 2316 Domine,
1973 2263 2078 2306 ve-

2735 2089 2759 2112 *
2799 2084 3048 2144 SERMO
3093 2084 3299 2143 XLIV.

2269 2192 2304 2236 l.
2342 2189 2403 2236 IN
2440 2188 2793 2236 NATIVITATE
2832 2186 3194 2317 ιὲξγλτιεειξιξ
3232 2185 3494 2233 VIRGINIS
3526 2185 3756 2232 MARE.

2912 2259 2973 2304 ΙΙΙ
3002 2259 3104 2304 SEP
3148 2290 3160 2303 .

2912 2259 2973 2304 III
3002 2259 3160 2304 SEPT.

368 2338 498 2382 rum
532 2324 651 2397 ﬁat,
681 2325 759 2383 ait
793 2342 952 2386 unus
993 2328 1251 2400 illorum,
1279 2330 1383 2404 qui
1413 2331 1485 2389 ad
1532 2348 1809 2392 arcanum
1858 2335 2076 2395 divinae
2237 2337 2317 2395 De
2368 2335 2596 2408 gaudiis
2637 2349 3013 2408 properamus
3063 2335 3130 2392 ad
3176 2333 3407 2407 gaudia,
3455 2338 3511 2390 et
3557 2331 3878 2391 ferventem

370 2412 757 2473 Providentiae
806 2415 991 2474 fuerat
1033 2417 1422 2478 intromissus.
1472 2420 1747 2494 Nunquid
1789 2440 1903 2482 non
1936 2442 2075 2484 oon-
2163 2426 2380 2498 stylum
2418 2424 2667 2499 gloriosa
2705 2425 2944 2482 materia
2980 2424 3111 2482 facit
3162 2423 3587 2482 ferventiorem.
3619 2420 3702 2479 De
3744 2421 3879 2479 Vir-

369 2503 553 2572 suluit
583 2503 706 2578 tibi,
741 2505 835 2562 cui
878 2523 993 2564 non
1040 2515 1160 2565 erat
1207 2509 1452 2582 adjutor,
1481 2525 1615 2567 cum
1655 2514 2076 2573 sanctissimam
2162 2516 2297 2588 gine
2325 2513 2596 2574 venimus
2627 2513 2697 2570 ad
2740 2511 3059 2585 Virginem,
3093 2517 3148 2570 et
3189 2511 3260 2569 de
3301 2509 3480 2576 Maria
3521 2510 3590 2567 ad
3631 2509 3878 2567 Mariam

367 2592 530 2652 illam
559 2609 792 2658 carnem
834 2594 1056 2653 addidit
1081 2596 1421 2670 opprobriis,
1455 2601 1757 2658 tormentis
1784 2604 2076 2675 exposuit,
2163 2605 2536 2664 recurrimus.
2571 2602 2801 2668 Bonum
2837 2608 2922 2662 est
2960 2617 3064 2660 nos
3112 2603 3208 2660 hic
3238 2617 3378 2671 esse,
3419 2600 3630 2659 melius
3660 2598 3880 2658 immo-

367 2686 424 2738 et
458 2703 484 2730 α
517 2681 792 2739 inclinato
818 2683 1002 2756 capite
1033 2685 1223 2743 emisit
1247 2687 1596 2759 spiritum»?
1623 2689 1799 2750 (Joan.
1836 2691 1985 2762 XIX.)
2034 2690 2077 2750 Ο
2163 2693 2297 2763 rari,
2325 2693 2609 2765 Optimum
2656 2705 3011 2764 permanere.
3049 2690 3266 2748 Felices
3316 2688 3561 2761 angelici
3612 2687 3877 2759 spiritus,

370 2783 542 2856 quam
570 2768 830 2856 indebita
857 2771 1169 2843 miseratio,
1203 2789 1381 2846 quam
1411 2776 1663 2847 gratuita
1693 2796 1705 2833 :
1735 2783 1791 2834 et
1831 2777 1912 2836 sic
1940 2795 2078 2853 pro-
2163 2783 2267 2856 qui
2295 2782 2477 2841 beatae
2513 2779 2771 2852 Virginis
2808 2778 3020 2838 habent
3052 2777 3456 2853 praesentiam!
3492 2775 3609 2835 Nos
3637 2776 3879 2834 interim

370 2854 501 2920 bata
550 2853 800 2926 dilectio,
841 2873 1016 2930 quam
1066 2860 1361 2934 inopinata
1412 2863 1688 2935 dignatio,
1722 2880 1900 2937 quam
1951 2873 2077 2924 stu-
2164 2853 2502 2934 memoriam
2556 2869 2934 2930 abundantiae
2987 2869 3289 2927 suavitatis
3341 2875 3458 2926 tute
3510 2872 3874 2927 eructamus.

371 2941 556 3016 penda
584 2942 846 3014 dulcedo,
881 2945 1097 3006 Filium
1136 2948 1239 3006 Dei
1292 2950 1373 3007 sic
1413 2949 1610 3024 afﬂigi,
1643 2967 1832 3024 regem
1877 2953 2078 3026 gloriae
2163 2957 2258 3016 Illi
2313 2957 2701 3030 praesentiam,
2733 2972 2838 3015 nos
2893 2956 3253 3014 memoriam.
3297 2955 3392 3016 Sic
3443 2955 3492 3012 si
3551 2953 3744 3012 dulcis
3791 2960 3881 3010 est

371 3032 434 3090 in
468 3031 596 3090 lacu
646 3031 898 3092 miseriae
943 3036 1238 3110 cruciﬁgi!
1275 3037 1536 3115 Denique
1576 3041 1724 3100 nihil
1757 3041 1966 3102 melius
2007 3044 2077 3102 ad
2100 3089 2141 3119 η
2164 3045 2462 3116 memoria,
2494 3045 2634 3119 quid
2667 3053 2752 3104 est
2789 3045 3134 3118 praesentia?
3167 3044 3237 3108 Et
3269 3044 3357 3102 illi
3394 3042 3656 3117 quidem.
3685 3041 3882 3106 abun-

375 3127 425 3178 te
456 3121 858 3181 redimendum
897 3124 1118 3196 habuit,
1153 3143 1326 3200 quam
1357 3131 1513 3203 quod
1548 3131 1923 3205 semetipsum
1949 3133 2079 3192 exi-
2100 3121 2144 3151 υ
2164 3135 2412 3194 dantiori
2451 3150 2580 3192 rore
2617 3133 2940 3193 divinitatis
2978 3133 3184 3202 infusi,
3216 3132 3493 3192 Genitum
3523 3136 3579 3187 et
3616 3128 3882 3187 Genitri-

373 3210 615 3281 nanivit,
641 3226 748 3276 nec
770 3214 1241 3280 excellentiorem
1269 3220 1507 3278 modum
1547 3220 1773 3280 invenit
1801 3222 2082 3296 sapientia
2163 3239 2288 3282 cem
2310 3223 2531 3282 visione
2551 3221 2805 3280 mirabili
2829 3228 3196 3293 contuentur,
3215 3220 3366 3292 regis
3385 3227 3439 3278 et
3460 3217 3678 3292 reginae
3693 3216 3881 3288 gloria

371 3299 474 3359 Dei
503 3301 564 3358 in
594 3303 756 3361 omni
787 3305 1067 3377 sapientia
1095 3323 1218 3367 sua.
1253 3308 1447 3369 Passio
1476 3310 1582 3370 ista
1618 3311 1927 3370 consilium
1970 3318 2084 3372 tute
2161 3313 2465 3374 cumulati.
2523 3313 2638 3371 Nos
2685 3329 2841 3382 vero,
2893 3328 3038 3387 quos
3111 3311 3443 3370 carcerarite
3508 3307 3882 3367 mortalitatis

372 3389 781 3467 redemptionis
826 3400 928 3454 est.
987 3395 1207 3456 Hamus
1257 3400 1612 3460 necessarius
1663 3407 1719 3459 et
1774 3401 2079 3472 mirabilis,
2161 3418 2426 3462 aerumna
2473 3408 2830 3478 contorquet,
2882 3401 3162 3460 memoria
3207 3399 3516 3473 pascimur,
3558 3395 3882 3470 Scripturis

367 3480 538 3552 cujus
567 3480 788 3550 fructus
821 3489 907 3540 est
937 3482 1187 3558 Spiritus
1215 3488 1468 3546 consilii.
2166 3492 2491 3554 relevamur
2523 3510 2534 3548 :
2569 3498 2625 3548 et
2651 3491 2807 3565 quod
2836 3490 2928 3548 illi
2957 3489 3172 3559 vident,
3209 3505 3313 3547 nos
3337 3485 3606 3559 legimus.
3641 3481 3878 3544 Utinam

439 3573 694 3642 Quartus
715 3581 798 3632 est
821 3573 1119 3636 descensio
1143 3579 1273 3652 ejus
1293 3581 1365 3638 ad
1384 3581 1616 3641 inferos.
1644 3582 1711 3640 In
1744 3582 2083 3642 fortitudine
2162 3580 2374 3649 veniat,
2398 3579 2499 3653 qui
2526 3593 2629 3637 nos
2655 3578 2718 3637 in
2748 3578 2937 3640 lucem
2966 3584 3221 3651 reponat,
3254 3577 3375 3635 dies
3400 3575 3503 3633 ubi
3531 3588 3645 3633 non
3681 3572 3878 3646 legere

371 3661 652 3736 singulari
691 3663 986 3724 descendit
1023 3667 1095 3726 ad
1133 3668 1374 3742 inferos,
1409 3678 1682 3744 tanquam
1721 3680 1922 3745 potens
1956 3689 2080 3732 cra-
2163 3670 2348 3740 liceat,
2377 3671 2474 3730 sed
2507 3669 2723 3728 videre.
2759 3671 2997 3730 Interim
3031 3667 3400 3728 consolemur
3437 3682 3544 3726 nos
3587 3666 3878 3726 suavitate

368 3753 599 3827 putatus
623 3770 659 3812 a
685 3754 839 3825 vino,
865 3765 921 3814 et
949 3758 1316 3818 conturbavit
1346 3761 1562 3834 virum,
1590 3762 1692 3832 qui
1719 3763 2084 3823 conturbavit
2163 3759 2477 3832 memoriae,
2491 3760 2675 3820 donec
2692 3759 2999 3818 dulcedine
3019 3757 3344 3832 praesentiae
3363 3755 3662 3816 satiemur.
3685 3754 3879 3814 Hodie

373 3854 621 3918 terram,
680 3848 783 3922 qui
844 3850 1034 3921 posuit
1087 3852 1287 3910 orbem
1341 3852 1657 3925 desertum,
1711 3855 2080 3928 confringens
2161 3857 2292 3908 nata
2350 3856 2435 3908 est
2487 3849 2610 3919 illa,
2650 3863 2746 3920 per
2798 3863 2973 3923 quam
3027 3863 3229 3906 omnes
3287 3845 3666 3915 renascimur,
3702 3847 3878 3918 cujus

373 3936 646 3996 malleum
694 3938 988 3997 universae
1039 3946 1228 4012 terrae,
1255 3948 1312 4000 et
1349 3943 1705 4002 horrendum
1738 3944 1885 4002 illud
1923 3944 2082 4018 pala-
2162 3938 2410 4010 speciem
2435 3936 2763 4010 concupivit
2791 3935 3185 4010 Omnipotens,
3211 3935 3339 3993 etin
3362 3949 3476 4007 qua
3501 3932 3655 3991 Deus
3681 3934 3879 4005 posuit

373 4022 514 4083 tium
559 4025 869 4085 fortissima
907 4028 1284 4090 subversione
1321 4034 1676 4091 concutiens.
1721 4032 1908 4091 Fortis
1941 4034 2080 4108 qui-
2163 4030 2437 4087 thronum
2463 4042 2634 4086 suum
2661 4030 2828 4099 (Psal.
2862 4028 3043 4097 XLIV).
3078 4024 3207 4098 Ipsa
3246 4031 3331 4082 est
3359 4024 3602 4082 thronus
3628 4019 3732 4078 ille
3762 4021 3875 4078 mi-

369 4111 500 4178 dem
530 4121 652 4174 erat
687 4115 806 4185 ille,
846 4117 946 4175 sed
988 4119 1186 4176 fortior
1223 4123 1579 4194 supervenit,
1621 4121 1722 4194 qui
1762 4138 1896 4179 vasa
1934 4122 2081 4180 diri—
2163 4115 2382 4188 rabilis,
2412 4115 2483 4173 de
2509 4130 2624 4190 quo
2663 4115 2722 4172 in
2756 4115 3089 4188 Regnorum
3131 4112 3369 4171 historia
3412 4110 3625 4184 legitur
3657 4111 3720 4168 in
3753 4111 3878 4170 haec

370 4207 546 4274 peret,
573 4203 827 4259 auferret
863 4218 1046 4273 arma,
1080 4205 1284 4278 ligaret
1323 4207 1628 4266 inimicum
1669 4211 1817 4278 (Luc.
1851 4214 1976 4274 XII).
2015 4209 2085 4266 Et
2164 4206 2338 4264 verba
2370 4225 2382 4264 :
2420 4229 2440 4257 ιι
2468 4205 2623 4263 Fecit
2655 4220 2758 4263 rex
2788 4204 3059 4263 Salomon
3094 4204 3368 4261 thronum
3402 4201 3470 4259 de
3504 4201 3676 4259 ebore
3703 4214 3875 4273 gran-

370 4305 569 4348 ramus
593 4291 830 4364 quidem
853 4292 960 4352 iste
987 4301 1173 4353 rectus
1203 4301 1378 4368 atque
1410 4295 1642 4355 subtilis
1664 4299 1831 4372 cujus
1859 4300 2082 4358 fructus
2161 4294 2315 4362 dem,
2367 4301 2424 4352 et
2477 4292 2710 4352 vestivit
2762 4308 2898 4351 eum
2951 4307 3091 4351 auro
3143 4290 3304 4350 fulvo
3365 4289 3562 4347 nimis.
3609 4287 3720 4347 Per
3771 4303 3873 4345 sex

369 4386 454 4438 θδῐ
478 4379 728 4452 Spiritus
756 4381 1136 4441 fortitudinis.
2095 4443 2141 4455 _
2163 4382 2376 4455 gradus
2403 4381 2823 4440 ascendebatur
2849 4379 2921 4438 ad
2943 4395 3097 4440 eum.
3129 4379 3436 4439 Rotundus
3457 4383 3580 4436 erat
3609 4376 3667 4434 in
3693 4381 3878 4450 poste-

439 4443 698 4539 Qu-intus
727 4477 814 4529 est
847 4471 1188 4530 resurrectio
1222 4471 1454 4530 Christi.
1488 4472 1596 4532 Hic
1633 4476 1881 4535 ostendit
1911 4443 2440 4537 nobisDrioribus.
2471 4469 2786 4530 Duodecim
2843 4467 3101 4527 leunculi
3145 4468 3370 4526 stabant
3413 4481 3585 4540 super
3636 4443 3878 4539 gradus,

370 4558 654 4634 exemplo.
685 4559 840 4634 quod
891 4561 1230 4633 promiserat
1277 4561 1336 4619 in
1385 4564 1646 4635 praemio,
1673 4572 1727 4623 ct
1777 4567 1922 4626 scire
1977 4583 2080 4626 nos
2168 4562 2536 4637 respicientes
2565 4561 2638 4619 ad
2665 4562 2962 4620 thronum.
2997 4560 3171 4620 Porro
3199 4560 3333 4618 date
3363 4573 3572 4616 manus
3600 4556 3882 4618 tenebant

373 4650 501 4710 fecit
533 4649 687 4723 quod
715 4665 887 4709 carne
925 4665 1029 4708 sua
1069 4657 1405 4724 resurgente
1435 4667 1907 4728 resurgeremus:
1947 4673 2079 4730 quae
2169 4653 2306 4716 hinc
2343 4659 2398 4710 et
2443 4651 2580 4709 inde
2632 4649 2827 4708 sedile.
2864 4649 2987 4708 Duo
3022 4649 3215 4708 leones
3258 4647 3485 4706 stabant
3523 4645 3693 4718 juxta
3742 4643 3881 4702 bra-

370 4741 475 4800 elsi
505 4740 808 4800 dissimilis
835 4740 1056 4812 glorise,
1084 4747 1273 4799 tamen
1304 4737 1450 4796 219
1479 4744 1737 4817 ejusdem
1767 4754 1994 4806 naturte
2018 4749 2078 4808 in
2166 4743 2376 4806 chiola.
2409 4741 2538 4800 Non
2570 4747 2655 4800 est
2691 4740 2906 4799 factum
2936 4738 3129 4798 simile
3163 4753 3308 4812 opus
3347 4739 3405 4797 in
3442 4733 3736 4798 universis
3787 4749 3884 4793 re-

370 4837 532 4890 utero
586 4829 846 4904 Virginis
897 4832 1082 4891 fuerat
1142 4831 1433 4890 fabricata.
1469 4834 1722 4894 Exclusa
1767 4843 1851 4895 est
1906 4839 2081 4898 totius
2167 4832 2297 4907 griis
2327 4836 2433 4901 (ΠΙ
2454 4836 2585 4900 Βερ-
2622 4834 2711 4899 K).
2747 4855 2772 4880 η

369 4919 765 4992 ambiguitatis
801 4920 1063 4980 offensio.
1117 4920 1399 4979 Viderunt
1438 4923 1680 4994 apostoli
1734 4940 1962 4995 manus,
2005 4933 2082 4985 te-
2249 4917 2394 4977 220
2459 4920 2570 4980 Sed
2626 4920 2747 4994 jam
2801 4919 2974 4979 verba
3024 4917 3314 4994 proposita
3369 4914 3760 4990 producamus
3813 4913 3886 4971 in

371 5019 627 5069 nuerunt
653 5011 844 5084 pedes,
869 5013 1248 5086 palpaverunt
1278 5009 1427 5069 latus
1444 5016 1622 5083 (Joan.
1650 5019 1781 5085 XX),
1803 5024 1858 5074 et
1883 5017 2080 5075 omnia
2168 5013 2354 5072 lucem
2403 5017 2459 5070 et
2500 5025 2714 5085 aquam
2755 5009 3054 5069 eliciamus
3111 5009 3182 5066 de
3221 5012 3400 5081 petra,
3432 5005 3552 5078 ipsa
3608 5003 3890 5075 loquente

373 5103 573 5162 mortis
598 5102 851 5176 insignia
882 5103 1062 5162 beatis
1081 5104 1268 5162 oculis
1294 5111 1662 5177 aspexerant.
1692 5105 1759 5162 Et
1785 5106 1879 5164 hic
1905 5107 2084 5179 igitur
2170 5101 2231 5160 in
2265 5101 2452 5170 nobis,
2483 5101 2555 5159 de
2593 5116 2709 5175 qua
2744 5099 2903 5173 loqui
2944 5098 3107 5158 vobis
3139 5097 3538 5171 proponimus.
3575 5114 3598 5145 σ
3635 5090 3812 5161 Fecit,
3855 5112 3886 5142 ιο

371 5209 566 5252 ramus
596 5209 865 5265 magnus,
898 5199 1070 5267 atque
1109 5191 1411 5263 sublimis;
1445 5195 1665 5254 fructus
1701 5201 1894 5255 autem
1937 5197 2081 5271 ejus,
2169 5189 2363 5266 inquit
2391 5189 2707 5263 Scriptura,
2743 5209 2771 5242 ‹‹
2805 5187 3078 5248 Salomon
3122 5203 3228 5247 rex
3275 5187 3554 5244 thronum
3591 5183 3665 5242 de
3705 5180 3892 5240 ebore

371 5282 621 5352 Spiritus
653 5282 929 5341 scientiae.

2226 5281 2467 5340 andem.
2497 5304 2525 5333 υ
2565 5279 2777 5338 Tribus
2803 5279 3144 5338 nominibus
3172 5278 3234 5336 in
3271 5274 3584 5348 Scripturis
3607 5271 3890 5368 Salomo—

444 5375 656 5436 Sextus
705 5383 789 5436 est
820 5375 1077 5436 ascensio
1104 5375 1174 5434 ad
1211 5375 1402 5434 omlos.
1437 5375 1481 5435 Ο
1524 5373 1837 5449 singularis
1883 5376 2084 5449 pietas,
2169 5386 2302 5428 nem
2334 5374 2600 5430 vocatum
2629 5368 2904 5442 legimus,
2935 5374 2991 5426 et
3021 5366 3244 5458 ubique
3271 5362 3430 5458 ιζθὲξο
3463 5362 3712 5458 nomiyg
3736 5362 3891 5458 ξηα-

370 5465 627 5523 suavitas
655 5465 941 5539 specialis,
969 5481 1106 5524 cum
1133 5466 1330 5524 lumen
1364 5466 1557 5524 carnis
1585 5447 1797 5524 nostrae
1828 5447 2089 5524 sublimi-
2168 5461 2373 5532 latum,
2424 5459 2689 5519 videlicet
2739 5458 3128 5528 Salomonem,
3177 5453 3577 5546 Ecclesiasten,

372 5553 481 5618 bus
522 5537 715 5612 intulit
745 5554 1008 5620 officinis,
1038 5561 1092 5612 et
1134 5556 1203 5613 ad
1236 5555 1532 5614 dexteram
1576 5555 1758 5613 Patris
1786 5554 2086 5616 mllocavit
2170 5551 2354 5610 Filius
2379 5549 2547 5624 regis,
2579 5549 2699 5609 imo
2729 5554 2787 5609 et
2833 5563 2959 5620 rex,
2989 5561 3097 5606 nec
3147 5544 3336 5606 solum
3390 5541 3573 5603 Filius
3624 5537 3755 5609 Dei,
3781 5537 3890 5596 sed
