4064 6208
178 353 277 421 737

1679 344 1927 427 SERMO
1964 358 2169 428 XLIV.

3569 364 3672 435 738

175 483 544 553 etiam-Deus,
574 474 870 555 Salomon,
900 482 959 542 id
986 487 1071 542 est
1090 480 1374 557 paciﬁca“,
1398 494 1481 547 est
1505 490 1672 550 nobis
1694 491 1753 550 in
1780 491 1885 548 hoc
1903 476 1955 551 Ἀ
1974 489 2289 565 singularis
2314 492 2574 566 aspectus
2598 492 2688 551 sui
2727 494 2907 568 gratia
2936 492 3110 568 super
3136 486 3425 556 calestem
3448 498 3671 558 curiam

177 574 423 663 exsilio:
451 570 841 663 Ecclesiastes,
870 571 928 631 id
958 578 1045 631 est
1071 577 1431 643 Concionator,
1464 579 1572 638 erit
1615 579 1678 638 in
1719 578 1881 655 judi-
1967 578 2146 637 allicit
2172 579 2241 638 ad
2270 580 2588 641 videndum
2608 584 2637 639 ?
2659 576 2811 652 Quid
2844 584 3049 643 fortius
3073 584 3174 643 illa
3212 586 3547 646 fortitudine
3571 604 3673 663 per
3706 576 3709 579 ’

177 663 296 735 cio;
340 661 525 733 Idida,
567 662 626 720 id
662 668 747 720 est
782 665 1072 731 gloriosus,
1125 665 1234 723 erit
1270 666 1332 724 in
1369 683 1583 740 regno;
1623 670 1683 728 in
1725 672 1883 728 exsi-

176 750 252 810 lio
278 750 568 820 amabilis,
616 750 676 807 in
707 749 927 823 judicio
965 750 1260 823 terribilis,
1308 753 1369 811 in
1415 770 1589 828 regno
1626 758 1881 815 admira-

179 841 347 911 bilis;
388 842 452 899 in
500 840 711 899 exsilio
760 841 914 915 pius,
963 843 1025 901 in
1065 843 1287 916 judicio
1333 845 1547 919 justus,
1598 845 1657 905 in
1707 863 1884 921 regno

178 931 474 1006 gloriosus.
510 930 657 990 Vide
692 938 887 989 autem
925 932 974 990 si
1016 949 1134 993 non
1169 935 1387 1010 ubique
1419 952 1543 997 rex.
1579 937 1645 995 In
1677 938 1884 998 exsilio

178 1028 356 1080 rector
414 1036 665 1093 morum,
710 1021 774 1081 in
811 1023 1034 1097 judicio
1078 1025 1353 1085 discretor
1403 1028 1763 1101 meritorum,
1823 1029 1885 1088 in

178 1127 349 1185 regno
391 1112 767 1186 pramiorum
811 1113 1190 1187 distributor;
1243 1116 1543 1191 simulque
1589 1119 1886 1178 considera

179 1201 311 1278 quia
346 1220 463 1262 non
493 1203 880 1277 Ecclesiastes,
920 1223 1039 1266 non
1083 1206 1268 1277 Idida,
1322 1207 1421 1266 sed
1463 1208 1735 1269 Salomon
1770 1218 1888 1268 tam

179 1291 490 1366 gloriosum
512 1308 657 1367 opus
680 1290 1263 1369 facere’przenot‘atur.
1298 1298 1509 1355 Averte
1536 1298 1732 1356 oculos
1758 1304 1888 1357 tuos

179 1381 249 1439 ab
276 1379 441 1440 illius
481 1383 693 1440 terreni
733 1385 885 1456 regis
931 1382 1176 1456 deliciis,
1233 1386 1356 1459 qui,
1407 1384 1539 1444 licet
1576 1385 1749 1443 fuerit
1793 1401 1887 1444 sa-

185 1469 399 1543 pientia
438 1469 776 1545 singularis,
817 1471 1088 1532 sublimis
1137 1474 1340 1549 gloria,
1391 1472 1565 1532 rebus
1619 1472 1885 1546 aﬂ'luens,

181 1576 311 1635 pace
356 1576 617 1629 securus,
666 1577 784 1619 non
825 1569 1015 1620 tamen
1062 1563 1171 1621 tale
1215 1579 1360 1636 opus
1405 1564 1591 1621 facere
1640 1564 1891 1636 potuerit

179 1648 346 1723 quale
388 1649 604 1707 factum
646 1663 761 1707 non
793 1649 867 1708 sit
898 1649 1192 1709 universis
1225 1651 1436 1726 regnis.
1483 1650 1761 1727 Nunquid
1795 1668 1890 1711 sa-

179 1752 287 1796 cra
317 1738 562 1812 scriptor
597 1736 857 1797 historia
893 1738 1091 1798 omnia
1120 1756 1290 1816 opera
1322 1736 1531 1799 mundi
1560 1746 1616 1797 et
1642 1739 1889 1811 gloriam

178 1836 375 1888 eorum
412 1830 633 1888 intuitu
672 1829 939 1904 diligenti
990 1834 1381 1903 prospexerat,
1432 1837 1496 1889 ut
1537 1830 1643 1891 hoc
1695 1822 1957 1911 statim);

180 1923 288 1977 tota
334 1912 771 1990 deliberatione,
819 1934 934 1978 non
988 1919 1112 1988 uni,
1168 1919 1266 1978 sed
1315 1919 1588 1978 omnibus
1634 1920 1881 1978 antefer-

176 2006 308 2065 ret?
348 2004 556 2064 Inania
596 2013 733 2065 sunt
768 2008 913 2078 hac,
962 2007 1009 2066 si
1059 2009 1194 2066 non'
1222 2022 1588 2066 recurramus
1628 2008 1699 2065 ad
1746 2007 1886 2065 inti-

178 2112 298 2155 mos
328 2095 580 2155 caelestis
616 2096 944 2172 disciplina
983 2111 1263 2167 recessus,
1301 2096 1349 2155 si
1382 2110 1499 2154 non
1528 2095 1827 2155 deviemus
1855 2113 1888 2155 a

177 2190 266 2246 via
312 2184 668 2246 litteratoria
710 2186 1028 2261 qualitatis.
1079 2186 1354 2247 Salomon
1394 2192 1609 2256 noster,
1640 2199 1762 2243 non
1790 2201 1885 2243 so-

177 2274 299 2335 lum
346 2276 594 2350 sapiens,
629 2275 728 2333 sed
757 2280 813 2334 et
838 2274 1119 2350 sapientia
1149 2274 1334 2333 Patris
1360 2294 1374 2346 ;
1416 2290 1534 2332 non
1566 2271 1755 2332 solum
1785 2288 1888 2347 pa-

175 2364 394 2435 ciﬁcus,
432 2364 529 2422 sed
575 2370 630 2422 et
668 2379 783 2438 pax
828 2370 1041 2435 nostra,
1090 2364 1193 2439 qui
1236 2364 1366 2423 fecit
1403 2370 1648 2436 utraque
1677 2376 1885 2433 unum,

177 2453 307 2512 fecit
356 2452 654 2523 thronum,
704 2459 936 2511 uterum
976 2452 1245 2511 videlicet
1293 2452 1651 2510 intemerata
1695 2450 1887 2526 Virgi-

178 2544 285 2612 nis,
330 2543 395 2602 in
444 2558 562 2619 quo
600 2542 746 2602 sedit
783 2542 886 2602 illa
928 2541 1217 2618 majestas,
1261 2558 1397 2619 qua
1439 2552 1586 2602 nutu
1637 2542 1891 2602 concutit

180 2632 399 2692 orbem.

246 2722 414 2781 Hanc
441 2722 759 2781 sessionem
790 2720 924 2780 Filii
953 2727 1009 2780 et
1037 2722 1300 2796 probavit
1327 2727 1383 2781 et
1408 2722 1676 2797 cegnovit
1702 2720 1886 2793 Pater,

177 2814 299 2887 ipso
326 2813 559 2871 dicente
589 2830 603 2870 :
635 2834 661 2864 α
690 2811 780 2871 Tu
811 2812 1129 2887 cognovisti
1160 2812 1476 2872 sessionem
1497 2826 1687 2869 meam
1714 2813 1886 2883 (Psal.

175 2907 508 2972 CXXXVIII);
543 2922 573 2955 υ
620 2907 718 2960 et:
756 2922 783 2955 ι(
814 2900 1084 2960 Thronus
1131 2906 1265 2960 tuus
1309 2900 1462 2960 Deus
1502 2901 1565 2959 in
1608 2900 1888 2959 saculum

176 2991 380 3052 saculi
406 2994 569 3065 (Psal.
601 2992 806 3065 XLIV);
842 3016 867 3040 ι»
903 2997 1000 3049 et:
1037 3012 1064 3045 ‹‹
1099 2989 1373 3050 Thronus
1398 2992 1507 3048 iste
1531 2990 1681 3048 sicut
1711 2987 1795 3047 sol
1826 2988 1890 3046 in

1969 683 2142 742 quam
2182 669 2414 727 Domini
2452 671 2723 730 fortitudo
2750 687 2885 731 vasa
2914 672 3169 746 diripuit”
3187 673 3485 735 fortioris?
3523 674 3670 746 Quid

1971 758 2240 832 frigidius
2264 759 2363 817 illa
2391 759 2714 819 substantia
2740 776 2916 835 quam
2955 761 3323 819 obumbravit
3356 762 3543 822 virtus
3574 764 3677 823 Al-

1970 848 2200 920 tissimi,
2241 848 2406 907 etab
2452 857 2598 907 astu
2647 849 2863 923 peccati
2909 849 3163 908 defendit
3214 853 3676 923 supervenientis

1971 934 2226 1010 Spiritus
2272 936 2621 1010 plenitudo?
2663 938 2754 995 EX
2784 938 2893 996 hoc
2915 937 3106 1006 ebore,
3139 938 3253 996 nisi
3287 940 3475 1013 fallor,
3517 942 3672 1002 ﬁunt

1970 1024 2090 1083 illa
2145 1024 2354 1084 domus
2402 1025 2695 1096 eburnea,
2752 1025 2824 1083 de
2873 1024 3089 1099 quibus
3136 1026 3275 1084 dicit
3324 1027 3626 1088 Psal'mista
3656 1048 3703 1090 :I

1975 1135 2002 1164 α
2032 1111 2289 1187 Myrrha,
2318 1121 2370 1172 et
2401 1121 2581 1188 gutta,
2611 1121 2667 1173 et
2695 1114 2846 1172 casia
2883 1130 2916 1172 a
2954 1113 3314 1173 vestimentis
3341 1117 3477 1190 tuis,
3508 1134 3542 1175 a
3569 1119 3673 1178 do-

1972 1202 2168 1260 mibus
2196 1203 2474 1261 eburneis
2500 1207 2668 1271 (Psal.
2697 1207 2882 1272 XLIV).
2920 1228 2941 1257 »

2045 1288 2361 1364 Sequitur:
2403 1314 2428 1340 α
2463 1290 2772 1351 Grandem.
2827 1313 2855 1346 »
2910 1292 3061 1363 Quid
3106 1286 3388 1367 grandius
3441 1293 3681 1371 Virgine

1973 1379 2173 1450 Maria,
2216 1394 2349 1454 qua
2397 1382 2859 1456 magnitudinem
2897 1400 3142 1443 summa
3175 1384 3498 1444 divinitatis
3528 1385 3680 1444 intra

1973 1472 2064 1529 sui
2112 1470 2332 1528 ventris
2372 1469 2665 1529 concludit
2701 1471 3027 1531 arcanum?
3065 1477 3313 1533 Attende
3353 1470 3678 1550 Seraphim,

1972 1565 2029 1617 et
2075 1558 2134 1617 in
2178 1556 2344 1617 illius
2388 1559 2700 1632 superioris
2732 1569 2955 1620 natura
2985 1562 3289 1636 supervola
3314 1563 3674 1637 dignitatem,

1975 1654 2029 1705 et
2056 1647 2281 1707 videbis
2303 1648 2591 1723 quidquid
2619 1647 2806 1721 majus
2823 1657 2927 1721 est,
2957 1651 3157 1709 minus
3180 1648 3678 1726 Virgine,’s'olun’1-

1974 1754 2088 1814 que
2119 1738 2393 1814 Opificem
2420 1754 2565 1818 opus
2592 1739 2749 1798 istud
2776 1741 3129 1814 supergredi.
3214 1760 3244 1778 ο
3443 1814 3447 1818 _

2050 1851 2076 1879 α
2106 1826 2176 1885 Et
2227 1827 2461 1886 vestivit
2508 1816 2644 1886 eum
2699 1844 2843 1888 auro
2904 1830 3062 1888 fulvo
3124 1820 3322 1889 nimis.
3356 1838 3393 1884 '»
3443 1816 3683 1911 Aurum

1975 1916 2251 1975 omnibus
2305 1916 2556 1976 metallis
2607 1918 2935 1991 pretiosius,
2995 1918 3255 1995 intellige
3316 1912 3682 1979 divinitatem

1958 2005 2100 2077 Dei,
2131 2006 2294 2064 omni
2322 2005 2799 2080 praeminentem
2838 2008 3083 2082 mundo,
3120 2009 3320 2068 omnia
3351 2009 3684 2085 gubernan-

1976 2100 2112 2152 tem.
2149 2093 2269 2153 Hac
2314 2095 2520 2154 vestita
2549 2102 2653 2167 est,
2701 2095 2821 2155 imo
2865 2099 3245 2172 supervestita
3282 2089 3462 2158 Ma’ter
3490 2096 3688 2157 "Altis-

1976 2182 2130 2254 simi,
2166 2187 2457 2259 totamque
2489 2182 2785 2258 Virginem
2823 2191 2933 2243 tota
2953 2184 3054 2244 illa
3079 2172 3456 2246 indivisibilis
3482 2195 3687 2248 natura

1974 2273 2209 2346 largiori
2230 2274 2410 2350 gratia
2437 2274 2779 2348 superfudit.
2807 2275 2957 2345 Quid
2989 2280 3075 2335 est
3098 2284 3289 2335 autem
3324 2278 3476 2351 quod
3505 2277 3679 2336 dicit:

1978 2361 2138 2422 fulvo
2170 2352 2390 2422 nimis?
2422 2362 2533 2422 Hic
2555 2363 2779 2437 aliquid
2814 2366 3234 2439 requirendum
3253 2365 3492 2443 reliquit
3516 2365 3683 2426 nobis

1978 2449 2227 2524 Spiritus
2260 2451 2361 2510 ille
2399 2451 2732 2527 multiplex,
2776 2460 2831 2511 et
2879 2455 3105 2514 utinam
3138 2455 3355 2530 poSsim
3395 2456 3688 2533 eXplicare

1975 2539 2131 2615 quod
2153 2538 2623 2609 sentio.Quatuor
2655 2539 2842 2599 modis
2868 2541 3020 2601 inest
3047 2541 3201 2602 Deus
3223 2543 3498 2603 omnibus
3527 2559 3687 2602 crea-

1975 2629 2140 2689 turis.
2176 2629 2369 2688 Primo
2394 2630 2568 2688 modo
2601 2622 2982 2691 essentialiter
3011 2639 3127 2692 tam
3168 2634 3336 2693 bonis
3360 2648 3537 2709 quam
3565 2649 3689 2692 ma-

1974 2720 2068 2789 lis,
2103 2720 2372 2795 nihilque
2402 2720 2738 2781 intercludit
2762 2721 2990 2782 deitatis
3017 2724 3347 2797 essentiam,
3386 2740 3488 2800 per
3515 2740 3690 2800 quam

1976 2826 2100 2870 esse
2128 2812 2326 2870 omnia
2353 2819 2716 2886 acceperunt.
2750 2812 2894 2871 Inde
2922 2820 3009 2873 est
3040 2815 3194 2889 quod
3220 2831 3513 2890 nusquam
3543 2822 3597 2873 et
3626 2815 3690 2875 in

1975 2900 2137 2959 omni
2168 2900 2292 2959 1000
2332 2916 2454 2958 esse
2485 2900 2717 2975 legitur,
2757 2917 2893 2961 cum
2933 2902 3209 2963 omnibus
3254 2902 3694 2978 prasentialiter

1947 2990 2222 3059 .assistat,
2250 2997 2305 3048 et
2333 3007 2367 3048 a
2399 2990 2563 3050 nullo
2610 2991 3147 3067 comprehendatur.
3176 2992 3403 3051 Habent
3432 2994 3604 3051 etiam
3632 3000 3688 3051 et

176 3078 484 3157 censpectu
542 3088 642 3141 tuo
695 3084 860 3154 (Psal.
902 3082 1222 3154 LXXXVIII).
1264 3102 1285 3132 ι
1332 3101 1359 3135 ‹‹
1391 3080 1586 3151 Sedes,
1621 3100 1648 3133 ››
1697 3079 1893 3155 inquit
1979 3077 2115 3136 mali
2145 3076 2248 3136 Dei
2278 3079 2672 3151 prasentiam,
2702 3080 2799 3137 sed
2840 3096 2953 3138 non
3001 3081 3272 3154 gaudent,
3313 3097 3449 3141 cum
3494 3080 3688 3140 inani-

178 3172 495 3247 Scriptura,
548 3196 573 3223 α
607 3187 780 3246 super
808 3174 1108 3244 thronum,
1149 3173 1254 3247 qui
1286 3172 1516 3265 judicas
1557 3171 2130 3265 aquitateni‘cmata
2181 3168 2452 3265 qualibet
2501 3169 2612 3265 hoc
2644 3170 2865 3265 possint
2908 3170 3211 3265 privilegio
3255 3169 3532 3265 gloriari.
3582 3168 3689 3265 se-

178 3262 346 3336 (Psal.
390 3263 489 3335 IX).
515 3284 544 3315 η
590 3261 738 3333 Quid
783 3263 936 3321 enim
973 3263 1191 3337 justius
1219 3277 1395 3336 quam
1425 3259 1605 3320 vilem
1634 3266 1689 3318 et
1720 3269 1895 3319 trans-
1919 3258 1956 3265 “
1976 3258 2168 3318 eundo
2208 3258 2377 3316 modo
2417 3259 2569 3317 inest
2598 3258 2765 3317 bonis
2797 3260 3147 3331 operatione,
3177 3260 3296 3334 agit
3326 3260 3483 3318 enim
3515 3258 3579 3317 in
3604 3258 3689 3317 eis

178 3352 374 3427 fugam
433 3366 686 3422 servum,
746 3360 801 3411 et
853 3353 1117 3411 conservi
1163 3352 1254 3411 sui
1306 3349 1578 3409 sedulum
1629 3349 1893 3424 decepto-

177 3456 322 3512 rem,
358 3440 651 3515 perpetuis
679 3436 915 3514 ignibus
944 3442 1260 3513 assignare,
1292 3446 1347 3497 et
1379 3438 1570 3507 illum,
1600 3452 1771 3512 quem
1808 3439 1892 3497 fe-

178 3527 425 3599 fellerat,
476 3545 582 3589 suo
615 3528 907 3602 resignare
946 3527 1272 3603 principio?
1312 3528 1409 3586 Ait
1432 3526 1532 3586 ille
1557 3528 1701 3586 alter
1735 3527 1895 3587 ﬁlius

177 3616 439 3693 Virginis
468 3637 483 3676 :
520 3644 544 3667 κ
580 3611 650 3676 Et
675 3630 793 3677 vox
822 3618 894 3676 de
922 3618 1127 3677 throno
1158 3617 1342 3676 exivit
1366 3615 1566 3675 dicens
1594 3637 1607 3675 :
1636 3617 1895 3676 Laudem

173 3708 351 3769 dicite
379 3710 497 3769 Deo
521 3716 736 3781 nostro,
776 3723 981 3767 omnes
1011 3710 1194 3768 sancti
1224 3708 1351 3782 ejus
1381 3708 1573 3780 (Apoc.
1609 3712 1692 3776 V).
1725 3727 1752 3759 »
1804 3700 1896 3766 EX

174 3798 289 3857 hoc
319 3790 528 3857 throno
552 3797 682 3857 laus
719 3797 1060 3871 angelorum
1103 3797 1445 3871 prorumpit,
1477 3803 1533 3855 et
1564 3796 1891 3866 hominum,

173 3887 318 3962 quia
351 3886 496 3947 dum
544 3888 638 3945 hic
682 3887 1030 3958 restituitur,
1071 3892 1126 3945 et
1155 3886 1257 3945 ille
1297 3885 1629 3959 resarcitur,
1662 3886 1896 3961 utrique

174 3977 499 4048 gratiarum
546 3973 752 4033 debent
793 3973 1179 4033 devotionem.
1226 3974 1390 4032 Nosti
1428 3974 1707 4048 quidnam
1747 3975 1897 4035 dicat

174 4063 283 4137 qui
335 4063 496 4121 sedtt
541 4063 602 4120 in
667 4063 918 4121 throno?
980 4087 1005 4111 «
1051 4063 1217 4135 Ecce,
1276 4062 1489 4136 inquit,
1547 4078 1698 4122 nova
1750 4064 1896 4124 facio

173 4151 381 4211 omnia
419 4152 616 4223 (Apoc.
656 4155 808 4220 XXI).
845 4149 1091 4209 n‘FeliX
1141 4151 1407 4223 thronus,
1456 4149 1519 4208 in
1576 4165 1692 4226 quo
1741 4151 1899 4212 sedet

173 4241 512 4300 dominator
564 4238 876 4312 Dominus;
941 4242 1005 4299 in
1061 4252 1194 4315 quo,
1261 4248 1317 4299 et
1383 4257 1486 4315 per
1538 4257 1713 4316 quem
1780 4257 1894 4301 non

174 4329 375 4387 solum
430 4344 653 4400 omnes,
703 4329 801 4387 sed
849 4329 1045 4388 omnia
1097 4329 1494 4387 renovantur!
1551 4327 1726 4388 Pareo
1774 4345 1900 4389 ver-

174 4416 294 4486 bis,
356 4417 494 4492 quia
556 4417 836 4492 quosdam
897 4422 1155 4475 vestrum
1216 4416 1401 4474 sentio
1453 4416 1789 4490 pravolare,
1841 4426 1897 4477 et

172 4507 468 4564 currentis
524 4505 660 4580 styli
716 4506 1038 4578 pravenire
1092 4506 1446 4579 pauperiem.
1506 4505 1710 4565 Merito
1763 4522 1901 4582 ergo

1980 3348 2167 3407 virtus
2195 3346 2508 3419 Operativa,
2547 3354 2613 3405 ut
2648 3356 2963 3421 operentur
2998 3362 3171 3421 opera
3195 3347 3337 3419 Dei;
3366 3364 3472 3406 nec
3509 3348 3689 3406 otiose

1977 3436 2151 3496 creati
2180 3440 2319 3495 sunt
2344 3436 2495 3493 inter
2538 3440 2846 3508 creaturas,
2887 3437 3039 3495 sicut
3076 3442 3133 3494 et
3171 3435 3330 3506 mali,
3363 3439 3466 3511 qui
3497 3437 3687 3511 elege-

1978 3534 2115 3589 runt
2143 3520 2419 3597 areScere,
2449 3532 2511 3586 tit
2539 3528 2905 3603 sempiternis
2923 3525 3157 3603 ignibus
3191 3527 3466 3586 alimenta
3510 3527 3691 3586 mini-

1979 3626 2175 3677 strent.
2218 3619 2377 3677 Inest
2415 3623 2471 3676 et
2503 3617 2798 3692 plerisque
2833 3618 3002 3676 bonis
3042 3616 3498 3687 illuminatione,
3534 3622 3695 3692 quos

1976 3707 2047 3766 de
2077 3708 2408 3767 futurorum
2436 3706 2765 3789 cognitione
2795 3706 3060 3766 nobilitat
3100 3712 3155 3764 et
3202 3704 3508 3780 participes
3553 3721 3689 3765 suo-

1978 3812 2111 3855 rum
2142 3793 2315 3854 efﬁcit
2344 3782 2715 3853 secretorum.
2749 3794 2962 3864 Quarto
3006 3793 3177 3852 modo
3219 3792 3371 3852 inest
3397 3790 3501 3853 u'ni
3528 3808 3691 3853 crea-

1981 3893 2145 3956 tura,
2190 3884 2458 3944 videlicet
2499 3882 2695 3942 Maria
2730 3882 2982 3957 Virgini,
3022 3882 3339 3955 identitate,
3371 3883 3507 3957 quia
3536 3878 3690 3943 idem

1977 3981 2061 4033 est
2090 3975 2243 4048 quod
2278 3973 2400 4032 illa.

2049 4062 2159 4121 Hic
2202 4067 2380 4120 taceat
2407 4066 2463 4120 et
2492 4061 2894 4121 contremiscat
2929 4063 3122 4122 omnis
3159 4056 3443 4133 creatura,
3488 4068 3542 4121 et
3591 4061 3695 4121 vix

1979 4150 2187 4209 audeat
2223 4150 2478 4224 aspicere
2528 4156 2700 4209 tanta
2734 4149 3031 4225 dignitatis
3074 4158 3139 4233 get
3180 4148 3530 4225 dignationis
3580 4149 3696 4208 im-

1982 4240 2366 4324 mensitatem.
2424 4262 2451 4295 ‹‹
2486 4239 2771 4300 Dominus
2799 4247 2985 4300 tecum
3019 4243 3169 4310 (Luc.
3201 4245 3264 4312 I),
3298 4261 3327 4293 »
3368 4239 3560 4321 inquit
3604 4254 3701 4323 ar-

1978 4322 2317 4403 changelus.
2349 4328 2582 4389 Habitat
2606 4329 2666 4387 in
2704 4329 2926 4403 angelis
2953 4328 3130 4399 Deus,
3160 4322 3256 4387 sed
3287 4336 3405 4388 no‘n
3434 4334 3568 4388 cum
3592 4322 3698 4387 an-

1980 4419 2148 4495 gelis,
2207 4419 2346 4494 quia
2401 4435 2535 4478 cum
2590 4419 2706 4478 illis
2759 4418 3024 4492 ejusdem
3092 4432 3209 4476 non
3263 4423 3349 4479 est
3411 4417 3697 4476 essentia.

1988 4510 2224 4569 Habitat
2261 4508 2414 4568 Deus
2452 4510 2515 4567 in
2546 4504 2806 4582 Virgine,
2840 4500 3060 4566 habitat
3101 4520 3235 4566 cum
3267 4504 3388 4579 illa,
3419 4522 3554 4567 cum
3584 4522 3703 4581 qua

175 4594 298 4654 tale
352 4609 499 4668 opus
549 4610 667 4654 non
724 4595 1042 4669 eloquenti,
1102 4610 1218 4652 non
1270 4593 1539 4668 glorioso,
1595 4594 1695 4652 sed
1753 4586 2174 4669 paci-“unius
2199 4605 2425 4656 natura
2454 4597 2626 4655 habet
2652 4596 3030 4654 identitatem.
3064 4594 3188 4654 Hoc
3215 4586 3463 4671 estergo
3491 4610 3704 4671 aurum

173 4682 291 4745 ﬁco
339 4686 612 4745 scribitur
649 4687 1047 4761 assignatum;
1090 4686 1229 4761 quia
1266 4686 1427 4745 venit
1468 4684 1637 4744 Jesus
1677 4685 1899 4744 instau-

173 4790 314 4835 rare
350 4783 406 4836 et
450 4791 584 4851 qua
610 4776 672 4835 in
704 4777 863 4837 calis
892 4781 948 4835 et
974 4791 1107 4852 qua
1139 4775 1202 4833 in
1232 4775 1437 4843 terris;
1490 4788 1807 4849 pacemque
1847 4781 1902 4833 et

170 4869 554 4929 concordiam
581 4870 733 4931 inter
765 4871 1031 4930 homines
1061 4877 1120 4929 et
1154 4869 1410 4943 angelos,
1445 4870 1735 4928 mediante
1768 4867 1901 4927 Vir-

170 4957 341 5030 gine,
374 4960 706 5019 reformare.

255 5068 284 5096 ιι
321 5044 403 5104 De
427 5047 615 5117 ebore,
650 5070 676 5100 ι)
710 5048 920 5122 inquit.
963 5047 1108 5119 Quid
1143 5056 1223 5107 est
1262 5046 1415 5123 quod
1455 5062 1689 5119 aurum,
1725 5051 1781 5104 et
1810 5062 1901 5105 ar-

167 5140 450 5207 gentum,
481 5142 537 5194 et
561 5136 777 5211 lapides
807 5137 1063 5211 pretiosi,
1097 5144 1151 5195 et
1176 5138 1368 5196 omnis
1398 5134 1651 5209 denique
1689 5135 1903 5208 pretio—

167 5226 355 5285 sioris
424 5227 680 5284 materia
749 5226 1120 5300 pramittitur
1192 5226 1428 5299 gloria?
1508 5221 1642 5284 Sola
1718 5223 1907 5283 eboris

168 5314 514 5376 substantia
553 5330 735 5391 caan
768 5325 853 5376 est
887 5322 1058 5375 tanta
1087 5312 1542 5391 compositionis,
1572 5318 1631 5370 et
1659 5311 1904 5371 fabrica-

170 5416 279 5469 tur
314 5408 376 5467 in
412 5424 477 5467 ea
516 5408 671 5485 quod
704 5407 979 5467 omnibus
1025 5407 1296 5481 operibus
1341 5402 1479 5460 221
1542 5406 1902 5479 praeferatur.

172 5488 355 5560 Ebilr
395 5499 556 5559 enim
601 5506 658 5557 et
709 5497 966 5558 mirabili
1015 5496 1262 5556 candore
1314 5494 1554 5564 relucet,
1617 5503 1674 5554 et
1727 5494 1908 5553 multa

1987 4689 2218 4748 fulvum
2266 4687 2464 4755 nimis,
2518 4701 2634 4761 quo
2684 4685 2933 4745 thronus
2983 4690 3066 4744 est
3102 4684 3365 4769 vestitus,
3414 4670 3705 4769 quia‘tali

1987 4777 2159 4837 modo
2206 4776 2359 4836 Deus
2406 4773 2706 4849 Virginem
2753 4773 2944 4834 induit
2980 4779 3037 4833 et
3073 4774 3135 4832 in
3181 4770 3420 4848 Virgine
3459 4770 3702 4833 indutus

1988 4876 2091 4939 est,
2119 4873 2185 4927 ut
2215 4866 2443 4926 meliori
2468 4881 2585 4924 non
2617 4869 2819 4939 posset.
3204 4940 3207 4947 ἱ
3390 4942 3393 4945 ν

2065 4956 2394 5032 Sequitur:
2449 4982 2475 5006 κ
2521 4955 2629 5015 Per
2698 4970 2802 5014 seX
2875 4955 3091 5029 gradus
3164 4953 3581 5013 ascendebatur
3630 4953 3701 5011 ad

1990 5063 2146 5106 eum.
2183 5072 2209 5098 υ
2262 5046 2424 5120 Elige
2455 5045 2724 5104 meditari
2754 5058 2888 5120 qua
2926 5048 3119 5101 sancta
3157 5044 3315 5114 sunt,
3350 5042 3487 5118 quia
3521 5066 3541 5095 ι
3575 5057 3704 5117 per-

1989 5151 2175 5195 versa
2207 5134 2582 5209 cegitationes
2612 5138 2878 5208 separant
2904 5148 2941 5215 a‘
2974 5122 3093 5215 Deo
3122 5134 3273 5205 (Sap.
3313 5135 3389 5204 I);
3418 5155 3444 5181 ν»
3494 5138 3549 5189 et
3583 5126 3703 5205 pri-

1991 5239 2157 5284 mum
2215 5224 2462 5307 gradum
2514 5223 2847 5282 ascendisti.
2901 5212 3170 5280 Insuesce
3226 5221 3488 5295 linguam
3546 5216 3707 5279 tuam

1990 5315 2136 5373 bene
2189 5314 2369 5393 loqui,
2420 5304 2476 5372 et
2528 5313 2809 5371 subsilisti
2848 5312 2919 5369 ad
2950 5304 3315 5397 secundum,
3350 5310 3515 5371 Juste‘
3551 5310 3707 5384 quod

1986 5405 2212 5486 justum
2263 5409 2347 5487 est
2396 5418 2653 5489 operare,
2693 5410 2761 5489 et?»
2789 5404 3022 5481 tertium
3067 5404 3375 5489 ascendere
3416 5403 3700 5489 meruisti.

1990 5476 2151 5554 'Doce'
2178 5484 2413 5569 iniquos
2438 5476 2566 5551 ’vias
2593 5476 2827 5551 Domini
2863 5500 2919 5552 et
2938 5476 3237 5553 'Consol'are
3267 5509 3469 5552 omnes
3495 5478 3702 5569 lugen-

170 5589 536 5665 praeminet
564 5588 921 5659 fortitudine,
957 5585 1393 5661 frigidiorisque
1420 5593 1645 5645 natura
1675 5583 1910 5644 sortitur
1992 5592 2099 5665 tes,
2154 5591 2212 5643 et
2258 5584 2330 5644 ad
2383 5583 2577 5659 quarti
2633 5581 3053 5643 sublimitatem
3111 5579 3271 5665 222.
3309 5591 3565 5660 raptatus
3619 5598 3701 5642 es.

165 5678 545 5753 auspicium.
587 5678 657 5737 Et
691 5677 834 5754 quid
871 5673 1177 5735 candidius
1220 5673 1325 5733 illa
1370 5673 1722 5749 virginitate,
1775 5687 1908 5747 qua

2006 5660 2298 5749 Relinque
2330 5672 2620 5732 mundum
2659 5678 2718 5731 et
2747 5686 2814 5731 ea
2839 5686 2972 5747 qua
3007 5672 3071 5731 in
3108 5660 3328 5732 mundo
3355 5678 3510 5743 sunt,
3550 5674 3608 5729 et
3633 5667 3708 5728 ad
