4064 6208
405 338 506 435 ζ39

1023 339 1080 395 S.
1125 337 1344 395 PETRI
1385 335 1703 394 DAMIANI
1743 334 1898 394 OPP.
1944 331 2136 393 PARS
2177 330 2316 390 SEU
2363 330 2613 391 TOMUS
2650 331 2725 389 II.
2765 363 2834 374 —
2875 331 3292 393 SERMONES.

3802 338 3907 396 7ἱο

400 461 590 536 quinti
618 476 892 521 cacumen
925 460 1182 519 evolasti.
1219 459 1434 518 Teneat
1475 465 1526 517 te
1571 460 1993 534 perseverantia
2031 457 2325 517 inAfacta
2374 463 2514 513 sunt
2571 455 2632 512 in
2695 457 2980 514 creaturis
3028 457 3272 526 mundi,
3333 457 3480 516 nihil
3535 465 3728 518 tamen
3788 470 3901 518 tam

400 557 582 618 motu,
619 548 1104 622 perseverantiam
1143 561 1260 604 non
1301 545 1586 621 relinque,
1620 556 1673 604 et
1711 555 1940 605 sextum
1981 563 2104 618 gra-

394 637 536 696 dum
563 637 808 696 viriliter
845 635 1102 708 attigisti.
1137 635 1222 692 lix
1276 636 1384 693 hoc
1416 635 1689 694 subsilire
1721 636 1851 694 licet
1889 636 1948 694 in
1987 652 2103 695 cm-

397 728 542 796 lum,
570 726 643 783 ad
665 726 824 783 illam
846 724 1088 797 gloriam
1118 724 1391 798 aspirare,
1420 725 1482 782 in
1508 742 1620 798 qua
1651 725 1872 798 Regina
1901 727 2106 799 glorio-

395 816 513 874 sior
535 815 855 887 angelicam
886 814 1214 871 reverberat
1243 814 1601 886 dignitatem.

467 903 744 980 Sequitur
774 921 785 959 :
823 926 845 953 α
875 903 1182 961 Rotundus
1205 904 1409 960 eratin
1443 903 1871 975 posterioribus.
1912 925 1939 955 »
1975 904 2108 962 Pos-

395 994 600 1051 teriora
633 993 893 1062 Virginis
921 992 1376 1064 assumptionem
1416 993 1540 1062 ejus
1579 991 1856 1064 intellige,
1889 993 1952 1049 in
1991 1007 2105 1065 qua

393 1083 570 1140 linem
600 1081 734 1139 vitae
768 1081 1023 1140 mortalis
1052 1080 1284 1154 accepit,
1316 1096 1448 1155 qua:
1479 1080 1655 1138 vitam
1687 1081 1933 1139 reddidit
1955 1082 2100 1140 orbi.

397 1169 462 1227 Et
490 1178 624 1227 nota
669 1185 802 1227 cum
851 1178 1065 1242 quanto
1098 1176 1452 1226 sacramento
1493 1169 1796 1228 transitum
1848 1169 2105 1241 Virginis

396 1256 692 1330 Scriptura
721 1268 1007 1331 comparet
1036 1255 1388 1315 rotunditati.
1431 1256 1499 1313 In
1530 1259 1780 1315 rotundo
1811 1274 1913 1316 nec
1945 1259 2101 1330 prin-

390 1348 629 1420 cipium,
660 1364 764 1406 nec
785 1352 963 1405 linem
990 1347 1196 1421 poteris
1219 1345 1484 1404 invenire
1510 1365 1523 1414 ;
1554 1347 1631 1404 ita
1660 1355 1713 1404 et
1739 1349 1942 1420 gloria,
1973 1362 2105 1422 quae

390 1451 533 1500 eam
555 1435 626 1493 de
662 1436 771 1493 hoc
797 1436 1016 1494 mundo
1048 1443 1439 1492 transeuntem
1475 1436 1720 1507 excepit,
1755 1436 2105 1509 principium

392 1525 635 1599 ignorat,
663 1526 847 1584 nescit
901 1526 1122 1597 linem;
1171 1526 1240 1583 de
1293 1540 1407 1597 qua
1460 1525 1544 1582 nil
1591 1525 1751 1583 aliud
1800 1542 2106 1600 possumus

394 1612 603 1681 dicere,
635 1614 750 1672 nisi
795 1614 933 1688 quia
965 1638 985 1666 ι
1020 1614 1268 1686 gloriosa
1308 1613 1456 1670 dicta
1501 1622 1649 1671 sunt,
1677 1614 1747 1672 de
1789 1624 1840 1672 te
1875 1639 1895 1666 ι
1932 1617 2102 1684 (Psal.

391 1711 672 1771 LXXXVI),
706 1702 887 1776 gloria
919 1702 1044 1759 Dei.

463 1790 736 1864 Sequitur
787 1815 799 1848 :

387 1881 623 1953 gradus.
685 1903 709 1931 υ
773 1879 1089 1938 Duodecim
1145 1881 1446 1950 leunculi,
1511 1882 1817 1940 duodecim
1869 1881 2108 1954 apostoli

390 1975 546 2039 sunt,
575 1970 676 2042 qui
716 1968 974 2043 przefixis
1010 1970 1284 2042 gradibus
1333 1971 1580 2030 validius
1621 1972 1968 2039 insistentes,
2003 1971 2110 2028 Re-

396 2062 593 2132 ginam
639 2059 767 2117 coeli
815 2074 932 2116 non
988 2060 1115 2117 sine
1160 2061 1418 2119 maximo
1454 2071 1684 2135 stupore
1728 2061 2106 2128 demirantur,

386 2155 440 2206 e't
483 2149 682 2207 dicunt
747 2172 758 2205 :
811 2168 838 2201 «
867 2146 1010 2216 Quae
1039 2156 1122 2206 est
1176 2149 1300 2219 ista,
1333 2165 1466 2220 quae
1517 2149 1771 2207 ascendit
1803 2148 1956 2206 sicut
2001 2163 2107 2205 au-

392 2253 532 2295 rora
565 2252 938 2310 consurgens,
974 2238 1217 2312 pulchra
1245 2247 1307 2297 ut
1347 2238 1503 2310 luna,
1541 2238 1716 2295 electa
1753 2242 1816 2294 ut
1856 2237 1962 2305 sol,
1993 2246 2110 2294 ter-

395 2329 578 2386 ribilis
633 2335 699 2386 ut
753 2334 1071 2385 castrorum
1128 2328 1276 2384 acies
1323 2325 1635 2385 ordinata?
1687 2350 1711 2376 υ
1774 2328 1946 2395 (Cant.
2012 2335 2111 2406 v1.)

395 2417 572 2476 Porro
604 2416 738 2474 duae
767 2432 997 2486 manus,
1026 2431 1158 2490 quae
1186 2417 1454 2473 tenebant
1491 2416 1627 2472 hinc
1653 2423 1708 2472 et
1742 2416 1878 2472 inde
1908 2415 2108 2484 sedile,

396 2509 648 2565 activam
702 2515 756 2564 et
807 2505 1312 2580 contemplativam
1363 2504 1542 2562 vitam
1595 2504 2109 2577 signiﬁcant,quae

397 2596 634 2656 Matrem
682 2595 978 2669 Virginem
1027 2594 1384 2669 propensiori
1429 2592 1726 2667 diligentia
1759 2594 2104 2662 ambierant,

393 2689 534 2744 adeo
580 2694 646 2744 ut
705 2702 811 2742 nec
864 2685 1008 2743 actio
1063 2682 1602 2756 contemplationem
1667 2684 1995 2753 minueret,
2051 2690 2109 2741 et

397 2774 802 2848 contemplatio
857 2789 968 2831 non
1041 2774 1325 2830 desereret
1390 2772 1694 2829 actionem.
1748 2771 2102 2844 Recordare,

397 2866 536 2939 quia
590 2879 706 2922 non
757 2869 878 2920 erat
929 2864 981 2919 ei
1042 2861 1200 2920 locus
1254 2863 1313 2917 in
1366 2859 1686 2918 diversorio
1736 2864 1912 2927 (Luc.
1972 2866 2106 2930 ll),

397 2955 688 3030 quomodo
718 2953 930 3012 Filium
967 2969 1140 3011 suum
1173 2951 1420 3025 propriis
1469 2951 1748 3009 uberibus
1795 2951 2104 3022 lactaverit,

394 3053 448 3104 et
479 3062 682 3104 omnes
710 3045 962 3118 denique
992 3043 1271 3117 vagientis
1299 3041 1532 3116 parvuli
1562 3041 1907 3100 sustinuerit
1929 3042 2104 3100 actio-

399 3153 519 3205 nes,
550 3143 605 3193 et
659 3144 796 3192 tunc
846 3132 1136 3205 intelliges
1177 3131 1314 3206 quia
1358 3131 1677 3206 plurimum
1735 3132 2103 3189 ministravit.

399 3225 708 3283 Considera
734 3224 871 3299 quia
901 3223 1024 3296 ipsa
1051 3228 1138 3280 est
1166 3237 1321 3295 quae,
1352 3221 1414 3278 in
1442 3221 1901 3293 contemplativa:
1927 3221 2111 3295 digni-

399 3315 525 3372 tatis
560 3321 896 3386 supervccta
936 3310 1323 3380 dulcedinem,
1371 3311 1431 3367 in
1473 3310 1654 3383 ipsius
1695 3309 1799 3368 Dei
1836 3312 2110 3369 substan-

405 3405 542 3462 tiam
583 3404 891 3463 lucidiores
929 3403 1124 3460 infixit
1161 3402 1416 3461 obtutus.
1460 3423 1487 3454 «
1519 3400 1712 3472 Laeva,
1742 3401 1956 3476 inquit,
1983 3403 2110 3475 ejus

404 3494 513 3552 sub
561 3494 743 3566 capite
794 3509 942 3562 meo,
975 3499 1031 3550 et
1071 3493 1306 3549 dextera
1345 3491 1507 3549 illius
1548 3492 1974 3565 amplexabitur
2017 3508 2110 3550 me

403 3586 576 3654 (Cant.
606 3587 681 3652 ιι).
719 3609 744 3631 »ι

474 3699 498 3721 ‹‹
531 3672 660 3731 Duo
694 3671 889 3729 leones
915 3671 1139 3730 stabant
1161 3671 1332 3744 juxta
1361 3670 1671 3728 brachiola.
1699 3692 1725 3722 »
1759 3670 1885 3727 Duo
1913 3669 2108 3728 leones

398 3769 534 3820 sunt
603 3759 835 3819 Gabriel
889 3759 1269 3831 archangelus
1311 3764 1366 3816 et
1416 3758 1666 3817 Joannes
1720 3758 2104 3831 evangelista,

396 3863 649 3921 quorum
680 3849 823 3906 alter
851 3845 1104 3904 dexterae
1149 3846 1426 3920 Virginis,
1454 3848 1597 3906 alter
1634 3847 1884 3906 sinistrae
1915 3856 2107 3907 custos

398 3941 709 4015 deputatus
753 3949 857 3998 est.
908 3939 1137 3999 Gabriel
1174 3941 1333 3998 enim
1379 3949 1651 4010 mentem,
1681 3940 1936 3998 Joannes
1977 3957 2102 4000 car-

2185 545 2497 614 excellens,
2535 554 2647 604 tam
2682 546 3060 620 magnificum
3100 547 3357 606 fecerunt
3386 563 3560 620 Opera
3586 549 3902 622 digitorum

2186 638 2286 696 Dei
2313 662 2324 694 :
2362 636 2537 711 Virgo
2565 638 2667 696 Dei
2696 639 2968 711 genitrix,
3004 639 3172 712 cujus
3203 641 3699 714 pulchritudinem
3731 644 3817 702 sol
3849 657 3906 706 et

2188 727 2327 785 luna
2350 728 2655 797 mirantur,
2673 725 2819 783 223
2847 731 3116 798 subveni,
3141 729 3398 799 domina,
3420 731 3814 792 clamantibus
3831 733 3904 791 ad

2189 821 2240 872 te
2264 817 2520 888 jugiter:
2561 837 2587 868 «
2627 816 2958 887 Revertere,
3001 825 3287 876 revertere
3331 817 3673 890 Sunamitis,
3705 837 3901 880 rever-

2189 912 2322 972 tere,
2371 910 2670 973 revertere,
2705 910 2770 963 ut
2806 903 3143 985 intueamur
3173 914 3224 965 te
3254 910 3429 977 (Cant.
3458 912 3558 979 Vl).
3599 930 3624 961 ο
3661 910 3747 968 Tu
3801 911 3907 968 be—

2187 992 2432 1062 nedicta,
2491 1001 2546 1050 et
2603 1008 2776 1065 super
2817 994 3134 1066 benedicta,
3188 1004 3494 1066 revertere,
3555 999 3742 1070 primo
3804 1015 3909 1072 per

2189 1089 2473 1139 naturam.
2515 1081 2794 1157 Nunquid
2851 1084 2988 1156 quia
3047 1083 3124 1140 ita
3171 1083 3452 1153 deiticata,
3509 1085 3636 1143 ideo
3693 1095 3908 1145 nostra:

2190 1169 2568 1228 humanitatis
2620 1171 2797 1228 oblita
2852 1181 2953 1229 est
3006 1172 3404 1246 Nequaquam,
3463 1173 3719 1231 domina.
3773 1173 3906 1233 Scis

2187 1259 2250 1317 in
2277 1275 2392 1332 quo
2421 1259 2756 1318 discrimine
2787 1276 2892 1318 nos
2930 1260 3251 1334 reliqueris,
3295 1262 3397 1320 ubi
3432 1262 3679 1334 jaceant,
3711 1279 3908 1337 quan-

2191 1356 2313 1407 tum
2345 1348 2690 1421 delinquant
2714 1349 2867 1406 servi
2900 1349 3022 1417 tui;
3066 1365 3182 1408 non
3220 1351 3378 1408 enim
3418 1353 3690 1409 convenit
3727 1359 3906 1410 tanta;

2189 1436 2600 1494 misericordiae
2649 1443 2866 1494 tantam
2917 1437 3210 1495 miseriam
3259 1437 3545 1508 oblivisci,
3587 1439 3741 1512 quia,
3796 1440 3907 1497 etsi

2189 1527 2475 1586 subtrahit
2514 1527 2716 1601 gloria,
2752 1534 2979 1586 revocat
3012 1537 3257 1587 natura:
3289 1546 3406 1588 non
3452 1530 3609 1588 enim
3649 1532 3728 1588 ita
3777 1545 3905 1588 me-

2191 1617 2430 1674 moraris
2471 1617 2714 1690 justitize
2760 1618 2864 1675 Dei
2920 1617 3121 1688 solius,
3169 1629 3233 1677 ut
3282 1620 3736 1679 misericordiam
3783 1636 3907 1679 non

2191 1705 2430 1772 habeas;
2465 1721 2650 1779 neque
2680 1708 2758 1764 ita
2783 1723 2844 1764 es
2877 1708 3270 1780 impassibilis,
3313 1715 3372 1767 ut
3411 1709 3489 1766 sis
3519 1709 3907 1782 incompassi-

860 1812 887 1844 ‹‹
943 1790 1258 1848 Duodecim
1312 1793 1567 1850 leunculi
1643 1792 1866 1849 stabant
1938 1806 2171 1873 superB
2193 1791 2344 1850 bilis.
2386 1791 2662 1851 Naturam
2696 1803 2948 1852 nostram
2985 1796 3180 1867 habes,
3213 1813 3327 1854 non
3358 1797 3565 1867 aliam;
3598 1805 3653 1854 et
3675 1797 3904 1869 justum

2193 1887 2368 1937 estut
2404 1881 2474 1938 de
2521 1897 2648 1940 rore
2697 1889 2880 1955 tanta;
2912 1883 3138 1954 pietatis
3184 1884 3452 1943 diﬂ‘usius
3496 1885 3905 1944 infundamur.

2267 1995 2293 2019 α
2325 1969 2649 2043 Revertere,
2676 1997 2701 2022 »ι
2735 1973 2987 2031 secundo
3030 1989 3130 2046 per
3179 1974 3510 2047 potentiam.
3539 1973 3694 2032 Fecit
3741 1975 3804 2032 in
3856 1983 3906 2031 te

2192 2074 2399 2131 magna
2429 2059 2529 2134 qui
2570 2067 2768 2133 potens
2799 2066 2902 2130 est,
2928 2069 2982 2119 et
3011 2060 3142 2120 data
3170 2069 3255 2121 est
3292 2062 3396 2120 tibi
3427 2064 3619 2120 omnis
3655 2070 3911 2136 potestas

2192 2147 2253 2204 in
2285 2146 2430 2204 cmlo
2459 2155 2512 2204 et
2540 2147 2600 2204 in
2631 2156 2801 2205 terra.
2833 2147 2982 2218 Quid
3021 2148 3126 2206 tibi
3153 2149 3473 2222 negabitur,
3500 2150 3597 2207 cui
3628 2157 3906 2223 negatum

2197 2251 2311 2293 non
2343 2244 2429 2293 est
2487 2234 2874 2308 Theophilum
2929 2237 2999 2294 de
3049 2237 3188 2310 ipsis
3239 2237 3575 2310 perditionis
3633 2238 3908 2297 faucibus

2196 2342 2458 2384 revocare
2510 2324 2710 2395 (lla)?
2757 2326 3052 2385 Infelicem
3100 2326 3445 2396 animulam,
3500 2336 3680 2386 totum
3733 2328 3908 2397 illud,

2193 2415 2346 2488 quod
2379 2415 2437 2472 in
2479 2424 2529 2472 te
2573 2415 2786 2474 factum
2832 2424 2933 2485 est,
2965 2415 3192 2488 proprio
3240 2415 3564 2474 charactere
3605 2417 3909 2488 denegan-

2196 2511 2330 2572 tem,
2361 2501 2430 2560 de
2461 2503 2579 2560 luto
2611 2503 2765 2560 faecis
2793 2511 2847 2560 et
2876 2503 3124 2562 miseriae
3156 2504 3486 2563 sublevasti.
3521 2505 3615 2562 Nil
3655 2506 3759 2564 tibi
3791 2506 3906 2563 im-

2192 2592 2482 2667 possibile,
2515 2592 2612 2649 cui
2653 2593 2924 2664 possibile
2952 2600 3038 2651 est
3073 2593 3398 2667 desperatos
3426 2596 3486 2652 in
3529 2611 3690 2668 spem
3719 2595 3907 2654 beati-

2194 2682 2409 2740 tudinis
2461 2681 2731 2740 relevare.
2787 2680 3090 2750 Quomodo
3131 2684 3288 2741 enim
3344 2683 3444 2741 illa
3489 2692 3740 2757 potestas
3791 2694 3908 2743 tua:

2189 2775 2459 2848 potentia:
2504 2773 2706 2846 poterit
2741 2773 2995 2844 obviare,
3047 2791 3180 2847 quae
3226 2776 3296 2834 de
3344 2791 3514 2833 carne.
3562 2781 3658 2833 tua
3711 2776 3910 2834 carnis

2193 2861 2441 2934 suscepit
2484 2862 2820 2936 originem?
2850 2864 3088 2922 Accedis
3114 2864 3269 2922 enim
3299 2875 3433 2922 ante
3479 2865 3627 2923 illud
3653 2881 3908 2924 aureum

2191 2951 2468 3010 humanas
2516 2953 2996 3012 reconciliationis
3037 2955 3236 3026 altare,
3270 2972 3389 3014 non
3433 2956 3623 3013 solum
3668 2970 3910 3028 rogans,

2190 3039 2288 3096 sed
2344 3040 2654 3114 imperans,
2683 3042 2940 3114 domina,
2994 3060 3110 3102 non
3147 3044 3377 3103 ancilla.
3419 3044 3646 3102 Moveat
3701 3053 3755 3102 te
3809 3061 3914 3102 na-

2195 3139 2340 3200 tura,
2374 3129 2628 3203 potentia
2678 3139 2927 3203 moneat,
2963 3133 3103 3206 quia
3148 3141 3361 3205 quanto
3404 3134 3715 3207 potentior,
3751 3139 3909 3190 tanto

2192 3220 2617 3279 misericordior
2657 3237 2784 3280 esse
2830 3221 3082 3280 debebis.
3116 3221 3386 3280 Potestati
3424 3223 3583 3280 enim
3631 3220 3787 3280 cedit
3833 3220 3906 3278 ad

2193 3309 2458 3383 gloriam,
2490 3309 2737 3383 injurias
2769 3309 2968 3368 ulcisci
2999 3311 3150 3370 nolle
3174 3327 3307 3370 cum
3339 3311 3533 3385 possit.

2267 3423 2292 3448 α
2325 3399 2653 3468 Revertere,
2700 3423 2726 3451 π
2779 3399 2944 3458 tertio
2993 3417 3093 3473 per
3134 3416 3411 3458 amorem.
3451 3399 3600 3470 Scio,
3642 3399 3907 3462 domina.

2190 3490 2328 3562 quia
2357 3489 2776 3562 benignissima
2800 3505 2880 3559 es,
2911 3496 2965 3547 et
2993 3505 3154 3547 amas
3181 3505 3286 3548 nos
3313 3505 3506 3548 amore
3545 3488 3906 3558 invincibili,

2191 3597 2334 3654 quos
2364 3581 2423 3638 iu
2455 3589 2504 3638 te
2533 3589 2588 3638 et
2628 3597 2725 3653 per
2758 3587 2808 3637 te
2851 3580 3033 3639 Filius
3069 3589 3202 3639 tuus
3233 3589 3286 3638 et
3313 3581 3466 3639 Deus
3500 3586 3638 3638 tuus
3669 3593 3912 3637 summa

2191 3671 2498 3730 dilectione
2542 3670 2770 3729 dilexit.
2803 3669 2942 3739 Quis
2987 3671 3092 3728 scit
3138 3670 3361 3746 quoties
3398 3669 3708 3742 refrigeras
3759 3669 3909 3726 iram

2189 3761 2448 3831 Judicis,
2507 3777 2642 3819 cum
2685 3761 2948 3834 justitiaa,
2977 3762 3160 3820 virtus
3209 3779 3244 3820 a
3305 3761 3614 3836 praesentia
3674 3759 3910 3818 deitatis

2191 3850 2486 3924 egreditur
2503 3860 2526 3908 ?

2265 3963 2292 3993 ει
2323 3942 2649 4010 Revertere,
2683 3961 2710 3993 »
2748 3946 2964 4013 quarto
3011 3956 3128 4013 per—
3156 3939 3636 4014 singularitatem.
3664 3938 3735 3997 In
3783 3951 3908 3994 ma-

400 4045 534 4087 nem
588 4027 858 4101 pervigili
909 4027 1298 4087 sollicitudine
1356 4036 1754 4087 servaverunt.
1792 4029 1902 4098 Qui
1958 4029 2104 4087 bene
2190 4031 2362 4088 nibus
2401 4029 2515 4088 tuis
2563 4038 2698 4088 sunt
2753 4029 3006 4087 thesauri
3067 4029 3506 4088 miserationum
3562 4027 3823 4095 Domini,
3853 4032 3912 4084 et

403 4120 597 4175 leones
619 4117 918 4184 dicuntur,
941 4123 1168 4190 pr0pter
1197 4117 1449 4189 rugitum
1480 4117 1742 4175 altisonze
1774 4117 1956 4188 vocis;
1991 4118 2105 4176 duo
2188 4115 2306 4174 sola
2353 4116 2531 4174 electa
2574 4131 2654 4185 es,
2683 4115 2778 4173 cui
2825 4115 3006 4187 gratia
3045 4123 3202 4174 tanta
3244 4117 3596 4175 conceditur.
3629 4115 3798 4173 Absit
3843 4121 3910 4172 ut

402 4207 559 4264 enim
597 4205 772 4262 verba
802 4205 1222 4262 nuntiaverunt
1250 4205 1374 4262 orbi
1407 4213 1571 4264 terra)
1597 4205 1790 4278 qualia
1821 4222 1924 4263 nec
1953 4207 2105 4264 dicta
2186 4211 2365 4262 cesset
2398 4219 2604 4261 manus
2645 4210 2761 4272 tua,
2799 4218 2932 4260 cum
2971 4204 3329 4273 occasionem
3368 4220 3597 4278 quaeras
3636 4201 3908 4260 salvandi

401 4301 538 4350 sunt
563 4309 670 4350 nec
699 4292 984 4361 dicentur,
1007 4297 1062 4348 et
1091 4293 1151 4349 in
1179 4308 1430 4366 quorum
1458 4296 1879 4367 comparatione
1907 4295 2104 4353 omnia
2187 4292 2424 4351 miseros
2472 4301 2527 4350 et
2575 4290 3031 4349 misericordiam
3065 4292 3396 4351 eﬂ‘undendi
3425 4294 3437 4350 !
3496 4308 3689 4366 neque
3744 4291 3906 4349 enim

400 4390 561 4440 muta
615 4381 860 4439 debeant
904 4397 1192 4454 apparere.
1226 4405 1251 4432 α
1284 4384 1430 4455 Ave,
1461 4382 1660 4453 Maria,
1688 4385 1869 4457 gratia
1908 4385 2098 4459 plena,
2186 4389 2285 4440 tua
2305 4380 2484 4456 gloria
2515 4380 2823 4450 minuitur,
2857 4380 2955 4440 sed
2983 4388 3248 4454 augetur,
3279 4397 3415 4440 cum
3445 4381 3799 4455 paenitentes
3831 4378 3910 4437 ad

402 4469 690 4528 Dominus
727 4476 911 4528 tecum
941 4475 1090 4539 (Luc.
1119 4477 1179 4540 1),
1218 4495 1238 4521 ιο
1282 4476 1361 4528 ait
1391 4472 1795 4546 archangelus.
1837 4474 2167 4546 Audisnen
2189 4472 2435 4538 veniam,
2464 4469 2757 4543 justiticati
2788 4469 2859 4526 ad
2889 4469 3133 4542 gloriam
3159 4479 3555 4529 assumuntur.
3594 4470 3910 4528 Revertere

399 4560 460 4618 in
538 4561 647 4618 hoc
697 4560 898 4619 verbo
970 4561 1426 4619 incarnationem
1474 4527 2340 4637 Dei,oredemptionemDergo,
2377 4558 2719 4630 Sunamitis,
2753 4558 2809 4616 id
2837 4567 2940 4627 est,
2973 4558 3253 4632 despecta,
3280 4563 3451 4634 cujus
3476 4560 3739 4618 animam
3769 4576 3910 4633 per-

404 4650 732 4720 hominum,
763 4651 1192 4710 reuovationem
1219 4650 1474 4710 mundi?
1509 4674 1534 4704 ‹‹
1576 4652 1643 4709 In
1670 4653 1953 4727 principio
1983 4661 2104 4712 erat
2188 4647 2453 4706 transivit
2489 4647 2718 4719 gladius
2756 4649 2900 4719 (Luc.
2940 4649 3015 4718 Il),
3061 4663 3193 4721 quae
3235 4648 3383 4706 fabri
3421 4665 3575 4707 uxor
3617 4647 3911 4721 appellata

405 4736 660 4796 Verbum
691 4742 872 4806 (Joan.
913 4749 978 4809 ι),
1013 4760 1039 4792 ››
1079 4739 1229 4797 dixit
1262 4740 1635 4813 evangelista.
1676 4743 2105 4802 Animadvertis
2193 4737 2368 4796 fuisti.
2404 4734 2490 4794 Ad
2521 4733 2702 4808 quid?
2728 4733 2801 4792 Ut
2832 4735 3162 4794 intueamur
3203 4746 3273 4795 te.
3309 4737 3551 4796 Summa
3589 4736 3776 4810 gloria
3816 4744 3911 4794 est

403 4827 497 4886 hic
537 4826 711 4885 Verbi
750 4827 1130 4898 divinitatem,
1165 4829 1433 4888 Ecclesiae
1473 4831 1666 4900 fidem,
1701 4830 2102 4891 haereticorum
2188 4833 2312 4899 post
2341 4824 2524 4882 Deum
2562 4829 2614 4880 te
2659 4822 2874 4894 Videre,
2912 4822 3206 4881 δάίϊὶθΐοτυ
3248 4824 3372 4894 tibi,
3411 4832 3465 4882 et
3504 4825 3563 4882 in
3607 4833 3724 4881 ιιιεὲ
3767 4838 3915 4897 ΡΓο·

402 4915 720 4985 silentium,
755 4917 946 4974 locum
977 4917 1209 4991 quietis,
1240 4926 1520 4976 secretum
1555 4918 1904 4989 solitudinis,
1931 4921 2102 4979 lumi-
2189 4912 2450 4971 teclinnis
2511 4911 2840 4969 munimine
2889 4912 3197 4972 demorari.
3251 4913 3408 4971 Audi
3469 4929 3591 4972 nos.
3646 4911 3798 4970 Nam
3856 4920 3919 4970 et

405 5004 498 5062 nis
533 5019 830 5074 arcanum,
870 5004 1264 5062 habitaculum
1301 5007 1507 5081 pacis?
1544 5006 1628 5064 Ob
1667 5006 1814 5064 hanc
1852 5008 2105 5066 fortassis
2187 5001 2371 5060 Filius
2403 4998 2552 5057 nihil
2602 5015 2820 5070 negans
2870 5001 3112 5058 honorat
3157 5011 3228 5070 te,
3259 5002 3360 5074 qui
3401 5011 3486 5061 est
3523 5001 3677 5060 Deus
3727 5002 3916 5059 bene-

399 5107 633 5150 causam
675 5092 898 5151 vocavit
935 5092 1214 5150 Jacobum
1253 5100 1308 5150 et
1345 5093 1624 5152 Joannem
1671 5093 2014 5168 Boancrgcs,
2045 5095 2102 5154 id
2184 5091 2370 5149 dictus
2395 5089 2456 5146 in
2488 5088 2700 5148 saecula
2730 5090 3096 5149 saaculorum.
3129 5091 3334 5149 Amen.

399 5189 503 5251 est,
529 5181 676 5239 ﬁlios
710 5180 944 5239 tonitrui
982 5183 1172 5253 (Marc.
1207 5184 1290 5253 Χ).
2799 5194 3045 5256 SERMO
3101 5197 3277 5256 XLV.

471 5288 499 5320 (ί
540 5269 665 5326 Non
697 5276 781 5326 εει
812 5270 1026 5328 factum
1049 5269 1242 5328 Simile
1263 5285 1405 5342 0an
1424 5271 1485 5327 in
1519 5270 1807 5329 nnit’el‘SiS
1834 5273 2044 5345 regnis-
2078 5295 2104 5322 υ
2161 5301 2252 5346 ίιι.
2330 5299 2390 5344 IN
2465 5297 2824 5345 NATIVITA'I‘E
2901 5298 3270 5345 BEATISSIME
3334 5298 3599 5346 vmerms
3669 5299 3916 5346 nam.

409 5356 569 5413 Nihil
617 5358 827 5427 verius,
864 5357 1011 5416 nihil
1057 5359 1387 5428 sublimius,
1423 5358 1573 5416 nihil
1616 5359 1847 5418 dulcius
1885 5359 2110 5420 miseras
2885 5359 3009 5428 (vut
3040 5369 3217 5427 SEP’I‘.l

411 5444 742 5504 mortalitati
765 5453 823 5503 et
849 5445 1365 5505 mortalimiserize.
1391 5446 1536 5504 Nam
1562 5447 1668 5505 etsi
1699 5447 1880 5506 multa
1902 5464 2112 5523 magna
2265 5447 2593 5507 Nativitatis
2652 5447 3000 5506 beatissima
3050 5455 3105 5506 et
3173 5449 3533 5509 intemerata
3593 5450 3921 5511 Genitricis

467 5633 604 5697 (114)
634 5633 756 5686 Vide
776 5633 1005 5690 Surium,
1039 5638 1166 5684 tom.
1190 5633 1226 5683 l.
1255 5632 1324 5684 De
1347 5637 1564 5690 sanctis.
1592 5633 1660 5686 ad
1690 5637 1832 5688 diem
1858 5637 1888 5688 4
1916 5637 2071 5689 Febr.
