4064 6208
247 341 352 398 741

1779 341 2027 404 SERMO
2072 342 2246 400 XLV.

3667 347 3770 405 742

248 464 369 533 Dei,
420 466 622 521 fratres
663 461 1013 534 charissimi,
1071 467 1270 524 merito
1320 465 1680 542 prtecipuum
1729 477 1784 526 et
1841 471 2027 532 εἰη-Α
2052 484 2152 542 pro
2193 465 2378 537 nobis,
2411 469 2472 525 in
2504 483 2617 541 quo
2661 467 2916 528 Verbum
2955 484 3084 528 caro
3118 471 3327 529 factum
3361 480 3470 548 est,
3505 480 3561 530 et
3599 475 3766 532 habi-

243 553 443 626 gulare
475 551 690 624 praebet
730 551 1068 610 hominibus
1114 553 1420 626 gaudium,
1473 571 1608 630 quae
1655 557 1829 616 totius
1859 575 1963 615 ex-

246 642 389 699 stitit
430 641 709 698 humante
745 638 948 698 salutis
988 642 1315 701 exordium.
1362 642 1525 702 Sicut
1569 646 1726 704 enim
1776 647 1964 705 omni-

247 736 449 804 potens
501 729 676 799 Deus,
737 729 1019 788 ineffabili
1098 733 1478 804 providentiae
1547 750 1672 794 suze
1726 735 1965 807 intuitu,

244 827 558 892 antequam
617 819 794 876 homo
839 819 1018 891 fieret,
1079 817 1226 901 22:1
1281 822 1581 881 hominem
1641 825 1968 897 periturum

247 907 526 966 diabolica
579 907 1010 966 machinatione
1048 909 1336 982 prtevidit,
1384 910 1479 968 sed
1529 912 1702 970 etiam
1744 913 1968 971 redem-

246 998 463 1073 ptionis
493 998 768 1056 humanae
801 998 1112 1057 consilium
1146 1007 1279 1058 ante
1316 1001 1526 1060 szecula
1561 1001 1618 1058 in
1667 1003 1970 1062 immensce

247 1085 475 1158 pietatis
519 1100 641 1142 sum
675 1084 992 1144 visceribus
1031 1086 1260 1145 habuit.
1304 1088 1370 1145 Et
1406 1105 1519 1147 non
1554 1089 1744 1148 solum
1777 1091 1969 1166 quali-

249 1182 338 1234 ter
367 1174 693 1244 redimeret,
737 1175 972 1234 modum
1013 1182 1067 1234 et
1105 1176 1370 1235 ordinem
1419 1179 1478 1235 in
1520 1179 1970 1252 protundissima

247 1262 551 1335 sapientiae
629 1278 751 1320 suae
827 1263 1044 1321 ratione
1123 1265 1442 1335 constituit,
1523 1282 1722 1325 verum
1797 1269 1966 1326 etiam

251 1351 491 1424 quando
529 1350 855 1420 redimeret,
900 1360 1118 1410 certum
1157 1354 1430 1427 temporis
1466 1355 1778 1414 articulum
1822 1372 1969 1430 prte-

251 1441 466 1500 ﬁnivit.
520 1439 682 1500 Sicut
724 1457 858 1515 ergo
901 1442 1252 1517 impossibile
1299 1452 1418 1502 erat
1468 1453 1528 1503 ut
1578 1446 1818 1504 humani
1868 1463 1968 1519 ge-

252 1529 408 1589 neris
458 1530 779 1604 redemptio
822 1529 1003 1601 ﬁeret,
1047 1530 1163 1589 nisi
1218 1531 1319 1588 Dei
1373 1532 1556 1590 Filius
1599 1535 1669 1590 de
1729 1534 1971 1608 Virgine

251 1627 617 1690 nasceretur;
665 1620 741 1676 ita
780 1620 953 1678 etiam
1007 1620 1393 1678 necessarium
1437 1621 1618 1679 fuerat
1661 1629 1723 1681 ut
1771 1622 1968 1696 Virgo,

2049 557 2187 615 tavit
2232 557 2293 615 in
2343 557 2511 616 nobis
2538 560 2712 629 (Joan.
2755 563 2813 630 I).
2851 557 2931 617 De
2973 560 3074 618 illo
3116 561 3350 636 quippe,
3400 563 3640 638 antiquo
3687 566 3768 624 vi-

2047 647 2253 706 delicet
2303 647 2534 721 templo,
2589 649 2870 721 scriptum
2922 657 3006 708 est
3041 671 3052 708 :
3093 672 3119 704 ‹‹
3165 652 3398 711 Factum
3458 659 3561 725 est,
3630 670 3766 714 cum

2047 735 2301 794 exissent
2345 736 2662 795 sacerdotes
2702 737 2772 794 de
2823 739 3167 807 sanctuario,
3232 740 3492 814 implevit
3548 743 3767 802 nebula

2047 821 2284 881 domum
2343 824 2596 890 Domini,
2654 831 2708 882 et
2750 840 2864 882 non
2927 832 3187 897 poterant
3249 829 3565 887 sacerdotes
3619 836 3768 889 stare

2049 925 2220 982 prope
2247 917 2476 984 propter
2511 911 2801 971 nebulam.
2839 913 3182 986 Impleverat
3205 916 3362 973 enim
3391 916 3633 988 gloriam
3661 918 3768 977 Do-

2052 995 2194 1054 mini
2229 997 2470 1056 domum
2505 999 2734 1057 Domini
2778 1004 2882 1068 (III
2918 1004 3046 1070 Reg.
3084 1007 3169 1070 Χ).

2119 1086 2260 1155 Quze
2281 1089 2497 1157 omnia,
2514 1089 2662 1146 sicut
2681 1089 2950 1162 egregius
2967 1091 3306 1163 przedicator
3326 1092 3482 1162 dicit,
3497 1093 3559 1150 in
3578 1095 3765 1167 figura

2050 1177 2459 1249 contingebant
2503 1176 2618 1235 illis
2670 1183 2721 1246 (Ι
2771 1181 2885 1236 Cor.
2931 1183 3016 1249 X).
3059 1179 3252 1239 Gloria
3281 1181 3493 1256 quippe
3532 1178 3765 1241 Domini

2051 1261 2194 1319 225
2249 1265 2599 1340 intelligitur
2659 1268 2941 1339 Christus,
2995 1269 3163 1343 cujus
3218 1269 3331 1329 fide
3386 1273 3635 1344 repletus
3684 1276 3770 1330 est

2052 1352 2326 1411 mundus.
2367 1353 2445 1412 De
2483 1371 2599 1429 qua
2639 1355 2821 1425 gloria
2866 1373 2997 1415 cum
3040 1374 3141 1431 pro
3180 1374 3246 1416 eo
3297 1358 3530 1418 adorato
3579 1361 3761 1419 vitulo

2049 1439 2451 1512 deprecaretur
2491 1441 2805 1500 Dominum
2846 1443 3088 1528 Moyses,
3136 1452 3202 1501 ut
3246 1454 3497 1517 parceret
3548 1446 3759 1520 populo

2052 1528 2346 1599 peccaturi,
2398 1531 2692 1603 respondit
2744 1531 3076 1590 Dominus:
3124 1557 3146 1582 σι
3187 1533 3476 1606 Propitius
3524 1552 3622 1594 ero
3670 1536 3759 1594 illi

2053 1621 2238 1686 (Num.
2271 1624 2422 1687 XIV).
2459 1646 2483 1667 »ι
2522 1619 2929 1678 Verumtamen
2962 1621 3097 1679 vivo
3127 1637 3250 1695 ego,
3283 1630 3337 1680 et
3374 1624 3520 1682 vivit
3550 1642 3763 1685 nomen

251 1724 324 1766 ex
378 1725 496 1781 qua
553 1708 805 1767 Verbum
851 1724 981 1767 caro
1031 1709 1211 1782 fieret,
1273 1719 1621 1770 nasceretur.
1668 1712 1971 1786 Oportebat
2051 1710 3759 1788 meum,quia«implebiturgloriameaomnisterra(lb.).»

250 1796 467 1870 quippe
515 1797 674 1870 prius
709 1797 985 1855 aedificari
1011 1795 1270 1867 domum,
1309 1799 1364 1855 in
1398 1814 1574 1872 quam
1616 1799 1966 1860 descendens
1988 1795 2123 1876 BEt
2161 1796 2497 1857 Psalmista:
2531 1824 2550 1849 ι
2580 1800 3170 1875 Implebitur,inquit,
3207 1802 3389 1875 gloria
3415 1806 3542 1879 ejus
3569 1807 3759 1865 omnis

250 1883 502 1942 celestis
558 1885 685 1942 Rex
741 1885 949 1944 habere
1001 1886 1338 1958 dignaretur
1391 1888 1757 1962 hospitium:
1807 1891 1966 1950 illam

2126 1902 2196 1942 'ra
2251 1889 2417 1956 (Psal.
2470 1891 2653 1960 LXXI).
2703 1914 2727 1938 η
2788 1889 2948 1959 Quod
2994 1897 3187 1948 autem
3232 1892 3445 1952 nebula
3503 1895 3764 1968 implevit

254 1971 540 2042 videlicet,
595 1974 665 2031 de
728 1991 840 2048 qua
898 1991 998 2049 per
1051 1974 1420 2034 Salomonem
1477 1978 1744 2037 dicitur:
1794 2003 1820 2032 «
1863 1979 1966 2040 Sa-
2046 1979 2283 2038 domum
2352 1983 2476 2055 Dei,
2543 1992 2598 2043 et
2682 2001 2795 2043 non
2878 1988 3139 2058 poterant
3215 1985 3531 2042 sacerdotes
3583 1982 3764 2041 mini-

250 2063 466 2136 pientia
535 2064 844 2124 aedificavit
898 2065 1006 2123 sibi
1077 2066 1336 2136 domum,
1395 2069 1609 2126 excidit
1667 2071 1968 2131 columnas

250 2160 468 2227 septem
503 2158 684 2223 (Prov.
718 2159 824 2226 Ix).
861 2178 886 2207 »
941 2155 1166 2230 Septem
1219 2174 1470 2232 namque
1510 2161 1811 2234 virginalis
1847 2164 1969 2222 haec

251 2243 459 2300 domus
513 2242 752 2301 suffulta
797 2243 1086 2302 columnis
1135 2245 1376 2316 exstitit,
1435 2249 1572 2320 quia
1625 2249 1969 2308 venerabilis

252 2329 432 2390 Mater
467 2331 701 2390 Domini
738 2339 952 2405 septem
1003 2334 1184 2391 sancti
1231 2333 1482 2407 Spiritus
1529 2334 1714 2406 donis,
1760 2337 1817 2394 id
1862 2344 1965 2410 est,

251 2419 572 2492 sapientiae,
641 2427 696 2478 et
750 2419 1107 2492 intellectus;
1168 2419 1418 2491 consilii,
1467 2430 1520 2479 et
1581 2424 1965 2497 fortitudinis;

252 2508 530 2579 scientiae,
590 2518 644 2568 et
694 2511 941 2584 pietatis,
999 2518 1172 2585 atque
1231 2513 1454 2570 timoris
1530 2513 1629 2571 Dei
1684 2520 1814 2583 (Isa.
1878 2522 1966 2587 x1)

253 2600 441 2658 dotata
503 2601 626 2659 fuit.
686 2600 870 2670 Quam
929 2601 1137 2676 utique
1189 2608 1404 2660 zeterna
1459 2602 1774 2677 Sapientia,
1835 2622 1968 2679 quze

252 2692 486 2766 attingit
521 2709 554 2750 a
595 2693 709 2751 line
753 2710 937 2768 usque
976 2693 1046 2751 ad
1096 2693 1274 2751 finem
1312 2694 1552 2765 fortiter,
1604 2705 1658 2753 et
1716 2696 1969 2770 disponit

253 2779 453 2837 omnia
522 2780 778 2838 suaviter
822 2782 971 2852 (Sap.
1029 2783 1173 2852 Vill),
1226 2780 1393 2839 talem
1453 2784 1782 2841 construxit
1835 2802 1967 2858 qute

252 2866 429 2941 digna
477 2868 638 2927 ﬁeret
683 2869 853 2927 illum
904 2870 1215 2943 suScipere,
1258 2876 1313 2928 et
1349 2871 1420 2928 de
1449 2871 1805 2931 intemerata:
1841 2892 1966 2933 car-

252 2956 346 3014 nis
395 2972 518 3016 suee
570 2957 903 3017 visceribus.
945 2973 1258 3032 procreare.
1333 2959 1572 3018 Necesse
1634 2970 1753 3020 erat
1808 2964 1968 3036 prius

253 3047 400 3121 erigi
444 3048 784 3121 thalamum,
825 3051 922 3126 qui
979 3051 1307 3109 venientem
1349 3052 1418 3109 ad
1470 3055 1702 3126 nuptias
1755 3061 1968 3112 sanctae

2049 2077 2226 2130 strare
2294 2080 2523 2148 propter
2593 2074 2907 2143 nebulam;
2984 2090 3050 2131 ea
3132 2073 3416 2132 sententia
3491 2073 3768 2147 superbos

2047 2161 2385 2222 Jndzeorum
2429 2165 2727 2237 pontifices
2751 2181 2816 2222 ac
2847 2166 3104 2223 doctores
3141 2165 3421 2234 insinuat,
3461 2164 3580 2237 qui,
3625 2164 3768 2222 dum

2050 2247 2467 2309 Incarnationis
2509 2251 2721 2310 Christi
2782 2259 3136 2310 sacramenta
3187 2250 3534 2324 investigare
3572 2252 3766 2326 despi-

2049 2337 2229 2407 ciunt,
2261 2337 2523 2397 debitum
2556 2340 2688 2398 fidei
2724 2356 2847 2398 sum
2880 2339 3267 2398 ministerium
3290 2355 3393 2413 per
3420 2340 3630 2398 erroris
3659 2356 3764 2398 ne—

2050 2425 2245 2484 bulam
2292 2429 2563 2501 perdunt.
2603 2429 2686 2486 Ita
2716 2429 2875 2486 enim
2908 2444 3108 2487 eorum
3149 2436 3372 2487 mentes
3405 2429 3766 2488 infidelitatis

2049 2514 2229 2589 caligo
2259 2517 2521 2590 replevit,
2556 2524 2639 2586 ut,
2683 2518 2930 2591 propriis
2970 2518 3344 2590 exigentibus
3373 2519 3607 2587 meritis,
3645 2533 3765 2577 non

2049 2612 2316 2676 agnoscat
2345 2605 2568 2664 cultum
2609 2606 2980 2664 credulitatis.
3022 2607 3113 2664 Ad
3144 2605 3289 2664 illud
3319 2622 3454 2680 ergo
3485 2607 3765 2678 templum

2051 2693 2333 2751 Dominus
2361 2693 2421 2751 in
2458 2693 2672 2752 nebula
2703 2693 3014 2764 descendit,
3045 2700 3110 2752 ut
3151 2709 3362 2752 caecam
3389 2693 3646 2752 Judaicze
3671 2694 3769 2751 in-

2051 2782 2340 2840 fidelitatis
2388 2782 2700 2856 caliginem
2747 2784 3096 2856 designaret,
3137 2784 3198 2840 in
3238 2784 3366 2854 hoc,
3421 2784 3569 2841 sicut
3618 2783 3763 2842 scri-

2049 2877 2231 2944 ptum.
2263 2873 2325 2929 in
2344 2872 2461 2930 sole
2484 2875 2674 2946 posuit
2700 2873 3147 2931 tabernaculum
3166 2887 3337 2930 suum
3367 2876 3536 2940 (Psal.
3567 2876 3762 2944 XVIII),

2049 2966 2112 3018 ut
2166 2961 2424 3020 sedentes
2469 2963 2527 3019 in
2583 2964 2834 3021 tenebris
2874 2972 2931 3022 et
2970 2965 3180 3021 umbra
3219 2965 3418 3022 mortis
3456 2963 3766 3022 illumina-

2053 3055 2152 3106 ret.
2213 3049 2304 3107 Illi
2353 3049 2605 3124 denique
2643 3052 2855 3124 templo
2895 3052 3048 3110 Deus
3101 3052 3469 3125 omnipotens
3519 3053 3765 3124 gloriam

255 3138 526 3198 Ecclesiae
574 3142 886 3215 susciperet
923 3142 1238 3216 Sponsum,
1287 3144 1378 3201 cui
1427 3144 1625 3214 David,
1666 3135 2287 3234 exsultanscflnidem
2317 3136 2407 3194 SUi
2436 3136 2718 3234 atii/emus
2733 3137 3012 3234 _00m_l11_it,
3046 3138 3142 3194 59d
3168 3137 3418 3234 nihil}?
3463 3140 3626 3234 e_O_i“
3661 3155 3764 3198 sua

251 3230 315 3285 in
359 3230 592 3302 spiritu,
637 3230 1077 3304 epithalamium
1123 3231 1295 3300 canit,
1337 3232 1629 3290 dicens:«
1662 3234 1968 3307 Tanquam

251 3333 501 3392 sponsus
541 3319 825 3380 Dominus
860 3322 1175 3394 procedens
1222 3322 1293 3379 de
1339 3323 1592 3381 thalamo
1635 3339 1744 3382 suo
1799 3329 1968 3395 (Psal-

253 3413 442 3481 xvm).
479 3434 506 3457 ι»

328 3498 533 3558 Merito
574 3515 707 3574 ergo
747 3501 916 3559 hodie
969 3503 1218 3576 profusis
1269 3505 1502 3577 gaudiis
1556 3510 1705 3562 totus
1756 3503 1972 3577 ubique

257 3595 544 3647 terrarum
579 3590 735 3648 orbis
764 3591 1035 3661 exsultat,
1067 3592 1272 3651 merito
1312 3594 1584 3652 universa
1639 3600 1834 3651 sancta
1863 3593 1970 3651 Ec-

255 3676 457 3748 clesia,
521 3687 792 3736 nascente
843 3679 1050 3754 Sponsi
1101 3681 1192 3739 sui
1243 3682 1550 3751 Genitrice,
1610 3687 1676 3739 ut
1731 3683 1809 3740 ita
1856 3698 1972 3756 prie

247 3766 462 3839 gaudio
489 3767 762 3834 dixerim,
806 3768 1127 3827 fescennini
1168 3770 1444 3828 carminis
1474 3769 1674 3829 laudes
1703 3770 1967 3830 alternat.

250 3853 632 3913 Exsultemus
687 3855 866 3929 igitur
907 3856 964 3914 in
1019 3858 1124 3915 hac
1170 3859 1286 3928 die,
1341 3859 1687 3926 charissimi,
1736 3859 1793 3916 in
1856 3875 1972 3933 qua

249 3945 392 4003 dum
435 3945 788 4004 beatissima:
827 3962 1174 4006 veneramur
1195 3947 1454 4020 Virginis
1487 3956 1699 4018 ortum,
1735 3956 1968 4008 cun-cta-

247 4049 383 4092 rum
414 4034 589 4091 etiam
621 4033 767 4092 Novi
805 4034 1158 4094 Testamenti
1200 4036 1580 4096 festivitatum
1609 4037 1973 4096 celebramus

249 4120 510 4179 initium.
562 4122 958 4191 Exsultemus,
1007 4125 1268 4199 inquam,
1312 4126 1370 4183 in
1405 4126 1508 4184 hac
1533 4125 1625 4182 die
1660 4125 1970 4198 praecipua,

246 4219 302 4267 et
351 4210 482 4269 totis
536 4211 854 4271 visceribus
917 4213 975 4270 in
1026 4213 1274 4271 Domino
1320 4211 1708 4271 delectemur:
1742 4211 1801 4269 in
1856 4227 1972 4284 qua

245 4299 390 4357 dum
420 4299 821 4373 Redemptoris
855 4302 1037 4360 nostri
1071 4302 1379 4360 recolimus
1423 4301 1684 4371 Matrem,
1716 4300 1971 4375 reliqua-

248 4404 386 4447 rum
437 4389 817 4448 festivitatum
868 4390 1230 4450 celebramus
1269 4392 1575 4464 originem.
1633 4392 1774 4461 Quae
1811 4390 1971 4448 enim

2058 3230 2262 3283 natura
2290 3226 2577 3298 suscepit;
2623 3228 2678 3283 in
2733 3227 3080 3285 beatissima:
3107 3234 3301 3285 autem
3332 3225 3593 3300 Virginis
3637 3236 3763 3287 ute-

2060 3330 2190 3373 rum
2251 3331 2367 3373 non
2425 3315 2610 3374 solum
2659 3317 2928 3389 dignatus
2981 3323 3064 3373 est
3117 3315 3478 3385 descendere,
3539 3319 3636 3374 sed
3691 3333 3766 3375 ex

2059 3421 2126 3464 eo
2172 3405 2340 3462 etiam
2398 3405 2704 3477 perfectam
2761 3404 2872 3462 sibi
2925 3404 3306 3463 substantiam
3360 3411 3570 3463 nostrae
3621 3421 3769 3463 mor-

2060 3495 2292 3554 talitatis
2349 3493 2537 3552 unire.
2595 3492 2819 3562 Quanto
2859 3493 3036 3564 igitur
3088 3491 3267 3551 nostri
3327 3491 3524 3565 templi
3582 3492 3765 3565 major

2058 3593 2142 3644 est
2173 3584 2444 3658 dignitas,
2476 3591 2631 3644 tanto
2656 3585 2958 3658 gloriosior
2991 3586 3116 3657 ejus
3145 3582 3316 3641 debet
3334 3597 3458 3641 esse
3486 3582 3767 3642 solemni-

2061 3682 2163 3734 tas.

2133 3762 2242 3821 Sed
2284 3777 2400 3835 quo
2447 3769 2610 3835 pacto
2657 3763 2782 3836 ejus
2834 3761 3204 3821 festivitatem
3255 3762 3427 3835 digne
3479 3760 3769 3819 celebrare

2058 3853 2208 3909 valet
2277 3850 2587 3908 infirmitas
2655 3849 2991 3919 hominum,
3043 3865 3175 3922 quae
3230 3849 3514 3922 gaudium
3571 3861 3770 3921 parere

2058 3942 2272 4000 meruit
2320 3941 2712 4014 angelorum?
2755 3937 3016 4008 Qualiter
3078 3955 3206 3996 eam
3272 3939 3508 3997 laudare
3563 3937 3770 4011 poterit

2061 4026 2318 4090 mortalis
2357 4029 2612 4087 hominis
2639 4027 3035 4086 transitorium
3069 4027 3334 4098 verbum,
3363 4042 3494 4102 quze
3528 4024 3673 4084 illud
3701 4025 3773 4084 de

2057 4135 2115 4177 se
2140 4117 2379 4193 protulit
2410 4117 2686 4185 Verbum,
2717 4116 2871 4190 quod
2909 4121 3102 4173 manet
3137 4117 3197 4173 in
3249 4111 3580 4173 aeternum?
3624 4112 3767 4182 Qute

2059 4208 2263 4282 lingua
2300 4209 2361 4266 in
2404 4209 2532 4280 ejus
2581 4206 2751 4265 laude
2794 4206 3092 4265 invenitur
3128 4206 3358 4276 idonea,
3411 4221 3544 4281 quae
3593 4205 3766 4264 illum

2055 4298 2260 4368 genuit
2294 4297 2388 4356 cui
2435 4295 2632 4354 omnia
2661 4295 3029 4365 benedicunt,
3072 4301 3128 4352 et
3166 4311 3298 4353 cum
3340 4300 3591 4354 tremore
3630 4296 3770 4353 obe-

2054 4387 2225 4446 diunt
2259 4386 2594 4445 elementa?
2623 4386 2763 4443 Nam
2797 4387 2938 4444 dum
2968 4385 3279 4458 cujuslibet
3307 4385 3579 4458 martyris
3606 4385 3773 4443 fortia

247 4477 478 4536 cunctis
521 4477 986 4538 solemnitatibus
1047 4487 1131 4537 est
1188 4480 1479 4553 antiquior
1537 4491 1808 4553 tempore,
1866 4495 2032 4553 ne-h
2062 4477 2206 4534 facta
2240 4476 2518 4534 extollere
2545 4475 2835 4547 cupimus,
2868 4473 3006 4532 dum
3047 4474 3335 4532 virtutum
3365 4472 3491 4545 ejus
3522 4472 3775 4545 insignia

249 4579 551 4640 quaquam
592 4582 715 4624 esse
754 4567 924 4625 debet
967 4568 1025 4625 in
1041 4567 1211 4625 l'erior
1251 4568 1548 4640 dignitate.
1594 4566 1739 4624 Nam
1777 4568 1825 4624 si
1868 4559 2034 4625 Sa-”
2061 4564 2132 4621 ad
2158 4562 2559 4636 Redemptoris
2592 4561 2767 4619 nostri
2805 4561 3046 4633 gloriam
3078 4561 3505 4634 praedicamus;
3547 4559 3776 4619 etiamsi

253 4649 450 4708 lomon
494 4667 630 4710 cum
677 4653 985 4712 israelitico
1023 4655 1254 4728 populo,
1287 4656 1344 4712 in
1381 4654 1740 4713 dedicatione
1770 4655 1972 4729 templi
2061 4654 2130 4709 ad
2183 4652 2555 4725 cogitandum
2597 4649 2810 4707 tardior
2857 4665 3064 4708 sensus
3102 4651 3396 4724 impediat,
3440 4651 3529 4708 vel
3571 4651 3644 4709 ad
3685 4650 3773 4707 lo-

249 4754 330 4795 ex
363 4740 653 4812 lapidibus
687 4741 836 4807 facti,
881 4747 993 4799 tam
1029 4743 1328 4816 copiosum
1371 4750 1425 4800 et
1465 4743 1839 4815 magniﬁcum
1879 4760 1972 4802 sa-
2061 4740 2364 4816 quendum
2394 4738 2723 4797 balbutiens
2753 4737 2952 4811 lingua
2980 4754 3094 4798 non
3123 4744 3427 4812 suppetat,-
3462 4739 3770 4797 verborum

246 4829 542 4888 criticium
580 4831 913 4889 solemniter
943 4832 1254 4890 celebravit
1293 4835 1390 4904 (III
1423 4836 1554 4902 Reg.
1598 4837 1760 4904 VIII);
1803 4834 1974 4908 quale

247 4922 662 4991 quantumque
691 4919 968 4992 gaudium
1000 4919 1180 4978 beatae
1220 4919 1420 4978 Mariae
1455 4920 1725 4978 nativitas
1760 4921 1975 4996 populo

249 5006 586 5065 Christiano
643 5009 806 5066 debet
875 5009 1098 5079 afferre,
1161 5011 1225 5066 in
1281 5011 1446 5084 cujus
1506 5017 1759 5079 uterum,
1821 5011 1977 5070 velut

251 5110 459 5152 revera
505 5095 960 5155 sacratissimum
1011 5096 1312 5168 templum,
1373 5097 1524 5154 Deus
1564 5097 1684 5171 ipse
1738 5097 1973 5156 descen-

249 5184 423 5252 dens,
451 5190 508 5240 et
537 5183 855 5242 humanam
896 5191 1164 5242 naturam
1199 5199 1274 5240 ex
1303 5200 1369 5242 ea
1400 5185 1705 5257 suscipere,
1747 5193 1803 5244 et
1843 5202 1974 5244 cum

253 5270 601 5330 hominibus
647 5273 920 5347 dignatus
965 5281 1048 5330 est
1098 5271 1405 5330 visnbiliter
1454 5273 1766 5331 habitare?
1823 5274 1979 5332 Licet

253 5359 421 5418 enim
462 5366 520 5419 et
567 5362 622 5419 in
674 5361 816 5420 illud
854 5360 1179 5420 Salomonis
1223 5361 1501 5432 templum
1543 5359 1696 5418 Deus
1742 5361 1978 5418 descen-

255 5448 414 5508 disse
458 5450 778 5510 credendus
823 5451 914 5522 sit,
961 5452 1022 5508 in
1073 5453 1175 5508 hoc
1223 5459 1412 5508 tamen
1461 5450 1788 5508 rationabili
1844 5467 1979 5508 san-

257 5538 511 5608 ctuario,
544 5538 651 5597 hoc
675 5545 780 5610 est,
814 5538 873 5596 in
909 5538 1263 5597 beatissimze
1294 5538 1554 5611 Virginis
1578 5543 1763 5610 utero,
1798 5539 1981 5597 multo

257 5626 602 5686 mirabilius
649 5627 956 5702 multoque
1014 5627 1244 5687 felicius
1296 5626 1568 5702 dignatus
1615 5633 1702 5686 est
1751 5643 1983 5689 manere

2065 4839 2254 4888 tamen
2286 4827 2505 4901 c0piam
2547 4826 2726 4900 ipsius
2777 4827 2858 4883 rei
2889 4827 3126 4885 materia
3155 4827 3576 4885 subministrat.
3624 4826 3773 4885 Cum

2066 4932 2202 4976 vero
2234 4916 2582 4974 beatissimee
2611 4914 2917 4974 Genitricis
2955 4915 3054 4974 Dei
3097 4914 3296 4975 laudes
3323 4915 3572 4974 scribere
3598 4913 3769 4972 volu-

2066 5022 2218 5077 mus,
2274 5007 2414 5079 quia
2487 5020 2634 5063 nova
2681 5012 2736 5061 et
2792 5005 3049 5062 inaudita
3103 5013 3239 5062 sunt
3297 5020 3429 5079 quae
3488 5001 3778 5061 tractanda

2066 5096 2437 5170 suscipimus,
2490 5095 2653 5152 nulla
2696 5094 3032 5153 invenimus
3071 5095 3244 5152 verba
3281 5093 3493 5167 quibus
3530 5094 3600 5150 ad
3651 5092 3775 5150 htec

2066 5185 2236 5258 digne
2287 5183 2668 5257 exprimenda
2717 5182 2979 5240 sufficere
3027 5182 3343 5242 valeamus.
3396 5181 3572 5241 Tollit
3613 5182 3776 5241 enim

2069 5275 2397 5334 facultatem
2451 5272 2730 5331 sermonis
2774 5272 3006 5330 materia
3051 5272 3387 5345 singularis.
3444 5271 3586 5342 Quae
3619 5272 3776 5330 enim

2073 5364 2268 5438 lingua
2299 5361 2586 5435 explicare
2612 5359 2877 5418 sufficiat.
2910 5360 3003 5417 vel
3033 5376 3166 5436 quae
3195 5360 3340 5419 ratio
3366 5360 3622 5419 humana
3652 5376 3767 5419 non

2070 5455 2450 5526 Obstupescat,
2528 5466 2661 5508 cum
2737 5451 2984 5522 cogitare
3053 5452 3289 5525 cteperit
3354 5452 3495 5526 quia
3545 5452 3776 5511 Greater

2070 5542 2254 5600 oritur
2301 5556 2376 5598 ex
2430 5545 2712 5608 creatura,
2755 5538 2930 5597 factor
2969 5539 3032 5596 fit
3069 5555 3142 5597 ex
3194 5541 3460 5600 factura?
3504 5540 3664 5611 Quod
3714 5540 3776 5596 in

2075 5627 2338 5702 virginea
2405 5626 2617 5700 puellae
2671 5627 2846 5710 vulva
2904 5627 3242 5702 concipitur,
3303 5630 3406 5702 qui
3456 5627 3782 5688 vastissima
