4064 6208
366 331 468 390 743

987 330 1044 388 s.
1090 327 1306 389 PETRI
1350 325 1669 387 DAMIANI
1709 325 1865 386 opp.
1909 323 2100 385 PARS
2142 279 2284 384 suo.
2323 324 2573 385 remus
2616 325 2687 384 II.
2727 355 2795 368 -
2837 319 3250 385 SERMONES.

3755 328 3862 386 744

364 455 541 514 totius
592 453 794 512 mundi
836 451 1218 526 amplitudine
1250 467 1365 511 non
1411 451 1680 512 tenetur?
1707 452 1863 511 Iacet
1911 449 2123 509 intraA
2146 463 2332 506 suam.
2375 448 2462 507 Ex
2495 450 2657 508 omni
2701 451 2897 523 itaque
2928 448 3306 508 multitudine
3334 451 3637 511 nationum
3669 468 3857 510 unum

360 550 618 603 materna
660 543 878 602 viscera
919 542 1217 617 parvulus,
1264 543 1364 617 qui
1401 559 1534 602 cum
1575 549 1865 629 coaeterno‘
1906 542 2068 600 Patre

366 649 559 693 rerum
606 633 870 691 omnium
917 632 1050 706 jura
1096 631 1379 704 gubernat
1429 631 1793 692 immensus?
1825 631 1868 691 Ο
1908 631 2069 689 beata

365 725 562 794 ubera,
594 739 725 798 quae
759 723 901 780 dum
943 728 1113 781 tenue
1158 722 1244 779 lac
1293 723 1618 796 puerilibus
1656 722 1827 780 labris
1871 722 2069 779 infun-

360 814 523 884 dunt,
565 813 905 886 angelorum
938 813 1132 872 cibum
1168 817 1223 872 et
1256 813 1556 871 hominum
1603 815 1877 886 pascunt!
1923 811 2061 870 Exiv

356 917 541 974 guunt
568 901 907 974 exprimunt
937 900 1242 974 liquorem,
1274 909 1328 957 et
1360 901 1564 958 mundi
1599 900 1865 958 reficiunt
1895 899 2081 957 Crea-~

357 993 560 1047 torem.
601 987 711 1057 Qui
759 1004 879 1046 suae
918 990 1147 1048 virtutis
1197 988 1440 1062 imperio
1489 990 1737 1047 marium
1786 987 2070 1060 procellas

359 1077 604 1150 mitigat,
672 1077 774 1150 qui
854 1077 1195 1136 fluminibus
1247 1078 1705 1136 -indeﬁcientem
1781 1091 2067 1150 aquarum

360 1166 643 1239 impetum
701 1165 1140 1236 subministrat,
1196 1166 1298 1240 qui
1351 1167 1572 1224 aridam
1623 1171 1828 1224 terram
1893 1166 2070 1222 innu-

362 1257 537 1315 meris
594 1257 814 1332 ubique
873 1259 1130 1317 fontibus
1181 1258 1415 1331 irrigat,
1478 1274 1632 1316 raras
1691 1257 1762 1314 de
1810 1255 2071 1328 virgineo

360 1352 584 1418 pectore
638 1352 832 1419 guttas
906 1347 1066 1404 lactis
1123 1353 1430 1419 exspectat.
1494 1345 1688 1403 Manat
1752 1344 1946 1418 liquor
1995 1359 2071 1401 ex

358 1433 639 1492 uberibus
689 1433 967 1508 Virginis,
1011 1442 1068 1493 et
1125 1435 1188 1492 in
1263 1449 1493 1492 carnem
1554 1434 1798 1492 vertitur
1871 1425 2070 1492 Salva-

358 1525 516 1583 toris.

441 1611 584 1669 226
613 1615 742 1684 Hic,
792 1615 1152 1675 dilectissimi
1202 1616 1404 1674 fratres
1448 1615 1581 1686 mei,
1619 1614 1711 1672 hic
1753 1628 1908 1685 rogo,
1941 1627 2072 1686 per-

361 1705 596 1776 pendite
624 1721 799 1780 quam
852 1706 1138 1764 debitores
1182 1706 1366 1762 simus
1413 1705 1554 1763 huic
1591 1703 1938 1761 beatissima:
1973 1701 2072 1759 Dei

2151 537 2259 595 sibi
2297 537 2486 612 elegit,
2535 537 2912 597 israeliticum
2947 536 3213 596 videlicet
3246 539 3546 612 populum,
3575 540 3672 597 cui
3692 547 3746 596 et
3773 539 3861 598 le-

2149 643 2276 701 gem
2326 628 2502 699 dedit,
2544 635 2600 686 et
2636 627 2919 686 sacrificia
2960 626 3072 684 sibi
3109 626 3470 686 diversorum
3513 627 3858 687 animalium

2149 717 2356 774 offerre
2385 717 2672 791 praacepit.
2722 715 2833 775 Sed
2875 718 2968 774 lex
3000 715 3120 786 illa,
3152 724 3218 775 ut
3250 716 3424 774 homo
3453 732 3552 788 per
3578 731 3706 774 eam
3728 732 3864 790 per-

2149 805 2291 863 fecte
2336 807 2674 876 salvaretur,
2711 820 3079 878 nequaquam
3103 811 3223 863 erat
3242 804 3471 864 idonea.
3514 802 3675 864 Sicut
3705 807 3865 863 enim

2150 910 2250 967 per
2276 894 2520 953 Paulum
2552 895 2762 954 dicitur
2789 914 2801 952 :
2831 919 2855 945 n
2883 894 3043 953 Nihil
3069 894 3139 952 ad
3172 897 3489 968 perfectum
3516 896 3747 954 adducit
3767 897 3868 954 lex

2148 987 2333 1054 (Hebr.
2375 987 2494 1059 v11).
2528 1008 2554 1038 »
2587 985 2735 1056 Quia
2780 984 2937 1044 enim
2984 985 3144 1044 rudis
3192 986 3384 1044 adhuc
3434 985 3535 1043 ille
3595 986 3868 1060 populus,

2151 1073 2462 1147 superbus,
2494 1081 2551 1132 et
2591 1074 2812 1148 rigidus
2841 1081 2982 1144 erat,
3007 1074 3077 1132 ad
3108 1075 3453 1148 portandum
3488 1076 3753 1148 perfectae
3787 1075 3872 1132 le-

2151 1164 2240 1237 gis
2277 1164 2508 1238 jugum,
2560 1165 2844 1224 cervicem
2886 1164 3075 1223 cordis
3119 1165 3428 1224 humiliare
3485 1181 3598 1223 non
3626 1170 3872 1238 poterat.

2152 1252 2234 1311 De
2287 1269 2404 1326 quo
2455 1252 2738 1311 nimirum
2791 1253 3000 1326 populo
3039 1253 3110 1311 ad
3158 1253 3396 1329 Moysen
3448 1253 3733 1313 Dominus
3780 1254 3881 1312 di—

2155 1342 2231 1399 cit
2275 1364 2287 1397 :
2335 1341 2574 1399 «Cerno
2632 1340 2784 1414 quod
2849 1341 3099 1415 populus
3152 1340 3260 1400 iste
3299 1341 3462 1402 duras
3512 1342 3756 1400 cervicis
3806 1341 3886 1398 sit

2157 1433 2358 1500 (Exod.
2416 1437 2640 1501 xxxn).
2670 1451 2696 1483 »
2737 1429 2934 1488 Danda
2966 1446 3104 1505 ergo
3149 1430 3240 1489 illi
3294 1431 3481 1491 fuerat
3533 1430 3881 1505 hujusmodi

2160 1521 2277 1591 lex,
2327 1536 2462 1593 quae
2509 1535 2613 1579 nec
2661 1521 2903 1578 omnino
2949 1536 2984 1578 a
3019 1519 3243 1579 divinis
3285 1519 3580 1594 obsequiis
3622 1518 3883 1578 liberum

2154 1613 2240 1670 ire
2292 1613 2670 1686 permitteret,
2729 1628 2836 1671 nec
2883 1619 3073 1671 tamen
3116 1612 3509 1687 praecipiendo
3553 1627 3786 1671 summa
3819 1621 3884 1669 et

2153 1702 2351 1775 gravia
2401 1701 2731 1760 deterreret.
2785 1699 3077 1760 Sacriﬁcia
3122 1706 3336 1768 autem,
3383 1716 3519 1773 quae
3570 1707 3706 1759 tunc
3749 1701 3890 1758 offe-

363 1792 661 1866 Genitrici,
695 1801 1054 1870 quantasque
1105 1793 1192 1851 illi
1245 1802 1367 1867 post
1418 1793 1598 1851 Deum
1634 1792 1704 1849 de
1748 1796 1939 1848 nostra
1981 1805 2132 1872 re-B
2160 1791 2453 1859 rebantur,
2503 1788 2574 1846 ad
2614 1788 3090 1847 emundatiouem
3129 1788 3330 1846 carnis
3363 1788 3729 1862 aliquatenus
3753 1801 3887 1860 pro-

359 1881 690 1956 demptione
736 1884 946 1956 gratias
1001 1898 1167 1956 agere
1218 1881 1552 1940 debeamus.
1587 1879 1739 1938 Illud
1785 1878 2073 1953 siquidem

355 1986 562 2045 corpus
592 1972 827 2042 Christi,
863 1972 1020 2046 quod
1073 1971 1408 2029 beatissima
1460 1969 1631 2044 Virgo
1667 1969 1892 2042 genuit.
1921 1967 2074 2041 quod

360 2061 423 2119 in
453 2063 675 2134 gremio
706 2061 870 2133 fovit,
906 2061 1061 2136 quod
1095 2061 1157 2118 in
1189 2059 1380 2119 fasciis
1417 2060 1620 2129 cinxit,
1641 2057 1794 2134 quod
1816 2064 2076 2114 materna

361 2161 500 2208 cura
537 2151 785 2210 nutrivit
820 2170 832 2208 :
869 2149 1041 2219 illud,
1070 2149 1332 2224 inquam,
1367 2149 1587 2223 absque
1613 2147 1735 2205 ulla
1761 2146 2074 2213 dubietate,

361 2253 475 2296 non
512 2238 692 2311 aliud,
735 2255 892 2299 nunc
929 2239 1000 2297 de
1048 2254 1208 2297 sacro
1252 2237 1415 2295 altari
1449 2237 1819 2311 percipimus,
1868 2242 1923 2293 et
1953 2235 2077 2307 ejus

359 2327 703 2401 sanguinem
772 2329 834 2386 in
901 2334 1325 2389 sacramentum
1385 2334 1597 2385 nostrae
1666 2325 2076 2399 redemptionis

357 2415 686 2476 haurimus.
721 2417 842 2476 Hoc
893 2417 1174 2476 catholica
1208 2417 1350 2475 fides
1401 2415 1587 2486 habet,
1621 2417 1728 2474 hoc
1758 2421 1950 2472 sancta
1977 2414 2077 2471 Ec-

355 2504 528 2563 clesia
564 2505 807 2564 fideliter
832 2507 1013 2565 docet.

432 2594 644 2655 Nullus
670 2612 776 2669 ego
802 2596 1096 2654 humanus
1121 2609 1313 2654 sermo
1341 2596 1405 2652 in
1431 2594 1602 2653 laude
1629 2593 1754 2667 ejus
1778 2591 2077 2650 invenitur

359 2683 627 2753 idoneus,
656 2683 727 2741 de
753 2699 868 2757 qua
900 2684 1181 2742 mediator
1210 2683 1312 2740 Dei
1344 2690 1400 2740 et
1432 2682 1742 2740 hominum
1779 2679 2076 2753 cognosci-

361 2780 458 2832 tur
490 2773 843 2831 incarnatus.
883 2773 1077 2847 Impar
1105 2779 1192 2830 est
1219 2772 1304 2829 illi
1343 2788 1515 2830 omne
1543 2773 1819 2829 humanm
1856 2771 2076 2842 linguas

359 2861 736 2934 praeconium,
768 2876 907 2935 qum
945 2862 1016 2918 de
1055 2861 1418 2919 intemeratae
1455 2859 1644 2918 carnis
1677 2875 1799 2917 sua:
1839 2858 2074 2916 visceri-

357 2951 469 3009 bus
515 2951 710 3010 cibum
749 2951 920 3010 uobis
955 2951 1194 3026 protulit
1243 2951 1572 3008 animarum
1607 2972 1618 3006 :
1650 2948 1820 3007 illum
1865 2948 2076 3006 videli-

357 3046 464 3111 cet,
501 3040 602 3114 qui
651 3041 722 3099 de
768 3040 1073 3114 semetipso
1119 3039 1401 3114 perhibet,
1431 3039 1672 3096 dicens:
1711 3060 1735 3087 α
1778 3037 1898 3109 Ego
1943 3051 2073 3094 sum

2157 1881 2320 1939 desse
2345 1884 2625 1952 poterant,
2671 1879 2741 1936 ad
2783 1880 3199 1940 conferendum
3234 1895 3369 1939 vero
3395 1878 3704 1938 animabus
3731 1873 3885 1932 227

2158 1972 2403 2029 salutem
2460 1969 2724 2029 suﬂicere
2772 1985 2889 2029 non
2937 1969 3230 2042 valebant,
3287 1970 3512 2029 dicente
3563 1967 3878 2042 Apostolo:

2161 2084 2186 2110 α
2223 2061 2284 2119 Si
2336 2061 2490 2119 enim
2549 2059 2792 2133 sanguis
2847 2066 3170 2132 taurorum,
3226 2067 3337 2119 aut
3387 2058 3730 2127 vitulorum,
3771 2065 3884 2116 aut

2157 2151 2303 2209 cinis
2375 2151 2577 2210 vitula)
2647 2167 2934 2224 aspersus,
3009 2152 3347 2226 inquinatos
3416 2151 3732 2210 sanctificat
3800 2149 3882 2206 ad

2157 2241 2630 2300 emundatiouem
2673 2242 2899 2312 carnis;
2954 2250 3170 2317 quanto
3215 2241 3397 2316 magis
3444 2240 3680 2314 sanguis
3708 2239 3875 2297 Chri-

2157 2333 2248 2400 sti,
2303 2333 2404 2406 qui
2457 2346 2559 2405 per
2618 2329 2898 2405 Spiritum
2958 2338 3219 2390 sanctum
3273 2346 3335 2390 se
3386 2329 3594 2388 obtulit
3658 2329 3877 2386 imma-

2156 2420 2412 2480 culatum
2459 2421 2593 2491 Deo,
2643 2419 2987 2480 emundabit
3037 2418 3442 2479 conscientiam
3492 2424 3748 2478 nostram
3797 2419 3875 2477 ad

2157 2508 2532 2568 serviendum
2587 2509 2704 2568 Deo
2753 2506 3079 2567 viventi?»
3113 2510 3296 2575 (Hebr.
3351 2513 3462 2576 1x.)
3513 2505 3654 2566 Cum
3709 2507 3874 2565 enim

2155 2597 2227 2655 ad
2263 2597 2738 2656 emundatiouem
2782 2598 2975 2655 carnis
3013 2597 3290 2655 sacrificia
3328 2596 3429 2654 illa
3467 2595 3736 2670 prodesse
3764 2594 3875 2651 de-

2156 2685 2407 2756 nuntiat,
2439 2686 2839 2759 purgationem
2871 2685 3178 2745 animabus
3211 2686 3469 2744 conferre
3496 2699 3875 2761 nequaquam

2155 2775 2410 2847 potuisse
2446 2773 2727 2848 designat.
2779 2776 2976 2849 Neque
3013 2775 3170 2833 enim
3218 2772 3568 2832 irrationalis
3607 2781 3879 2831 creatura

2155 2861 2226 2918 ad
2284 2862 2755 2921 sanctificandam
2808 2863 3149 2922 rationalem
3209 2879 3334 2922 esse
3384 2868 3600 2937 poterat
3652 2860 3873 2920 valida.

2159 2950 2268 3009 Sed
2325 2967 2430 3008 nec
2485 2951 2594 3024 ipsi
2653 2953 2970 3011 sacerdotes
3021 2952 3375 3014 sanctificare
3429 2949 3709 3025 populum
3767 2965 3876 3024 po-

2157 3047 2359 3113 terant,
2401 3043 2538 3117 quia
2573 3050 2632 3102 et
2671 3044 2782 3118 ipsi
2821 3060 2924 3119 pro
2965 3045 3088 3102 suis
3127 3044 3386 3102 reatibus
3421 3043 3628 3101 offerre
3655 3042 3878 3101 hostias

355 3132 523 3204 panis
567 3131 759 3204 vivus,
794 3133 896 3206 qui
938 3132 1008 3190 de
1055 3131 1200 3190 ccelo
1253 3131 1523 3189 descendi
1558 3148 1569 3187 :
1605 3129 1652 3186 si
1683 3128 1819 3201 quis
1859 3144 1933 3185 ex
1967 3128 2128 3228 hocc
2159 3130 2515 3206 indigebant.
2606 3132 2828 3207 Neque,
2909 3132 3131 3190 delictis
3194 3132 3456 3202 obnoxii,
3525 3130 3874 3189 delictorum

353 3232 502 3290 pane
571 3219 1025 3289 manducavcrit,
1075 3218 1230 3276 vivet
1275 3218 1335 3275 in
1385 3225 1664 3275 aeternum
1699 3219 1871 3288 (Joan.
1906 3218 2008 3284 VI).
2045 3238 2066 3267 ι
2089 3218 2128 3228 “
2157 3219 2426 3278 valebant
2468 3221 2708 3280 vincula
2748 3220 2990 3291 solvere,
3031 3220 3120 3279 vel
3153 3227 3476 3295 peccatores
3514 3226 3874 3293 peccatorem

355 3306 463 3365 Per
495 3308 693 3366 cibum
726 3324 980 3382 namque
1008 3324 1041 3365 a
1070 3307 1321 3382 paradisi
1362 3322 1568 3364 sumus
1610 3305 1940 3363 amrenitate
1969 3305 2070 3362 de-

352 3396 507 3468 jecti,
541 3413 642 3471 per
673 3397 872 3456 cibum
903 3407 1134 3472 quoque
1169 3395 1242 3454 ad
1273 3395 1524 3470 paradisi
1555 3393 1767 3467 gaudia
1805 3394 2070 3467 reparati.

355 3485 567 3546 Cibum
619 3488 867 3546 comedit
909 3489 1047 3557 Eva,
1097 3502 1200 3559 per
1245 3502 1419 3561 quem
1463 3501 1569 3543 nos
1618 3485 1823 3543 aeterni
1862 3483 2071 3558 jejunii

327 3579 508 3634 'fame
558 3578 868 3651 multavit;
906 3579 1103 3637 cibum
1153 3577 1331 3634 Maria
1369 3576 1565 3645 edidit,
1610 3575 1713 3648 qui
1757 3575 1925 3633 nobis
1954 3590 2069 3633 co:-

355 3665 516 3723 Iestis
553 3666 810 3725 convivii
846 3668 1069 3726 aditum
1099 3666 1382 3740 patefecit.
1428 3665 1536 3723 Hic
1573 3664 1770 3734 etiam,
1809 3664 2065 3733 obsecro,

357 3755 718 3815 dilectissimi
755 3756 974 3827 fratres,
1008 3756 1105 3813 hic
1148 3755 1360 3813 lineam
1398 3759 1610 3811 nostra;
1660 3751 2076 3826 redemptionis

357 3841 664 3917 diligenter
692 3845 986 3916 attendite,
1019 3851 1074 3902 et
1100 3861 1278 3919 quam
1317 3843 1468 3901 circa
1507 3859 1612 3901 nos
1649 3843 1867 3900 divinze
1895 3842 2075 3916 pieta-

355 3933 430 3992 tis
485 3935 704 3994 viscera
761 3935 978 3995 fuerint
1057 3937 1311 4005 intenta,
1366 3935 1555 3993 cordis
1604 3941 2071 4016 aurespensate.

353 4022 512 4082 Fecit
565 4024 719 4084 Deus
773 4025 1094 4095 hominem,
1155 4031 1222 4084 ut
1270 4025 1350 4082 ita
1399 4024 1696 4095 dixerim,
1754 4022 2072 4082 mortaliter

359 4113 767 4181 immortalem,
821 4113 1086 4172 videlicet
1144 4120 1209 4171 ut
1259 4114 1306 4170 si
1364 4111 1650 4170 custodire
1702 4111 1871 4169 vellet
1925 4128 2071 4185 pra:-

354 4207 584 4273 ceptum
615 4201 981 4271 obedientiae,
1004 4203 1068 4259 in
1091 4208 1376 4260 aeternum
1408 4204 1656 4272 viveret;
1693 4203 1740 4258 si
1770 4217 1906 4260 vero
1933 4218 2066 4261 con-

357 4293 659 4358 temneret,
694 4291 896 4349 mortis
926 4305 1065 4348 mox
1099 4290 1343 4363 imperio
1382 4289 1716 4362 subjaceret.
1749 4289 1900 4358 Quid
1936 4290 2066 4364 plu-

356 4376 462 4434 ra?
524 4376 785 4436 Peccavit
839 4378 1035 4448 homo,
1082 4375 1310 4435 diabolo
1355 4375 1630 4434 suadente
1679 4378 1834 4445 (Gen.
1876 4384 1981 4450 III),
2014 4387 2070 4438 et

2147 3307 2488 3380 justificare.

2228 3397 2468 3458 Necesse
2499 3415 2634 3474 ergo
2662 3407 2782 3460 erat
2813 3407 2876 3459 ut
2897 3399 3026 3458 talis
3055 3400 3315 3458 sacerdos
3336 3399 3721 3471 inveniretur,
3744 3398 3873 3474 qui,

2153 3485 2294 3545 dum
2324 3487 2385 3544 in
2414 3487 2546 3546 aliis
2583 3496 2947 3563 peccatorum
2996 3489 3192 3547 sordes
3226 3488 3502 3559 ablueret,
3543 3489 3668 3562 ipse
3703 3489 3766 3546 in
3810 3503 3877 3546 se

2153 3575 2513 3636 abluendum
2542 3578 2766 3653 aliquid
2797 3593 2913 3637 non
2939 3578 3209 3647 sentiret;
3239 3584 3294 3636 et
3314 3579 3454 3637 dum
3475 3578 3653 3636 alieni
3677 3584 3875 3636 reatus

2151 3665 2420 3737 contagia
2456 3672 2719 3738 tergeret,
2752 3666 2813 3724 in
2849 3668 3153 3740 semetipso
3176 3667 3436 3742 aliquam
3464 3666 3642 3740 leprae
3669 3681 3873 3725 macu-

2153 3751 2270 3810 lam
2317 3768 2433 3811 non
2476 3753 2728 3811 haberet.
2774 3753 2893 3813 Sed
2928 3753 3264 3828 hujusmodi
3295 3755 3466 3813 homo
3504 3755 3563 3812 in
3609 3755 3872 3814 humano

2151 3859 2360 3916 genere
2396 3843 2654 3900 inveniri
2694 3859 2805 3902 non
2858 3851 3089 3917 poterat,
3125 3843 3264 3917 quia
3297 3844 3704 3918 unusquisque
3736 3859 3870 3902 cum

2153 3930 2436 4003 Propheta
2504 3931 2661 3990 hunc
2722 3931 3085 3990 versiculum
3142 3931 3421 3991 veraciter
3484 3931 3863 3990 demntabat:

2154 4041 2182 4073 «
2215 4021 2357 4079 Ecce
2383 4019 2540 4078 enim
2570 4021 2632 4078 in
2661 4020 3072 4095 iniquitatibus
3095 4027 3402 4096 conceptus
3426 4037 3579 4089 sum,
3609 4019 3757 4080 etin
3779 4021 3872 4078 de-

2152 4109 2304 4168 lictis
2332 4110 2552 4185 peperit
2585 4126 2678 4168 me
2721 4116 2902 4168 mater
2950 4125 3079 4167 mea
3103 4113 3268 4180 (Psal.
3300 4114 3373 4180 1);
3412 4135 3431 4159 ι
3475 4116 3549 4179 et,
3583 4109 3742 4169 sicut
3771 4124 3870 4184 per

2153 4199 2491 4272 Apostolum
2535 4197 2793 4257 dicitur:
2838 4219 2865 4248 α
2897 4197 3117 4256 Omnes
3151 4204 3556 4272 peccaverunt,
3599 4205 3656 4258 et
3701 4205 3868 4272 egent

2151 4290 2333 4363 gloria
2357 4289 2458 4347 Dei
2487 4293 2655 4362 (Rom.
2690 4295 2792 4357 In).
2819 4317 2845 4344 η

2223 4380 2488 4452 Obsecro,
2569 4380 2929 4441 dilectissimi
2981 4383 3184 4442 fratres
3234 4383 3370 4452 mei,
3426 4383 3574 4440 hanc
3636 4388 3863 4452 vestrm,

354 4471 470 4525 tota
523 4467 765 4525 humani
809 4468 1035 4540 generis
1081 4466 1250 4525 arbor
1296 4472 1575 4525 venenata
1616 4472 1700 4526 est
1747 4468 1807 4525 in
1856 4468 2063 4528 radice.
2089 4471 2272 4547 “imo
2313 4479 2524 4530 nostra;
2568 4472 2771 4531 salutis
2809 4474 3112 4533 historiam
3149 4474 3455 4547 diligenter
3481 4472 3785 4541 attendite,
3815 4478 3868 4529 et

355 4554 572 4613 Cecidit
623 4554 833 4615 infelix
879 4564 1039 4632 pater
1097 4573 1198 4631 per
1262 4556 1482 4628 gulam,
1510 4561 1565 4614 et
1617 4556 1890 4615 universa
1941 4525 2429 4631 ejuthumanaa
2486 4562 2922 4620 restaurationis
2975 4525 3476 4620 ordinemnetiam
3537 4561 3594 4619 in
3658 4561 3868 4618 vestris

354 4644 659 4717 progenies
741 4661 837 4703 rea
921 4647 1065 4705 faeta
1145 4652 1231 4704 est
1297 4661 1398 4719 per
1479 4649 1785 4714 naturam,
1842 4646 2066 4707 dicente
2148 4648 2420 4708 cordibus
2445 4648 2726 4709 ordinate.
2767 4650 2951 4709 Corda
2983 4651 3246 4726 vigilent,
3287 4651 3439 4709 oculi
3484 4665 3602 4708 non
3640 4647 3868 4707 dormi-

356 4733 628 4806 Apostolo
661 4755 673 4791 :
716 4753 745 4789 α
773 4735 1018 4796 Eramus
1057 4743 1264 4796 natura
1301 4735 1410 4794 tilii
1439 4735 1560 4805 irae,
1590 4735 1738 4793 sicut
1770 4741 1824 4793 et
1873 4739 2062 4797 czeteri
2149 4745 2288 4798 teut.
2325 4739 2469 4798 Cum
2497 4739 2676 4812 igitur
2708 4741 3052 4820 hujusmodi
3081 4742 3253 4800 homo
3281 4742 3341 4798 in
3368 4741 3629 4800 humano
3651 4754 3868 4813 genere

355 4822 573 4894 (ΕΡῘιεε-
606 4823 681 4895 Ῑ¹)·
716 4846 736 4875 ι
2148 4828 2402 4886 inveniri
2429 4843 2545 4886 non
2575 4837 2784 4902 posset,
2815 4846 2888 4888 ne
2916 4830 2976 4887 in
3010 4837 3236 4902 peccato
3275 4844 3381 4888 suo
3411 4828 3623 4901 periret
3663 4827 3867 4896 homo,

425 4910 631 4971 Factus
661 4918 747 4972 est
778 4914 974 4988 itaque
1006 4914 1191 4972 Adam
1233 4916 1600 4990 fermentum,
1640 4925 1694 4977 et
1731 4920 2060 4978 universam
2147 4915 2378 4974 Creator
2438 4916 2771 4985 hominum,
2826 4917 2897 4974 de
2949 4917 3281 4976 beatissima
3327 4916 3570 4989 Virgine
3625 4927 3868 4972 carnem

350 5001 603 5074 corrupit
635 5001 1073 5060 multitudinem
1103 5003 1391 5074 filiorum;
1427 5006 1564 5081 quia
1598 5007 1736 5065 dum
1764 5007 1862 5065 ille
1886 5007 2059 5080 pesti-

354 5087 474 5146 fero
525 5090 806 5163 serpentis
853 5105 1072 5149 veneno
1121 5092 1387 5165 vitiatur,
1425 5101 1534 5153 tota
1566 5095 1626 5153 in
1667 5095 1768 5154 illo
1816 5097 2061 5155 humani

349 5179 576 5248 generis
629 5193 812 5237 massa
890 5181 1298 5254 corrumpitur.
1359 5181 1524 5240 Unde
1568 5184 1880 5242 irradiante
1938 5185 2057 5258 jam

352 5279 522 5322 novae
557 5268 756 5338 gratim
803 5267 1123 5340 splendore,
1160 5285 1262 5342 per
1305 5271 1603 5345 egregium
1645 5273 1812 5331 nobis
1856 5272 2059 5346 praedi-

349 5360 598 5413 catorem
644 5356 896 5416 dicitur:
942 5378 969 5411 α
998 5357 1330 5433 Expurgate
1379 5368 1543 5420 vetus
1594 5362 1963 5431 fermentum,
1995 5369 2060 5421 ut

354 5438 480 5497 sitis
510 5457 659 5499 nova
705 5445 1033 5518 conspersio
1068 5450 1110 5512 (Ι
1133 5449 1253 5504 Cor.
1281 5448 1356 5520 v).
1399 5471 1420 5499 ι
1451 5448 1563 5508 Sed
1609 5449 1744 5523 pius
1793 5456 1848 5508 et
1883 5450 2056 5509 mise-

359 5528 536 5613 ricors
561 5529 719 5614 Deus‘
737 5532 924 5592 uoluit
951 5534 1286 5595 omnimodo
1312 5537 1494 5611 perire
1514 5543 1842 5597 creaturam
1867 5553 2054 5611 suam,

357 5629 533 5691 quam
584 5617 945 5680 formaverat
993 5622 1065 5680 ad
1140 5623 1453 5698 imaginem
1497 5631 1560 5684 ~e‘t
1608 5627 2054 5686 Similitudiue'm

2146 5020 2423 5084 sumens,
2447 5004 2574 5062 sine
2613 5009 2845 5078 peccato
2886 5007 3071 5064 factus
3108 5013 3192 5064 est
3241 5005 3431 5074 homo,
3466 5005 3598 5062 sine
3627 5011 3870 5078 peccato

2143 5104 2458 5169 conceptus
2486 5097 2545 5154 in
2573 5095 2832 5169 Virginis
2859 5104 3045 5163 utero,
3092 5098 3218 5154 sine
3251 5103 3474 5170 peccato
3502 5103 3585 5154 est
3609 5112 3867 5154 conver-

2143 5193 2299 5244 satus
2336 5186 2400 5243 in
2449 5185 2690 5254 mundo.
2744 5185 2869 5258 Eia,
2927 5187 3149 5252 fratres,
3201 5185 3502 5254 intendite,
3549 5184 3863 5251 intendite,

2143 5275 2403 5347 inquam,
2455 5281 2510 5332 et
2560 5274 2854 5333 ineﬂ‘abile
2913 5275 3324 5350 redemptionis
3379 5282 3590 5333 nostrae
3646 5281 3868 5348 myste-

2142 5361 2295 5420 rium
2337 5362 2650 5435 vigilanter
2689 5362 2904 5421 audite.
2945 5363 3089 5422 Ecce
3137 5365 3257 5437 jam
3296 5362 3577 5432 sacerdos,
3627 5361 3862 5432 fratres,

2141 5451 2304 5509 nulla
2343 5451 2462 5523 ipse
2503 5451 2723 5509 habens
2771 5457 3017 5526 peccata.
3054 5459 3110 5510 et
3144 5451 3357 5510 idcirco
3397 5451 3610 5523 dignus
3656 5456 3711 5508 et
3757 5466 3863 5524 po-

2142 5545 2266 5599 tens
2283 5548 2368 5610 ut,
2387 5540 2739 5600 sacrificium
2761 5539 3028 5611 offerens,
3051 5540 3240 5599 aliena
3263 5540 3574 5599 mundaret
3594 5543 3853 5616 petum.

2126 5627 2241 5685 ‘Ille
2291 5627 2583 5698 videlicet,-
2623 5627 2717 5686 cui
2773 5642 2875 5700 per
2926 5627 3269 5701 Prophetam
3311 5627 3559 5686 dicitur:
3591 5651 3619 5676 κ
3650 5626 3744 5685 Tu
3792 5642 3861 5685 es
