4064 6208
146 322 152 326 ”
225 304 332 363 745

1762 301 2009 363 SERMO
2047 302 2224 364 XLV.

3635 304 3750 366 746

227 421 603 485 sacerdosin
653 428 972 492 aeternum,
1024 424 1344 484 secundum
1390 425 1653 484 ordinem
1704 424 2064 487 Melchi—An
2095 426 2358 486 Christus
2411 441 2616 501 passus
2665 435 2749 484 est
2799 438 2902 499 pro
2954 425 3142 498 nobis,
3196 428 3363 486 vobis
3412 412 3748 503 relinquens

229 515 437 574 sedech
478 514 652 584 (Psal.
694 517 841 582 CIX).
876 539 901 562 »
939 513 1049 573 Sed
1091 514 1237 573 sicut
1276 531 1376 589 per
1411 514 1661 574 Paulum
1695 514 1947 573 dicitur:

231 627 258 653 α
287 603 532 661 Necesse
578 607 666 661 est
717 602 1067 661 sacerdotem
1104 602 1325 677 aliquid
1369 603 1581 662 habere
1621 603 1773 677 quod
1808 602 1949 662 offe-

230 699 318 750 rat
373 693 577 760 (Hebr.
632 694 801 760 VIII).
861 715 884 743 ο
950 692 1409 766 Verumtamen,
1470 694 1620 753 sicut
1683 694 1952 768 superius

231 782 451 841 dictum
477 787 582 853 est,
612 781 972 856 impossibile
1006 790 1128 842 erat
1159 791 1223 844 ut
1249 785 1551 845 brutorum
1586 801 1789 845 carnes
1819 787 1951 844 ani-

231 869 475 929 malium
518 871 940 930 sanctificarent
982 872 1209 930 animas
1249 873 1558 932 hominum
1583 919 1597 946 ,
1630 880 1685 933 et
1731 873 1954 933 irratio-

229 959 380 1017 nalis
451 960 636 1018 hostia
711 960 935 1020 ratione
1008 961 1298 1021 utentium
1375 963 1661 1023 suﬂiceret
1725 962 1954 1023 abolere

230 1057 481 1123 peccata.
524 1050 687 1109 Unde
729 1065 803 1109 ex
830 1068 1078 1126 persona
1114 1051 1250 1110 Filii
1293 1052 1366 1112 ad
1404 1053 1630 1113 Patrem
1658 1072 1760 1130 per
1791 1055 1952 1114 Psal-

230 1138 464 1196 mistam
497 1138 710 1198 dicitur
741 1164 753 1197 :
789 1163 814 1191 σ
846 1138 1208 1200 Sacriﬁcium
1234 1147 1291 1200 et
1316 1143 1664 1202 oblationem
1689 1143 1949 1214 noluisti,

230 1227 570 1286 holocausta
618 1228 791 1287 etiam
843 1245 947 1302 pro
999 1229 1208 1290 delicto
1262 1247 1381 1290 non
1430 1232 1771 1306 postulasti;
1817 1239 1956 1291 tunc

232 1316 361 1375 dixi
395 1337 408 1375 :
443 1317 587 1376 Ecce
625 1319 797 1378 venio
827 1323 994 1392 (Psal.
1029 1325 1269 1393 XXXIX).
1301 1343 1331 1375 »
1365 1320 1670 1397 Oportebat
1706 1337 1844 1396 ergo
1891 1327 1958 1380 ut

232 1405 534 1465 rationalis
567 1407 756 1467 hostia
789 1408 973 1480 ﬁeret,
1014 1426 1145 1485 quae
1188 1417 1513 1470 creaturam
1550 1411 1955 1470 rationabilem

235 1494 516 1569 expiaret.
562 1495 673 1555 Sed
714 1506 974 1571 peccator
1009 1499 1225 1577 aliquis
1268 1502 1465 1572 homo,
1499 1500 1647 1559 sicut
1676 1499 1957 1573 indignus

234 1586 360 1643 erat
396 1589 462 1641 ut
487 1585 840 1645 sacriﬁcium
870 1587 1119 1660 oﬂ‘erret,
1146 1588 1229 1647 sic
1265 1589 1439 1647 etiam
1476 1587 1864 1648 nihilominus
1891 1593 1959 1647 ut

234 1672 363 1745 ipse
414 1673 764 1733 sacriﬁcium
809 1676 991 1734 ﬁeret.
1040 1675 1192 1747 Quid
1235 1678 1416 1752 igitur
1463 1678 1726 1737 sacerdos
1762 1683 1959 1737 noster

2033 505 2398 590 exemplum,
2424 520 2489 573 ut
2518 515 2847 589 sequamini
2885 513 3120 588 vestigia
3164 514 3291 588 ejus
3329 521 3379 586 (Ι
3403 521 3546 577 Petr.
3579 523 3681 589 II);
3720 543 3741 569 ς

2033 608 2088 663 et
2119 603 2333 663 Paulus
2362 629 2374 661 :
2418 627 2440 655 ι
2474 603 2815 674 Imitatores,
2847 602 3058 678 inquit,
3087 604 3191 663 Dei
3226 612 3422 675 estote,
3452 613 3506 664 et
3535 607 3747 665 ambu-

2030 691 2143 751 late
2182 692 2246 750 in
2284 691 2609 763 dilectione,
2651 692 2801 750 sicut
2851 697 2906 750 et
2956 692 3218 751 Christus
3260 694 3467 752 dilexit
3515 711 3639 765 nos,
3693 702 3749 752 et

2034 778 2263 839 tradidit
2294 780 2666 854 semetipsum
2691 795 2796 853 pro
2827 779 2994 838 nobis
3020 780 3394 855 oblationem,
3421 789 3475 840 et
3504 783 3746 844 hostiam

2031 868 2151 928 Deo
2178 870 2239 927 in
2271 870 2506 927 odorem
2542 867 2844 927 suavitatis
2879 871 3100 941 (Ephes.
3140 871 3216 939 ν).
3255 895 3275 920 .

2102 961 2486 1036 Degustemus
2523 974 2657 1034 ergo
2704 974 2881 1031 nunc,
2919 958 3305 1030 dilectissimi,
3345 976 3479 1019 cum
3519 960 3747 1021 Christo

2033 1050 2409 1124 temporalem
2460 1055 2881 1108 momentaneaa
2932 1048 3135 1107 mortis
3182 1050 3649 1122 amaritudinem,
3684 1057 3750 1109 ut

2033 1142 2105 1200 ad
2151 1148 2429 1200 aeternam
2466 1138 2835 1214 postmodum
2881 1139 3318 1198 resurrectionis
3357 1140 3483 1213 ejus
3524 1156 3748 1199 merea-

2032 1251 2169 1294 mur
2220 1233 2522 1308 pervenire
2578 1230 2966 1290 dulcedinem.
3024 1229 3189 1300 Quod
3242 1232 3399 1289 enim
3461 1232 3592 1289 fecit
3644 1247 3748 1304 pro

2034 1323 2224 1395 nobis,
2254 1322 2363 1381 hoc
2405 1322 2581 1380 etiam
2610 1319 2737 1379 ﬁeri
2778 1319 2989 1396 quaerit
3028 1336 3062 1377 a
3093 1319 3277 1389 nobis,
3328 1325 3565 1378 testante
3608 1320 3749 1379 Pro-

2033 1413 2227 1487 pheta,
2257 1411 2359 1485 qui
2414 1410 2493 1468 ait
2526 1428 2540 1466 :
2572 1431 2600 1463 «
2649 1408 2819 1480 Quid,
2860 1409 3093 1482 inquit,
3137 1408 3457 1466 retribuam
3500 1409 3749 1468 Domino

2034 1518 2139 1577 pro
2177 1501 2449 1561 omnibus
2486 1514 2619 1574 quae
2664 1497 2930 1558 retribuit
2966 1496 3162 1556 mihi?
3192 1498 3441 1557 Calicem
3482 1498 3751 1560 salutaris

2036 1591 2336 1667 accipiam,
2371 1594 2428 1647 et
2464 1604 2678 1647 nomen
2720 1586 2949 1647 Domini
2996 1586 3279 1646 invocabo
3322 1585 3493 1655 (Psal.
3526 1594 3687 1655 CXV).
3725 1611 3749 1639 υ

2039 1680 2148 1741 Pro
2192 1686 2387 1739 nostra
2443 1676 2656 1737 etenim
2707 1675 3100 1749 redemptione
3146 1692 3265 1735 non
3309 1692 3520 1736 aurum
3573 1678 3750 1749 dedit,

240 1759 493 1819 faceret?
522 1761 646 1833 Quo
680 1779 742 1823 se
772 1765 1052 1823 verteret?
1088 1764 1251 1835 Quod
1287 1764 1701 1840 redemptionis
1747 1773 2020 1842 nostrae};
2043 1785 2164 1829 non
2201 1772 2509 1842 argentum
2552 1764 2844 1840 appendit,
2884 1779 3002 1824 non
3045 1765 3353 1837 pecuniam
3383 1770 3749 1838 numeravit;

237 1848 554 1909 consilium
582 1851 922 1912 inveniret?
949 1852 1114 1912 Unde
1139 1854 1420 1913 mediator
1441 1855 1544 1913 Dei
1564 1862 1617 1914 et
1644 1855 1956 1914 hominum
2038 1860 2138 1920 sed
2196 1858 2569 1932 semetipsum
2637 1854 2912 1925 tradidit,
2974 1853 3291 1926 pretiosum
3351 1855 3441 1912 sui
3504 1856 3756 1930 corporis

237 1935 580 2011 placationis
616 1940 864 1999 hostiam
891 1948 1164 2015 sumeret,
1194 1958 1310 2017 qua
1339 1958 1540 2017 pacem
1566 1943 1716 2003 inter
1745 1943 1955 2015 Deum,

239 2030 297 2084 et
324 2026 626 2086 hominem
657 2030 992 2089 reformaret
1011 2030 1040 2090 ?
1064 2031 1266 2091 Omnis
1302 2034 1516 2108 quippe
1546 2038 1771 2093 terrena
1798 2050 1958 2093 crea-

240 2123 389 2187 tura,
425 2116 477 2175 si
526 2119 827 2179 rationalis
874 2126 1015 2192 erat,
1061 2123 1277 2196 peccati
1311 2122 1474 2182 virus
1515 2123 1586 2181 de
1636 2123 1813 2197 primi
1855 2140 1957 2198 pa-

238 2207 422 2265 rentis
460 2206 651 2267 radice
695 2214 1091 2281 contraxerat;
1128 2211 1178 2270 si
1214 2210 1586 2281 irrationalis,
1618 2210 1959 2271 rationalem

238 2295 564 2369 justiﬁcare
590 2311 705 2355 non
740 2304 977 2370 poterat.

321 2381 470 2439 228
520 2383 671 2453 Quid
725 2401 859 2461 ergo
908 2388 1120 2448 faceret
1171 2389 1457 2451 mediator
1507 2394 1683 2468 pacis,
1740 2398 1796 2450 et
1840 2391 1963 2466 ipse

240 2470 411 2546 pax?
445 2472 576 2546 Ipse
630 2482 714 2531 est
769 2475 926 2532 enim
979 2492 1096 2551 pax
1140 2485 1353 2549 nostra,
1394 2481 1498 2553 qui
1541 2481 1674 2539 fecit
1716 2487 1964 2554 utraque

240 2577 452 2635 unum,
479 2568 534 2621 et
563 2563 820 2623 medium
858 2565 1134 2639 parietem
1173 2569 1442 2628 maceriae
1472 2569 1724 2641 solvens,
1758 2569 1965 2628 inimi-

240 2652 410 2712 citias
464 2653 529 2711 in
581 2669 753 2712 carne
805 2670 913 2714 sua
961 2677 974 2715 :
1034 2657 1219 2731 legem
1264 2662 1672 2719 mandatorum
1723 2658 1966 2718 decretis

240 2758 554 2814 evacuans,
590 2750 655 2803 ut
701 2742 847 2804 duos
895 2746 1162 2805 conderet
1207 2746 1271 2805 in
1321 2749 1626 2822 semetipso
1677 2749 1738 2806 in
1778 2763 1966 2807 unum

241 2850 469 2894 novum
522 2834 841 2906 hominem,
902 2837 1122 2896 faciens
1176 2854 1414 2914 pacem;
1464 2846 1528 2898 ut
1575 2839 1969 2899 reconciliaret

242 2923 447 2983 ambos
480 2923 542 2982 in
585 2939 705 2982 uno
733 2940 969 2999 corpore
1016 2925 1133 2985 Deo
1172 2942 1275 3000 per
1322 2943 1572 2998 crucem,
1612 2926 1969 2985 interﬁciens

244 3011 586 3071 inimicitias
635 3011 698 3071 in
744 3014 1049 3087 semetipso
1101 3034 1115 3072 :
1163 3021 1220 3072 et
1269 3016 1514 3074 veniens
1555 3015 1970 3090 evangelizavit

244 3113 445 3174 pacem
475 3099 568 3158 his
600 3100 703 3173 qui
737 3100 931 3174 longe,
961 3108 1017 3160 et
1050 3117 1245 3176 pacem
1276 3104 1368 3161 his
1397 3105 1502 3177 qui
1533 3119 1711 3177 prope
1741 3104 1966 3174 (Ephes.

246 3192 338 3256 Π).
394 3186 584 3259 Quid,
640 3188 880 3262 inquam
907 3234 925 3259 ,
988 3189 1247 3249 faceret?
1299 3190 1696 3262 Considerate,
1760 3191 1970 3248 fratres

248 3277 414 3346 mei,
459 3276 767 3352 diligenter
815 3278 1170 3338 considerate
1215 3281 1526 3339 ineﬂ‘abilis
1578 3281 1797 3340 viscera
1846 3282 1970 3357 pie-

250 3366 409 3436 tatis,
447 3366 780 3440 perpendite
812 3367 1170 3449 immensum
1212 3378 1268 3428 et
1304 3370 1712 3429 inaestimabile
1746 3370 1974 3443 pondus

248 3454 475 3513 divinae
512 3454 824 3513 charitatis.
872 3454 1020 3525 Quia
1052 3458 1211 3516 enim
1253 3459 1316 3515 in
1354 3459 1526 3518 rebus
1562 3459 1819 3518 inveniri
1854 3475 1973 3518 non

248 3550 477 3618 poterat
525 3544 779 3618 pretium
838 3552 1051 3604 nostras
1108 3547 1560 3621 redemptionis,
1625 3548 1977 3622 Redemptor

248 3638 454 3691 noster
488 3632 859 3706 semetipsum
904 3633 1115 3692 obtulit
1161 3632 1313 3692 Patri
1352 3651 1454 3709 pro
1505 3637 1674 3695 nobis
1727 3638 1975 3696 hostiam

249 3721 320 3779 in
369 3720 603 3780 odorem
649 3722 973 3781 suavitatis.
1026 3722 1120 3783 Sic
1169 3724 1289 3797 ipse
1334 3726 1518 3785 factus
1577 3731 1662 3784 est
1715 3726 1979 3785 sacerdos

250 3814 312 3867 et
369 3808 762 3880 sacriﬁcium,
815 3811 938 3885 ipse
996 3811 1322 3886 redemptor
1377 3819 1433 3872 et
1482 3816 1756 3886 pretium.
1812 3814 1981 3873 Unde

254 3904 412 3956 recte
456 3912 558 3970 per
599 3897 846 3957 Paulum
882 3899 1134 3959 dicitur:
1174 3924 1196 3955 ι
1232 3901 1390 3961 Talis
1440 3902 1598 3962 enim
1641 3904 1876 3963 decebat
1914 3909 1982 3962 ut

253 3984 430 4043 nobis
464 3993 615 4044 esset
650 3986 934 4060 pontifex,
974 3995 1228 4063 sanctus,
1264 3990 1568 4062 innocens,
1609 3991 1977 4066 impollutus,

254 4082 597 4148 segregatus
644 4091 679 4133 a
711 4077 1106 4150 peccatoribus
1143 4086 1197 4136 et
1234 4079 1520 4139 excelsior
1555 4081 1714 4140 cretis
1752 4081 1977 4162 factus;

2040 1949 2386 2023 sanguinem
2418 1947 2586 2014 fudit,
2615 1945 2907 2021 propriam
2933 1959 3037 2018 pro
3064 1944 3231 2004 nobis
3256 1945 3512 2003 animam
3543 1945 3752 2018 posuit.

2040 2039 2206 2099 Unde
2256 2042 2310 2096 et
2368 2037 2571 2095 Petrus
2615 2033 2695 2093 ait
2743 2057 2755 2091 :
2813 2057 2834 2083 ι
2888 2034 3018 2092 Non
3070 2032 3549 2107 corruptibilibus
3592 2049 3757 2106 auro,

2040 2129 2134 2187 vel
2174 2132 2412 2200 argento
2462 2125 2741 2199 redempti
2780 2124 2918 2183 estis
2955 2123 3025 2181 de
3064 2139 3214 2181 vana
3244 2131 3431 2182 vestra
3461 2139 3762 2183 conversa-

2041 2218 2197 2275 tione
2253 2220 2509 2288 paterna)
2569 2212 2932 2283 traditionis;
2990 2211 3091 2270 sed
3146 2212 3396 2286 pretioso
3454 2212 3760 2285 sanguine,

2044 2306 2213 2381 quasi
2268 2304 2421 2378 Agni
2475 2302 2879 2372 immaculati,
2936 2305 2993 2359 et
3047 2299 3488 2360 incontaminati
3550 2300 3764 2359 Christi

2046 2398 2097 2465 (Ι
2122 2398 2267 2451 Petr.
2301 2399 2365 2460 Ι).
2400 2413 2429 2446 »

2120 2480 2370 2554 Expedit
2427 2496 2562 2554 ergo
2591 2524 2605 2551 ,
2664 2485 2730 2539 ut
2779 2478 3151 2553 Redemptori
3215 2494 3320 2537 suo
3389 2478 3765 2552 semetipsum

2047 2570 2267 2641 oﬂ‘erat,
2300 2569 2642 2647 quicunque
2670 2569 2743 2627 ad
2782 2570 2907 2643 ejus
2942 2568 3293 2627 consortium
3341 2569 3646 2643 pervenire
3680 2570 3767 2626 fe—

2049 2661 2243 2719 stinat.
2270 2659 2438 2718 Illius
2468 2658 2711 2731 vestigia
2733 2658 2995 2717 imitetur
3012 2656 3078 2715 in
3097 2658 3213 2729 via,
3240 2658 3341 2733 qui
3370 2673 3504 2716 cum
3530 2672 3597 2715 eo
3625 2673 3769 2731 gau-

2047 2750 2184 2808 dere
2213 2747 2449 2807 anhelat
2482 2748 2542 2805 in
2572 2748 2776 2821 patria.
2813 2747 2989 2806 Illum
3028 2747 3139 2805 sibi
3177 2748 3387 2806 ducem
3430 2743 3575 2801 229
3607 2746 3776 2805 faciat

2046 2840 2108 2898 in
2156 2838 2384 2909 itinere,
2423 2838 2526 2912 qui
2576 2836 2630 2895 ei
2684 2836 2965 2911 particeps
3017 2852 3142 2894 esse
3188 2837 3473 2895 desiderat
3518 2835 3581 2893 in
3638 2851 3770 2909 per-

2050 2917 2344 2985 ventiOne.
2380 2949 2404 2975 ‹‹
2438 2925 2499 2984 Si
2527 2926 2686 2984 enim
2716 2925 3120 2998 compatimur,
3152 2929 3207 2984 et
3244 2924 3771 2997 conregnabimus;

2051 3013 2103 3072 si
2135 3014 2576 3085 commorimur,
2608 3020 2664 3071 et
2701 3013 3084 3071 convivemus
3117 3017 3291 3083 (Rom.
3335 3018 3484 3082 VIII).
3524 3036 3545 3062 ι
3578 3013 3649 3070 Et
3676 3012 3776 3071 ite-

2055 3119 2187 3162 rum
2238 3104 2395 3162 idem
2440 3102 2580 3161 dicit
2635 3102 2987 3176 Apostolus:
3041 3128 3061 3153 «
3108 3102 3168 3162 Si
3223 3102 3590 3176 complantati
3642 3101 3777 3160 facti

2057 3208 2263 3251 sumus
2312 3191 2686 3250 similitudini
2736 3191 2938 3250 mortis
2981 3194 3127 3265 ejus,
3184 3190 3363 3250 simul
3412 3199 3468 3248 et
3523 3206 3777 3249 resurre-

2058 3282 2266 3340 ctionis
2318 3280 2540 3339 erimus
2597 3284 2765 3350 (Rom.
2817 3282 2915 3352 VI).
2951 3304 2976 3331 η
3015 3280 3195 3337 Nemo
3250 3295 3330 3350 se,
3382 3281 3585 3338 fratres
3641 3280 3777 3350 mei,

2059 3369 2314 3427 inaniter
2359 3369 2614 3440 seducat,
2651 3383 2825 3425 nemo
2865 3383 2924 3426 se
2972 3382 3140 3426 vana
3193 3366 3312 3439 spei
3344 3368 3647 3426 securitate
3678 3368 3779 3425 de-

2061 3458 2251 3533 cipiat.
2286 3458 2414 3516 Non
2445 3459 2604 3516 enim
2652 3473 2966 3531 possumus
3015 3457 3106 3514 hic
3152 3457 3403 3531 gaudere
3434 3458 3505 3515 de
3544 3459 3778 3529 saeculo,

2063 3557 2117 3610 et
2168 3550 2290 3608 illic
2342 3564 2583 3623 regnare
2642 3564 2778 3607 cum
2831 3548 3078 3607 Christo.
3136 3547 3278 3606 Ecce
3333 3548 3673 3606 intemerata
3727 3555 3785 3605 et

2063 3639 2313 3715 gloriosa
2338 3638 2503 3712 virgo
2531 3637 2735 3708 Maria,
2770 3638 2939 3711 cujus
2976 3636 3145 3695 hodie
3182 3635 3649 3712 splendidissima
3677 3652 3785 3693 na-
3874 3684 3881 3691 ,

2064 3728 2286 3788 tivitate
2335 3726 2611 3787 universa
2653 3741 2755 3801 per
2808 3726 3008 3784 orbem
3057 3732 3250 3784 sancta
3301 3724 3624 3783 illustratur
3681 3722 3785 3783 Ec-

2064 3817 2280 3889 clesia,
2332 3816 2397 3873 in
2454 3814 2579 3888 lege
2635 3813 3005 3888 praeﬁgurata
3032 3857 3048 3885 ,
3102 3813 3165 3871 in
3220 3813 3677 3887 patriarcharum
3731 3820 3790 3872 et

2064 3907 2476 3981 prophetarum
2527 3903 2776 3963 oraculis
2819 3901 3229 3978 praenuntiata,
3281 3902 3353 3960 ab
3408 3901 3611 3974 angelo
3660 3901 3786 3959 sin-

2065 3995 2257 4071 gulari
2320 3993 2781 4053 honoriﬁcentize
2843 3992 3149 4068 privilegio
3214 3992 3484 4063 salutata,
3545 3992 3787 4050 thronus

2066 4084 2192 4156 Dei,
2226 4083 2436 4142 solium
2475 4081 2818 4154 divinitatis,
2856 4082 3137 4155 palatium
3179 4081 3330 4154 regis
3363 4083 3586 4149 aeterni,
3617 4096 3787 4153 gazo-

254 4165 362 4237 qui
402 4179 523 4223 non
548 4164 721 4224 habet
750 4166 1008 4240 quotidie
1037 4170 1458 4241 necessitatem,
1485 4171 1980 4244 quemadmodum
2068 4173 2405 4250 phylacium
2454 4173 2730 4246 thesauri,
2769 4187 2887 4247 quo
2933 4187 3138 4230 sumus
3182 4170 3252 4229 de
3289 4171 3517 4231 cruenti
3560 4174 3784 4246 praedo-

256 4255 601 4325 sacerdotes,
654 4255 820 4329 prius
872 4273 975 4331 pro
1033 4259 1156 4318 suis
1209 4259 1434 4319 delictis
1489 4262 1705 4345 hostias
1756 4262 1983 4332 offerre,
2070 4263 2163 4321 nis
2204 4261 2440 4321 servitio
2491 4261 2826 4335 comparati,
2862 4261 3032 4319 nobis
3081 4259 3420 4333 proponitur
3473 4260 3533 4318 in
3585 4277 3789 4320 exem—

255 4344 470 4407 deinde
493 4363 598 4421 pro
628 4347 1017 4421 populozhoc
1039 4349 1195 4408 enim
1221 4350 1353 4409 fecit
1379 4351 1659 4420 semel,se
1686 4349 1980 4410 offerendo
2072 4353 2256 4429 plum.
2330 4352 2469 4411 Hazc
2537 4359 2653 4410 tam
2729 4352 3084 4423 singularis,
3143 4359 3259 4407 tam
3321 4352 3789 4424 incomparabilis

256 4428 441 4501 (Hebr.
472 4441 576 4511 vn)
613 4459 635 4489 ι
696 4438 985 4499 Dominus
1024 4447 1220 4500 noster
1244 4441 1412 4501 Jesus
1443 4442 1725 4502 Christus.
2000 4502 2048 4516 _
2073 4441 2270 4516 Virgo,
2302 4444 2351 4500 si
2392 4456 2509 4499 non
2550 4446 2888 4515 sequeretur
2937 4439 3324 4496 humilitatem
3369 4437 3601 4508 Christi,
3632 4455 3788 4496 nuu-

330 4502 598 4586 Audistis
640 4527 835 4601 itaque
872 4545 1049 4600 nunc,
1088 4529 1481 4602 dilectissimi,
1521 4531 1773 4590 breviter
1807 4502 2267 4607 repa-unaml
2302 4502 2650 4605 pertingeret
2702 4530 2773 4587 ad
2825 4528 3231 4586 celsitudinem
3286 4528 3497 4585 Christi
3543 4548 3554 4585 :
3586 4502 3646 4586 'si
3699 4528 3788 4584 in-

258 4618 504 4676 rationis
542 4625 757 4679 nostra:
797 4620 1063 4679 mirabile
1101 4627 1547 4691 sacramentum,
1579 4623 1772 4681 audite
1809 4624 1983 4683 etiam
2065 4621 2267 4696 juncta
2317 4617 2587 4675 mandata
2635 4621 3058 4685 contemneret,
3097 4615 3168 4671 ad
3222 4614 3503 4687 promissa
3550 4612 3791 4685 prtemia

258 4707 468 4767 salutis
511 4716 728 4768 nostra:
762 4716 1156 4785 Opportunum
1199 4710 1369 4770 valde
1407 4711 1743 4771 consilium.
1778 4712 1982 4771 Tradi-
2072 4709 2405 4769 nullatenus
2456 4706 2801 4780 perveniret.
2861 4705 3009 4764 Nam
3067 4704 3250 4775 dum,
3298 4704 3647 4779 praedicante
3699 4718 3787 4775 eo,

256 4796 347 4855 dit
389 4797 768 4871 semetipsum
796 4814 899 4872 pro
928 4797 1099 4858 nobis
1137 4798 1402 4858 Christus
1436 4800 1509 4858 ad
1540 4808 1804 4874 mortem,
1837 4817 1988 4860 mor—
2071 4797 2343 4873 quaedam
2382 4795 2592 4855 mulier
2629 4796 2930 4854 extolleret
2973 4809 3172 4853 vocem
3217 4794 3287 4851 de
3326 4794 3514 4866 turba,
3547 4793 3783 4851 dicens:

262 4887 553 4946 tiﬁcemus
593 4893 650 4945 et
698 4902 803 4946 nos
850 4903 953 4962 pro
995 4890 1122 4963 ejus
1169 4904 1369 4947 amore
1421 4904 1657 4949 omnem
1705 4891 1767 4949 in
1812 4890 1985 4948 nobis

260 4984 516 5035 terrenae
584 4976 1069 5050 concupiscentiae
1134 4976 1511 5052 voluptatem.
1584 4978 1749 5049 Quod
1825 4980 1985 5038 enim

262 5068 469 5127 subire
515 5066 704 5126 crucis
757 5067 1088 5140 patibulum
1141 5071 1348 5142 voluit,
1404 5071 1559 5129 viam
1618 5073 1806 5144 nobis,
1871 5088 1987 5148 qua

263 5156 461 5216 redire
495 5154 793 5216 valeamus
829 5156 902 5215 ad
934 5157 1200 5230 patriam,
1228 5160 1432 5218 stravit
1460 5178 1473 5230 ;
1505 5167 1569 5219 ut
1597 5164 1699 5236 qui
1736 5164 1991 5237 volupta-

265 5245 426 5304 tibus
477 5243 740 5304 delectati
795 5245 1165 5306 discessimus
1191 5296 1206 5318 ,
1262 5248 1494 5309 ﬂetibus
1548 5249 1840 5309 amaricati
1894 5268 1987 5310 re—

266 5335 553 5405 deamus;
601 5339 659 5392 et
710 5333 812 5410 qui
864 5350 965 5409 per
1025 5335 1230 5395 illicita
1282 5336 1590 5396 deﬂuendo
1649 5339 1987 5413 cecidimus,

267 5423 447 5482 etiam
474 5438 511 5481 a
538 5422 714 5481 licitis
734 5424 1112 5498 nosmetipsos
1140 5426 1538 5501 restringendo
1565 5443 1904 5503 surgamus;
1936 5436 1992 5488 et

268 5526 422 5587 quos
470 5511 753 5586 dejecerat
801 5512 975 5573 elatio
1010 5514 1319 5589 superbiae,
1371 5515 1551 5591 erigat
1598 5516 1838 5590 dejectio
1886 5519 1994 5578 bu-

265 5602 431 5663 milis
461 5601 619 5664 vitae.
655 5602 825 5663 Unde
854 5609 910 5661 et
945 5608 1138 5680 pastor
1173 5603 1448 5666 Ecclesia:
1485 5604 1714 5681 clamat,
1745 5606 1944 5668 dicens
1972 5632 1987 5667 :

593 5718 850 5783 PATROL.
885 5720 1132 5783 CXLIV.

2077 4887 2340 4945 «'Beatus
2379 4890 2581 4943 venter
2625 4885 2725 4960 qui
2767 4890 2819 4942 te
2854 4882 3120 4957 portavit,
3150 4888 3205 4940 et
3243 4881 3423 4941 ubera
3459 4897 3592 4956 qua)
3630 4881 3790 4939 suxi-

2072 4975 2177 5046 sti,
2240 4994 2267 5027 ι)
2322 4972 2617 5046 respondit
2663 4991 2677 5029 :
2740 4994 2768 5024 (ι
2823 4971 3097 5042 Quinimo
3152 4969 3332 5041 beati,
3385 4969 3486 5044 qui
3537 4968 3787 5028 audiunt

2073 5065 2318 5124 verbum
2372 5063 2478 5121 Dei
2524 5066 2578 5120 et
2624 5060 2960 5120 custodiunt
3010 5060 3159 5117 illud
3204 5061 3351 5130 (Luc.
3395 5062 3499 5131 X1).
3560 5086 3578 5109 -
3634 5059 3789 5118 Alibi

2075 5152 2269 5222 etiam,
2320 5167 2455 5211 cum
2503 5149 2741 5224 quidam
2785 5148 2896 5207 sibi
2944 5148 3005 5205 in
3052 5147 3263 5220 templo
3306 5147 3657 5222 propinquos
3698 5163 3787 5205 se—

2074 5244 2333 5304 cundum
2392 5255 2626 5299 carnem
2670 5239 2869 5297 adesse
2917 5237 3249 5308 nuntiaret,
3295 5236 3540 5294 dicens:
3584 5263 3609 5285 «
3652 5237 3792 5296 Ecce

2078 5341 2262 5392 mater
2301 5338 2399 5392 tua
2430 5337 2485 5391 et
2531 5332 2736 5390 fratres
2784 5330 2867 5389 tui
2919 5328 3056 5388 foris
3102 5334 3273 5401 stant,
3299 5335 3624 5403 quaerentes
3661 5336 3734 5401 te,
3768 5352 3790 5380 ι

2080 5424 2418 5499 respondit:
2474 5447 2495 5477 ς
2530 5423 2679 5493 Quae
2722 5426 2806 5480 est
2851 5427 3033 5480 mater
3080 5436 3206 5479 mea
3245 5425 3301 5479 et
3351 5420 3451 5496 qui
3498 5427 3633 5479 sunt
3682 5422 3797 5479 fra-

2082 5531 2195 5587 tres
2222 5513 2382 5574 mei?
2425 5537 2451 5562 η
2505 5512 2576 5571 Et
2612 5508 2936 5570 extendens
2977 5508 3283 5570 manus'in
3315 5508 3629 5584 discipulos
3666 5524 3801 5566 suos

2083 5605 2280 5667 dixit:
2336 5630 2365 5657 κ
2419 5604 2565 5664 Ecce
2610 5609 2793 5663 mater
2833 5618 2964 5663 mea
3008 5607 3064 5662 et
3110 5601 3312 5661 fratres
3356 5600 3492 5660 mei.
3543 5597 3803 5668 Quicun-

3435 5716 3508 5775 24
