4064 6208
370 283 472 345 747

368 593 588 661 (Matth.
622 594 754 657 xu).
790 610 817 638 η
1871 615 1881 622 -
2075 649 2087 661 _

440 679 640 738 Notata
664 723 680 748 ,
733 676 982 745 fratres,
1042 680 1234 734 notate
1287 671 1627 749 dignitatem
1681 675 1980 741 vestram,
2038 666 2090 725 s1

367 766 746 841 adimplentes
810 763 1167 823 voluntatem
1233 761 1337 822 Dei
1404 760 1670 835 frangitis
1731 760 2087 819 voluntatem

369 863 636 917 vestram.
720 856 864 914 Ecce
934 854 1097 912 beata
1154 859 1209 911 et
1271 851 1618 910 venerabilis
1683 851 1850 923 virgo
1904 848 2089 907 Maria

366 948 689 1008 secundum
726 958 959 1004 carnem
1000 942 1237 1017 quidem
1280 947 1461 999 mater
1496 940 1707 998 Christi
1749 939 1878 1009 fuit,
1908 939 2087 996 frater

368 1053 483 1099 non
517 1036 644 1104 fuit,
681 1049 840 1093 soror
889 1048 1005 1091 non
1055 1030 1182 1089 fuit.
1219 1030 1290 1088 Et
1321 1029 1660 1104 quicunque
1705 1027 1929 1102 aliquid
1978 1027 2084 1085 ho-

367 1144 496 1187 rum
551 1124 725 1185 alicui
780 1122 1105 1183 secundum
1158 1119 1406 1179 carnalis
1453 1120 1587 1191 jura
1636 1115 2085 1191 pr0pinqnitatis

366 1214 674 1284 exstiterit,
729 1210 887 1270 aliud
943 1210 1053 1270 sibi
1100 1225 1223 1268 esse
1274 1206 1513 1266 omnino
1565 1221 1680 1264 non
1733 1205 1967 1276 valebit,
2017 1209 2085 1263 ut

370 1305 651 1364 nimirum
690 1302 740 1360 si
785 1305 965 1359 mater
1008 1298 1200 1367 fuerit,
1241 1298 1432 1366 frater,
1468 1293 1559 1353 vel
1595 1308 1757 1351 soror
1801 1308 1924 1351 esse
1967 1305 2079 1348 non

371 1393 585 1469 possit;
639 1391 689 1450 si
733 1406 872 1449 vero
921 1391 1116 1459 frater,
1175 1385 1271 1445 vel
1326 1400 1485 1444 soror
1540 1382 1846 1452 exstiterit,
1901 1388 2084 1441 mater

370 1498 487 1541 non
542 1480 633 1539 sit.
692 1479 807 1538 Nos
854 1484 1046 1536 autem
1080 1478 1206 1535 bmc
1250 1474 1425 1534 simul
1460 1473 1657 1533 omnia
1705 1471 1932 1531 Christo
1981 1487 2084 1546 per

282 1582 285 1585 ‘
373 1571 654 1645 Spiritum
711 1583 935 1637 sumus,
992 1565 1041 1624 si
1094 1565 1451 1623 voluntatem
1514 1561 1744 1632 Christi,
1807 1577 1940 1635 qum
1992 1560 2081 1618 illi

371 1676 596 1736 semper
639 1674 775 1718 cum
820 1659 984 1717 Patre
1031 1655 1361 1715 communis
1412 1660 1514 1723 est,
1565 1650 1883 1724 adimplere
1929 1656 2081 1708 sata-

371 1752 585 1827 gimus.
640 1748 750 1809 Sed
799 1747 954 1823 quod
996 1752 1194 1805 natum
1241 1748 1431 1802 estex
1476 1757 1666 1813 carne,
1699 1755 1831 1800 caro
1876 1745 1997 1809 est;
2028 1743 2083 1797 et

371 1839 526 1916 quod
566 1844 765 1896 natum
813 1840 899 1895 est
941 1851 1017 1894 ex
1064 1832 1290 1907 spiritu,
1322 1831 1561 1905 spiritus
1607 1835 1692 1887 est
1744 1830 1921 1900 (Joan.
1974 1828 2078 1899 III),

369 1927 512 2003 quia
565 1925 721 1984 Deus
771 1923 1021 1998 Spiritus
1075 1927 1179 1980 est.
1237 1919 1329 1976 Ex
1382 1918 1484 1976 illa
1537 1933 1673 1991 ergo
1731 1923 1911 1993 parte,
1968 1932 2081 1990 qua

370 2015 719 2087 Redemptor
771 2019 967 2070 noster
1022 2011 1177 2070 Deus
1235 2014 1365 2076 est,
1426 2006 1736 2080 propinqui
1798 2005 1907 2065 sibi
1966 2012 2081 2063 tam

370 2101 768 2175 multipliciter
810 2113 1038 2168 sumus,
1089 2102 1375 2171 quantum
1430 2093 1518 2151 illi
1566 2094 1727 2153 beata
1776 2091 1971 2165 Virgo,
2006 2107 2082 2150 ex

370 2204 485 2263 qua
528 2188 687 2245 nasci
728 2186 1001 2258 dignatus
1045 2192 1147 2254 est,
1182 2182 1501 2243 secundum
1538 2196 1771 2239 carnem
1816 2194 1939 2237 esse
1963 2194 2083 2236 non

369 2277 572 2353 potuit.
622 2275 927 2348 Proprium
979 2280 1033 2331 et
1087 2268 1380 2347 singulare
1438 2270 1544 2329 fuit
1596 2269 1683 2327 illi
1738 2267 2083 2327 beatissimm

371 2366 600 2440 Virgini
656 2364 950 2423 Christum
1020 2363 1083 2420 in
1152 2361 1330 2420 vulva
1380 2358 1714 2432 concipere;
1771 2372 2084 2416 commune

367 2471 526 2527 vero,
573 2459 630 2510 et
679 2448 1011 2509 universale
1058 2453 1144 2506 est
1190 2448 1466 2506 omnibus
1525 2446 1717 2505 electis
1773 2444 1833 2504 in
1894 2443 2083 2503 cordis

367 2561 501 2606 eum
546 2541 852 2601 devotione
889 2546 1134 2613 portare.
1170 2538 1337 2597 Felix
1378 2539 1495 2610 illa,
1533 2545 1588 2596 et
1627 2536 1879 2595 nimium
1919 2536 2082 2595 beata

369 2633 618 2701 femina,
677 2646 808 2703 qum
867 2627 1037 2687 illum
1099 2643 1307 2686 novem
1368 2626 1666 2686 mensibus
1722 2624 1965 2697 gestavit
2020 2624 2081 2682 in

367 2728 595 2791 ventre;
637 2719 831 2778 felices
877 2718 1052 2776 etiam
1098 2731 1223 2786 nos,
1273 2717 1320 2774 si
1364 2717 1535 2775 illum
1575 2716 1809 2774 assidue
1858 2722 2083 2788 portare

367 2810 704 2870 stndeamus
750 2808 811 2865 in
858 2812 1069 2864 mente.
1108 2804 1434 2863 Mirabilius
1475 2803 1711 2877 quidem
1754 2803 1866 2863 fuit
1913 2802 2081 2861 Chri-

365 2906 521 2959 stum
566 2894 788 2970 concipi
831 2895 894 2953 in
946 2893 1119 2953 vulva
1157 2892 1372 2965 carnis;
1416 2891 1514 2950 sed
1557 2907 1673 2950 non
1713 2898 1797 2950 est
1834 2891 2081 2950 inferius

364 2991 414 3049 si
480 2988 771 3047 deferatur
834 2985 897 3043 in
955 2983 1242 3058 ergastulo
1305 2984 1566 3057 pectoris.
1628 2983 1793 3042 Unde
1857 2989 1914 3040 et
1979 2997 2081 3054 per

364 3080 646 3139 Joannem
694 3080 967 3145 testatur,
1006 3072 1242 3130 dicens:
1283 3095 1303 3123 ι
1335 3072 1455 3145 Ego
1494 3080 1579 3131 sto
1621 3072 1693 3131 ad
1723 3071 1970 3142 ostium,
2023 3078 2079 3129 et

362 3170 561 3246 pulso;
600 3168 648 3226 si
694 3165 827 3241 quis
867 3162 1158 3239 aperuerit
1192 3162 1376 3233 mihi,
1410 3162 1636 3222 intrabo
1681 3162 1753 3220 ad
1791 3162 1979 3229 illum,
2023 3168 2080 3220 et

359 3259 599 3318 cmnabo
622 3272 756 3315 cum
781 3253 904 3323 illo,
932 3259 987 3311 et
1012 3252 1135 3329 ipse
1164 3266 1393 3310 mecum
1422 3254 1619 3323 (Apoc.
1652 3264 1763 3323 tu).
1800 3273 1821 3302 ι

441 3344 584 3404 230
635 3343 967 3404 Notandum
1018 3357 1150 3400 vero
1199 3341 1342 3416 quia
1389 3341 1552 3414 prius
1599 3355 1660 3398 se
1711 3347 2078 3399 cmnaturum

362 3443 574 3509 narrat,
613 3433 822 3494 deinde
868 3446 1094 3491 coenam
1141 3430 1417 3490 daturum
1454 3436 1615 3505 grata
1650 3431 1772 3488 vice
1815 3445 2077 3504 pronun-

362 3529 482 3586 tiat.
532 3524 678 3595 Quia
730 3522 801 3581 de
856 3521 1023 3593 cujus
1079 3534 1236 3579 nunc
1285 3518 1454 3577 bonis
1490 3517 1765 3592 operibus
1805 3520 2075 3593 pascitur,

360 3633 494 3676 cum
543 3630 610 3674 eo
652 3611 827 3672 simul
858 3608 1226 3684 postmodum
1268 3608 1330 3665 in
1358 3607 1562 3666 mterni
1606 3606 1864 3665 convivii
1910 3605 2077 3681 dapi-

358 3707 468 3766 bus
504 3703 790 3779 epulatur.
838 3700 987 3757 Hinc
1027 3698 1201 3757 etiam
1227 3742 1242 3769 ,
1281 3696 1660 3768 dilectissimi,
1703 3697 2077 3756 consideran-

258 3774 271 3781 ’
361 3795 504 3855 dum
539 3774 655 3852 ’θεῖ
721 3796 941 3865 quanta
1010 3791 1084 3847 sit
1142 3786 1394 3859 dignitas
1455 3793 1684 3856 nostra,
1745 3793 2078 3861 quantaque

358 3885 524 3943 nobis
553 3883 628 3942 sit
661 3877 950 3955 prOportio
978 3892 1117 3935 cum
1153 3874 1351 3933 Maria.
1392 3873 1662 3947 Concepit
1689 3873 1871 3932 Maria
1900 3874 2077 3932 Chri-

354 3978 511 4030 stum
536 3970 595 4027 in
630 3966 805 4026 vulva
840 3965 1053 4033 carnis,
1090 3961 1405 4020 deferimus
1435 3967 1491 4018 et
1520 3976 1626 4019 nos
1654 3960 1717 4018 in
1758 3960 2077 4019 visceribus

362 4060 592 4119 mentis.
652 4053 964 4116 Reficiebat
1024 4051 1203 4109 Maria
1258 4051 1553 4109 Christum
1582 4096 1597 4121 ,
1655 4065 1789 4108 cum
1865 4051 2077 4109 teneris

362 4148 538 4206 labris
596 4147 683 4202 lac
744 4141 1093 4215 exprimeret
1156 4138 1443 4211 uberum;
1500 4139 1792 4198 reficimus
1855 4146 1912 4196 et
1971 4155 2078 4199 nos

361 4235 539 4295 variis
566 4234 851 4291 bonorum
879 4227 1104 4286 deliciis
1132 4241 1395 4299 operum.

435 4324 601 4383 Libet
637 4326 830 4380 autem
877 4332 1053 4388 nunc,
1106 4314 1488 4384 dilectissimi,
1539 4329 1641 4389 pro
1696 4314 2078 4373 mdiﬁcatione

364 4420 556 4473 nostra
609 4412 671 4469 in
721 4410 919 4483 regula
971 4407 1189 4465 divium
1228 4405 1471 4479 justitim
1521 4420 1835 4479 parumper
1886 4406 2076 4463 radios

362 4505 571 4562 mentis
607 4502 870 4575 infigere,
908 4505 965 4556 et
1001 4496 1249 4572 qualiter
1278 4494 1643 4568 omnipotens
1682 4494 1836 4553 Deus
1865 4494 2075 4553 electos

361 4611 499 4655 suos
540 4591 790 4668 deprimi
840 4587 1226 4663 temporaliter
1271 4586 1452 4654 sinat,
1505 4600 1649 4660 quos
1694 4585 1971 4643 extollere
2010 4585 2072 4642 in

360 4692 647 4743 mternum
697 4679 1052 4748 decreverit,
1108 4676 1398 4749 indagare.
1454 4674 1525 4733 Ut
1579 4675 1736 4733 enim
1797 4690 1953 4732 nunc
2003 4674 2074 4731 de

360 4772 584 4832 cmteris
620 4770 843 4840 sileam,
878 4768 1002 4824 hmc
1042 4766 1240 4823 eadem
1282 4764 1610 4823 beatissima
1646 4762 1855 4836 Virgo,
1903 4763 2074 4836 cujus

362 4860 697 4921 hodiernam
740 4856 1093 4914 nativitatem
1135 4853 1343 4911 debitis
1379 4868 1724 4911 veneramur
1756 4851 2069 4925 obsequiis,

359 4956 493 5009 ante
540 4945 1009 5006 constitutionem
1053 4942 1258 5001 mundi
1307 4943 1368 5000 in
1408 4940 1650 4999 consilio
1704 4949 1937 5000 mternm
1989 4959 2074 5000 sa-

362 5037 596 5112 pientim
651 5037 831 5094 electa
878 5042 933 5091 et
985 5032 1304 5106 prmelecta,
1357 5030 1489 5088 licet
1540 5031 1608 5089 de
1665 5032 1841 5104 regali
1899 5031 2073 5091 fuerit

363 5128 538 5199 stirpe
593 5120 908 5197 progenita,
972 5120 1133 5177 nulla
1198 5126 1387 5175 tamen
1447 5116 1722 5176 humanm
1779 5120 2072 5192 dignitatis

360 5215 667 5274 altitudine
702 5212 914 5275 ﬂoruit.
948 5210 1126 5268 nullis
1158 5226 1356 5269 rerum
1401 5211 1802 5284 temporalium
1852 5212 2072 5271 divitiis

360 5301 696 5362 abundavit.
757 5299 1110 5373 Prmsepium
1159 5298 1371 5372 quippe
1418 5298 1792 5371 parturientis
1831 5298 2068 5373 indicat,

360 5395 497 5467 quia
550 5389 973 5457 diversorium,
1033 5387 1094 5443 in
1158 5399 1273 5460 quo
1329 5391 1594 5467 pareret,
1655 5403 1771 5443 non
1826 5387 2071 5445 habebat

360 5461 510 5557 (Luc.
535 5485 617 5552 Π).
666 5477 864 5538 Solent
898 5484 1094 5538 autem
1128 5475 1413 5547 homines,
1447 5461 1819 5537 nascentibus
1854 5477 2066 5550 pueris,

357 5570 541 5633 futuri
575 5584 874 5630 successus
921 5566 1053 5625 lmla
1090 5567 1441 5641 promittere,
1490 5571 1548 5625 et
1584 5582 1660 5625 ex
1706 5581 1910 5626 eorum
1959 5581 2069 5625 au-

989 283 1047 343 s.
1091 280 1312 342 PETRI
1353 256 1674 339 DAMIANI
1721 275 1875 335 opp.
1924 270 2118 334 mas
2159 271 2301 332 seu
2340 273 2591 334 'I‘OMUS
2629 254 2813 333 n.'—
2854 263 3268 334 SEBMONES.
3370 336 3375 353 ,

3766 300 3794 359 8

370 288 472 345 747
989 288 1047 343 S.
1091 288 1312 342 PETRI
1353 288 1674 339 DAMlAl‘U
1721 288 1875 335 ωλι).
1924 288 2118 334 i'AttS
2159 288 2295 332 διυυ
2340 288 2591 334 TUMUS
2629 288 2704 333 11.
2744 306 2813 316 —
2854 288 3268 334 SJ‘JHMUNES.
3370 336 3375 353 ,
3766 300 3793 359 ε

366 426 481 484 que
532 410 690 497 enim
744 408 940 467 fecerit
1003 406 1357 464 voluntatem
1420 402 1600 462 Patris
1661 403 1798 473 mei,
1854 400 1957 475 qui
2017 399 2078 457 in
2103 396 2366 470 Aspiciis
2439 414 2707 474 prospera
2785 399 3068 457 matribus
3139 400 3421 461 nuntiare.
3484 288 3793 663 ᾤ

366 501 529 560 cmlis
590 502 713 569 est,
769 497 889 571 ipse
942 510 1106 552 mens
1164 493 1378 564 frater,
1444 507 1602 550 soror
1658 499 1714 550 et
1768 495 1953 549 mater
2004 496 2096 548 est
2178 487 2377 558 Maria,
2432 504 2566 548 cum
2625 486 2812 546 filium
2864 488 2935 546 ad
2997 490 3275 563 templum
3326 490 3510 551 deferr
3672 503 3793 565 hunc

368 593 588 661 (Matth.
622 594 754 657 xu).
790 610 817 638 η
1871 615 1881 622 -
2075 649 2087 661 _
2180 573 2413 635 Simeon
2446 578 2507 635 in
2539 577 2697 636 ulnis
2724 577 3025 651 acciperet,
3056 580 3319 638 audivit:
3353 603 3380 635 ‹‹
3410 582 3478 640 Et
3547 604 3625 645 am
3650 591 3793 663 ipsius

330 501 529 560 'cmlis
590 494 713 569 est,
769 497 889 571 ipse
942 510 1106 552 mens
1164 493 1378 564 frater,
1444 507 1602 550 soror
1658 499 1714 550 et
1768 495 1953 549 mater
2004 496 2096 548 est
2178 487 2377 558 Maria,
2432 504 2566 548 cum
2625 486 2812 546 filium
2864 488 2935 546 ad
2997 490 3275 563 templum
3326 486 3649 571 deferrqﬂr
3672 503 3795 565 hunc

2180 573 2413 635 Simeon
2446 578 2507 635 in
2539 577 2697 636 ulnis
2724 577 3025 651 acciperet,
3056 580 3280 638 audivit
3307 604 3319 638 :
3353 603 3380 635 ‹‹
3410 582 3478 640 Et
3484 573 3625 663 ,ﬁam
3650 591 3796 665 ipsius

2174 666 2429 724 animam
2471 666 2839 739 pertransibit
2884 667 3117 741 gladius
3163 670 3369 737 (Ibid.).
3411 670 3536 745 »αΑο
3565 677 3608 734 si
3644 690 3798 753 aperte

2174 754 2384 813 diceret
2424 774 2437 812 :
2470 754 2623 814 Dum
2662 755 2818 814 filius
2876 763 3011 815 tuus
3046 758 3287 816 senserit
3329 761 3615 832 passionem
3651 771 3796 830 crucis

2174 842 2233 900 in
2268 859 2521 918 corpore,
2561 852 2614 903 te
2651 845 2825 902 etiam
2879 846 3169 920 transﬁget
3203 847 3423 921 gladius
3457 858 3798 928 compassionis

2171 932 2233 990 in
2268 939 2480 991 mente.
3112 942 3117 947 ’

2246 1019 2593 1080 Studeamus
2617 1028 2669 1080 et
2704 1039 2831 1095 nos,
2862 1023 3241 1095 dilectissimi,
3274 1025 3461 1084 smculi
3488 1028 3643 1102 hujus
3665 1033 3795 1091 blan-

2171 1109 2428 1168 dimenta
2479 1111 2770 1184 despicere
2797 1157 2812 1182 ,
2862 1128 3057 1171 rerum
3114 1119 3457 1172 terrenarum
3508 1116 3795 1178 afﬂuentiam

2170 1196 2446 1268 devitare,
2481 1199 2672 1258 carnis
2727 1200 3015 1259 incentiva
3063 1203 3390 1274 reprimere,
3428 1218 3625 1264 crucem
3667 1207 3795 1266 Chri-

2169 1286 2240 1345 sti
2280 1287 2512 1346 assidue
2549 1290 2611 1346 in
2662 1298 2853 1348 mente
2897 1298 3157 1363 portare;
3205 1296 3476 1364 quatenus
3516 1294 3639 1353 dum
3677 1312 3796 1357 nunc

2167 1376 2363 1434 anima
2414 1384 2607 1435 nostra
2651 1377 2844 1453 gladio
2895 1378 3093 1437 Marim
3143 1379 3505 1451 transfigitur,
3553 1398 3665 1441 cum
3703 1385 3796 1458 ipsa

2166 1466 2535 1539 postmodum
2570 1466 2641 1525 de
2678 1476 2911 1525 mternm
2948 1467 3237 1529 felicitatis
3273 1469 3558 1530 dulcedine
3589 1473 3795 1534 satietur.

2168 1551 2333 1623 Quod
2386 1555 2507 1629 ipse
2558 1564 2829 1630 prmstare
2876 1556 3169 1631 dignetur,
3226 1562 3325 1632 qui
3377 1574 3445 1617 ex
3506 1560 3648 1619 Patre
3697 1570 3797 1621 ante

2166 1642 2378 1701 smcula
2429 1643 2661 1717 genitus
2709 1661 2785 1702 ex
2834 1645 2957 1720 ipsa
2998 1645 3156 1704 nasci
3200 1646 3462 1720 dignatus
3503 1657 3580 1707 est
3620 1650 3669 1708 in
3711 1652 3799 1709 ﬁne

2104 1732 2535 1819 Bsmculorum.
2563 1735 2775 1793 Amen.

2784 1833 3034 1895 SEBMO
3078 1833 3178 1892 XL
3188 1832 3284 1892 VI.

2196 1933 2442 1983 HOMILIA
2467 1936 2529 1983 IN
2558 1935 2916 2068 NATIVlTA'f‘lfi
2951 1934 3311 2061 anxyrisme
3336 1934 3573 1983 VIBGINIS
3597 1935 3778 1982 ΗΔΒΙΕ.

2915 2008 2974 2053 [ll
3012 2007 3077 2053 SE
3157 2040 3170 2052 .

2915 2008 2974 2053 [ll
3012 2007 3170 2053 SEPT.

2169 2079 2415 2157 Initium
2474 2083 2654 2141 sancti
2724 2084 3027 2157 Evangelii
3089 2082 3404 2142 secundum
3459 2084 3796 2157 Matthmum“;

2239 2155 2399 2209 Liber
2462 2159 2827 2224 generationis
2886 2154 3013 2213 Jesu
3074 2157 3278 2213 Christi
3335 2158 3439 2225 ﬁlii
3499 2155 3671 2217 David,
3720 2154 3802 2223 filii

2240 2226 2543 2300 Abraham.
2614 2228 2911 2300 Abraham
2979 2230 3167 2295 genuit
3237 2230 3411 2292 Isaac,
3472 2230 3609 2283 Isaac
3660 2230 3801 2300 autem

2240 2299 2452 2377 genuit‘
2466 2299 2654 2377 Jacob,
2701 2302 2867 2377 Jaeolg
2894 2301 3306 2377 antemgenuit
3350 2300 3538 2355 Iudam
3574 2303 3619 2353 et
3644 2299 3801 2365 fratres

2241 2368 2377 2437 ejus.
2408 2369 2478 2426 Et
2507 2368 2752 2444 reliqua.
2786 2373 3007 2443 (Matth.
3038 2374 3103 2443 1.)

2238 2458 2519 2530 Audistis,
2567 2460 2771 2519 fratres
2818 2462 3142 2521 charissimi
3164 2509 3180 2534 ,
3239 2462 3547 2522 Dominicm
3592 2458 3800 2516 incarna-

2168 2545 2343 2606 tionis
2381 2547 2675 2607 ineffabile
2715 2560 3135 2611 sacramentum
3168 2571 3182 2610 :
3213 2551 3455 2611 audistis
3498 2548 3553 2606 in
3590 2542 3801 2619 genealo.

2166 2635 2261 2707 gia
2310 2636 2656 2695 beatissimm
2706 2639 3002 2711 genitricis
3052 2639 3178 2711 Dei,
3232 2636 3593 2713 reparationis
3639 2638 3802 2704 myste-

2168 2724 2358 2795 rium;
2416 2726 2676 2796 audistis,
2732 2728 2876 2801 quia
2926 2726 3156 2788 Creator
3208 2728 3543 2803 angelorum
3589 2722 3804 2794 dignatus

2166 2819 2252 2870 est
2290 2816 2591 2889 propagari
2642 2817 2712 2875 de
2769 2817 2945 2892 stirpe
2997 2821 3371 2891 mortalium;
3426 2814 3660 2883 audistis,
3701 2807 3806 2884 quia

2165 2917 2410 2976 proavos
2453 2903 2662 2962 habere
2710 2910 2795 2963 est
2843 2904 3116 2980 dignatus
3164 2909 3226 2965 in
3277 2908 3443 2967 terris
3486 2903 3580 2980 qui
3626 2902 3729 2959 fons
3765 2898 3807 2953 et

2165 2990 2324 3063 origo
2374 2993 2635 3050 omnium
2687 3009 2887 3052 rerum
2927 2997 3062 3069 jura
3102 2997 3393 3070 gubernat
3439 2997 3498 3054 in
3544 2988 3695 3051 dualis.
3735 2983 3810 3042 Ait

2101 3080 2319 3162 Genim
2361 3080 2561 3140 beatus
2596 3078 2734 3138 231
2775 3085 3131 3158 evangelista
3166 3107 3180 3144 :
3216 3111 3236 3138 ι
3276 3087 3454 3146 Liber
3487 3072 3809 3157 generationis

2159 3168 2297 3226 Jesu
2326 3168 2535 3227 Christi
2571 3170 2679 3229 filii
2709 3172 2913 3246 David,
2948 3174 3057 3231 ﬁlii
3095 3174 3395 3235 Abraham
3425 3172 3628 3244 (Matth.
3654 3169 3707 3234 I)-
3732 3185 3753 3212 '

2235 3257 2346 3315 Sed
2384 3258 2769 3332 qumrendum
2814 3260 2910 3319 hic
2950 3260 3180 3321 videtur
3212 3278 3325 3321 cur
3374 3267 3453 3320 tot
3490 3266 3688 3334 patrum
3725 3263 3810 3307 nu.

2160 3361 2383 3405 merosa
2433 3347 2612 3405 series
2670 3347 3091 3421 intermittitur,
3135 3358 3201 3411 ut
3251 3354 3463 3412 horum
3512 3336 3810 3407 solummodo

2160 3434 2442 3504 duorum,
2501 3434 2683 3493 David
2749 3437 2966 3496 scilicet
3036 3428 3127 3497 et~
3170 3439 3468 3498 Abraham
3526 3433 3811 3501 Redemptor

2161 3529 2351 3582 noster
2390 3523 2546 3582 filius
2582 3540 2705 3583 esse
2742 3525 3010 3586 dicatur?
3040 3528 3156 3586 Cur
3187 3528 3355 3586 enim
3391 3527 3542 3585 ﬁlius
3578 3516 3746 3587 David,
3768 3517 3811 3571 et

2160 3627 2298 3671 mox
2337 3611 2494 3669 ﬁlius
2532 3612 2850 3687 Abraham,
2883 3623 2938 3674 et
2981 3631 3098 3675 non
3144 3616 3343 3690 potius
3380 3615 3532 3675 filius
3564 3610 3714 3678 Jesse,
3743 3603 3814 3663 vel

2159 3700 2319 3758 filius
2357 3697 2562 3771 Obeth,
2596 3701 2691 3760 vel
2727 3711 3069 3764 cmterorum
3099 3705 3377 3779 deinceps
3409 3707 3470 3763 in
3502 3699 3669 3761 medio
3694 3690 3813 3768 posi-

2163 3788 2400 3849 mmm?

2232 3876 2344 3937 Sed
2386 3880 2510 3940 hmc
2538 3882 2784 3956 qumstio
2824 3880 2988 3940 facile
3020 3881 3289 3954 solvitur,
3320 3882 3371 3941 si
3414 3882 3554 3940 facta
3585 3871 3817 3935 divinitus

2158 3969 2422 4044 utrisque
2471 3971 2778 4045 promissio
2828 3977 3174 4031 recensetur.
3221 3973 3475 4031 Abrahm
3525 3968 3711 4043 quippe
3747 3958 3818 4017 di-

2160 4057 2297 4116 vina
2347 4076 2485 4118 voce
2526 4060 2746 4119 dictum
2795 4067 2923 4119 est:
2960 4086 2986 4109 ‹‹
3018 4061 3087 4119 ΙΙΙ
3133 4061 3362 4120 semine
3402 4068 3495 4120 tuo
3532 4052 3819 4115 benedicen-

2162 4153 2255 4206 tur
2281 4164 2484 4208 omnes
2513 4149 2699 4208 tribus
2734 4156 2902 4207 terrm
2940 4151 3086 4222 (Gen.
3125 4152 3299 4222 XXII).
3334 4172 3362 4205 ››
3390 4148 3549 4220 Quod
3578 4149 3822 4217 exponenii

2159 4237 2486 4310 Apostolus,
2527 4239 2648 4298 ait:
2686 4260 2713 4293 ι(
2752 4240 2877 4298 Non
2917 4238 3067 4297 dixit
3104 4239 3167 4297 in
3205 4239 3548 4307 seminibus,
3592 4229 3733 4308 quasi
3772 4226 3819 4282 in

2160 4327 2390 4400 multis;
2436 4328 2534 4387 sed
2573 4329 2636 4387 in
2676 4329 2900 4387 semine
2951 4336 3049 4387 tuo
3091 4345 3230 4399 uno,
3281 4328 3439 4404 quod
3485 4332 3566 4386 est
3605 4318 3822 4404 Christus

2099 4416 2305 4520 DUM-1:
2338 4420 2435 4488 Ill).
2468 4437 2495 4466 ι)
2729 4418 2887 4477 enim
2934 4416 3229 4514 Abraham
3265 4401 3465 4476 adhuc
3492 4415 3553 4473 in
3590 4401 3822 4520 prmputio

2161 4503 2379 4575 Dositus
2419 4504 2680 4577 credidit,
2720 4514 2879 4579 pater
2922 4505 3209 4578 gentium;
3248 4505 3392 4579 quia
3439 4516 3570 4561 vero
3610 4501 3821 4573 postmo-

2158 4592 2301 4650 dum
2338 4593 2573 4666 signum
2614 4594 3069 4653 circumcisionis
3108 4594 3349 4667 accepit,
3382 4600 3540 4667 pater
3570 4601 3682 4647 esse
3721 4594 3818 4667 m¢°

2159 4681 2275 4740 ruit
2319 4680 2655 4741 Judmorum
2677 4701 2693 4752 ;
2742 4688 2799 4741 et
2836 4682 2975 4756 quia
3012 4682 3083 4741 de
3126 4682 3254 4754 ejus
3289 4666 3470 4754 stirpe
3501 4678 3598 4737 ille
3630 4666 3821 4748 prodiit.

2160 4785 2262 4842 per
2288 4786 2460 4846 quem
2489 4769 2811 4829 benedictio
2848 4771 3111 4830 redditur
3131 4770 3270 4829 olim
3316 4768 3628 4827 maledictm
3653 4769 3819 4819 terrae;

2159 4859 2370 4919 idcirco
2414 4860 2474 4917 in
2524 4861 2746 4919 semine
2787 4862 2912 4933 ejus
2966 4860 3392 4920 benedicuntur
3434 4870 3629 4917 omnes
3671 4847 3823 4933 tribus

2160 4953 2325 5005 terrm
2389 4947 2573 5005 David
2616 4964 2753 5006 vero
2798 4931 3015 5007 dictum
3068 4956 3190 5006 est:
3237 4973 3256 4996 ι
3292 4947 3377 5006 De
3424 4947 3609 5004 fructu
3647 4931 3829 4998 ventris

2161 5034 2243 5093 tui
2283 5050 2493 5108 ponam
2537 5051 2709 5110 super
2753 5037 2946 5095 sedem
2995 5051 3183 5094 meam
3219 5039 3392 5103 (Psal.
3423 5030 3624 5100 CXXX).
3655 5050 3677 5077 ιν
3707 5019 3829 5091 QIIin

2157 5124 2333 5196 igitur
2392 5122 2482 5181 his
2537 5124 2767 5182 duobus
2827 5123 3146 5198 specialiter
3194 5131 3280 5183 est
3333 5123 3680 5198 promissus,
3732 5121 3829 5168 ηοῐι

2157 5213 2446 5271 immerito
2505 5212 2807 5288 utriusque
2868 5213 3157 5287 prmcipue
3223 5212 3384 5271 filius
3461 5224 3584 5268 esse
3647 5198 3832 5261 dicitur

2157 5304 2440 5364 Christus.

2229 5390 2338 5451 Sed
2371 5398 2426 5450 et
2461 5390 2609 5450 illud
2638 5389 3058 5465 inquirendum
3102 5397 3188 5450 est
3224 5406 3331 5449 cur
3374 5385 3561 5449 David
3612 5375 3833 5441 Abrahae

2154 5478 2215 5537 in
2271 5479 2484 5538 Christi
2532 5479 2896 5553 generatione
2951 5479 3329 5553 prmponitur,
3387 5492 3524 5537 cum
3570 5467 3834 5532 Abraham

2157 5570 2339 5629 multo
2358 5578 2492 5627 ante
2519 5584 2655 5628 eum
2688 5576 2936 5643 tempore
2961 5568 3140 5627 fuisse
3169 5583 3282 5627 non
3306 5559 3650 5629 dubitetnr?

3944 378 3952 427 i
