4064 6208
56 142 219 179 Τ

127 391 236 451 749
1652 394 1732 455 SE

2048 391 2142 452 VI.
3540 388 3644 449 750

203 514 341 587 Sed,
370 515 420 573 si
473 514 711 573 modum
752 516 914 574 factae
963 518 1032 576 ad
1076 524 1395 593 utrumque
1448 517 2214 592 promissionisAporaliter
2265 516 2556 585 ducimus,
2616 529 2717 586 per
2767 520 3013 587 quatuor
3065 520 3317 588 tempora
3370 500 3645 590 volvitur,

127 606 389 665 studiose
426 604 865 679 perpendimus,
898 622 1012 664 non
1036 608 1191 675 isine
1242 624 1417 667 causa
1454 607 1635 666 David
1675 608 1856 668 fuisse
1938 611 1993 663 et
2024 605 2297 676 mundus,
2326 603 2387 661 in
2417 620 2532 677 quo
2572 602 2845 672 vivimus,
2876 607 3122 675 quatuor
3168 604 3305 660 hinc
3355 604 3489 662 inde
3526 621 3649 678 par-

130 697 511 771 praepositum
558 694 915 753 invenimus.
957 695 1120 767 Quod
1165 697 1323 755 enim
1373 698 1624 756 Abrahae
1676 696 1855 755 semel
1944 695 2099 753 tibus
2156 692 2519 752 terminatur.
2573 691 2695 753 Hoc
2748 690 2999 763 denique
3051 691 3277 765 Moyses
3331 694 3645 765 praevidit,

130 788 348 862 legitur
401 787 583 845 fuisse
625 785 997 860 promissum,
1043 788 1151 847 hoc
1196 787 1383 847 David
1430 790 1717 863 frequenti
1773 793 1859 848 est

136 875 548 951 pollicitatione
603 874 919 933 firmatum.
972 876 1225 934 Abrahae
1281 877 1437 936 enim
1494 877 1857 937 solummodo

131 968 357 1026 dictum
404 971 490 1023 est
523 988 535 1021 :
573 989 598 1009 η
640 963 709 1021 In
758 964 991 1023 semine
1043 971 1141 1025 tuo
1195 966 1607 1027 benedicentur
1657 983 1859 1026 omnes

131 1060 355 1130 gentes.
418 1076 438 1103 ι
500 1052 685 1111 David
744 1068 883 1111 vero
941 1053 1153 1112 Christi
1211 1063 1372 1129 pater
1440 1054 1555 1115 dici
1624 1055 1860 1130 speciali

132 1140 567 1216 quodammodo
626 1139 931 1214 privilegio
977 1142 1211 1213 meruit,
1273 1144 1375 1216 qui
1427 1143 1621 1218 plures
1676 1144 1747 1201 de
1794 1159 1862 1201 eo

136 1231 554 1309 promissiones
602 1231 862 1304 accepit;
918 1231 1069 1292 sicut
1123 1242 1207 1292 est
1280 1234 1426 1293 illud
1480 1234 1539 1292 in
1591 1233 1857 1309 psalmo:

138 1346 164 1373 οι
210 1323 296 1380 De
326 1322 518 1379 fructu
550 1320 767 1379 ventris
798 1322 883 1379 tui
909 1337 1123 1395 ponam
1155 1338 1330 1396 super
1359 1323 1554 1382 sedem
1591 1338 1801 1381 meam.
1834 1347 1856 1373 ι

135 1410 208 1468 Et
265 1411 479 1468 iterum
528 1432 541 1465 :
600 1432 623 1459 ο
686 1408 877 1467 Semel
946 1409 1143 1483 juravi
1202 1411 1260 1469 in
1338 1419 1534 1469 sancto
1595 1426 1743 1481 meo,
1815 1409 1864 1469 si

136 1497 321 1556 David
371 1498 651 1567 mentiar,
714 1513 911 1555 semen
970 1498 1096 1572 ejus
1154 1499 1214 1558 in
1272 1507 1557 1558 aeternum
1609 1500 1866 1558 manebit

135 1578 334 1657 (Psal.
366 1592 713 1655 LXXXVIII).
778 1611 798 1635 -
862 1586 933 1644 Et
983 1586 1043 1643 in
1098 1587 1248 1646 libro
1310 1589 1582 1661 Regum,
1638 1589 1866 1647 Nathan

140 1679 417 1751 propheta
502 1678 563 1735 in
659 1676 879 1751 Spiritu
961 1684 1159 1738 sancto
1243 1679 1316 1738 ad
1412 1680 1592 1740 David
1674 1680 1865 1755 loqui-

142 1775 238 1826 tur
274 1812 289 1838 ,
344 1767 541 1826 dicens
607 1786 622 1824 :
686 1789 712 1820 «
778 1768 923 1827 Cum
1006 1769 1315 1829 dormieris
1396 1787 1531 1831 cum
1605 1772 1867 1845 patribus

1942 785 2049 844 hoc
2074 784 2228 843 Elias
2257 783 2570 842 intellexit:
2600 788 2839 855 uterque
2867 780 3022 839 enim
3047 782 3425 855 quadraginta
3442 782 3649 842 diebus

1941 872 2243 933 continuis
2258 868 2565 945 jejunavit.
2599 869 2800 937 (Emod.
2831 879 3057 936 XXXIV;
3086 872 3165 923 111
3193 872 3322 936 Reg.
3350 877 3506 937 XIX).
3542 871 3649 929 Re-

1942 964 2201 1036 demptor
2255 961 2427 1019 etiam
2485 967 2675 1017 noster
2732 959 2841 1016 hoc
2892 958 3045 1015 idem
3098 959 3389 1031 jejunium
3445 960 3649 1019 diebus

1943 1053 2176 1111 totidem
2215 1048 2570 1109 consecravit
2616 1049 2832 1118 (Matth.
2880 1049 2984 1115 IV).
3023 1046 3174 1104 Hinc
3221 1056 3304 1104 est
3341 1048 3492 1121 quod
3540 1049 3649 1107 lilii

1944 1141 2141 1211 Israel,
2170 1140 2273 1214 qui
2304 1154 2405 1212 per
2441 1138 2733 1195 desertum
2779 1135 3033 1193 laborem
3070 1138 3211 1195 tanti
3254 1137 3478 1196 itineris
3518 1155 3648 1211 per-

1946 1232 2223 1299 tulerunt,
2254 1236 2377 1302 post
2399 1226 2780 1301 quadraginta
2805 1240 2985 1283 annos
3012 1232 3220 1283 terram
3254 1228 3648 1301 repromissio-

1946 1325 2039 1382 nis
2076 1323 2367 1379 intrarunt
2399 1324 2575 1386 (Deut.
2604 1330 2653 1387 I;
2684 1321 2794 1373 Jos.
2827 1322 2935 1385 XI).
2967 1316 3084 1375 Nos
3126 1317 3379 1391 denique
3423 1319 3647 1391 fratres,

1946 1428 2052 1471 nos
2103 1410 2213 1468 lilii
2255 1409 2433 1468 Israel
2484 1426 2688 1469 sumus
2718 1454 2732 1481 ,
2790 1410 2895 1483 qui
2953 1410 3117 1482 prius
3168 1410 3423 1468 laborem
3475 1412 3651 1485 hujus

1947 1516 2300 1561 aerumnosae
2356 1500 2493 1558 vitae
2548 1500 2915 1575 perferimus,
2946 1508 3002 1558 et
3042 1500 3124 1557 sic
3168 1500 3403 1559 demum
3446 1509 3653 1558 terram

1948 1589 2434 1664 repromissionis,
2483 1588 2543 1646 id
2599 1597 2703 1660 est,
2761 1588 3129 1647 stabilitatem
3190 1588 3353 1661 regni
3407 1588 3655 1646 cmleslis

1947 1682 2254 1739 intramus.
2288 1678 2441 1736 Hinc
2470 1687 2554 1737 est
2579 1679 2752 1737 etiam
2791 1679 2944 1752 quod
2975 1677 3170 1748 Jonas,
3201 1679 3303 1750 qui
3340 1693 3412 1735 ex
3457 1677 3654 1736 divina

1946 1768 2204 1843 iussione
2250 1766 2323 1825 ad
2380 1766 2633 1825 Niniven
2684 1766 2951 1835 mittitur,
3005 1766 3313 1824 imminere
3360 1766 3472 1824 sibi
3532 1773 3658 1840 post

141 1856 295 1925 tuis,
355 1854 643 1915 suscitabo
695 1872 893 1914 semen
946 1864 1146 1930 tuum,
1201 1859 1354 1933 quod
1414 1859 1741 1934 egredietur
1794 1860 1925 1941 deB
1948 1857 2328 1933 quadraginta
2382 1855 2506 1914 dies
2555 1856 2852 1914 excidium
2900 1856 3311 1917 comminatur.
3369 1880 3389 1904 ι
3429 1856 3656 1926 Adhuc,

142 1942 363 2003 lumbis
398 1945 529 2014 tuis,
562 1951 618 2002 et
663 1944 786 2017 ipse
833 1946 943 2004 erit
976 1946 1121 2004 mihi
1160 1947 1220 2005 in
1259 1947 1473 2018 lilium,
1530 1956 1586 2006 et
1622 1964 1727 2022 ego
1766 1964 1863 2006 ero

142 2032 197 2091 ei
237 2033 297 2090 in
346 2038 565 2106 patrem
594 2036 674 2102 (II
722 2038 855 2103 Reg.
893 2040 1017 2104 VII).
1048 2060 1073 2086 π
1105 2034 1136 2093 J
1146 2050 1250 2094 ure
1292 2051 1427 2109 ergo
1458 2036 1642 2095 David
1679 2038 1865 2095 Abra-

145 2121 239 2179 hae
283 2120 343 2178 in
388 2119 598 2179 Christi
649 2123 1015 2195 generatione
1067 2126 1394 2197 praefertur,
1431 2125 1525 2183 cui
1583 2125 1866 2200 multipli-

145 2210 266 2267 cior
311 2224 378 2266 ac
418 2225 516 2282 per
554 2210 661 2268 hoc
707 2211 947 2270 omnino
992 2212 1314 2272 immobilis
1362 2214 1666 2287 promissio
1716 2230 1866 2288 prae-

155 2306 412 2372 rogatur.
1519 2315 1525 2324 '

221 2387 379 2446 Illud
423 2404 558 2447 vero
602 2391 883 2463 quosdam
933 2406 1165 2450 movere
1224 2408 1342 2452 non
1396 2393 1872 2453 irrationabiliter

152 2482 357 2547 potest,
381 2493 487 2536 cur
508 2486 739 2538 sanctus
764 2480 1117 2552 evangelista
1143 2482 1629 2555 reprehensibiles
1660 2482 1873 2541 solum-

154 2567 326 2624 modo
382 2567 659 2627 mulieres
719 2570 781 2626 in
841 2569 1052 2627 Christi
1108 2571 1442 2644 genealogia
1502 2572 1871 2645 interponere

160 2655 426 2726 studuit;
466 2666 690 2717 sanctas
727 2676 863 2717 vero
899 2667 953 2719 et
1000 2660 1219 2736 absque
1262 2663 1382 2721 ulla
1419 2664 1872 2723 contradictione

159 2743 475 2802 laudabiles
501 2746 732 2806 silentio
762 2748 1082 2821 praeterivit
1100 2751 1127 2807 ?

229 2831 344 2893 Sed
396 2835 504 2893 hoc
540 2835 760 2895 idcirco
806 2836 1017 2897 factum
1067 2844 1150 2897 est
1197 2845 1280 2911 ut,
1327 2839 1469 2897 dum
1529 2840 1876 2915 Redemptor

160 2928 354 2980 noster
389 2923 461 2981 de
510 2925 902 2997 peccatoribus
961 2932 1129 2986 natus
1184 2943 1308 2986 esse
1365 2928 1731 2999 describitur,
1774 2946 1876 3003 pro

160 3012 550 3085 peccatoribus
598 3014 670 3072 de
712 3014 857 3073 ccelo
899 3016 970 3074 ad
1020 3024 1230 3075 terram
1270 3017 1631 3078 descendisse
1676 3020 1876 3078 creda-

163 3104 275 3157 tur.
318 3100 625 3159 Descendit
678 3101 891 3177 quippe
930 3110 995 3161 ut
1044 3112 1268 3177 peccata
1326 3115 1519 3165 nostra
1570 3108 1692 3182 ipse
1743 3125 1879 3183 por-

164 3193 341 3259 taret;
385 3189 644 3247 ascendit
698 3195 852 3262 vero,
904 3198 969 3249 ut
1016 3192 1337 3251 divinitatis
1382 3210 1503 3253 suae
1544 3212 1649 3255 nos
1700 3198 1877 3270 parti-

1952 1946 2191 2020 inquit,
2247 1945 2624 2019 quadraginta
2677 1946 2800 2004 dies
2831 1992 2846 2016 ,
2897 1954 2953 2004 et
3015 1946 3227 2004 Ninive
3290 1945 3660 2003 subvertetur

1952 2039 2093 2102 (Ion.
2130 2039 2236 2104 III).
2284 2056 2304 2085 ι
2344 2033 2527 2105 Quod,
2580 2033 2717 2109 quia
2764 2040 2900 2091 tunc
2950 2050 3067 2093 non
3125 2033 3337 2107 legitur
3390 2033 3661 2091 historia-

1950 2124 2082 2182 liter
2128 2125 2364 2193 factum,
2398 2129 2763 2196 exspectatur
2806 2123 2997 2181 adhuc
3050 2123 3429 2195 spiritualiter
3482 2123 3663 2180 adim-

1952 2212 2247 2287 plendum.
2285 2212 2391 2270 Per
2423 2211 2671 2270 Niniven
2702 2212 2915 2286 quippe
2951 2214 3207 2271 mundus
3257 2214 3362 2270 iste
3395 2213 3664 2285 designa-

1955 2310 2064 2371 tur,
2102 2317 2205 2373 per
2252 2299 2637 2373 quadraginta
2687 2316 2823 2373 ergo
2869 2300 3013 2372 dies,
3049 2302 3243 2359 omnis
3295 2308 3477 2359 status
3528 2300 3665 2358 vitae

1955 2390 2254 2465 praesentis
2331 2391 2625 2448 innuitur.
2690 2390 2824 2449 Post
2894 2391 3275 2465 quadraginta
3342 2407 3477 2464 ergo
3543 2391 3667 2448 dies

1954 2481 2165 2540 Ninive
2209 2480 2595 2551 subvertetur,
2640 2481 2779 2555 quia
2834 2488 2961 2554 post
3002 2483 3181 2555 hujus
3234 2481 3494 2540 mortalis
3532 2481 3669 2538 vitae

1953 2571 2302 2637 decursum,
2349 2570 2631 2642 completo
2690 2569 2957 2628 videlicet
3009 2570 3325 2628 electorum
3378 2585 3620 2628 numero
3656 2615 3670 2637 ,

1956 2660 2214 2719 mundus
2256 2660 2360 2718 iste
2418 2658 2765 2718 destruetur.
2812 2659 2920 2717 Per
2979 2660 3483 2732 septuagenarium
3536 2674 3671 2717 vero

1960 2764 2294 2819 numerum,
2328 2762 2501 2821 quem
2538 2748 2725 2806 Lucas
2762 2748 2970 2821 posuit,
3004 2747 3267 2805 remissio
3309 2754 3671 2821 peccatorum

1958 2837 2326 2912 exprimitur.
2361 2836 2521 2895 Sicut
2571 2837 2694 2909 ipse
2743 2837 3028 2894 Dominus
3057 2834 3119 2892 in
3148 2835 3465 2909 Evangelio
3502 2843 3672 2894 testa-

1961 2935 2073 2987 tur.
2109 2929 2253 2985 Cum
2304 2926 2462 2984 enim
2516 2928 2716 2986 Petrus
2763 2928 3162 2998 interrogaret,
3205 2926 3450 2983 dicens:
3503 2949 3529 2979 «
3570 2925 3677 2983 Do-

1962 3017 2141 3087 mine,
2173 3014 2399 3089 quoties
2426 3014 2745 3087 peccaverit
2774 3013 2834 3071 in
2866 3030 2957 3072 me
2985 3014 3159 3073 frater
3190 3031 3372 3083 meus,
3402 3022 3459 3073 et
3486 3014 3678 3073 dimit-

1963 3113 2078 3163 tam
2113 3106 2221 3164 ei?
2262 3121 2449 3178 usque
2512 3104 2718 3179 septies
2746 3107 2773 3160 ‘f
2827 3126 2854 3158 »
2906 3105 3262 3179 Respondit:
3302 3132 3326 3154 ‹‹
3359 3106 3486 3164 Non
3550 3107 3677 3164 dico

1967 3197 2067 3254 tibi
2124 3213 2310 3270 usque
2363 3198 2570 3271 septies
2604 3240 2617 3267 ,
2673 3195 2772 3255 sed
2832 3213 3016 3269 usque
3079 3197 3404 3271 septuagies
3471 3200 3680 3271 septies

162 3274 312 3347 cipes
372 3276 622 3348 faceret;
670 3278 820 3337 sicut
873 3294 974 3352 per
1022 3282 1359 3354 Apostolum
1418 3282 1675 3342 dicitur:
1716 3308 1742 3335 α
1770 3274 1946 3354 Quiu
1971 3287 2192 3358 (Matth.
2228 3287 2417 3354 XVIII).
2453 3308 2473 3336 η
2524 3285 2789 3357 Congrue
2818 3293 3012 3342 autem
3042 3301 3144 3357 per
3174 3287 3677 3359 septuagenarium

165 3370 428 3423 mortuus
482 3373 569 3424 est
618 3373 848 3441 propter
905 3376 1135 3442 peccata
1190 3378 1406 3443 nostra,
1460 3379 1515 3430 et
1564 3375 1886 3431 resurrexit
1970 3387 2280 3430 numerum
2335 3379 2695 3444 peccatorum
2750 3370 3013 3430 remissio
3057 3372 3413 3445 designatur,
3451 3376 3555 3448 qui
3606 3379 3678 3436 ab

160 3464 392 3529 propter
429 3457 901 3530 justiﬁcationem
960 3467 1215 3518 nostram
1272 3465 1446 3530 (Rom.
1504 3466 1608 3535 Iv).
1644 3486 1672 3517 »
1732 3464 1885 3522 Hinc
1974 3459 2296 3518 undenario
2340 3466 2396 3515 et
2440 3459 2763 3532 septenario
2793 3461 3067 3518 nascitur.
3100 3461 3378 3520 Undecim
3428 3480 3680 3537 namque

164 3549 245 3600 est
292 3542 453 3601 enim
500 3543 655 3617 quod
699 3544 1008 3605 Matthaeus
1048 3547 1449 3607 descendendo
1487 3566 1587 3622 per
1620 3550 1882 3611 Salomo-
1969 3546 2017 3605 si
2092 3547 2298 3619 septies
2372 3546 2838 3620 multiplicentur
2868 3592 2882 3617 ,
2936 3549 3298 3622 septuaginta
3352 3557 3407 3609 et
3465 3560 3681 3625 septem

174 3646 327 3701 nem,
374 3632 543 3705 cujus
587 3641 826 3692 matrem
874 3636 1328 3709 concupiscendo
1379 3638 1561 3697 David
1606 3643 1883 3719 peccavit,
1970 3652 2281 3696 numerum
2328 3636 2567 3694 faciunt.
2628 3636 2916 3695 Denarius
2966 3646 3160 3697 autem
3206 3656 3488 3699 numerus
3551 3659 3682 3715 per-

167 3720 549 3795 quadraginta
632 3725 1029 3797 generationes
1111 3735 1411 3787 enumerat
1448 3772 1477 3796 ,,
1520 3725 1664 3785 232
1750 3748 1884 3791 cum
1973 3729 2153 3786 fectus
2181 3742 2302 3785 esse
2339 3726 2714 3799 dignoscitur,
2748 3742 2848 3799 per
2882 3742 3055 3799 quem
3087 3736 3143 3785 et
3171 3727 3489 3801 Decalogus
3527 3731 3680 3789 desi-

171 3810 357 3870 Lucas
407 3812 766 3872 ascendendo
820 3831 920 3888 per
972 3816 1221 3888 Nathan,
1260 3833 1362 3891 per
1413 3820 1583 3894 cujus
1630 3821 1888 3879 nominis
1969 3823 2199 3890 gnatur.
2240 3813 2351 3872 Sed
2390 3814 2439 3872 si
2469 3813 2745 3873 denarius
2797 3819 2881 3871 est
2926 3815 3232 3888 perfectus,
3264 3826 3436 3876 restat
3482 3835 3681 3880 neces-

166 3906 506 3981 prophetam
550 3917 844 3982 peccatum
893 3910 1075 3968 David
1128 3911 1413 3971 Dominus
1463 3913 1741 3986 expiavit,
1794 3929 1887 3973 se-
1971 3907 2122 3965 sario
2151 3911 2213 3964 ut
2249 3904 2610 3964 undenarius
2635 3905 2709 3963 sit
2741 3905 3133 3978 imperfectus.

170 3997 471 4070 ptuaginta
523 4004 580 4055 et
640 4007 855 4072 septem
932 4001 1332 4073 generationes
1411 4002 1716 4059 describat.
1778 4001 1889 4060 Per
2041 3995 2190 4066 Quid
2226 4005 2311 4053 est
2337 4002 2534 4053 autem
2565 4001 2884 4067 peccatum,
2919 3994 3033 4050 nisi
3074 3996 3448 4067 transgressio
3486 3997 3681 4072 legis?

172 4083 510 4144 Matthaeum
551 4088 763 4162 quippe
808 4087 1069 4161 signatur
1119 4089 1259 4161 quia
1308 4089 1519 4148 idcirco
1557 4089 1656 4148 Dei
1702 4090 1888 4150 Filius
1974 4084 2037 4145 Si
2068 4101 2202 4158 ergo
2245 4100 2345 4157 per
2387 4084 2696 4141 denarium
2740 4084 2834 4141 lex
2876 4082 3242 4155 intelligitur,
3273 4094 3421 4143 recte
3446 4103 3547 4160 per
3572 4105 3683 4147 un-

175 4173 244 4231 ad
289 4188 399 4232 nos
424 4181 750 4249 peccatores
806 4176 1121 4251 descendit,
1151 4185 1214 4238 ut
1261 4179 1624 4238 mortalitatis
1677 4188 1889 4240 nostrae
1970 4175 2275 4234 denarium
2329 4173 2471 4247 legis
2517 4174 2892 4247 transgressio
2952 4173 3255 4247 figuratur.
3288 4171 3431 4229 233
3485 4176 3683 4251 Septe-

174 4262 459 4337 particeps
513 4262 714 4334 ﬁeret;
773 4281 875 4339 per
929 4265 1146 4325 Lucam
1206 4282 1342 4326 vero
1413 4268 1684 4328 innuitur
1751 4270 1890 4345 quia
1974 4266 2135 4325 nario
2192 4280 2325 4323 vero
2378 4279 2623 4323 numero
2676 4271 2787 4322 tota
2840 4266 3041 4323 saeculi
3091 4265 3271 4338 hujus
3333 4267 3683 4327 universitas

174 4352 389 4410 idcirco
427 4357 555 4426 post
602 4356 1081 4414 resurrectionem
1112 4355 1183 4413 ad
1224 4356 1451 4415 Patrem
1480 4360 1781 4429 ascendit,
1827 4366 1890 4418 ut
1971 4355 2322 4425 continetur,
2355 4354 2494 4426 quia
2522 4358 2739 4425 septem
2767 4351 2974 4410 diebus
3003 4353 3196 4410 omnis
3234 4355 3513 4415 decursus
3552 4359 3683 4414 vitae

174 4454 278 4497 nos
339 4438 664 4515 divinitatis
726 4457 848 4501 suae
907 4448 1200 4501 consortes
1250 4444 1517 4503 elliceret.
1575 4446 1736 4503 Sicut
1789 4461 1890 4519 per
1972 4445 2276 4518 praesentis
2326 4442 2635 4500 evolvitur.
2693 4441 2799 4499 Per
2852 4441 3245 4499 undenarium
3293 4459 3428 4513 ergo
3475 4445 3684 4517 septies

172 4531 473 4605 egregium
539 4532 975 4604 praedicatorem
1037 4533 1250 4593 dicitur
1310 4554 1322 4592 :
1385 4558 1410 4585 α
1470 4534 1633 4604 Quod
1695 4541 1885 4593 autem
1914 4532 2429 4640 1)multiplicatum
2475 4536 2679 4587 cuncta
2727 4538 2917 4586 nostra
2960 4538 3185 4600 peccata
3220 4530 3290 4586 ad
3328 4532 3682 4603 septuagesi-

507 4620 637 4640 μμ
1194 4623 1211 4640 τ
1524 4639 1547 4640 η
1827 4624 1837 4633 .
2015 4636 2133 4640 _____
2182 4619 2482 4640 ,μημω
2532 4616 2898 4640 ,ιηιηηηηιηη
2940 4632 3250 4640 ,ΝΜ-η,
3318 4617 3370 4640 πη
3410 4633 3677 4640 MM”-

172 4619 454 4690 ascendit,
501 4620 640 4694 quid
687 4627 791 4693 est,
833 4622 948 4679 nisi
996 4621 1135 4697 quia
1180 4622 1475 4681 descendit
1522 4623 1779 4697 primum
1822 4624 1884 4681 in
1914 4616 2140 4679 “mum
2178 4619 2488 4691 septimum
2528 4616 2898 4673 deducuntur
2940 4632 3275 4685 numerum,
3318 4617 3375 4673 in
3406 4633 3529 4691 quo
3551 4635 3683 4677 vere

177 4708 487 4767 inferiores
530 4716 718 4783 partes
763 4711 979 4770 terrae?
1011 4710 1120 4781 Qui
1172 4712 1465 4771 descendit
1511 4713 1632 4787 ipse
1677 4721 1779 4782 est,
1835 4720 1889 4772 et
1977 4709 2243 4768 omnium
2295 4710 2359 4766 lit
2399 4707 2664 4765 remissio
2711 4712 3091 4780 peccatorum.
3144 4707 3305 4765 Unde
3336 4709 3685 4781 elegantera

176 4800 279 4871 qui
315 4799 581 4858 ascendit
623 4816 797 4875 super
842 4817 1043 4861 omnes
1077 4803 1271 4873 C(BIOS,
1300 4810 1366 4862 ut
1388 4803 1729 4879 adimpleret
1762 4820 1887 4863 om-
1978 4801 2187 4861 Christi
2233 4799 2514 4874 baptismo
2553 4800 2676 4856 haec
2725 4799 3045 4856 secundum
3100 4798 3317 4856 Lucam
3363 4800 3539 4857 series
3590 4802 3682 4859 in-

178 4887 274 4944 nia
323 4890 551 4959 (Ephes.
594 4894 698 4957 IV).
772 4911 794 4941 ι
849 4889 958 4947 Per
1010 4905 1320 4949 numerum
1383 4907 1655 4966 namque,
1714 4908 1891 4968 quem
1979 4892 2239 4961 choatur,
2276 4898 2333 4947 et
2379 4889 2439 4947 in
2502 4888 2605 4946 Dei
2650 4887 2831 4946 Patris
2874 4901 3116 4960 persona
3157 4887 3358 4945 finitur
3396 4892 3542 4959 (Luc.
3579 4896 3679 4957 IIII.

177 4972 489 5032 Matthaeus
530 4975 775 5047 ordinat,
837 4976 1124 5050 susceptio
1198 4984 1412 5036 nostrae
1482 4978 1887 5050 mortalitatis;
1978 4980 2048 5038 In
2079 4980 2359 5053 baptismo
2389 4978 2545 5036 enim
2577 4976 2788 5035 Christi
2825 4974 3090 5033 omnium
3124 4976 3291 5034 nobis
3324 4987 3683 5049 peccatorum

178 5078 281 5136 per
309 5063 486 5122 illum
514 5080 674 5136 vero,
704 5081 877 5140 quem
919 5066 1105 5125 LUGIS
1144 5067 1352 5139 posuit,
1384 5067 1663 5126 humanae
1697 5068 1894 5143 expri-
1980 5068 2244 5127 remissio
2295 5065 2559 5140 provenit
2600 5082 2698 5137 per
2733 5063 3015 5138 Spiritum
3049 5071 3333 5133 sanctum,
3376 5067 3479 5138 qui
3518 5083 3687 5140 super

180 5152 364 5211 mitur
419 5152 655 5212 abolitio
708 5156 1025 5228 pravitatis,
1092 5154 1592 5229 Quadragenarius
1646 5157 1802 5215 enim
1860 5174 1894 5215 a
1982 5157 2329 5230 baptizatum
2384 5154 2697 5212 Dominum
2742 5152 2803 5210 in
2841 5153 3027 5224 specie
3072 5152 3359 5210 columbae
3395 5154 3690 5213 descendit

180 5246 574 5319 quaternario,
611 5252 666 5304 et
703 5247 941 5305 denario
972 5249 1259 5317 nascitur;
1297 5247 1419 5321 ipse
1458 5264 1690 5321 quoque
1715 5250 1895 5307 dena-
1983 5247 2203 5317 (Matth.
2251 5246 2351 5315 Ill).
2401 5244 2514 5311 Sic,
2556 5243 2638 5299 sic
2696 5258 2796 5314 per
2825 5241 3120 5299 Christum
3176 5243 3473 5317 redempti,
3508 5253 3561 5301 et
3593 5262 3691 5317 per

180 5336 309 5393 rius
354 5350 387 5392 a
419 5338 793 5409 quaternario
829 5338 1143 5398 derivatur.
1186 5339 1346 5397 Unus
1378 5355 1649 5411 namque,
1681 5345 1737 5397 et
1760 5339 1893 5408 duo,
1987 5334 2237 5407 Spiritus
2291 5332 2472 5390 sancti
2526 5329 2765 5405 gratiam
2824 5330 3032 5399 abluti,
3077 5332 3520 5391 reconciliantur
3579 5334 3693 5393 Deo

182 5432 242 5483 et
276 5431 415 5495 tres,
448 5431 504 5483 et
541 5433 812 5498 quatuor,
841 5428 1025 5486 auctis
1062 5443 1289 5501 semper
1323 5427 1683 5496 monadibus,
1720 5428 1778 5485 in
1808 5426 1901 5485 de-
1988 5425 2160 5483 Patri.
2192 5422 2347 5492 Quos
2391 5421 2697 5494 utriusque
2731 5420 3097 5493 evangelistae
3134 5437 3341 5480 sensus
3376 5422 3442 5481 B.
3478 5422 3695 5482 Paulus

186 5513 427 5573 narium
452 5523 739 5575 crescunt.
1988 5532 2105 5575 una
2154 5512 2439 5572 sententia
2492 5508 2946 5583 comprehendit,
3005 5510 3246 5569 dicens:
3283 5535 3304 5558 ο
3340 5511 3496 5570 Misit
3545 5513 3695 5571 Deus

261 5605 373 5664 Per
402 5606 929 5681 quadragenarium
968 5623 1103 5681 ergo
1142 5622 1453 5667 numerum
1493 5607 1600 5665 hoc
1645 5621 1904 5681 praesens
1989 5602 2211 5662 Filium
2241 5616 2416 5661 suum
2446 5598 2507 5657 in
2548 5599 2993 5660 similitudinem
3047 5599 3240 5660 carnis
3285 5601 3521 5675 peccati,
3546 5606 3601 5659 et
3626 5601 3697 5658 de

182 5697 476 5759 saeculum
512 5697 865 5773 designatur,
903 5697 1044 5774 quia
1079 5704 1137 5758 et
1163 5712 1356 5758 annus
1393 5697 1520 5770 iste,
1548 5711 1723 5771 quem
1752 5702 1903 5755 tem-
1988 5702 2218 5768 peccato
2274 5691 2576 5752 damnavit
2625 5697 2925 5765 peccatum
2967 5692 3029 5752 in
3074 5708 3247 5753 carne
3296 5696 3468 5766 (Rom.
3520 5691 3624 5762 1X.)
3668 5709 3695 5738 ν
