4064 6208
390 340 483 396 751

1005 332 1060 390 S.
1109 327 1327 387 PETRI
1368 325 1688 385 DAMIANI
1731 322 1887 383 UPP.
1934 276 2121 381 PARS
2164 320 2304 380 SEU
2344 320 2595 381 TOMUS
2636 322 2707 380 ΙΙ.
2752 353 2820 364 -
2861 320 3277 380 SERMONES.

3776 325 3867 382 75?

392 462 536 522 Ilum
571 460 728 520 enim
761 456 898 514 dicit
929 474 940 512 :
979 479 1005 501 ‹‹
1034 452 1190 511 Misit
1211 452 1365 511 Deus
1395 450 1613 508 Filium
1645 463 1817 507 suum
1847 447 1905 504 in
1931 444 2169 504 simi—A
2258 445 2430 518 Hinc,
2448 445 2837 514 fratres,hinc,
2860 461 3014 517 rogo,
3035 444 3591 519 perpenditequibus
3615 444 3868 504 laudibus

391 549 698 609 litudinem
753 543 943 603 carnis
989 542 1223 617 peccati,
1267 564 1293 591 ιι
1354 544 1713 613 peccatorum
1768 541 2091 593 nostrorum

393 637 816 711 susceptionem
892 631 1195 690 manifeste
1267 627 1555 699 declarat;
1614 641 1789 701 quam
1850 622 2102 682 ostendit

394 727 734 795 Matthmns,
786 736 918 780 cum
976 718 1373 779 descendendo
1423 715 1803 792 quadraginta
1858 729 2100 790 genera-

396 818 577 880 tiones
617 822 939 876 enumerat.
971 812 1116 873 Cum
1163 828 1299 871 vero
1342 810 1607 887 sequitur
1639 831 1651 866 :
1693 833 1719 857 ιι
1747 808 1817 865 Et
1861 807 1931 865 de
1967 822 2100 881 pec-

394 915 517 969 cato
570 906 870 966 damnavit
916 909 1214 978 peccatum
1275 902 1337 960 in
1391 917 1584 971 carne,
1627 924 1652 948 »
1709 897 2102 973 expiationem

396 999 660 1058 omnium
710 1004 1043 1056 nostrorum
1086 992 1401 1051 criminum
1428 990 1675 1060 indicat;
1710 1003 1885 1064 quam
1915 986 2104 1045 Lucas

392 1090 688 1164 exprimit,
714 1103 849 1147 cum
878 1084 1239 1145 ascendendo
1285 1083 1645 1156 septuaginta
1676 1087 1893 1155 septem
1924 1093 2102 1155 gene-

366 1177 647 1239 rationes
674 1174 965 1234 describit.

468 1265 725 1325 Plurima
753 1263 988 1339 quidem
1036 1261 1361 1320 dilectionis
1389 1265 1614 1328 vestrm,
1647 1257 1852 1315 fratres
1882 1254 2104 1313 charis-

393 1354 551 1426 simi,
574 1354 645 1412 de
670 1353 911 1411 lectione
931 1350 1282 1425 evangelica,
1305 1365 1438 1422 qum
1460 1349 1661 1407 multis
1690 1345 2101 1420 mysteriorum

394 1440 768 1501 sacramentis
825 1448 911 1498 est
963 1438 1220 1512 gravida,
1273 1451 1572 1510 possemus
1622 1448 1948 1507 exponere;
2004 1429 2101 1489 sed

392 1548 522 1591 eam
552 1531 763 1590 idcirco
802 1529 1091 1588 succincte
1132 1516 1604 1595 transcurrimus,
1663 1540 1737 1582 ne
1774 1540 1860 1591 ea,
1893 1537 2026 1596 qum
2070 1536 2104 1577 a

393 1619 709 1694 majoribus
754 1617 963 1676 nostris
1000 1616 1071 1675 de
1104 1633 1170 1675 ea
1209 1615 1383 1673 latius
1421 1613 1573 1672 dicta
1612 1620 1765 1683 sunt,
1811 1609 2103 1685 superﬂuo

278 1774 285 1782 η
391 1714 645 1783 repetere
673 1706 997 1765 videamur.
1029 1705 1183 1764 Illud
1202 1711 1395 1763 autem
1426 1717 1612 1762 unum
1644 1702 1706 1760 in
1735 1715 1802 1759 ea
1839 1715 1958 1758 non
1987 1703 2098 1756 tam

2184 534 2360 609 digna
2404 535 2477 593 sit
2522 535 2686 593 beata
2718 542 2771 593 et
2813 534 3058 607 gloriosa
3112 534 3275 605 virgo
3310 531 3513 601 Maria,
3544 548 3676 607 qum
3715 534 3871 593 illum

2185 625 2353 684 nobis
2379 624 2450 684 de
2475 624 2810 684 castissirnis
2837 625 2961 683 suis
2983 623 3301 682 visceribus
3327 622 3548 697 genuit,
3571 624 3672 699 qui
3694 639 3794 682 nos
3810 624 3872 682 de

2187 719 2299 773 tam
2328 713 2614 788 profundo
2639 720 2871 787 gutture
2897 712 3222 771 avidissimi
3250 713 3517 772 draconis
3541 711 3770 785 eripuit.
3792 712 3871 769 Ad

2186 802 2311 877 ejus
2354 817 2606 875 namque
2643 801 2817 875 digne
2859 800 3148 860 eﬂ‘erenda
3191 802 3483 876 prmconia
3530 816 3645 859 non
3696 800 3872 860 rheto-

2187 890 2440 949 ricorum
2479 890 2690 947 diserta
2718 889 3007 959 facundia,
3046 906 3162 949 non
3193 891 3623 950 dialecticorum
3656 888 3879 948 subtilia

2186 985 2547 1053 argumenta,
2586 995 2702 1037 non
2752 979 3086 1038 acutissima
3120 979 3592 1054 phiIOSOphorum
3630 984 3759 1052 apta
3796 994 3878 1037 re-

2186 1071 2495 1145 periuntur
2524 1070 2776 1147 ingenia.
2806 1071 2874 1128 Et
2896 1071 3039 1145 quid
3075 1071 3313 1143 mirum,
3343 1072 3393 1130 si
3427 1072 3553 1129 hmc
3580 1070 3880 1129 ineffabilia

2189 1160 2366 1233 Virgo
2398 1162 2454 1219 in
2497 1160 2619 1218 suis
2647 1160 2917 1219 laudibus
2946 1162 3185 1220 modum
3222 1162 3498 1220 humanm
3525 1161 3682 1220 vocis
3712 1174 3881 1219 exsu-

2187 1256 2368 1324 perat,
2398 1265 2530 1308 cum
2561 1257 2615 1307 et
2652 1249 2835 1323 ipsam
2864 1251 3092 1321 generis
3122 1250 3365 1309 humani
3402 1255 3669 1308 naturam
3700 1250 3878 1309 excel-

2187 1337 2434 1396 lentium
2483 1337 2822 1395 meritorum
2867 1337 3143 1411 dignitate
3192 1337 3592 1396 transcendat?
3619 1338 3745 1396 Non
3789 1338 3880 1397 de-

2187 1427 2366 1501 nique
2422 1425 2944 1484 excellentissimus
2998 1426 3099 1485 ille
3151 1425 3604 1500 patriarcharum
3654 1427 3880 1498 chorus,

2189 1531 2304 1573 non
2354 1514 2630 1588 providus
2688 1516 3098 1589 prophetarum
3154 1531 3472 1586 numerus,
3538 1531 3653 1574 non
3706 1515 3881 1589 judex

2186 1603 2578 1678 apostolorum
2624 1612 2876 1670 senatus,
2914 1619 3027 1663 non
3071 1612 3392 1679 martyrum
3445 1604 3623 1663 victor
3660 1605 3881 1663 exerci-

2187 1700 2301 1762 tus,
2330 1706 2443 1750 non
2478 1691 2693 1765 aliquis
2721 1691 3118 1765 antiquorum,
3150 1706 3265 1749 non
3304 1694 3611 1766 quisquam
3639 1707 3883 1765 sequen-

392 1778 532 1857 libet
579 1812 869 1871 exponere
914 1811 1092 1870 quam
1148 1793 1368 1864 mirari,
1403 1793 1538 1868 quia
1571 1806 1814 1866 persona
1849 1786 2097 1846 Bedem-
2122 1780 2334 1857 Btium
2364 1779 2608 1871 Patrum
2648 1780 2787 1871 huic
2833 1779 3182 1871 beatissimm
3213 1778 3438 1855 Virgini
3481 1780 3688 1871 poterit
3735 1795 3885 1838 rom-

389 1889 569 1963 ptoris
593 1886 776 1945 nostri
804 1885 885 1945 sic
917 1885 975 1942 in
1018 1885 1135 1942 fine
1175 1883 1354 1958 hujus
1393 1879 1724 1956 propaginis
1752 1877 2007 1953 ponitur,
2036 1891 2102 1934 ac

387 1976 437 2035 si
465 1977 674 2034 hamus
702 1975 764 2032 in
792 1972 1154 2032 extremitate
1189 1971 1358 2028 linem
1397 1969 1771 2028 subnectatur
1798 1986 1811 2024 :
1839 1965 1921 2023 sic
1945 1963 2102 2023 ordi-

390 2074 521 2125 nate
545 2064 776 2123 additur
801 2063 1173 2137 genealogim,
1204 2061 1356 2119 sicut
1385 2061 1597 2118 hamus
1628 2056 1923 2131 productm
1947 2056 2099 2113 inse-

386 2154 537 2213 ritur
580 2153 772 2211 linem.
806 2154 950 2211 Cum
1000 2150 1155 2209 enim
1202 2148 1463 2207 dicitur:
1510 2170 1531 2199 α
1562 2145 1855 2205 Abraham
1903 2141 2104 2216 genuit

385 2243 742 2316 Isaac,Isaac
762 2249 956 2301 autem
985 2241 1188 2317 genuit
1213 2238 1410 2311 Jacob,
1436 2261 1460 2288 η
1484 2245 1539 2296 et
1559 2237 1751 2296 cmteri
1781 2235 2101 2311 progenito-

389 2351 480 2393 res
501 2334 591 2393 bis
610 2339 1012 2403 numerantur,
1032 2330 1199 2404 quasi
1228 2328 1418 2387 lilium
1441 2327 1566 2385 lilio
1581 2326 1879 2396 inseritur,
1898 2330 1964 2383 ut
1985 2340 2102 2382 una

389 2439 460 2481 ex
502 2421 768 2497 pluribus
814 2420 873 2477 in
919 2421 1160 2492 longum
1191 2416 1345 2473 linea
1378 2415 1747 2488 producatur.
1781 2413 1925 2472 Cum
1965 2427 2103 2469 vero

390 2509 771 2584 subjungitur
806 2527 818 2566 :
861 2531 888 2558 «ι
926 2505 1101 2566 Jacob
1147 2508 1343 2562 autem
1396 2502 1600 2577 genuit
1643 2500 1852 2574 Joseph
1904 2501 2098 2558 virum

390 2597 610 2670 Marim,
644 2597 716 2655 de
744 2612 860 2671 qua
892 2601 1061 2652 natus
1091 2597 1175 2651 est
1201 2592 1231 2651 J
1239 2606 1389 2657 esus,
1429 2590 1532 2665 qui
1566 2596 1802 2648 vocatur
1838 2588 2103 2647 Christus

384 2689 611 2759 (Matth.
645 2690 724 2755 I);
762 2706 782 2736 ιι
816 2699 931 2742 non
959 2684 1077 2755 jam
1121 2680 1405 2745 directim,
1436 2679 1532 2738 sed
1564 2679 1729 2755 quasi
1761 2694 1834 2736 ex
1865 2678 2102 2751 obliquo

388 2775 599 2832 hamus
625 2770 957 2845 apponitur,
987 2770 1087 2842 qui
1114 2767 1341 2841 antiqui
1372 2766 1537 2826 illius
1565 2766 1885 2838 Leviathan
1917 2765 2100 2823 fauci-

389 2863 502 2922 bus
537 2862 835 2935 intigatur.
877 2858 1029 2916 Hinc
1068 2862 1151 2915 est
1182 2856 1337 2932 quod
1374 2855 1446 2913 ad
1481 2855 1710 2914 beatum
1749 2855 1856 2913 Job
1901 2854 2101 2914 Domi-

387 2966 500 3010 nus
545 2947 807 3022 loquitur
849 2946 1089 3004 dicens:
1147 2969 1169 2993 «
1215 2942 1495 3017 Nunquid
1542 2942 1730 3017 capies
1776 2938 2125 3001 Leviathan'

387 3038 616 3099 hamo?
672 3059 701 3094 »
762 3039 875 3111 (Job
944 3036 1063 3109 XL.)
1119 3034 1228 3093 Per
1283 3034 1603 3092 Leviathan
1676 3033 1889 3108 quippe
1922 3078 1936 3104 ,
1997 3033 2100 3109 qui

388 3131 826 3186 additamentum
878 3142 1060 3181 eorum
1112 3123 1325 3182 dicitur
1357 3170 1372 3192 ,
1431 3128 1590 3180 cetus
1643 3122 1741 3181 ille
1800 3122 2101 3180 devorator

387 3219 631 3278 humani
663 3217 891 3292 generis
914 3214 1271 3289 designatur,
1305 3212 1409 3288 qui
1447 3213 1588 3271 dum
1632 3228 1693 3270 se
1728 3211 2095 3270 divinitatem

384 3306 614 3366 homini
664 3304 877 3363 addere
930 3302 1257 3378 sp0pondit,
1317 3300 1812 3359 immortalitatem
1864 3299 2099 3358 sustulit

387 3400 542 3470 (Gen.
575 3398 692 3469 III);
726 3395 828 3470 qui
857 3393 1351 3469 prmvaricationis
1373 3408 1612 3467 quoque
1635 3392 1891 3465 culpam,
1921 3406 2098 3465 quam

385 3487 573 3562 primo
613 3484 838 3544 homini
870 3481 1219 3558 pr0pinavit,
1257 3482 1397 3540 dum
1447 3497 1507 3540 se
1551 3479 1928 3554 sequentibus
1968 3494 2099 3552 pes-

387 3576 534 3634 sima
560 3575 933 3648 persuasione
980 3571 1347 3645 multiplicat,
1380 3586 1580 3645 pmnas
1618 3571 1701 3629 eis
1739 3569 1867 3628 sine
1910 3583 2100 3633 cessa,-

386 3665 543 3723 tione
590 3668 904 3722 coacervat.
957 3662 1025 3720 In
1082 3662 1254 3721 hamo
1306 3668 1501 3720 autem
1573 3675 1700 3718 esca
1753 3658 2098 3730 ostenditur,

386 3752 624 3812 aculeus
651 3751 992 3810 occultatur.

455 3844 627 3903 Hunc
655 3857 790 3916 ergo
839 3840 1006 3899 Pater
1041 3840 1411 3914 omnipotens
1442 3840 1617 3898 hamo
1659 3839 1831 3913 cepit,
1859 3837 2000 3914 quia
2028 3838 2101 3896 ad

386 3942 629 3994 mortem
658 3933 825 3992 illius
856 3931 1229 4005 unigenitum
1260 3928 1481 3987 Filium
1508 3929 1875 3995 incarnatum
1920 3927 2100 3997 misit,

387 4024 445 4081 in
488 4037 602 4097 quo
642 4029 698 4079 et
745 4034 877 4078 caro
920 4018 1215 4092 passibilis
1271 4016 1455 4075 videri
1504 4023 1712 4091 posset,
1741 4022 1798 4074 et
1825 4014 2103 4073 divinitas

386 4108 761 4184 impassibilis
792 4108 974 4166 videri
1003 4122 1121 4164 non
1150 4107 1636 4178 possetuumque
1662 4105 1724 4162 in
1764 4119 1832 4162 eo
1870 4118 2103 4177 serpens

386 4199 494 4256 iste
537 4213 639 4271 per
688 4212 896 4255 manus
943 4194 1420 4269 persequentium
1465 4209 1651 4252 escam
1691 4192 1946 4267 corporis
1986 4208 2104 4249 mo-

387 4288 619 4356 mordit,
659 4284 982 4343 divinitatis
1030 4284 1199 4341 illum
1254 4283 1491 4341 aculeus
1540 4284 1873 4358 perforavit.
1931 4281 2103 4341 Prius

388 4390 525 4433 vero
555 4389 688 4433 eum
720 4375 783 4431 in
815 4372 1112 4431 miraculis
1143 4372 1328 4431 Deum
1365 4378 1732 4447 cognoverat,
1769 4372 1867 4431 sed
1907 4372 1977 4430 de
2007 4386 2102 4430 co-

389 4463 650 4539 gnitione
687 4464 759 4523 ad
798 4464 1215 4523 dubitationem
1257 4463 1482 4535 cecidit,
1511 4463 1747 4537 quando
1780 4463 1941 4522 hunc
1979 4477 2101 4535 pas-

385 4557 617 4617 sibilem
658 4552 804 4611 234
852 4554 1019 4613 vidit.
1048 4552 1220 4623 Quasi
1264 4554 1473 4612 hamus
1504 4568 1638 4627 ergo
1679 4555 1871 4613 fauces
1900 4552 2104 4626 deglu-

392 4646 587 4713 tientis
645 4647 850 4715 tenuit,
912 4644 1052 4702 dum
1110 4641 1171 4699 in
1226 4641 1329 4701 illo
1388 4657 1514 4700 esca
1577 4642 1771 4700 carnis
1818 4640 2102 4714 apparuit,

390 4748 565 4809 quam
623 4732 924 4790 devorator
984 4736 1313 4804 appeteret,
1381 4737 1436 4787 et
1489 4728 1764 4787 divinitas
1822 4728 2108 4803 passionis

393 4832 646 4895 tempore
685 4820 870 4892 latuit,
906 4834 1038 4893 qum
1070 4824 1317 4876 necaret.
1350 4817 1415 4875 In
1452 4817 1623 4875 hamo
1660 4822 1788 4890 ejus
1837 4817 2106 4875 incarna-

394 4910 570 4968 tionis
613 4914 811 4983 captus
862 4915 966 4978 est,
1001 4906 1161 4981 quia,
1189 4905 1330 4963 dum
1380 4904 1442 4961 in
1489 4902 1590 4961 illo
1634 4904 1874 4978 appetiit
1919 4921 2105 4963 escam

391 4997 668 5073 corporis,
699 4997 1014 5055 translixus
1044 5002 1126 5055 est
1179 4996 1377 5053 aculeo
1407 4992 1748 5051 divinitatis.
1780 4993 1867 5050 Ibi
1897 4993 2108 5067 quippe

395 5090 582 5147 inerat
634 5085 988 5157 humanitas,
1021 5099 1155 5159 qum
1199 5083 1268 5141 ad
1301 5097 1361 5141 se
1391 5082 1785 5141 devoratorem
1830 5082 2100 5153 duceret;

398 5174 480 5234 ibi
531 5175 829 5243 divinitas,
872 5189 1007 5248 qum
1046 5173 1359 5247 perforaret
1389 5193 1403 5242 ;
1432 5170 1513 5229 ibi
1549 5179 1743 5244 aperta
1773 5170 2101 5239 infirmitas,

400 5280 533 5336 qum
585 5270 950 5338 provocaret;
998 5261 1079 5320 ibi
1130 5259 1350 5320 occulta
1422 5260 1625 5334 virtus,
1675 5275 1806 5334 qum
1863 5258 2106 5333 raptoris

399 5353 593 5410 fauces
641 5352 1016 5423 transtigeret.
1054 5349 1121 5407 In
1170 5350 1343 5408 hamo
1380 5348 1558 5423 igitur
1596 5354 1798 5422 captus
1832 5351 1936 5417 est,
1970 5346 2108 5422 quia

404 5437 539 5496 inde
588 5439 807 5498 interiit
859 5440 1015 5497 unde
1070 5437 1400 5510 momordit,
1432 5446 1487 5496 et
1532 5453 1676 5512 quos
1709 5435 1841 5510 jure
1880 5435 2107 5492 tenebat

404 5530 671 5590 mortales
716 5530 999 5604 perdidit,
1031 5528 1167 5604 quia
1196 5544 1294 5588 eos
1318 5571 1333 5602 ,
1361 5529 1426 5587 in
1459 5544 1604 5605 quos
1624 5529 1724 5604 jus
1754 5540 1872 5585 non
1903 5525 2108 5585 habuit

400 5619 619 5694 mortis,
649 5626 913 5697 appetere
936 5618 999 5680 in
1029 5622 1213 5678 morte
1245 5617 1633 5693 praesumpsit.

2187 1869 2397 1943 parari.
2455 1868 2600 1939 Quid
2647 1870 2803 1929 enim
2859 1870 3194 1939 sanctitatis,
3245 1871 3388 1945 quid
3431 1869 3694 1945 justitim,
3753 1871 3883 1947 quid

2186 1957 2503 2034 religionis,
2542 1958 2682 2033 quid
2735 1958 3101 2032 perfectionis
3148 1958 3429 2033 singulari
3485 1961 3620 2019 huic
3670 1960 3888 2035 Virgini

2187 2051 2385 2109 deesse
2431 2049 2637 2124 potuit,
2685 2065 2817 2125 qum
2855 2049 3035 2108 totius
3076 2049 3293 2107 divinm
3324 2050 3524 2124 gratim
3554 2052 3889 2110 charismate

2187 2141 2359 2217 plena
2387 2140 2546 2200 fuit?
2586 2139 2682 2200 Sic
2714 2154 2966 2213 namque
2995 2140 3068 2198 ab
3098 2141 3323 2213 angelo,
3362 2141 3500 2200 dum
3533 2141 3890 2211 salutaretur,

2188 2232 2445 2291 audivit:
2481 2256 2502 2282 α
2524 2230 2865 2304 Ave,gratia
2894 2230 3082 2304 plena,
3106 2229 3390 2290 Dominus
3414 2239 3598 2290 tecum
3621 2234 3771 2303 (Luc.
3791 2235 3886 2304 1).-

2188 2321 2371 2393 Quod,
2409 2337 2563 2395 rogo,
2600 2322 2831 2394 vitium,
2865 2321 2928 2378 in
2971 2320 3098 2395 ejus
3128 2327 3340 2390 mente,
3380 2321 3469 2379 vel
3499 2337 3738 2396 corpore
3765 2321 3889 2378 vin-

2189 2414 2381 2471 dicare
2418 2413 2527 2471 sibi
2569 2411 2754 2487 potuit
2790 2413 3006 2484 locum,
3037 2427 3170 2487 qum
3207 2408 3276 2469 ad
3310 2410 3497 2470 instar
3525 2410 3679 2481 caeli,
3712 2410 3890 2484 pleni-

2189 2499 2411 2559 tudinis
2465 2500 2639 2559 totius
2693 2499 3017 2558 divinitatis
3074 2499 3286 2557 meruit
3349 2512 3472 2557 esse
3525 2498 3892 2557 sacrarium?

2191 2612 2217 2638 α
2249 2588 2313 2646 In
2347 2588 2572 2647 Christo
2603 2608 2631 2641 »
2662 2588 2838 2656 enim,
2869 2588 3017 2646 sicut
3044 2603 3146 2661 per
3182 2585 3429 2644 Paulum
3460 2586 3673 2646 dicitur
3700 2606 3721 2659 ;
3757 2612 3783 2635 α
3803 2587 3894 2645 ba-

2186 2677 2330 2736 bitat
2376 2677 2568 2736 omnis
2617 2676 2918 2750 plenitudo
2971 2674 3288 2734 divinitatis
3340 2676 3716 2751 corporaliter
3767 2674 3892 2749 (Col.

2185 2769 2288 2840 III).
2323 2792 2348 2815 ιο
2383 2767 2502 2826 Nec
2532 2766 2767 2835 mirum,
2796 2766 2845 2825 si
2883 2770 3221 2824 cunctorum
3278 2765 3478 2823 merita
3535 2766 3895 2825 transcendat

2187 2853 2543 2924 mortalium,
2585 2868 2718 2928 qum
2762 2859 2819 2911 et
2870 2853 2996 2926 ipsa
3046 2851 3450 2925 superexcedit
3494 2850 3896 2910 celsitudinem

2185 2943 2547 3017 angelorum.

2258 3033 2365 3093 Per
2400 3035 2549 3093 hanc
2577 3031 2734 3091 enim
2764 3030 3158 3091 beatissimam
3197 3029 3519 3104 Virginem,
3555 3046 3672 3090 non
3711 3030 3897 3092 solum

2185 3127 2396 3184 amissa
2450 3125 2591 3184 olim
2645 3126 2765 3185 vita
2822 3124 3161 3185 hominibus
3216 3124 3510 3195 redditur,
3564 3125 3666 3184 sed
3731 3127 3896 3187 etiam

2183 3214 2472 3274 beatitudo
2518 3214 2798 3289 angelicm
2846 3214 3218 3274 sublimitatis
3252 3220 3516 3289 augetur,
3555 3215 3720 3290 quia,
3761 3216 3895 3275 dum

2179 3308 2355 3365 homo
2401 3306 2475 3364 ad
2528 3322 2779 3380 superna
2817 3307 3135 3380 reducitur,
3183 3306 3418 3367 illorum
3468 3307 3898 3382 numerusqui

2181 3396 2509 3455 diminutus
2556 3396 2764 3467 fuerat,
2809 3402 3123 3470 reparatur.
3155 3395 3278 3455 Hoc
3318 3412 3525 3471 nempe
3560 3398 3901 3471 angelorum

2184 3484 2497 3544 multitudo
2523 3484 2627 3543 illa
2647 3486 2972 3559 signaverat
3002 3501 3136 3560 qum
3170 3486 3498 3560 pastoribus
3524 3486 3903 3546 audientibus

2181 3574 2245 3633 in
2286 3573 2689 3648 Redemptoris
2727 3575 2905 3633 nostri
2949 3575 3246 3633 nativitate
3272 3575 3555 3634 clamabat
3588 3594 3603 3633 :
3641 3597 3664 3628 ι
3705 3574 3900 3635 Gloria

2181 3662 2241 3720 in
2285 3662 2532 3721 excelsis
2576 3661 2714 3735 Deo,
2771 3669 2824 3720 et
2866 3662 2928 3720 in
2987 3669 3133 3721 terra
3176 3680 3286 3736 pax
3337 3663 3682 3723 hominibus
3734 3663 3902 3722 boum

2183 3753 2497 3814 voluntatis
2529 3758 2681 3825 (Luc.
2719 3761 2804 3820 II).
2847 3776 2868 3805 ι
2901 3754 3045 3812 llum
3073 3754 3229 3813 enim
3280 3755 3443 3828 prius
3478 3754 3694 3814 dicitur
3721 3753 3901 3826 gloria

2183 3859 2307 3903 esse
2358 3844 2475 3903 Deo
2504 3844 2565 3901 in
2593 3843 2860 3916 excelsis,
2893 3843 3103 3901 deinde
3142 3843 3376 3902 additur
3399 3844 3539 3902 etin
3576 3848 3731 3903 terra
3761 3858 3900 3917 pax,

2183 3938 2444 4007 patenter
2491 3933 2816 3992 ostenditur
2853 3932 2990 4006 quia
3023 3930 3333 3990 ineﬂ‘abilis
3368 3932 3732 3991 intemeratm
3767 3930 3898 3988 Vir-

2183 4022 2338 4096 ginis
2366 4027 2564 4095 partus
2593 4037 2708 4080 non
2758 4020 2950 4080 solum
2990 4019 3176 4091 terris,
3208 4021 3307 4079 sed
3336 4028 3392 4078 et
3421 4020 3562 4095 ipsis
3589 4019 3897 4079 nihilomi-

2185 4126 2300 4169 nus
2338 4109 2650 4183 generabat
2696 4108 2973 4182 gaudium
3004 4108 3183 4167 caelis.
3215 4108 3339 4167 Hoc
3364 4111 3533 4168 etiam
3562 4107 3668 4167 illa
3702 4108 3900 4167 beato-

2185 4213 2315 4256 rum
2364 4212 2679 4271 puerorum
2732 4194 2968 4254 indoles”
3009 4196 3313 4268 asserebat,
3345 4197 3469 4273 qui,
3503 4197 3779 4257 veniente
3828 4195 3900 4256 ad

2186 4285 2513 4358 passionem
2566 4285 2833 4349 Domino.
2865 4286 3129 4345 concordi
3174 4301 3312 4345 voce
3339 4286 3681 4345 cantabant:
3717 4306 3746 4339 ς(
3780 4285 3898 4344 Ho-

2186 4389 2367 4432 sanna
2415 4373 2475 4432 in
2527 4374 2793 4432 excelsis.
2830 4373 3194 4443 Benedictus,
3227 4377 3331 4451 qui
3372 4375 3533 4434 venit
3564 4374 3630 4433 in
3664 4374 3901 4435 nomine

2186 4462 2418 4521 Domini
2451 4466 2669 4534 (Matth.
2703 4474 2853 4528 XXII.
2887 4486 2912 4511 »ι

2264 4551 2308 4611 Ο
2358 4552 2702 4611 mirabiliter
2755 4554 3004 4613 fecunda
3056 4552 3361 4628 virginitas
3394 4599 3408 4626 ,
3460 4569 3596 4628 qum
3646 4569 3804 4614 novo
3846 4558 3903 4611 et

2193 4639 2453 4700 inaudito
2508 4641 2793 4700 miraculo
2843 4647 2901 4700 et
2955 4644 3141 4702 mater
3202 4641 3317 4701 dici
3371 4642 3550 4716 possit
3595 4647 3655 4698 et
3696 4641 3905 4714 virgo!

2192 4730 2304 4801 Qui
2334 4738 2449 4792 toto
2483 4733 2702 4791 mundo
2737 4748 2855 4792 non
2895 4732 3139 4808 capitur,
3176 4732 3390 4808 puellm
3420 4733 3689 4806 innuptm
3721 4745 3914 4790 mem-

2192 4821 2312 4880 bris
2377 4823 2729 4882 infunditur.
2809 4822 3100 4883 Senticbat
3153 4823 3394 4897 quidem
3451 4819 3599 4883 235
3656 4821 3918 4896 pondera

2191 4912 2410 4970 ventris
2446 4928 2577 4987 qum
2606 4912 2889 4987 pudorem
2934 4927 3052 4971 non
3091 4913 3367 4970 amiserat
3401 4910 3701 4970 castitatis.
3738 4909 3917 4968 Mira-

2195 4999 2361 5060 batur
2400 5007 2598 5074 partus
2638 5000 2891 5074 insignia
2921 5016 3052 5075 qum
3088 5000 3253 5059 nulla
3287 5006 3527 5060 noverat
3569 4998 3681 5057 viri
3711 5005 3918 5057 conta-

2192 5087 2302 5161 gia.
2334 5088 2469 5147 Erat
2516 5106 2646 5164 spes
2677 5091 2739 5148 in
2768 5095 2956 5164 partu,
2988 5104 3120 5147 cum
3152 5104 3268 5147 non
3308 5089 3511 5147 fuisset
3544 5088 3830 5162 voluptas
3854 5086 3915 5143 in

2192 5176 2365 5235 coitu.
2416 5176 2777 5237 Immensum
2821 5176 3099 5251 concepit,
3146 5184 3433 5236 mternum
3480 5174 3704 5248 genuit,
3742 5174 3917 5248 geni-

2194 5269 2318 5323 tum
2350 5271 2481 5323 ante
2507 5266 2721 5324 smcula
2747 5265 3073 5340 parturivit.
3104 5264 3218 5334 Qui
3246 5264 3359 5324 sibi
3384 5271 3441 5324 et
3469 5279 3686 5324 munus
3712 5263 3920 5332 fecun-

2190 5354 2386 5413 ditatis
2429 5354 2626 5414 attulit
2677 5362 3007 5427 conceptns,
3055 5359 3110 5413 et
3155 5355 3331 5415 decus
3379 5352 3737 5429 virginitatis
3798 5365 3919 5411 non

2189 5442 2426 5503 abstulit
2498 5450 2689 5503 natus.
2763 5444 2875 5514 Qui
2943 5451 3256 5517 antequam
3323 5450 3681 5514 nasceretur,
3734 5441 3919 5500 talem

2188 5532 2403 5592 creavit
2446 5548 2594 5605 eam,
2624 5539 2690 5593 ut
2725 5532 2847 5605 ipse
2887 5530 3063 5607 digne
3101 5531 3263 5591 nasci
3304 5529 3585 5606 potuisset
3610 5544 3687 5590 ex
3714 5544 3819 5602 ea,
3849 5528 3921 5586 de

2188 5639 2301 5699 qua
2343 5624 2615 5697 prOpheta
2646 5621 2829 5683 David
2856 5622 3040 5701 multp
3066 5628 3206 5703 ante
3233 5623 3583 5699 praedixerat
3609 5646 3623 5679 :
3658 5644 3687 5673 α
3720 5621 3922 5691 Mater
