4064 6208
196 315 295 374 753
1703 319 1951 379 SERMO
1988 318 2193 378 XLVI.
2766 331 2785 339 ‘
3591 319 3721 379 754'

200 440 337 502 Sion
364 442 551 501 dicet:
586 441 795 515 Homo,
827 449 885 501 et
921 444 1095 503 homo
1126 444 1308 505 factus
1344 450 1430 504 est
1467 461 1542 504 ex
1581 463 1668 517 ea,
1700 452 1755 507 et
1782 446 2113 522 ipseAsuis
2151 445 2324 504 totius
2352 445 2510 505 orbis
2542 461 2775 522 campos
2810 448 2967 506 velut
2999 447 3143 507 rosis
3179 452 3234 506 et
3282 447 3420 507 liliis
3457 448 3692 508 decora-

197 529 464 589 fuudavit
511 544 641 588 eam
688 530 1023 591 Altissimus
1066 537 1236 604 (Psal.
1274 544 1552 602 LXXXVI.)
1583 557 1610 588 »
1666 533 1903 597 Creatus
1985 534 2088 593 vit.
2127 534 2453 610 Singularis
2482 552 2735 611 namque
2762 537 2865 596 ﬂos
2892 544 3103 596 sanctae
3133 538 3404 597 Ecclesiae
3434 538 3558 613 ipse
3585 542 3692 612 est,

197 625 278 677 est
313 632 391 675 ex
427 633 494 677 ea
531 632 710 693 quam
747 620 982 690 creavit,
1021 625 1279 694 portatus
1316 629 1400 680 est
1449 621 1721 682 manibus
1762 638 1906 695 quas
1986 625 2137 684 sicut
2181 625 2253 684 de
2280 627 2584 701 semetipso
2632 627 2692 684 in
2726 626 2977 687 Canticis
3018 628 3373 687 canticorum
3410 629 3692 702 loquitur,

196 707 486 777 formavit,
518 707 684 766 suxit
710 708 888 766 ubera
923 724 1058 783 qua:
1086 710 1350 784 replevit,
1379 710 1591 785 puella)
1628 713 1902 771 confove-

195 796 361 856 hatur
416 797 479 854 in
517 797 741 871 gremio
792 813 967 872 quem
993 799 1317 857 vastissima
1363 801 1494 858 coeli
1535 815 1653 858 non
1706 800 1906 874 recipit

196 884 455 957 latitudo,
496 885 818 960 puerilibus
851 885 1043 945 fasciis
1089 886 1424 960 cingebatur
1459 888 1562 962 qui
1602 888 1904 948 immensi-

201 982 373 1033 tatem
403 975 561 1033 orbis
601 980 768 1034 terra:
794 974 1018 1051 pugillo
1055 976 1472 1050 complectitur,
1502 978 1702 1037 matris
1741 994 1906 1051 pare-

200 1063 292 1122 bat
316 1065 556 1123 arhitrio
583 1065 686 1139 qui
715 1065 982 1124 omnium
1013 1080 1208 1125 rerum
1241 1066 1375 1140 jura
1407 1082 1515 1126 suo
1543 1067 1906 1141 gubernabat

196 1154 457 1228 imperio,
488 1153 753 1226 vagiehat
794 1153 853 1211 in
906 1153 1215 1213 cunabulis
1242 1155 1344 1228 qui
1384 1156 1722 1230 angelorum
1759 1172 1905 1230 gau-

195 1242 359 1302 dium
389 1252 509 1302 erat
546 1242 608 1300 in
640 1241 825 1313 caelis,
860 1241 1078 1301 vilibus
1106 1242 1401 1315 tegebatur
1435 1240 1769 1319 crepundiis
1803 1246 1905 1319 qui

194 1332 402 1392 electos
447 1346 584 1392 suos
622 1331 766 1390 stola
810 1329 1005 1388 induit
1056 1330 1525 1403 immortalitatis,
1586 1333 1905 1408 imperabat

191 1421 280 1480 illi
321 1419 515 1495 puella
551 1418 648 1477 cui
688 1425 895 1477 cuncta
946 1418 1343 1492 obtemperant
1379 1426 1435 1477 et
1468 1420 1747 1480 obediunt
1784 1422 1904 1480 ele-

192 1515 405 1569 menta.
456 1508 553 1568 Sic
606 1523 859 1583 namque
922 1509 986 1565 in
1044 1507 1357 1582 Evangelio
1413 1509 1691 1582 scriptum
1744 1516 1826 1568 est
1885 1535 1898 1568 :

1985 715 2182 775 dicens
2244 736 2255 775 :
2327 717 2503 790 «Ego
2553 717 2659 776 ﬂos
2710 718 2919 793 campi,
2978 725 3035 777 et
3092 718 3285 777 lilium
3335 718 3693 778 convallium

1981 805 2162 879 (Cant.
2205 806 2349 870 11).»
2407 803 2529 863 Hoc
2580 804 2773 864 lilium
2822 822 2937 864 non
2989 807 3053 864 in
3106 807 3426 878 montibus,
3482 806 3580 865 sed
3628 806 3690 865 in

1985 889 2347 951 convallibus
2400 891 2674 964 nascitur,
2716 894 2857 967 quia
2897 894 3160 967 superbis
3222 895 3375 953 Deus
3422 895 3694 953 resistens

1984 982 2046 1041 in
2104 981 2422 1042 humilium
2478 982 2750 1042 cordibus
2804 984 3117 1043 invenitur.
3184 984 3401 1043 Litium
3456 991 3695 1044 vocatur

1984 1069 2272 1142 Christus,
2319 1070 2512 1130 lilium
2559 1072 2774 1130 dicitur
2811 1080 2867 1131 et
2915 1079 3097 1131 mater
3146 1070 3381 1143 Christi,
3428 1073 3578 1131 sicut
3628 1074 3692 1130 in

1985 1158 2185 1218 eodem
2243 1159 2477 1218 Cantico
2537 1159 2899 1219 subinfertur
2954 1185 2966 1220 :
3029 1159 3250 1220 «Sicut
3306 1159 3501 1219 lilium
3545 1160 3696 1218 inter

1985 1247 2200 1321 spinas,
2246 1246 2328 1306 sic
2374 1248 2559 1307 amica
2619 1265 2748 1307 mea
2802 1250 2955 1307 inter
3001 1248 3153 1308 ﬁlias
3201 1251 3400 1324 (Ibid).
3449 1272 3469 1300 ι
3534 1247 3698 1306 Sicut

1988 1333 2173 1395 lilium
2208 1337 2361 1394 inter
2397 1336 2614 1411 spinas,
2656 1338 2738 1396 sic
2770 1336 3102 1395 beatissima
3141 1339 3304 1411 virgo
3339 1337 3519 1396 Maria
3567 1337 3693 1414 eni-

1986 1425 2095 1483 tuit
2132 1425 2284 1483 inter
2322 1425 2509 1495 ﬁlias;
2549 1442 2681 1500 quae
2718 1427 2789 1484 de
2833 1427 3065 1500 spinosa
3116 1427 3428 1501 propagine
3471 1426 3698 1485 Judaeo-

1987 1531 2117 1575 rum
2167 1521 2322 1596 nata,
2365 1516 2739 1575 candescebat
2780 1516 3065 1575 munditia
3101 1516 3381 1589 virgineae
3425 1516 3699 1575 castitatis

197 1621 219 1648 -
252 1597 399 1669 Quia
452 1596 614 1657 venit
688 1612 823 1656 cum
879 1595 1213 1670 parentibus
1292 1597 1593 1669 Nazaretb,
1646 1606 1701 1656 et
1783 1604 1905 1657 erat

192 1686 459 1745 subditus
481 1686 602 1746 illis
623 1690 776 1756 (Luc.
804 1691 893 1756 II).
924 1707 951 1741 ››

260 1773 887 1867 Meritoitaque
916 1773 1093 1867 Maria
1112 1775 1336 1867 dicitur
1362 1792 1570 1867 parens
1598 1778 1959 1867 parientis,B
1983 1785 2194 1858 operis,
2246 1782 2517 1845 tendebat
2570 1786 2643 1845 ad
2696 1785 2972 1845 sublimia
3038 1784 3363 1844 intentione
3427 1783 3700 1843 continua

191 1862 381 1921 oriens
404 1862 665 1933 orientis,
704 1864 835 1922 fons
863 1862 1038 1923 fontis
1068 1863 1209 1935 vivi,
1244 1865 1406 1939 origo
1433 1865 1726 1940 principii,
1761 1862 1954 1942 quia—
1990 1874 2197 1934 cordis.

193 1950 289 2009 ille
334 1966 409 2009 ex
440 1967 507 2009 ea
543 1952 756 2025 prodiit
792 1968 893 2027 per
922 1953 1223 2012 materiam
1268 1955 1460 2013 carnis
1493 1955 1594 2029 qui
1619 1964 1792 2029 caput
1820 1963 1907 2015 est
2063 1964 2348 2024 Nonnulli
2385 1970 2602 2035 autem,
2647 1964 2787 2023 dum
2823 1964 2958 2039 plus
2992 1980 3190 2037 sapere
3227 1978 3401 2037 quam
3447 1967 3704 2036 oporteat

190 2048 245 2099 et
285 2041 521 2101 initium
575 2044 842 2102 omnium
891 2059 1084 2102 rerum
1138 2060 1240 2118 per
1295 2045 1603 2103 essentiam
1654 2045 1902 2107 deitatis.
1993 2069 2191 2128 sapere
2253 2053 2526 2128 gestiunt,
2583 2054 2718 2127 quis
2766 2060 2941 2128 pater,
2986 2053 3077 2113 vel
3119 2068 3255 2127 qua:
3289 2057 3470 2110 mater
3521 2051 3705 2110 beataa

192 2129 332 2233 llaec
359 2138 445 2190 est
470 2131 723 2233 denique
747 2139 910 2233 porta
937 2131 1062 2233 illa,
1098 2132 1172 2233 de
1203 2148 1316 2208 qua
1345 2133 1614 2233 Eaecbiel
1645 2143 1907 2233 testatur,
1992 2142 2190 2200 Maria:
2224 2141 2415 2213 fuerit,
2447 2142 2636 2201 studio
2665 2142 2975 2215 superﬂuae
2998 2140 3344 2200 curiositatis
3367 2139 3697 2213 inquirunt.

191 2220 386 2282 dicens
424 2243 436 2282 :
473 2247 499 2274 α
533 2224 829 2283 Convertit
858 2240 971 2295 me,
1007 2224 1221 2298 inquit,
1257 2226 1330 2284 ad
1359 2225 1517 2284 viam
1556 2236 1733 2301 portae
1773 2220 1909 2288 sani
1997 2229 2108 2289 Sed
2137 2231 2352 2305 aliquis
2380 2231 2561 2289 lector
2586 2230 2766 2289 nimis
2792 2231 3075 2290 inutiliter
3098 2229 3305 2304 quzerit
3336 2228 3489 2304 quod
3518 2244 3702 2287 evan-

190 2314 397 2373 ctuarii
445 2313 770 2384 exterioris,
811 2331 945 2389 quae
995 2315 1333 2389 respiciebat
1379 2318 1452 2375 ad
1507 2317 1812 2391 orientem,
1855 2327 1909 2380 et
1992 2320 2197 2393 gelista
2236 2337 2471 2379 narrare
2508 2321 2869 2395 superﬂuum
2908 2321 3099 2380 duxit.
3138 2319 3199 2380 Si
3228 2317 3385 2378 enim
3422 2319 3559 2378 huic
3593 2333 3701 2377 no-

192 2405 317 2463 llth
360 2414 482 2464 erat
520 2405 739 2465 clausa.
782 2405 853 2463 Et
885 2406 1036 2464 dixit
1080 2406 1363 2465 Dominus
1415 2408 1486 2465 ad
1544 2424 1684 2467 me:
1743 2409 1910 2470 Porta
1996 2408 2139 2468 titize
2178 2408 2492 2468 utilitatem
2531 2409 2722 2469 inesse
2767 2414 3154 2483 cognosceret,
3200 2424 3567 2482 nequaquam
3607 2422 3721 2464 no-~

191 2497 333 2565 hzec,
392 2511 568 2570 quam
611 2496 790 2566 vides,
830 2496 1026 2554 clausa
1070 2496 1197 2568 erit,
1241 2502 1296 2554 et
1344 2513 1459 2555 non
1516 2497 1822 2572 aperietur,
1855 2508 1911 2559 et
1993 2498 2130 2557 bilis
2168 2499 2478 2559 historicus
2516 2515 2638 2558 rem
2672 2500 3052 2558 necessariam
3095 2499 3327 2558 silentio
3365 2497 3701 2572 praeteriret.

198 2585 288 2642 vir
342 2600 459 2643 non
510 2585 783 2644 transibit
818 2600 919 2658 per
963 2600 1110 2655 eam,
1161 2590 1217 2642 et
1266 2600 1495 2659 semper
1546 2586 1654 2644 erit
1713 2586 1910 2649 clausa
1997 2585 2313 2646 Sciendum
2364 2602 2501 2646 vero
2555 2594 2641 2646 est
2690 2589 2850 2646 hunc
2887 2604 3012 2647 esse
3049 2604 3267 2646 morem
3328 2586 3705 2660 scriptoribus

191 2679 408 2744 (Ezech.
467 2682 657 2744 XLIV).
706 2701 733 2725 ι»
798 2676 942 2734 Vere
982 2691 1207 2749 semper
1251 2675 1468 2745 clausa,
1507 2676 1644 2747 quia
1683 2692 1911 2751 semper
1992 2677 2137 2736 sacri
2182 2678 2399 2753 eloquii
2450 2686 2534 2751 ut,
2585 2676 2737 2738 sicut
2780 2678 3013 2737 student
3057 2692 3283 2750 semper
3331 2675 3502 2734 silere
3551 2675 3705 2749 quod

192 2764 540 2838 incorrupta.
599 2765 941 2837 Incorrupta
1015 2771 1152 2822 ante
1220 2768 1450 2836 partum
1491 2809 1506 2833 ,
1572 2764 1907 2839 incorrupta
1991 2766 2172 2836 obest,
2220 2766 2302 2824 sic
2338 2765 2512 2824 etiam
2549 2767 2759 2824 referre
2804 2764 3131 2839 despiciunt
3183 2762 3336 2839 quod
3383 2762 3530 2821 scire
3583 2777 3704 2821 non

194 2860 315 2926 post
372 2862 633 2927 partum,
690 2853 1024 2927 concipiens
1080 2852 1315 2923 virum,
1366 2852 1631 2911 nesciens
1686 2853 1904 2925 virum,
1990 2854 2238 2930 prodest.
2299 2855 2632 2930 Aliquando
2690 2861 2885 2914 autem
2920 2856 2982 2915 in
3022 2870 3181 2914 sacra
3221 2853 3517 2933 Scriptura
3568 2852 3708 2910 certi

190 2943 341 3002 sicut
397 2959 496 3016 per
546 2943 860 3003 Jeremiam
899 2942 1113 3001 dicitur
1146 2961 1159 3000 :
1203 2966 1230 2991 α
1256 2941 1449 3000 Faciet
1483 2941 1771 3002 Dominus
1808 2960 1907 3003 no-
1990 2959 2161 3002 causa
2190 2943 2451 3018 mysterii
2491 2944 2713 3019 aliquid
2765 2944 3246 3019 praetermittitur,
3287 2949 3348 3001 ut
3386 2941 3509 3017 ipso
3538 2939 3707 3013 quasi

190 3046 329 3089 vum
383 3047 558 3105 super
636 3038 866 3095 terram.
922 3038 979 3090 et
1029 3046 1159 3090 ecce
1231 3030 1448 3089 mulier
1523 3030 1907 3091 circumdabit
1991 3035 2276 3093 clamante
2328 3034 2560 3094 silentio
2601 3051 2879 3109 magnum
2920 3035 3143 3109 aliquid
3188 3033 3490 3092 sentiatur.
3544 3030 3707 3091 Sicut

193 3120 385 3220 vinum
414 3123 552 3195 (Jer.
586 3129 789 3192 XXXI).
822 3143 851 3176 ι)
1273 3210 1286 3220 _
1594 3210 1608 3220 _
1843 3210 1854 3220 _
1924 3158 1969 3220 ο
1992 3131 2076 3183 est
2101 3124 2257 3199 quod
2284 3123 2707 3183 Melchisedech
2735 3124 2797 3183 in
2829 3124 3039 3183 veteris
3061 3120 3700 3220 narratione-historia,

258 3208 631 3270 Gaudeamus
668 3212 886 3289 itaque,
927 3210 1311 3283 dilectissimi,
1350 3214 1406 3268 et
1441 3210 1806 3270 exsultemus
1840 3210 1902 3270 in
1928 3208 1968 3220 ’⁸
1989 3215 2115 3273 sine
2137 3220 2316 3288 patre,
2334 3214 2462 3273 sine
2489 3220 2693 3285 matre,
2716 3213 2841 3272 sine
2868 3213 3201 3287 genealogia
3226 3227 3327 3286 per
3353 3210 3591 3284 Moysen
3616 3209 3706 3266 in-

1982 1604 2045 1663 in
2098 1620 2355 1678 corpore,
2412 1604 2842 1663 ﬂammescebat
2892 1612 3090 1663 autem
3166 1605 3371 1663 ardore
3448 1603 3700 1675 geminae

1982 1695 2276 1755 charitatis
2338 1694 2402 1754 in
2457 1705 2670 1767 mente,
2722 1696 3012 1768 fragrabat
3073 1696 3283 1769 passim
3335 1694 3507 1753 odore
3560 1694 3700 1753 boni

189 3299 487 3358 nativitate
547 3301 895 3359 beatissima:
950 3301 1055 3360 Dei
1131 3300 1431 3375 genitricis
1493 3299 1712 3373 Mariae,
1767 3317 1903 3375 quas

185 3403 407 3447 novum
442 3390 665 3449 mundo
698 3389 989 3450 nuntiavit
1031 3391 1335 3466 gaudium,
1371 3398 1429 3450 et
1480 3390 1653 3451 totius
1684 3391 1905 3451 exstitit

187 3478 468 3537 humana;
506 3479 709 3539 salutis
747 3482 1077 3541 exordium.
1118 3481 1513 3556 Exsultemus,
1552 3482 1815 3557 inquam,
1849 3491 1905 3543 et

185 3567 336 3627 sicut
389 3569 643 3642 gaudere
712 3569 968 3628 solemus
1040 3571 1102 3627 in
1158 3569 1461 3629 nativitate
1528 3570 1761 3642 Christi,
1824 3572 1905 3631 ita

184 3659 360 3717 etiam
408 3658 798 3718 nihilominus
837 3660 1196 3733 gaudeamus
1240 3660 1303 3718 in
1347 3659 1649 3719 nativitate
1702 3662 1904 3720 matris

184 3746 424 3807 Christi.
456 3747 645 3810 Hodie
675 3755 809 3808 nata
849 3754 935 3807 est
963 3748 1165 3822 regina
1193 3748 1419 3820 mundi,
1450 3749 1702 3808 fenestra
1745 3749 1897 3821 coeli,

177 3836 365 3911 janua
404 3838 676 3916 paradisi,
712 3838 1152 3899 tabernaculum
1180 3839 1303 3912 Dei,
1329 3839 1494 3897 stella
1524 3840 1720 3911 maris,
1750 3841 1903 3899 scala

183 3925 453 3996 caelestis,
485 3942 587 4000 per
615 3942 792 4001 quam
822 3943 1113 4002 supernus
1150 3928 1279 3986 Rex
1313 3926 1657 3986 humiliatus
1686 3928 1757 3986 ad
1785 3929 1904 3987 ima

184 4015 519 4087 descendit;
580 4022 637 4074 et
680 4017 874 4090 homo,
926 4017 1030 4091 qui
1066 4023 1382 4091 prostratus
1417 4015 1662 4089 jacebat,
1690 4017 1762 4075 ad
1803 4033 1901 4077 su-

183 4121 368 4180 perna
429 4106 721 4165 exaltatus
793 4106 1068 4167 ascendit.
1135 4106 1319 4165 Hodie
1395 4106 1664 4181 apparuit
1740 4106 1904 4165 stella

185 4193 433 4264 mundo,
479 4209 582 4267 per
623 4209 799 4268 quam
846 4193 945 4255 Sol
986 4194 1229 4268 justitize
1271 4193 1471 4254 illuxit
1509 4195 1750 4255 mundo.
1796 4195 1903 4254 Illa

183 4280 478 4354 videlicet,
525 4282 596 4342 de
632 4298 748 4357 qua
795 4299 898 4357 per
933 4283 1272 4358 prophetam
1309 4282 1522 4342 dicitur
1561 4303 1574 4342 :
1613 4306 1639 4336 α
1675 4283 1905 4343 Orietur

1991 3303 2313 3362 troducitur
2341 3304 2496 3372 (Gen.
2528 3314 2674 3371 XIV;
2700 3304 2864 3359 Hebr.
2890 3311 3016 3371 VII),
3041 3309 3105 3360 ut
3130 3299 3393 3359 videlicet
3418 3298 3704 3370 Christus,

1986 3392 2090 3466 qui
2142 3398 2228 3450 est
2283 3390 2545 3471 sacerdos
2596 3389 2922 3449 secundum
2969 3388 3233 3448 ordinem
3284 3385 3703 3446 Melchisedech

1989 3484 2160 3552 (Psal.
2182 3487 2326 3551 CIX),
2343 3496 2442 3554 per
2461 3496 2597 3539 eum
2619 3479 3003 3553 significetur,
3017 3478 3087 3537 de
3103 3493 3219 3554 quo
3234 3477 3509 3550 propheta
3529 3474 3698 3533 dicit:

1992 3596 2018 3620 ιι
2046 3569 2486 3630 Generationem
2510 3567 2666 3627 enim
2688 3570 2815 3643 ejus
2846 3568 2980 3641 quis
3006 3564 3341 3626 enarrabit?
3367 3588 3387 3616 ι
3422 3564 3701 3638 (Isa.LIII.)

1987 3660 2057 3718 In
2095 3658 2463 3732 generatione
2501 3664 2695 3715 autem
2734 3656 2944 3715 Christi
2977 3654 3098 3713 illae
3142 3653 3399 3713 ordinari
3441 3667 3703 3728 personae

1990 3752 2194 3809 merito
2249 3747 2597 3817 debuerunt,
2660 3765 2761 3823 per
2812 3764 2958 3822 quas
3013 3747 3084 3805 ad
3132 3747 3346 3821 Joseph
3403 3745 3702 3804 descensio

1987 3843 2170 3913 fieret,
2198 3856 2314 3899 non
2353 3839 2425 3897 ad
2467 3838 2731 3911 Mariam,
2766 3855 2901 3911 quae
2940 3839 3010 3897 de
3055 3855 3171 3898 una
3210 3854 3341 3897 cum
3383 3836 3508 3910 ipso
3546 3835 3701 3894 tribu

1988 3931 2197 4002 fuerat,
2248 3929 2578 3988 declinaret.
2630 3927 2996 3987 Consuetudo
3049 3927 3264 4003 quippe
3313 3928 3501 3984 fuerat
3551 3930 3702 3983 vete-

1988 4035 2121 4079 rum
2150 4018 2299 4079 utin
2327 4017 2658 4093 genealogia
2688 4017 2946 4076 virorum
2977 4017 3076 4075 vix
3111 4015 3428 4091 aliquando
3465 4013 3702 4074 nomina

1986 4116 2267 4184 ponerent
2320 4106 2689 4166 feminarum.
2732 4105 2793 4165 Si
2838 4122 2973 4164 vero
3009 4105 3325 4164 mulierum
3363 4119 3547 4178 genus
3597 4118 3699 4162 vo-

1988 4198 2236 4257 luissent
2284 4196 2626 4264 describere,
2677 4211 2780 4269 per
2857 4195 3133 4254 mulieres
3199 4194 3347 4254 illud
3422 4192 3703 4251 curabant

1987 4285 2300 4359 aliquando
2354 4298 2688 4359 propagare.
2759 4284 3072 4342 Attestatur
3130 4291 3340 4341 nostrae
3395 4280 3704 4340 assertioni

183 4372 356 4431 stella
392 4388 469 4431 ex
504 4372 702 4442 Jacoh,
742 4378 798 4430 et
841 4379 1113 4446 exsurget
1162 4372 1335 4431 homo
1372 4371 1445 4432 de
1484 4372 1663 4431 Israel
1715 4375 1898 4437 (Num.
1990 4372 2176 4431 Lucas
2230 4370 2605 4444 evangelista,
2652 4371 2757 4445 qui
2799 4370 3135 4429 Zachariam
3190 4379 3407 4445 patrem
3463 4369 3704 4429 Joannis

184 4468 385 4536 XXIV).
419 4487 440 4514 ι
478 4463 665 4523 Hodie
699 4471 831 4522 nata
856 4471 940 4522 est
976 4463 1445 4538 splendidissima
1471 4463 1576 4522 illa
1605 4463 1789 4537 virgo,
1827 4476 2092 4538 exhper
2153 4459 2323 4519 virile
2383 4475 2569 4534 genus
2623 4458 2960 4530 ostendere,
3034 4458 3321 4516 Elisaheth
3391 4473 3530 4516 vero
3603 4471 3703 4530 per

181 4569 302 4628 qua
344 4553 619 4626 processit
668 4550 964 4625 speciosus
1015 4553 1199 4610 forma
1244 4567 1364 4625 prae
1413 4550 1551 4609 tiliis
1597 4543 2450 4609 hominum”sexumcuravit’
2478 4545 2826 4605 muliebrem
2851 4545 3174 4619 designare.
3233 4569 3253 4595 ι
3294 4544 3446 4615 Fuit,
3488 4543 3700 4616 inquit,

182 4651 469 4716 tanquam
536 4658 781 4716 sponsus
836 4642 908 4700 de
964 4641 1214 4701 thalamo
1290 4656 1397 4700 suo
1464 4644 1637 4710 (Psal.
1710 4647 1901 4711 XLIV).
1990 4635 2052 4693 in
2107 4635 2316 4693 diebus
2351 4634 2597 4692 Herodis
2644 4634 2798 4707 regis
2837 4633 3080 4704 Judzeaa,
3132 4634 3395 4691 sacerdos
3440 4632 3702 4707 quidam,

181 4730 377 4789 Hodie
412 4731 624 4805 prodiit
660 4747 735 4789 ex
772 4737 936 4789 utero
984 4731 1205 4801 matris,
1260 4745 1395 4804 qua:
1450 4728 1730 4804 templum
1781 4729 1904 4787 ﬁeri
1991 4727 2230 4785 nomine
2283 4723 2605 4796 Zacharias,
2647 4724 2718 4782 de
2756 4724 2881 4783 vice
2917 4723 3088 4789 Abia,
3127 4730 3183 4782 et
3221 4738 3372 4780 uxor
3408 4721 3492 4779 illi
3524 4722 3595 4779 de
3627 4720 3697 4777 li-

180 4820 407 4880 meruit
451 4817 791 4878 divinitatis.
841 4818 1023 4877 Hodie
1053 4818 1287 4891 impleta
1316 4825 1398 4876 est
1440 4817 1739 4892 prophetia
1778 4817 1900 4891 illa,
1991 4814 2180 4873 liabus
2212 4816 2406 4873 Aaron
2449 4816 2592 4887 (Luc.
2637 4814 2692 4885 l).
2727 4835 2754 4867 »
2798 4813 2872 4872 Ut
2912 4813 3193 4872 nimirum
3232 4826 3486 4883 congrue
3535 4809 3625 4868 vir
3666 4825 3700 4866 a

179 4925 370 4985 quam
406 4909 661 4968 eximius
694 4910 1105 4983 prophetarum
1161 4906 1337 4967 Isaias
1375 4907 1542 4983 quasi
1595 4922 1778 4982 praeco
1820 4907 1903 4966 fa-
1991 4909 2151 4979 viris,
2193 4907 2410 4966 femina
2437 4906 2736 4981 propagari
2770 4905 3065 4964 videretur
3090 4921 3124 4963 a
3156 4904 3411 4963 feminis.

178 5010 316 5060 ctus
353 5000 423 5059 ad
464 5001 779 5060 adventum
819 4998 1040 5073 regina)
1076 4999 1301 5071 mundi,
1354 5015 1565 5071 magna
1602 5014 1740 5058 voce
1785 4997 1904 5056 ela-
2061 4999 2367 5058 Mattheeus
2446 4996 2665 5075 igitur,
2717 4995 2820 5070 qui
2893 4995 3006 5053 viri
3070 4999 3440 5068 proposuerat
3493 4998 3702 5064 genus

178 5087 408 5159 mahat,
444 5087 683 5146 dicens:
737 5111 757 5139 ι
793 5086 1137 5161 Egredietur
1172 5087 1333 5161 virga
1383 5086 1453 5144 de
1495 5086 1686 5144 radice
1722 5085 1900 5158 Jesse,
1989 5087 2330 5159 describere,
2388 5085 2551 5144 illius
2604 5086 2842 5156 scilicet,
2905 5085 2975 5143 de
3037 5099 3154 5157 quo
3206 5100 3306 5158 per
3365 5080 3701 5155 prephetam

180 5186 241 5237 et
295 5177 404 5237 ﬂos
434 5177 506 5237 de
545 5177 738 5237 radice
775 5178 903 5251 ejus
940 5178 1209 5237 ascendet
1254 5179 1380 5251 (Isa.
1429 5180 1533 5244 XI).
1568 5201 1594 5225 »
1640 5177 1711 5234 Et
1757 5176 1904 5235 bene
1988 5181 2199 5241 dicitur
2230 5199 2243 5238 :
2283 5204 2309 5228 α
2343 5179 2488 5237 Ecce
2524 5178 2617 5236 vir
2655 5176 2860 5238 Oriens
2900 5191 3112 5234 nomen
3153 5176 3276 5249 ejus
3312 5175 3497 5235 (Zach.
3532 5180 3638 5242 γι),
3668 5191 3695 5225 ια

182 5268 316 5326 [περ
354 5267 828 5342 incomparabilis
868 5266 1044 5341 Virgo
1089 5268 1251 5341 virga
1291 5262 1436 5322 236
1486 5267 1717 5339 dicitur,
1768 5285 1901 5343 quae
1989 5270 2216 5329 erudite
2259 5282 2362 5343 per
2404 5266 2617 5340 Joseph
2655 5263 3004 5323 descendere
3054 5264 3269 5331 voluit;
3319 5260 3519 5319 Mariae
3566 5273 3701 5318 vero

178 5363 241 5414 et
288 5372 395 5431 per
433 5356 817 5415 intentionem
857 5356 1127 5416 desiderii
1161 5356 1230 5414 ad
1263 5372 1512 5430 superna
1549 5356 1805 5427 emicuit,
1846 5365 1903 5415 et
1992 5366 2256 5432 parentes
2284 5370 2501 5431 ponere
2539 5353 2899 5428 superﬂuum
2928 5352 3230 5425 judicavit.

180 5462 291 5519 per
354 5445 745 5505 sinceritatem
800 5446 938 5506 boni
994 5447 1185 5520 operis
1247 5445 1501 5504 distortae
1569 5444 1905 5505 nodositatis
2059 5445 2169 5517 Qui
2214 5460 2349 5517 ergo
2387 5450 2696 5518 parentum
2737 5440 2937 5500 Mariae
2974 5440 3239 5500 notitiam
3288 5439 3497 5500 habere
3546 5439 3699 5501 desi-

179 5536 403 5594 vitium
442 5551 555 5594 non
586 5536 853 5595 incurrit.
891 5536 970 5595 De
996 5553 1111 5610 qua
1149 5535 1314 5609 virga
1341 5535 1688 5608 Redemptor
1714 5540 1906 5593 noster
1988 5536 2166 5606 derat,
2217 5535 2287 5593 de
2329 5534 2549 5592 semine
2601 5548 2727 5592 eam
2770 5531 3042 5600 Abrahae,
3090 5530 3161 5588 de
3209 5529 3363 5588 tribu
3411 5529 3580 5599 Juda,
3628 5531 3699 5587 de

176 5624 364 5697 quasi
400 5626 508 5685 ﬂos
542 5626 823 5697 ascendit,
863 5627 968 5701 qui
1000 5626 1353 5699 martyribus
1383 5632 1437 5684 et
1474 5624 1904 5684 confessoribus
1991 5624 2147 5697 regia
2174 5623 2350 5698 stirpe
2388 5621 2593 5695 David,
2631 5621 2995 5681 descendisse
3031 5628 3349 5695 cognoscat.
3393 5616 3540 5676 237
3582 5618 3698 5678 No-
