4064 6208
334 232 438 293 755

952 232 1009 291 S.
1054 230 1277 290 PETRI
1320 228 1637 289 DAMIANI
1677 226 1834 287 OPP.
1880 227 2073 287 PARS
2114 227 2257 287 SEU
2295 227 2547 289 TOMUS
2584 229 2660 290 II.
2703 261 2772 274 —
2814 226 3232 291 SERMONES.

3730 231 3850 292 756

337 363 485 421 verit
532 354 781 437 quoque
818 376 946 419 eam
991 376 1126 419 cum
1182 357 1519 418 sacerdotali
1572 359 1766 417 Aaron
1832 358 2110 432 genereA
2203 357 2247 417 Ο
2287 358 2488 431 quanti
2528 358 2678 417 hanc
2707 338 3067 419 vindemiam
3100 356 3278 417 aridis
3316 358 3600 416 mentium
3652 360 3852 420 fauci-

340 450 700 525 cognatiouis
742 448 1016 507 habuisse
1074 446 1580 521 propinquitatem.
1634 446 1796 505 Unde
1843 447 1896 504 ei
1948 461 2051 520 per

341 540 615 613 angelum
650 539 861 597 dicitur
901 561 913 595 :
961 560 981 587 σ
1022 537 1091 594 Et
1130 552 1259 595 ecce
1308 536 1598 594 Elisabeth
1646 542 1884 608 cognata
1931 543 2046 607 tua,

341 637 397 686 et
441 629 563 701 ipsa
611 626 869 699 concepit
916 624 1104 683 tilium
1152 625 1212 682 iu
1252 630 1543 683 senectute
1577 640 1680 682 sua
1730 628 1880 694 (Luc.
1917 630 1985 691 ι).
2019 649 2045 673 ιο

344 717 413 774 Et
452 718 582 788 jure
628 714 977 787 Redemptor
1022 722 1218 772 noster
1263 714 1332 771 de
1374 712 1729 786 sacerdotali,
1774 712 1951 773 simul
1995 718 2052 771 et

344 806 496 877 regia
533 804 901 877 generatione
935 820 1164 861 carnem
1208 803 1496 876 suscipere
1546 803 1749 873 voluit,
1780 805 1880 878 qui
1922 804 2050 863 Rex

342 902 475 952 ante
521 893 736 951 saacula
777 893 1054 960 existens,
1083 899 1277 965 utpote
1314 909 1487 950 verus
1516 893 1796 963 sacerdos,
1839 901 2050 953 semet-

346 983 536 1054 ipsum
570 981 723 1039 Patri
753 996 856 1052 pro
889 980 1055 1039 nobis
1093 981 1393 1039 suavitatis
1422 980 1666 1039 hostiam
1703 982 2045 1042 immolavit.

344 1073 490 1130 Nam
541 1080 596 1129 et
642 1087 747 1130 rex
790 1071 970 1130 David
1009 1088 1141 1129 cum
1191 1086 1366 1145 panes
1425 1072 1855 1145 propositionis,
1906 1089 2052 1148 quos

344 1178 456 1219 non
494 1161 698 1220 licebat
728 1161 841 1219 nisi
873 1162 1011 1220 solis
1039 1162 1205 1219 edere
1234 1161 1629 1221 sacerdotibus
1681 1162 2053 1221 manducavit

344 1255 418 1311 (II
443 1255 573 1319 Reg.
612 1250 849 1321 XXI),in
896 1267 1009 1308 una
1046 1250 1360 1325 eademque
1390 1268 1632 1324 persona
1670 1253 1805 1311 Jesu
1839 1252 2051 1312 Christi

346 1340 575 1397 Domini
610 1341 792 1398 nostri
830 1347 1144 1414 utrumque
1176 1341 1460 1412 futurum,
1496 1342 1555 1399 id
1594 1348 1697 1405 est,
1728 1359 1971 1415 regnum
1999 1351 2054 1403 et

343 1429 750 1497 sacerdotium,
795 1429 1086 1500 figuravit.
1124 1429 1240 1486 Nec
1296 1429 1485 1486 solum
1539 1429 1820 1488 Mediator
1849 1432 1955 1491 Dei
2000 1439 2056 1491 et

349 1517 674 1585 hominum,
704 1516 877 1573 homo
904 1516 1186 1586 Christus,
1222 1518 1345 1575 Rex
1391 1524 1447 1575 et
1479 1517 1758 1578 Sacerdos
1797 1536 2054 1595 congrue

347 1604 579 1676 dicitur,
613 1604 711 1662 sed
741 1610 794 1663 et
829 1605 1166 1681 quicunque
1196 1605 1282 1663 illi
1310 1606 1556 1677 perfecto
1583 1623 1779 1666 amore
1805 1612 2051 1684 conjun-

2132 450 2239 511 bus
2278 450 2566 520 sitiebant,
2616 450 2821 524 quanti
2856 450 2927 508 ad
2964 456 3227 508 mustum
3262 448 3614 522 evangelicae
3641 450 3853 524 gratim

2130 541 2454 615 pertingere
2500 538 2875 599 inenarrabili
2910 538 3197 599 desiderio
3261 538 3616 609 ﬂagitabant.
3676 539 3853 600 Unde

2130 638 2185 689 et
2213 628 2514 703 discipulis
2543 627 2766 686 Veritas
2804 626 2943 685 dicit
2980 646 2993 684 :
3039 650 3064 675 α
3098 627 3285 684 Amen
3326 626 3453 685 dico
3485 627 3648 686 vobis
3682 630 3850 704 quod

2130 722 2299 781 multi
2356 721 2664 794 prophetes,
2727 725 2782 777 et
2830 734 2990 791 reges
3048 716 3358 775 voluerunt
3413 713 3557 772 238
3616 718 3845 787 videre,

2129 826 2265 885 quae
2302 825 2404 867 vos
2452 808 2681 877 videtis,
2728 813 2783 865 et
2824 821 2939 864 non
2986 804 3276 873 viderunt,
3328 810 3385 861 et
3434 804 3655 873 audire,
3703 821 3850 880 quae

2130 899 2362 967 auditis,
2395 903 2451 955 et
2489 912 2600 955 non
2636 896 2947 956 audierunt
2979 896 3129 962 (Luc.
3170 897 3325 962 XIX).
3361 915 3387 944 »
3425 892 3507 950 De
3536 894 3642 951 hac
3670 894 3851 954 vinea

2133 1004 2377 1062 sponsus
2426 988 2488 1044 in
2549 986 2799 1045 Canticis
2856 984 3212 1041 canticorum
3267 981 3545 1056 loquitur,
3597 983 3844 1041 dicens:

2135 1078 2469 1137 «‘Descendi
2523 1077 2593 1136 ad
2646 1078 2880 1135 hortum
2939 1088 3179 1143 nucum,
3236 1080 3300 1130 ut
3358 1072 3612 1130 viderem
3673 1088 3852 1146 poma

2131 1171 2508 1241 convallium,
2539 1176 2594 1227 et
2630 1169 2978 1243 inspicerem
3007 1168 3054 1224 si
3083 1165 3373 1224 ﬂoruisset
3412 1166 3600 1238 vinea,
3631 1173 3687 1225 et
3716 1181 3851 1239 ger-

2133 1257 2451 1316 minassent
2496 1255 2647 1313 mala
2687 1253 2898 1329 punica
2939 1256 3114 1327 (Cant.
3151 1254 3248 1325 VI).
3281 1274 3310 1307 »
3377 1252 3595 1313 Malum
3632 1255 3855 1328 quippe

2135 1347 2409 1421 punicum
2462 1360 2654 1404 amara
2702 1344 2937 1418 quidem
2986 1342 3193 1401 cortice
3234 1344 3469 1415 tegitur,
3513 1343 3610 1402 sed
3661 1342 3857 1402 dulcis

2134 1436 2195 1494 in
2249 1436 2375 1509 ejus
2428 1432 2694 1507 granulis
2737 1430 2991 1490 suavitas
3056 1431 3392 1491 occultatur.
3459 1430 3610 1491 Sunt
3653 1435 3858 1490 autem

2132 1522 2561 1596 nonnulli,qui,
2591 1521 2736 1579 dum
2763 1535 2865 1594 per
2885 1518 3210 1578 aﬂiictionis
3247 1520 3700 1579 amaritudinem
3728 1535 3863 1578 cru-

2132 1630 2256 1672 cem
2303 1611 2513 1671 Christi
2541 1609 2771 1669 assidue
2797 1608 3098 1684 patiuntur
3125 1608 3185 1666 in
3227 1624 3483 1684 corpore,
3515 1625 3615 1683 per
3633 1608 3862 1668 amoris

346 1692 522 1766 gitur,
563 1694 863 1767 utriusque
915 1694 1211 1767 dignitatis
1270 1696 1617 1754 vocabulum
1670 1701 2490 1775 promeretur.Bdesiderium
2538 1697 2842 1756 dulcedine
2895 1696 3396 1770 contemplationis
3448 1698 3675 1756 intimae
3722 1696 3859 1754 reﬁ-

350 1782 514 1842 Unde
565 1789 622 1841 et
658 1799 760 1857 per
807 1784 1042 1842 Petrum
1103 1785 1316 1843 dicitur
1373 1806 1384 1843 :
1448 1808 1469 1837 ι
1518 1786 1633 1845 Vos
1685 1789 1821 1846 estis
1879 1806 2063 1862 genus

347 1874 613 1943 electum,
646 1876 834 1949 regale
891 1877 1294 1948 sacerdotium,
1348 1894 1491 1950 gens
1543 1886 1755 1952 sancta,
1816 1884 2064 1956 populus

346 1964 747 2037 acquisitionis
804 1969 843 2039 (1
878 1969 1023 2022 Petr.
1080 1968 1157 2037 η).
1201 1993 1227 2015 »
1260 1967 1330 2025 Et
1382 1969 1443 2026 in
1495 1970 1840 2045 Apocalypsi
1886 1974 2064 2032 Joan-

352 2052 444 2109 nis
476 2072 488 2109 :
526 2074 547 2102 ι
585 2052 809 2125 Dignus
846 2070 926 2123 es,
959 2054 1205 2113 Domine
1247 2055 1419 2127 Deus,
1462 2057 1719 2132 accipere
1766 2060 1981 2121 librum
2007 2066 2065 2123 et

351 2140 575 2213 aperire
602 2141 898 2213 signacula
942 2143 1101 2215 ejus;
1137 2145 1413 2219 quoniam
1444 2148 1665 2205 occisus
1700 2163 1781 2219 es,
1813 2157 1871 2207 et
1900 2152 2061 2211 rede-

354 2231 509 2288 misti
566 2246 669 2290 nos
706 2231 824 2290 Deo
867 2232 931 2288 in
971 2231 1257 2304 sanguine
1300 2241 1398 2292 tuo
1443 2250 1518 2292 ex
1565 2236 1724 2294 omni
1782 2238 1954 2311 tribu,
2011 2247 2067 2300 et

356 2319 574 2391 lingua,
621 2327 675 2378 et
731 2320 961 2393 populo,
1017 2328 1071 2378 et
1116 2322 1370 2394 natione,
1430 2332 1484 2381 et
1547 2325 1728 2383 fecisti
1786 2342 1892 2386 nos
1949 2329 2065 2389 Deo

353 2417 549 2466 nostro
601 2424 867 2480 regnum,
902 2410 1239 2483 sacerdotes,
1266 2420 1321 2470 et
1350 2412 1722 2485 regnabimus
1751 2431 1925 2490 super
1954 2422 2066 2476 ter-

352 2514 474 2556 ram
522 2500 711 2571 (Apoc.
769 2500 841 2556 vl.
882 2522 903 2550 ι
962 2500 1147 2573 Reges
1194 2504 1350 2561 enim
1405 2519 1506 2576 per
1552 2503 1764 2562 Christi
1824 2506 2063 2578 gratiam

354 2604 579 2656 sumus,
628 2588 766 2662 quia
819 2590 1010 2647 crucis
1060 2592 1344 2651 vexillum
1401 2594 1464 2649 in
1521 2593 1706 2651 fronte
1745 2601 2063 2666 portamus.

356 2676 687 2734 Sacerdotes
720 2683 915 2735 autem
948 2679 1081 2749 jure
1118 2679 1385 2751 dicimur,
1418 2681 1558 2755 quia
1596 2682 1776 2741 sancti
1817 2683 2067 2757 Spiritus

357 2764 482 2823 oleo
517 2770 573 2820 ct
597 2763 924 2823 chrismatis
950 2766 1223 2825 unctione
1250 2768 1509 2827 linimur.

434 2852 586 2909 Inter
623 2859 827 2910 cuncta
864 2860 1057 2911 autem
1094 2855 1270 2927 hujus
1306 2858 1653 2916 veneranda)
1691 2859 2069 2921 solemnitatis

359 2942 633 3015 insignia,
685 2944 889 3001 fratres
934 2943 1278 3015 charissimi,
1338 2945 1481 3005 illud
1538 2948 1709 3007 etiam
1768 2966 1886 3009 non
1943 2952 2068 3010 sine

2146 1792 2381 1849 ciuntur
2420 1790 2480 1846 in
2525 1793 2739 1845 mente.
2783 1785 2934 1843 Mala
2983 1801 3117 1859 ergo
3162 1785 3370 1858 punica
3430 1788 3625 1859 sponsi
3682 1786 3863 1845 vinea

2146 1878 2451 1954 germinat,
2505 1876 2644 1950 quia
2693 1873 2835 1933 tales
2889 1889 3087 1947 parere
3134 1880 3330 1932 sancta
3388 1874 3640 1932 Ecclesia
3692 1890 3859 1933 nun-

2147 1982 2324 2041 quam
2365 1971 2565 2023 cessat.
2618 1963 2697 2022 De
2744 1964 2849 2021 hac
2894 1962 3093 2021 eadem
3130 1962 3299 2021 vinea
3345 1963 3404 2022 in
3444 1963 3662 2021 eisdem
3702 1963 3863 2022 Can-

2149 2054 2275 2113 ticis
2311 2068 2519 2127 sponsa
2555 2051 2627 2108 ad
2666 2065 2944 2123 sponsum
2990 2050 3267 2125 loquitur,
3308 2050 3507 2108 dicens
3550 2075 3564 2109 :
3629 2072 3657 2104 ‹‹
3690 2051 3865 2111 Mane

2148 2158 2455 2218 surgamus
2489 2140 2559 2199 ad
2601 2139 2857 2210 vineam,
2894 2139 3196 2198 videamus
3244 2140 3292 2198 si
3340 2139 3539 2197 ﬂoruit
3581 2139 3778 2209 vinea,
3812 2140 3865 2198 si

2149 2235 2315 2292 ﬂores
2364 2232 2587 2291 fructus
2634 2229 2993 2303 parturiunt;
3028 2227 3078 2286 si
3108 2228 3427 2287 ﬂoruerunt
3457 2229 3619 2287 mala‘
3644 2228 3865 2303 punica

2148 2325 2322 2396 (Cant.
2358 2323 2483 2391 v11).
2511 2343 2531 2369 ι
2578 2318 2769 2392 Hujus
2807 2316 2995 2375 vineae
3043 2317 3144 2374 ille
3188 2316 3571 2375 vindemiator
3611 2316 3861 2385 exstitit,

2148 2414 2249 2487 qui
2305 2413 2369 2470 in
2422 2409 2691 2470 torculari
2746 2407 3031 2481 passionis
3078 2423 3200 2466 suae
3271 2423 3523 2481 pressus,
3584 2409 3863 2481 mysticos

2148 2503 2319 2561 nobis
2356 2500 2544 2560 divini
2581 2498 2797 2572 eloquii
2835 2512 3041 2555 sensus
3081 2497 3326 2570 aperuit,
3360 2505 3415 2554 et
3455 2498 3663 2557 vinum
3698 2497 3865 2556 nobis

2149 2590 2499 2664 evangelicae
2524 2588 2725 2662 gratia;
2755 2586 3103 2661 propinavit.
3144 2586 3225 2644 De
3262 2601 3377 2659 quo
3418 2585 3687 2644 videlicet
3728 2586 3867 2644 vino

2148 2684 2211 2742 in
2248 2680 2463 2740 eisdem
2503 2677 2754 2737 Canticis
2792 2690 3019 2749 sponsae
3062 2689 3199 2733 voce
3227 2673 3298 2732 ad
3330 2690 3609 2747 sponsum
3647 2674 3865 2732 iterum

2148 2771 2360 2831 dicitur
2393 2793 2405 2827 :
2454 2790 2480 2823 α
2513 2767 2728 2828 Guttur
2764 2774 2929 2826 tuum
2970 2765 3117 2823 sicut
3163 2764 3369 2823 vinum
3411 2764 3724 2838 optimum,
3776 2763 3868 2822 di-

2147 2874 2329 2935 gnum
2356 2857 2565 2916 dilecto
2594 2870 2719 2914 meo
2746 2854 2818 2912 ad
2848 2854 3163 2927 potandum
3202 2856 3406 2926 (Ibid.).
3447 2877 3468 2905 ι

2222 2947 2394 3005 Hunc
2440 2945 2923 3004 vindemiatorem
2960 2950 3269 3001 cruentum
3316 2959 3417 3016 per
3453 2957 3684 3002 crucem
3736 2957 3865 3016 pas—

358 3031 632 3105 profundi
688 3048 859 3092 causa
926 3034 1187 3106 mysterii
1255 3035 1561 3106 contigisse
1637 3038 1926 3110 creditur;
2004 3036 2334 3131 utcsionis
2370 3034 2655 3131 sanguine
2699 3032 2869 3131 longe
2897 3038 3038 3130 ante
3071 3030 3248 3131 Isaias
3297 3035 3700 3131 prospexeratn
3736 3044 3870 3088 cum

360 3119 540 3178 Mater
572 3120 806 3178 Domini
850 3121 960 3180 sub
998 3122 1121 3193 ipso
1160 3137 1303 3194 pene
1340 3124 1766 3185 vindemiarum
1816 3135 2069 3203 tempore

326 3214 712 3267 nasceretur.
769 3209 934 3267 Nunc
981 3211 1195 3284 quippe
1254 3211 1558 3271 vinearum
1618 3216 1881 3288 palmites
1941 3235 2073 3292 pro-

364 3304 541 3358 ventu
571 3298 764 3357 onusti
786 3298 1076 3358 fructuum
1100 3299 1167 3357 ad
1188 3300 1306 3358 ima
1326 3301 1618 3375 deﬂuunt;
1649 3320 1805 3364 nunc
1826 3323 2073 3367 uvarum

362 3388 509 3446 botri
540 3389 777 3462 gravida
832 3390 1163 3447 maturitate
1197 3399 1566 3464 turgescunt;
1607 3411 1763 3454 nunc
1797 3397 2076 3470 agricola-

365 3494 497 3537 rum
536 3494 686 3549 spes,
734 3493 871 3551 qum
921 3485 1034 3537 toto
1076 3480 1213 3537 anni
1260 3481 1478 3540 circulo
1546 3499 1824 3557 suspensa
1870 3488 2074 3556 fuerat,

364 3568 573 3627 uberes
614 3570 881 3627 transacti
932 3570 1146 3629 laboris
1177 3588 1237 3629 se
1268 3587 1497 3646 carpere
1533 3575 1755 3634 fructus
1784 3578 2073 3647 exsultat;

365 3673 527 3715 nunc
577 3657 807 3715 arbores
865 3659 1175 3731 saporifera
1224 3661 1517 3721 fructuum
1576 3665 1857 3723 suavitate
1910 3665 2077 3725 redo-

366 3744 507 3816 lent,
540 3752 603 3803 ut
642 3761 827 3818 poma,
866 3763 997 3820 quia
1036 3748 1340 3807 acerbitate
1379 3767 1484 3809 sua
1521 3752 1825 3812 hominum
1876 3762 2079 3827 gustus

368 3842 867 3908 exasperaverant,
924 3845 1081 3908 grata
1154 3840 1486 3900 maturitate
1554 3844 1906 3903 demulcent.
1967 3844 2077 3904 Sed

367 3941 469 3998 per
511 3926 652 3994 haec,
699 3940 834 3999 quae
884 3926 1143 3985 exterius
1187 3930 1501 3996 cernimus,
1548 3933 1839 3991 reﬂecterc
1882 3935 2080 3992 oculos

368 4012 439 4070 ad
483 4013 757 4071 interiora
795 4011 1089 4071 debemus.
1136 4014 1316 4074 Vinea
1361 4019 1574 4093 quippe
1614 4037 1906 4096 synagoga
1936 4029 2074 4092 erat,

370 4117 502 4175 qua),
556 4101 699 4172 legis
739 4107 794 4158 et
820 4102 1229 4174 prophetarum
1269 4106 1439 4175 dicta,
1488 4110 1650 4181 quasi
1688 4110 1967 4183 plantaria
2007 4112 2078 4170 ad

370 4190 742 4262 proferendos
780 4191 1000 4250 fructus
1040 4201 1348 4267 acceperat.
1385 4194 1549 4253 Unde
1588 4205 1640 4253 et
1689 4215 1790 4271 per
1833 4202 2078 4274 prophe-

375 4286 486 4336 tam
528 4278 782 4337 dicitur:
828 4302 855 4332 ‹‹
892 4279 1069 4338 Vinea
1108 4289 1300 4339 autem
1344 4282 1609 4354 Sabaoth,
1655 4286 1862 4345 domus
1903 4287 2077 4347 Israel

2155 3123 2485 3201 prophetico
2516 3121 2723 3196 plenus
2771 3120 3000 3201 spiritu,
3032 3120 3141 3178 sub
3175 3120 3623 3193 interrogatione
3653 3120 3869 3177 clama-

2156 3217 2291 3275 bat:
2329 3236 2356 3267 ‹‹
2386 3212 2529 3283 Quis
2567 3217 2652 3269 est
2680 3212 2807 3282 iste,
2840 3210 2942 3285 qui
2982 3210 3141 3267 venit
3169 3210 3239 3267 de
3280 3209 3482 3280 Edom,
3533 3208 3726 3267 tinctis
3772 3224 3868 3267 ve-

2156 3307 2343 3367 stibus
2371 3306 2441 3364 de
2472 3304 2644 3372 Bosra
2671 3304 2698 3359 τ
2730 3323 2757 3356 ››
2784 3302 2854 3360 Et
2883 3301 3056 3375 paulo
3093 3304 3218 3374 post
3247 3320 3259 3357 :
3303 3324 3331 3354 (ι
3363 3298 3552 3369 Quare
3587 3314 3729 3372 ergo
3770 3315 3870 3359 ru-

2157 3400 2328 3457 brum
2361 3401 2447 3454 est
2480 3394 2895 3452 indumentum
2935 3399 3120 3461 tuum,
3153 3399 3211 3449 et
3253 3393 3665 3451 vestimentum
3701 3398 3869 3451 tuum

2158 3488 2306 3546 sicut
2332 3483 2679 3544 calcantium
2704 3483 2765 3540 in
2794 3481 3109 3563 torculari?
3138 3504 3163 3532 ιι
3186 3486 3317 3550 (Isa.
3344 3485 3530 3555 LXIII.)
3553 3482 3870 3540 Indumen-

2159 3582 2284 3633 tum
2312 3574 2525 3646 quippe
2552 3570 2765 3628 Christi
2804 3568 2953 3627 nihil
2989 3576 3074 3627 est
3103 3568 3284 3639 aliud,
3313 3570 3426 3627 nisi
3472 3585 3684 3643 corpus
3710 3567 3865 3645 quod

2159 3663 2405 3736 sumpsit
2450 3677 2523 3719 ex
2580 3660 2815 3717 domina
2865 3665 2921 3716 et
2977 3657 3203 3732 virgine
3253 3658 3451 3719 Maria.
3507 3660 3621 3718 Nec
3672 3666 3867 3719 tamen

2157 3752 2318 3812 aliud
2367 3757 2452 3809 est
2504 3749 2914 3807 vestimentum
2965 3747 3108 3820 ejus,
3144 3754 3318 3820 atque
3347 3746 3495 3806 illud
3534 3747 3676 3821 ipse.
3719 3748 3865 3807 Nam

2159 3850 2419 3903 nostrum
2441 3854 2672 3913 quoque
2702 3839 3107 3897 vestimentum
3133 3853 3263 3895 caro
3282 3838 3514 3909 dicitur,
3545 3837 3643 3895 sed
3674 3844 3864 3895 tamen

2158 3933 2270 4007 ipsi
2315 3945 2423 3989 nos
2475 3944 2679 3987 sumus
2721 3942 2871 3997 caro,
2914 3941 3026 4001 qua
3066 3927 3367 3984 vestimur.
3420 3925 3502 3984 De
3538 3926 3645 3984 hoc
3689 3926 3863 3985 vesti-

2158 4028 2355 4080 mento
2409 4034 2507 4093 per
2561 4017 2848 4076 Joannem
2905 4015 3117 4073 dicitur
3156 4038 3169 4072 :
3223 4036 3243 4065 ι
3278 4014 3542 4073 Habebat
3586 4015 3650 4073 in
3689 4016 3867 4073 vesti-

2160 4116 2373 4181 mento,
2421 4116 2475 4166 et
2512 4109 2571 4166 in
2622 4108 2837 4165 femore
2878 4120 2984 4164 suo
3019 4104 3316 4177 scriptum,
3362 4105 3489 4164 Rex
3535 4120 3766 4178 regum,
3812 4111 3866 4163 et

2158 4200 2446 4259 Dominus
2502 4195 2929 4255 dominantium
2983 4198 3170 4268 (Apoc.
3234 4198 3382 4257 Xlxl.
3432 4222 3454 4244 ιι
3512 4196 3620 4254 Per
3672 4195 3865 4253 femur

2159 4289 2369 4364 quippe
2414 4284 2744 4360 propagatio
2786 4283 2977 4343 carnis
3020 4282 3102 4340 ﬁt.
3139 4282 3248 4353 Qui
3292 4299 3428 4357 ergo
3460 4299 3557 4357 per
3598 4281 3864 4356 propagi-

372 4376 456 4427 est
502 4370 631 4436 (Isa.
674 4368 756 4437 v).
786 4389 813 4421 »
854 4368 926 4426 Et
970 4368 1271 4428 Psalmista
1316 4394 1327 4428 :
1385 4396 1411 4420 ‹‹
1448 4371 1709 4444 Vineam,
1760 4374 1970 4450 inquit,
2003 4393 2141 4450 ex“
2165 4393 2295 4436 nem
2322 4373 2549 4447 generis
2570 4373 2813 4431 humani
2844 4374 2905 4431 in
2929 4370 3216 4430 mundum
3248 4373 3406 4430 hunc
3443 4372 3601 4429 venit
3629 4386 3703 4428 ex
3733 4369 3866 4427 Vir-

372 4458 619 4531 zEgypto
674 4458 1015 4517 transtulisti
1067 4463 1232 4531 (Psal.
1291 4467 1518 4535 LXXIX).
1555 4486 1582 4519 »
1656 4464 1816 4524 Sicut
1880 4476 2075 4527 autem

373 4547 676 4605 vinearum
734 4548 961 4607 fructus
1024 4557 1136 4607 toto
1186 4566 1344 4610 anno
1394 4560 1781 4624 exspectatur,
1839 4555 1899 4612 in
1957 4555 2079 4615 solo

372 4652 509 4695 vero
544 4643 826 4695 autumno
871 4636 1206 4711 colligitur;
1246 4640 1329 4698 sic
1366 4642 1669 4713 nimirum,
1707 4643 1790 4702 sic
1827 4643 2076 4702 Redem-

374 4733 500 4799 ptor
556 4734 766 4796 noster,
823 4742 995 4799 quem
1052 4727 1144 4785 lex
1196 4731 1665 4803 praesignaverat,
1718 4748 1892 4808 quem
1952 4748 2079 4806 pro-

375 4816 563 4889 phetae
612 4815 1021 4887 praedixerant,
1073 4833 1248 4889 quem
1296 4819 1479 4876 sancti
1526 4835 1728 4877 omnes
1775 4821 1847 4877 ab
1892 4822 2076 4879 Adam

373 4919 558 4974 usque
597 4902 670 4959 ad
710 4910 1047 4961 transactam
1078 4905 1342 4977 quintam
1386 4913 1609 4963 aetatem
1658 4922 1887 4966 summo
1924 4908 2079 4966 desi-

373 4992 531 5051 derio
583 4998 1070 5064 exspectaverant,
1102 4993 1163 5050 in
1203 4994 1325 5051 solo
1361 4993 1557 5051 Mariae
1591 5002 1841 5068 tempore
1884 4996 2076 5067 venit;

372 5088 427 5139 et
462 5091 598 5140 tunc
625 5080 795 5154 quasi
831 5080 1037 5139 vinum
1075 5097 1145 5139 ex
1170 5082 1572 5153 spiritualibus
1615 5100 1743 5143 thlS
1774 5086 2076 5158 expressit,

372 5171 510 5242 quia
542 5168 780 5227 latentes
797 5172 821 5196 "
843 5177 1057 5228 sustetn
1072 5170 1201 5242 phia
1232 5170 1437 5229 littera:
1458 5174 1730 5244 mysticos
1754 5173 2081 5233 intellectus

372 5260 617 5330 aperuit.
676 5256 836 5315 Unde
889 5266 945 5316 et
1004 5275 1100 5332 per
1145 5261 1481 5332 Apostolum
1533 5260 1745 5320 dicitur
1793 5281 1805 5320 :
1873 5285 1899 5315 ‹‹
1933 5264 2079 5323 Cum

370 5354 565 5404 autem
626 5347 780 5404 venit
839 5346 1135 5419 plenitudo
1192 5350 1477 5424 temporis,
1541 5351 1699 5409 misit
1764 5352 1920 5411 Deus
1982 5355 2079 5412 Fi-

372 5434 520 5495 lium
578 5453 748 5495 suum
804 5439 1015 5495 factum
1075 5454 1145 5495 ex
1206 5439 1468 5508 muliere,
1530 5442 1741 5500 factum
1798 5443 1907 5501 sub
1958 5444 2081 5515 lege

375 5527 520 5601 (Gal.
545 5528 647 5595 ιν).
674 5545 700 5574 η

2093 4429 2142 4488 D

2162 4467 2317 4539 gine,
2344 4472 2399 4523 et
2428 4479 2526 4536 per
2562 4463 2985 4522 Incarnationis
3015 4478 3137 4521 suae
3176 4464 3537 4536 mysterium,
3569 4461 3703 4536 quia
3740 4460 3864 4519 Rex

2160 4562 2326 4619 esset,
2381 4561 2437 4611 et
2493 4553 2795 4622 Dominus,
2849 4552 3072 4609 cunctis
3127 4549 3399 4623 gentibus
3453 4549 3752 4615 indicavit,
3811 4547 3868 4604 in

2159 4642 2502 4702 vestimento
2523 4648 2578 4698 et
2602 4641 2661 4698 in
2695 4640 2905 4697 femore
2929 4640 3211 4713 scriptum
3238 4638 3440 4698 habuit
3469 4658 3480 4695 :
3507 4638 3633 4696 Rex
3663 4652 3868 4710 regum

2159 4739 2214 4791 et
2245 4731 2531 4789 Dominus
2560 4729 3009 4788 dominantium.
3051 4729 3211 4788 Unde
3252 4730 3409 4787 enim
3449 4726 3669 4785 mundo
3696 4726 3867 4783 inno-

2163 4821 2289 4887 tuit,
2344 4819 2422 4877 ibi
2479 4817 2777 4877 scientiam
2831 4834 2955 4876 suae
3019 4818 3332 4892 majestatis
3384 4814 3691 4886 inscripsit.
3748 4813 3871 4870 Hoc

2159 4917 2350 4967 autem
2382 4907 2793 4967 indumentum
2822 4908 3065 4967 rubrum
3091 4908 3385 4981 prophette
3408 4904 3691 4979 apparuit,
3729 4903 3869 4977 quia

2162 4998 2507 5069 Redemptor
2538 5004 2729 5055 noster
2757 4996 3057 5071 proprium
3097 5011 3200 5070 pro
3240 4995 3633 5069 redemptione
3676 4997 3869 5050 nostra

2160 5085 2507 5159 sanguinem
2560 5085 2728 5143 fudit.
2786 5085 2892 5142 Cui
2950 5084 3073 5157 ipse
3127 5083 3474 5157 respondit:
3530 5104 3557 5135 ‹‹
3594 5081 3871 5141 Torcular

2160 5175 2373 5234 calcavi
2445 5174 2620 5237 solus.
2671 5180 2726 5231 et
2774 5174 2844 5231 de
2879 5173 3153 5245 gentibus
3201 5188 3314 5232 non
3366 5179 3449 5230 est
3493 5172 3585 5230 vir
3637 5185 3865 5228 mecum

2162 5265 2285 5337 (Isa.
2326 5265 2510 5334 Lxm).
2545 5284 2572 5313 »
2617 5261 2789 5320 Solus
2831 5262 2985 5319 enim
3032 5260 3304 5331 torcular,
3347 5259 3407 5317 in
3454 5274 3571 5334 quo
3618 5260 3868 5317 calcatus

2160 5359 2265 5421 est,
2291 5350 2569 5420 calcavit;
2601 5350 2738 5424 quia
2766 5366 2871 5407 sua
2895 5349 3147 5423 potentia
3179 5365 3328 5419 eam,
3355 5364 3532 5424 quam
3563 5347 3865 5415 sustinuit,

2162 5443 2487 5516 passionem
2528 5440 2682 5499 vicit.
2724 5440 2866 5498 Nam
2905 5441 3010 5514 qui
3048 5456 3232 5515 usque
3273 5441 3344 5498 ad
3399 5445 3642 5497 mortem
3681 5435 3868 5497 crucis

2162 5530 2490 5605 patibulum
2521 5527 2780 5603 pertulit,
2811 5528 2882 5586 de
2913 5534 3094 5587 morte
3126 5528 3249 5601 ipsa
3285 5543 3419 5587 cum
3455 5528 3639 5603 gloria
3669 5540 3864 5586 resur-
