  <div class='ocr_page' id='page_1' title='image "/cluster/home/n/w/nwhite01/storage/ocr_20150623/144/hvd.32044054760046/384.png"; bbox 0 0 4022 6206; ppageno 0'>
   <div class='ocr_carea' id='block_1_1' title="bbox 203 314 307 374">
    <p class='ocr_par' dir='ltr' id='par_1_1' title="bbox 203 314 307 374">
     <span class='ocr_line' id='line_1_1' title="bbox 203 314 307 374; baseline -0.038 1"><span class='ocrx_word' id='word_1_1' title='bbox 203 314 307 374; x_wconf 86' lang='grc'>757</span> 
     </span>
    </p>
   </div>
   <div class='ocr_carea' id='block_1_2' title="bbox 1714 317 2202 379">
    <p class='ocr_par' dir='ltr' id='par_1_2' title="bbox 1714 317 2202 379">
     <span class='ocr_line' id='line_1_2' title="bbox 1714 317 2202 379; baseline 0 0"><span class='ocrx_word' id='word_1_2' title='bbox 1714 317 1960 379; x_wconf 81' lang='lat' dir='ltr'><strong>SERMO</strong></span> <span class='ocrx_word' id='word_1_3' title='bbox 1996 318 2202 379; x_wconf 85' lang='lat' dir='ltr'><strong>XLVI.</strong></span> 
     </span>
    </p>
   </div>
   <div class='ocr_carea' id='block_1_3' title="bbox 3617 317 3725 376">
    <p class='ocr_par' dir='ltr' id='par_1_3' title="bbox 3617 317 3725 376">
     <span class='ocr_line' id='line_1_3' title="bbox 3617 317 3725 376; baseline 0.019 -2"><span class='ocrx_word' id='word_1_4' title='bbox 3617 317 3725 376; x_wconf 75' lang='lat'><strong>758</strong></span> 
     </span>
    </p>
   </div>
   <div class='ocr_carea' id='block_1_4' title="bbox 202 437 3733 518">
    <p class='ocr_par' dir='ltr' id='par_1_4' title="bbox 202 437 3733 518">
     <span class='ocr_line' id='line_1_4' title="bbox 202 437 3733 518; baseline 0 -20"><span class='ocrx_word' id='word_1_5' title='bbox 202 438 375 498; x_wconf 82' lang='lat' dir='ltr'><strong>rexit.</strong></span> <span class='ocrx_word' id='word_1_6' title='bbox 406 437 559 495; x_wconf 89' lang='lat' dir='ltr'><strong>Bene</strong></span> <span class='ocrx_word' id='word_1_7' title='bbox 605 442 799 496; x_wconf 86' lang='lat' dir='ltr'><strong>autem</strong></span> <span class='ocrx_word' id='word_1_8' title='bbox 842 438 1074 511; x_wconf 88' lang='lat' dir='ltr'><strong>dicitur,</strong></span> <span class='ocrx_word' id='word_1_9' title='bbox 1114 465 1140 489; x_wconf 74' lang='grc' dir='ltr'><strong><em>α</em></strong></span> <span class='ocrx_word' id='word_1_10' title='bbox 1179 446 1233 498; x_wconf 88' lang='lat' dir='ltr'><strong>et</strong></span> <span class='ocrx_word' id='word_1_11' title='bbox 1271 440 1342 498; x_wconf 90' lang='lat' dir='ltr'><strong>de</strong></span> <span class='ocrx_word' id='word_1_12' title='bbox 1376 441 1650 515; x_wconf 83' lang='lat' dir='ltr'><strong>gentibus</strong></span> <span class='ocrx_word' id='word_1_13' title='bbox 1682 457 1797 500; x_wconf 91' lang='lat' dir='ltr'><strong>non</strong></span> <span class='ocrx_word' id='word_1_14' title='bbox 1835 442 2183 511; x_wconf 84' lang='lat' dir='ltr'><strong>estAvariis</strong></span> <span class='ocrx_word' id='word_1_15' title='bbox 2222 458 2400 502; x_wconf 66' lang='lat' dir='ltr'><strong>sacra:</strong></span> <span class='ocrx_word' id='word_1_16' title='bbox 2448 442 2763 518; x_wconf 64' lang='lat' dir='ltr'><strong>Scriptura:</strong></span> <span class='ocrx_word' id='word_1_17' title='bbox 2808 437 3125 510; x_wconf 80' lang='lat' dir='ltr'><strong>sententiis,</strong></span> <span class='ocrx_word' id='word_1_18' title='bbox 3168 439 3327 498; x_wconf 91' lang='lat' dir='ltr'><strong>velut</strong></span> <span class='ocrx_word' id='word_1_19' title='bbox 3377 455 3453 498; x_wconf 91' lang='lat' dir='ltr'><strong>ex</strong></span> <span class='ocrx_word' id='word_1_20' title='bbox 3487 440 3733 499; x_wconf 83' lang='lat' dir='ltr'><strong>diversis</strong></span> 
     </span>
    </p>
   </div>
   <div class='ocr_carea' id='block_1_5' title="bbox 204 528 1919 607">
    <p class='ocr_par' dir='ltr' id='par_1_5' title="bbox 204 528 1919 607">
     <span class='ocr_line' id='line_1_5' title="bbox 204 528 1919 607; baseline 0.003 -22"><span class='ocrx_word' id='word_1_21' title='bbox 204 529 298 586; x_wconf 88' lang='lat' dir='ltr'><strong>vir</strong></span> <span class='ocrx_word' id='word_1_22' title='bbox 326 541 577 596; x_wconf 87' lang='lat' dir='ltr'><strong>mecum,</strong></span> <span class='ocrx_word' id='word_1_23' title='bbox 610 547 639 580; x_wconf 75' lang='grc' dir='ltr'><strong>ι)</strong></span> <span class='ocrx_word' id='word_1_24' title='bbox 664 528 807 600; x_wconf 91' lang='lat' dir='ltr'><strong>quia</strong></span> <span class='ocrx_word' id='word_1_25' title='bbox 832 528 896 596; x_wconf 90' lang='lat' dir='ltr'><strong>ii,</strong></span> <span class='ocrx_word' id='word_1_26' title='bbox 931 545 1032 602; x_wconf 90' lang='lat' dir='ltr'><strong>pro</strong></span> <span class='ocrx_word' id='word_1_27' title='bbox 1073 530 1291 606; x_wconf 88' lang='lat' dir='ltr'><strong>quibus</strong></span> <span class='ocrx_word' id='word_1_28' title='bbox 1331 532 1447 605; x_wconf 88' lang='lat' dir='ltr'><strong>pati</strong></span> <span class='ocrx_word' id='word_1_29' title='bbox 1491 538 1745 602; x_wconf 86' lang='lat' dir='ltr'><strong>venerat,</strong></span> <span class='ocrx_word' id='word_1_30' title='bbox 1789 548 1919 607; x_wconf 86' lang='lat' dir='ltr'><strong>pas-</strong></span> 
     </span>
    </p>
   </div>
   <div class='ocr_carea' id='block_1_6' title="bbox 201 615 1918 695">
    <p class='ocr_par' dir='ltr' id='par_1_6' title="bbox 201 615 1918 695">
     <span class='ocr_line' id='line_1_6' title="bbox 201 615 1918 695; baseline 0.003 -21"><span class='ocrx_word' id='word_1_31' title='bbox 201 615 385 674; x_wconf 89' lang='lat' dir='ltr'><strong>sionis</strong></span> <span class='ocrx_word' id='word_1_32' title='bbox 440 615 569 690; x_wconf 83' lang='lat' dir='ltr'><strong>ejus</strong></span> <span class='ocrx_word' id='word_1_33' title='bbox 618 630 743 674; x_wconf 89' lang='lat' dir='ltr'><strong>esse</strong></span> <span class='ocrx_word' id='word_1_34' title='bbox 793 618 1095 690; x_wconf 84' lang='lat' dir='ltr'><strong>participes</strong></span> <span class='ocrx_word' id='word_1_35' title='bbox 1146 619 1450 679; x_wconf 86' lang='lat' dir='ltr'><strong>debebant.</strong></span> <span class='ocrx_word' id='word_1_36' title='bbox 1492 620 1602 691; x_wconf 89' lang='lat' dir='ltr'><strong>Qui</strong></span> <span class='ocrx_word' id='word_1_37' title='bbox 1660 636 1760 695; x_wconf 90' lang='lat' dir='ltr'><strong>pro</strong></span> <span class='ocrx_word' id='word_1_38' title='bbox 1829 636 1918 691; x_wconf 90' lang='lat' dir='ltr'><strong>eo,</strong></span> 
     </span>
    </p>
   </div>
   <div class='ocr_carea' id='block_1_7' title="bbox 202 704 1920 783">
    <p class='ocr_par' dir='ltr' id='par_1_7' title="bbox 202 704 1920 783">
     <span class='ocr_line' id='line_1_7' title="bbox 202 704 1920 783; baseline 0.002 -20"><span class='ocrx_word' id='word_1_39' title='bbox 202 705 360 780; x_wconf 86' lang='lat' dir='ltr'><strong>quod</strong></span> <span class='ocrx_word' id='word_1_40' title='bbox 400 704 649 763; x_wconf 85' lang='lat' dir='ltr'><strong>necdum</strong></span> <span class='ocrx_word' id='word_1_41' title='bbox 684 705 1069 779; x_wconf 85' lang='lat' dir='ltr'><strong>crediderant,</strong></span> <span class='ocrx_word' id='word_1_42' title='bbox 1100 709 1172 767; x_wconf 91' lang='lat' dir='ltr'><strong>de</strong></span> <span class='ocrx_word' id='word_1_43' title='bbox 1225 709 1364 783; x_wconf 89' lang='lat' dir='ltr'><strong>ipsis</strong></span> <span class='ocrx_word' id='word_1_44' title='bbox 1400 710 1460 769; x_wconf 92' lang='lat' dir='ltr'><strong>in</strong></span> <span class='ocrx_word' id='word_1_45' title='bbox 1501 710 1920 769; x_wconf 85' lang='lat' dir='ltr'><strong>resurrectione</strong></span> 
     </span>
    </p>
   </div>
   <div class='ocr_carea' id='block_1_8' title="bbox 202 793 1915 871">
    <p class='ocr_par' dir='ltr' id='par_1_8' title="bbox 202 793 1915 871">
     <span class='ocr_line' id='line_1_8' title="bbox 202 793 1915 871; baseline 0.002 -19"><span class='ocrx_word' id='word_1_46' title='bbox 202 793 599 867; x_wconf 86' lang='lat' dir='ltr'><strong>conqueritur,</strong></span> <span class='ocrx_word' id='word_1_47' title='bbox 634 809 883 865; x_wconf 89' lang='lat' dir='ltr'><strong>quorum</strong></span> <span class='ocrx_word' id='word_1_48' title='bbox 917 796 1033 854; x_wconf 89' lang='lat' dir='ltr'><strong>vita</strong></span> <span class='ocrx_word' id='word_1_49' title='bbox 1059 797 1120 855; x_wconf 92' lang='lat' dir='ltr'><strong>in</strong></span> <span class='ocrx_word' id='word_1_50' title='bbox 1153 798 1278 871; x_wconf 89' lang='lat' dir='ltr'><strong>ejus</strong></span> <span class='ocrx_word' id='word_1_51' title='bbox 1314 805 1496 856; x_wconf 90' lang='lat' dir='ltr'><strong>morte</strong></span> <span class='ocrx_word' id='word_1_52' title='bbox 1530 799 1915 871; x_wconf 69' lang='lat' dir='ltr'><strong>quaerebatur.</strong></span> 
     </span>
    </p>
   </div>
   <div class='ocr_carea' id='block_1_9' title="bbox 202 882 1915 961">
    <p class='ocr_par' dir='ltr' id='par_1_9' title="bbox 202 882 1915 961">
     <span class='ocr_line' id='line_1_9' title="bbox 202 882 1915 961; baseline 0.001 -19"><span class='ocrx_word' id='word_1_53' title='bbox 202 884 334 957; x_wconf 85' lang='lat' dir='ltr'><strong>Ipse</strong></span> <span class='ocrx_word' id='word_1_54' title='bbox 380 882 555 941; x_wconf 83' lang='lat' dir='ltr'><strong>etiam</strong></span> <span class='ocrx_word' id='word_1_55' title='bbox 610 883 746 941; x_wconf 88' lang='lat' dir='ltr'><strong>vitis</strong></span> <span class='ocrx_word' id='word_1_56' title='bbox 792 883 1020 955; x_wconf 87' lang='lat' dir='ltr'><strong>dicitur,</strong></span> <span class='ocrx_word' id='word_1_57' title='bbox 1081 887 1229 945; x_wconf 90' lang='lat' dir='ltr'><strong>sicut</strong></span> <span class='ocrx_word' id='word_1_58' title='bbox 1284 903 1386 961; x_wconf 90' lang='lat' dir='ltr'><strong>per</strong></span> <span class='ocrx_word' id='word_1_59' title='bbox 1420 888 1802 960; x_wconf 85' lang='lat' dir='ltr'><strong>semetipsum</strong></span> <span class='ocrx_word' id='word_1_60' title='bbox 1853 887 1915 945; x_wconf 89' lang='lat' dir='ltr'><strong>in</strong></span> 
     </span>
    </p>
   </div>
   <div class='ocr_carea' id='block_1_10' title="bbox 201 972 1916 1052">
    <p class='ocr_par' dir='ltr' id='par_1_10' title="bbox 201 972 1916 1052">
     <span class='ocr_line' id='line_1_10' title="bbox 201 972 1916 1052; baseline 0.004 -22"><span class='ocrx_word' id='word_1_61' title='bbox 201 972 521 1045; x_wconf 85' lang='lat' dir='ltr'><strong>Evangelio</strong></span> <span class='ocrx_word' id='word_1_62' title='bbox 552 979 837 1031; x_wconf 86' lang='lat' dir='ltr'><strong>testatur:</strong></span> <span class='ocrx_word' id='word_1_63' title='bbox 882 996 909 1027; x_wconf 86' lang='grc'>‹‹</span> <span class='ocrx_word' id='word_1_64' title='bbox 946 974 1085 1048; x_wconf 88' lang='lat' dir='ltr'><strong>Ego,</strong></span> <span class='ocrx_word' id='word_1_65' title='bbox 1135 978 1355 1052; x_wconf 90' lang='lat' dir='ltr'><strong>inquit,</strong></span> <span class='ocrx_word' id='word_1_66' title='bbox 1398 995 1527 1038; x_wconf 91' lang='lat' dir='ltr'><strong>sum</strong></span> <span class='ocrx_word' id='word_1_67' title='bbox 1584 979 1717 1038; x_wconf 87' lang='lat' dir='ltr'><strong>vitis</strong></span> <span class='ocrx_word' id='word_1_68' title='bbox 1763 994 1916 1049; x_wconf 90' lang='lat' dir='ltr'><strong>vera,</strong></span> 
     </span>
    </p>
   </div>
   <div class='ocr_carea' id='block_1_11' title="bbox 200 1060 1460 1136">
    <p class='ocr_par' dir='ltr' id='par_1_11' title="bbox 200 1060 1460 1136">
     <span class='ocr_line' id='line_1_11' title="bbox 200 1060 1460 1136; baseline -0.001 -18"><span class='ocrx_word' id='word_1_69' title='bbox 200 1067 260 1118; x_wconf 88' lang='lat' dir='ltr'><strong>et</strong></span> <span class='ocrx_word' id='word_1_70' title='bbox 292 1060 459 1118; x_wconf 89' lang='lat' dir='ltr'><strong>Pater</strong></span> <span class='ocrx_word' id='word_1_71' title='bbox 477 1074 648 1119; x_wconf 88' lang='lat' dir='ltr'><strong>meus</strong></span> <span class='ocrx_word' id='word_1_72' title='bbox 668 1061 918 1134; x_wconf 85' lang='lat' dir='ltr'><strong>agricola</strong></span> <span class='ocrx_word' id='word_1_73' title='bbox 945 1068 1030 1120; x_wconf 91' lang='lat' dir='ltr'><strong>est</strong></span> <span class='ocrx_word' id='word_1_74' title='bbox 1062 1066 1239 1131; x_wconf 87' lang='lat' dir='ltr'><strong>(Joan.</strong></span> <span class='ocrx_word' id='word_1_75' title='bbox 1274 1069 1400 1136; x_wconf 84' lang='lat' dir='ltr'><strong>XV).</strong></span> <span class='ocrx_word' id='word_1_76' title='bbox 1432 1085 1460 1118; x_wconf 77' lang='grc' dir='ltr'><strong>ι)</strong></span> 
     </span>
    </p>
   </div>
   <div class='ocr_carea' id='block_1_12' title="bbox 274 1148 1916 1226">
    <p class='ocr_par' dir='ltr' id='par_1_12' title="bbox 274 1148 1916 1226">
     <span class='ocr_line' id='line_1_12' title="bbox 274 1148 1916 1226; baseline 0.002 -19"><span class='ocrx_word' id='word_1_77' title='bbox 274 1148 418 1207; x_wconf 57' lang='lat' dir='ltr'><strong>Hac</strong></span> <span class='ocrx_word' id='word_1_78' title='bbox 468 1148 719 1222; x_wconf 89' lang='lat' dir='ltr'><strong>denique</strong></span> <span class='ocrx_word' id='word_1_79' title='bbox 757 1150 1142 1210; x_wconf 88' lang='lat' dir='ltr'><strong>sacratissima</strong></span> <span class='ocrx_word' id='word_1_80' title='bbox 1172 1153 1307 1211; x_wconf 91' lang='lat' dir='ltr'><strong>vitis</strong></span> <span class='ocrx_word' id='word_1_81' title='bbox 1354 1159 1535 1212; x_wconf 90' lang='lat' dir='ltr'><strong>totum</strong></span> <span class='ocrx_word' id='word_1_82' title='bbox 1575 1168 1677 1226; x_wconf 89' lang='lat' dir='ltr'><strong>per</strong></span> <span class='ocrx_word' id='word_1_83' title='bbox 1719 1153 1916 1211; x_wconf 91' lang='lat' dir='ltr'><strong>orbem</strong></span> 
     </span>
    </p>
   </div>
   <div class='ocr_carea' id='block_1_13' title="bbox 200 1235 1915 1319">
    <p class='ocr_par' dir='ltr' id='par_1_13' title="bbox 200 1235 1915 1319">
     <span class='ocr_line' id='line_1_13' title="bbox 200 1235 1915 1319; baseline 0.005 -27"><span class='ocrx_word' id='word_1_84' title='bbox 200 1235 351 1293; x_wconf 83' lang='lat'><strong>239</strong></span> <span class='ocrx_word' id='word_1_85' title='bbox 396 1246 687 1298; x_wconf 85' lang='lat' dir='ltr'><strong>sarmenta</strong></span> <span class='ocrx_word' id='word_1_86' title='bbox 747 1240 1002 1310; x_wconf 87' lang='lat' dir='ltr'><strong>tetendit,</strong></span> <span class='ocrx_word' id='word_1_87' title='bbox 1048 1242 1185 1315; x_wconf 91' lang='lat' dir='ltr'><strong>quia</strong></span> <span class='ocrx_word' id='word_1_88' title='bbox 1240 1243 1460 1319; x_wconf 88' lang='lat' dir='ltr'><strong>ubique</strong></span> <span class='ocrx_word' id='word_1_89' title='bbox 1506 1242 1739 1301; x_wconf 90' lang='lat' dir='ltr'><strong>dilatata</strong></span> <span class='ocrx_word' id='word_1_90' title='bbox 1793 1242 1915 1301; x_wconf 85' lang='lat' dir='ltr'><strong>fru-</strong></span> 
     </span>
    </p>
   </div>
   <div class='ocr_carea' id='block_1_14' title="bbox 198 1325 1915 1405">
    <p class='ocr_par' dir='ltr' id='par_1_14' title="bbox 198 1325 1915 1405">
     <span class='ocr_line' id='line_1_14' title="bbox 198 1325 1915 1405; baseline 0.003 -22"><span class='ocrx_word' id='word_1_91' title='bbox 198 1325 501 1398; x_wconf 84' lang='lat' dir='ltr'><strong>ctificans,</strong></span> <span class='ocrx_word' id='word_1_92' title='bbox 533 1327 703 1399; x_wconf 90' lang='lat' dir='ltr'><strong>quasi</strong></span> <span class='ocrx_word' id='word_1_93' title='bbox 752 1334 832 1385; x_wconf 87' lang='lat' dir='ltr'><strong>tot</strong></span> <span class='ocrx_word' id='word_1_94' title='bbox 879 1329 1144 1402; x_wconf 81' lang='lat' dir='ltr'><strong>palmites</strong></span> <span class='ocrx_word' id='word_1_95' title='bbox 1189 1330 1367 1401; x_wconf 84' lang='lat' dir='ltr'><strong>misit,</strong></span> <span class='ocrx_word' id='word_1_96' title='bbox 1414 1332 1742 1405; x_wconf 83' lang='lat' dir='ltr'><strong>quotintra</strong></span> <span class='ocrx_word' id='word_1_97' title='bbox 1780 1346 1915 1389; x_wconf 91' lang='lat' dir='ltr'><strong>san-</strong></span> 
     </span>
    </p>
   </div>
   <div class='ocr_carea' id='block_1_15' title="bbox 197 1416 1918 1493">
    <p class='ocr_par' dir='ltr' id='par_1_15' title="bbox 197 1416 1918 1493">
     <span class='ocr_line' id='line_1_15' title="bbox 197 1416 1918 1493; baseline 0.002 -19"><span class='ocrx_word' id='word_1_98' title='bbox 197 1423 353 1475; x_wconf 90' lang='lat' dir='ltr'><strong>ctam</strong></span> <span class='ocrx_word' id='word_1_99' title='bbox 400 1416 714 1475; x_wconf 88' lang='lat' dir='ltr'><strong>Ecclesiam</strong></span> <span class='ocrx_word' id='word_1_100' title='bbox 754 1425 979 1476; x_wconf 88' lang='lat' dir='ltr'><strong>sanctos</strong></span> <span class='ocrx_word' id='word_1_101' title='bbox 1025 1435 1127 1492; x_wconf 92' lang='lat' dir='ltr'><strong>per</strong></span> <span class='ocrx_word' id='word_1_102' title='bbox 1165 1421 1407 1493; x_wconf 85' lang='lat' dir='ltr'><strong>gratiam</strong></span> <span class='ocrx_word' id='word_1_103' title='bbox 1439 1436 1564 1479; x_wconf 65' lang='lat' dir='ltr'><strong>suae</strong></span> <span class='ocrx_word' id='word_1_104' title='bbox 1601 1420 1918 1478; x_wconf 89' lang='lat' dir='ltr'><strong>vocationis</strong></span> 
     </span>
    </p>
   </div>
   <div class='ocr_carea' id='block_1_16' title="bbox 201 1504 1911 1584">
    <p class='ocr_par' dir='ltr' id='par_1_16' title="bbox 201 1504 1911 1584">
     <span class='ocr_line' id='line_1_16' title="bbox 201 1504 1911 1584; baseline 0.003 -21"><span class='ocrx_word' id='word_1_105' title='bbox 201 1504 397 1576; x_wconf 81' lang='lat' dir='ltr'><strong>elegit.</strong></span> <span class='ocrx_word' id='word_1_106' title='bbox 449 1504 616 1564; x_wconf 91' lang='lat' dir='ltr'><strong>Unde</strong></span> <span class='ocrx_word' id='word_1_107' title='bbox 664 1505 819 1564; x_wconf 91' lang='lat' dir='ltr'><strong>idem</strong></span> <span class='ocrx_word' id='word_1_108' title='bbox 871 1522 1105 1582; x_wconf 90' lang='lat' dir='ltr'><strong>quoque</strong></span> <span class='ocrx_word' id='word_1_109' title='bbox 1152 1508 1493 1569; x_wconf 90' lang='lat' dir='ltr'><strong>inculcando</strong></span> <span class='ocrx_word' id='word_1_110' title='bbox 1561 1509 1911 1584; x_wconf 88' lang='lat' dir='ltr'><strong>subjungit:</strong></span> 
     </span>
    </p>
   </div>
   <div class='ocr_carea' id='block_1_17' title="bbox 204 1595 1913 1675">
    <p class='ocr_par' dir='ltr' id='par_1_17' title="bbox 204 1595 1913 1675">
     <span class='ocr_line' id='line_1_17' title="bbox 204 1595 1913 1675; baseline 0.006 -26"><span class='ocrx_word' id='word_1_111' title='bbox 204 1618 229 1649; x_wconf 76' lang='grc' dir='ltr'>ι</span> <span class='ocrx_word' id='word_1_112' title='bbox 265 1595 389 1669; x_wconf 85' lang='lat' dir='ltr'><strong>Ego</strong></span> <span class='ocrx_word' id='word_1_113' title='bbox 439 1612 602 1667; x_wconf 89' lang='lat' dir='ltr'><strong>sum,</strong></span> <span class='ocrx_word' id='word_1_114' title='bbox 631 1596 858 1672; x_wconf 88' lang='lat' dir='ltr'><strong>inquit,</strong></span> <span class='ocrx_word' id='word_1_115' title='bbox 901 1598 1067 1671; x_wconf 85' lang='lat' dir='ltr'><strong>vitis,</strong></span> <span class='ocrx_word' id='word_1_116' title='bbox 1100 1615 1203 1658; x_wconf 90' lang='lat' dir='ltr'><strong>vos</strong></span> <span class='ocrx_word' id='word_1_117' title='bbox 1247 1606 1439 1659; x_wconf 91' lang='lat' dir='ltr'><strong>autem</strong></span> <span class='ocrx_word' id='word_1_118' title='bbox 1478 1600 1780 1675; x_wconf 86' lang='lat' dir='ltr'><strong>palmites;</strong></span> <span class='ocrx_word' id='word_1_119' title='bbox 1814 1601 1913 1675; x_wconf 89' lang='lat' dir='ltr'><strong>qui</strong></span> 
     </span>
    </p>
   </div>
   <div class='ocr_carea' id='block_1_18' title="bbox 199 1686 1915 1759">
    <p class='ocr_par' dir='ltr' id='par_1_18' title="bbox 199 1686 1915 1759">
     <span class='ocr_line' id='line_1_18' title="bbox 199 1686 1915 1759; baseline 0.004 -18"><span class='ocrx_word' id='word_1_120' title='bbox 199 1690 400 1742; x_wconf 86' lang='lat' dir='ltr'><strong>manet</strong></span> <span class='ocrx_word' id='word_1_121' title='bbox 426 1686 487 1742; x_wconf 91' lang='lat' dir='ltr'><strong>in</strong></span> <span class='ocrx_word' id='word_1_122' title='bbox 516 1701 610 1743; x_wconf 91' lang='lat' dir='ltr'><strong>me</strong></span> <span class='ocrx_word' id='word_1_123' title='bbox 631 1733 645 1757; x_wconf 92' lang='lat'><strong>,</strong></span> <span class='ocrx_word' id='word_1_124' title='bbox 673 1694 730 1745; x_wconf 89' lang='lat' dir='ltr'><strong>et</strong></span> <span class='ocrx_word' id='word_1_125' title='bbox 754 1702 858 1759; x_wconf 89' lang='lat' dir='ltr'><strong>ego</strong></span> <span class='ocrx_word' id='word_1_126' title='bbox 886 1686 945 1743; x_wconf 90' lang='lat' dir='ltr'><strong>in</strong></span> <span class='ocrx_word' id='word_1_127' title='bbox 984 1703 1072 1759; x_wconf 91' lang='lat' dir='ltr'><strong>eo,</strong></span> <span class='ocrx_word' id='word_1_128' title='bbox 1100 1687 1196 1746; x_wconf 90' lang='lat' dir='ltr'><strong>hic</strong></span> <span class='ocrx_word' id='word_1_129' title='bbox 1225 1689 1334 1746; x_wconf 86' lang='lat' dir='ltr'><strong>fert</strong></span> <span class='ocrx_word' id='word_1_130' title='bbox 1370 1689 1623 1748; x_wconf 87' lang='lat' dir='ltr'><strong>fructum</strong></span> <span class='ocrx_word' id='word_1_131' title='bbox 1664 1689 1915 1748; x_wconf 90' lang='lat' dir='ltr'><strong>multum</strong></span> 
     </span>
    </p>
   </div>
   <div class='ocr_carea' id='block_1_19' title="bbox 2003 527 3729 605">
    <p class='ocr_par' dir='ltr' id='par_1_19' title="bbox 2003 527 3729 605">
     <span class='ocr_line' id='line_1_19' title="bbox 2003 527 3729 605; baseline -0.001 -15"><span class='ocrx_word' id='word_1_132' title='bbox 2003 544 2253 590; x_wconf 89' lang='lat' dir='ltr'><strong>uvarum</strong></span> <span class='ocrx_word' id='word_1_133' title='bbox 2332 531 2613 591; x_wconf 85' lang='lat' dir='ltr'><strong>folliculis</strong></span> <span class='ocrx_word' id='word_1_134' title='bbox 2682 529 3062 605; x_wconf 85' lang='lat' dir='ltr'><strong>exprimatur.</strong></span> <span class='ocrx_word' id='word_1_135' title='bbox 3130 527 3331 587; x_wconf 85' lang='lat' dir='ltr'><strong>Merito</strong></span> <span class='ocrx_word' id='word_1_136' title='bbox 3400 529 3729 588; x_wconf 89' lang='lat' dir='ltr'><strong>autumnali</strong></span> 
     </span>
    </p>
   </div>
   <div class='ocr_carea' id='block_1_20' title="bbox 2005 617 3730 694">
    <p class='ocr_par' dir='ltr' id='par_1_20' title="bbox 2005 617 3730 694">
     <span class='ocr_line' id='line_1_20' title="bbox 2005 617 3730 694; baseline -0.001 -15"><span class='ocrx_word' id='word_1_137' title='bbox 2005 623 2260 694; x_wconf 87' lang='lat' dir='ltr'><strong>tempore</strong></span> <span class='ocrx_word' id='word_1_138' title='bbox 2306 620 2583 691; x_wconf 89' lang='lat' dir='ltr'><strong>nascitur,</strong></span> <span class='ocrx_word' id='word_1_139' title='bbox 2630 627 2696 679; x_wconf 89' lang='lat' dir='ltr'><strong>ut</strong></span> <span class='ocrx_word' id='word_1_140' title='bbox 2737 619 2887 693; x_wconf 91' lang='lat' dir='ltr'><strong>jam,</strong></span> <span class='ocrx_word' id='word_1_141' title='bbox 2937 618 3097 677; x_wconf 91' lang='lat' dir='ltr'><strong>velut</strong></span> <span class='ocrx_word' id='word_1_142' title='bbox 3134 617 3194 675; x_wconf 92' lang='lat' dir='ltr'><strong>in</strong></span> <span class='ocrx_word' id='word_1_143' title='bbox 3233 624 3516 676; x_wconf 90' lang='lat' dir='ltr'><strong>autumno</strong></span> <span class='ocrx_word' id='word_1_144' title='bbox 3556 619 3730 678; x_wconf 87' lang='lat' dir='ltr'><strong>totius</strong></span> 
     </span>
    </p>
   </div>
   <div class='ocr_carea' id='block_1_21' title="bbox 2001 694 3811 783">
    <p class='ocr_par' dir='ltr' id='par_1_21' title="bbox 2001 694 3811 783">
     <span class='ocr_line' id='line_1_21' title="bbox 2001 694 3811 783; baseline -0.001 -17"><span class='ocrx_word' id='word_1_145' title='bbox 2001 710 2202 769; x_wconf 62' lang='lat' dir='ltr'><strong>saeculi</strong></span> <span class='ocrx_word' id='word_1_146' title='bbox 2255 711 2479 768; x_wconf 87' lang='lat' dir='ltr'><strong>fructus</strong></span> <span class='ocrx_word' id='word_1_147' title='bbox 2519 707 2914 783; x_wconf 89' lang='lat' dir='ltr'><strong>spiritualium</strong></span> <span class='ocrx_word' id='word_1_148' title='bbox 2955 707 3227 766; x_wconf 89' lang='lat' dir='ltr'><strong>arborum</strong></span> <span class='ocrx_word' id='word_1_149' title='bbox 3264 708 3616 767; x_wconf 90' lang='lat' dir='ltr'><strong>comedatur.</strong></span> <span class='ocrx_word' id='word_1_150' title='bbox 3658 708 3729 766; x_wconf 91' lang='lat' dir='ltr'><strong>In</strong></span> <span class='ocrx_word' id='word_1_151' title='bbox 3802 694 3811 717; x_wconf 64' lang='lat'><strong>‘</strong></span> 
     </span>
    </p>
   </div>
   <div class='ocr_carea' id='block_1_22' title="bbox 2000 796 3722 871">
    <p class='ocr_par' dir='ltr' id='par_1_22' title="bbox 2000 796 3722 871">
     <span class='ocr_line' id='line_1_22' title="bbox 2000 796 3722 871; baseline 0 -17"><span class='ocrx_word' id='word_1_152' title='bbox 2000 796 2366 871; x_wconf 87' lang='lat' dir='ltr'><strong>plenitudine</strong></span> <span class='ocrx_word' id='word_1_153' title='bbox 2413 798 2684 871; x_wconf 81' lang='lat' dir='ltr'><strong>temporis</strong></span> <span class='ocrx_word' id='word_1_154' title='bbox 2729 797 2908 867; x_wconf 92' lang='lat' dir='ltr'><strong>venit,</strong></span> <span class='ocrx_word' id='word_1_155' title='bbox 2950 812 3084 871; x_wconf 66' lang='lat' dir='ltr'><strong>quae</strong></span> <span class='ocrx_word' id='word_1_156' title='bbox 3136 796 3315 868; x_wconf 88' lang='lat' dir='ltr'><strong>gratia</strong></span> <span class='ocrx_word' id='word_1_157' title='bbox 3353 796 3522 869; x_wconf 91' lang='lat' dir='ltr'><strong>plena</strong></span> <span class='ocrx_word' id='word_1_158' title='bbox 3567 798 3722 857; x_wconf 89' lang='lat' dir='ltr'><strong>fuit:</strong></span> 
     </span>
    </p>
   </div>
   <div class='ocr_carea' id='block_1_23' title="bbox 2001 885 3723 963">
    <p class='ocr_par' dir='ltr' id='par_1_23' title="bbox 2001 885 3723 963">
     <span class='ocr_line' id='line_1_23' title="bbox 2001 885 3723 963; baseline -0.001 -17"><span class='ocrx_word' id='word_1_159' title='bbox 2001 909 2024 938; x_wconf 78' lang='grc' dir='ltr'>ι</span> <span class='ocrx_word' id='word_1_160' title='bbox 2066 892 2211 957; x_wconf 83' lang='lat' dir='ltr'><strong>Ave,</strong></span> <span class='ocrx_word' id='word_1_161' title='bbox 2260 911 2280 940; x_wconf 80' lang='grc' dir='ltr'><strong><em>ι</em></strong></span> <span class='ocrx_word' id='word_1_162' title='bbox 2315 888 2513 963; x_wconf 90' lang='lat' dir='ltr'><strong>inquit</strong></span> <span class='ocrx_word' id='word_1_163' title='bbox 2538 886 2801 961; x_wconf 84' lang='lat' dir='ltr'><strong>angelus,</strong></span> <span class='ocrx_word' id='word_1_164' title='bbox 2840 907 2860 937; x_wconf 77' lang='grc' dir='ltr'>ι</span> <span class='ocrx_word' id='word_1_165' title='bbox 2891 886 3075 959; x_wconf 89' lang='lat' dir='ltr'><strong>gratia</strong></span> <span class='ocrx_word' id='word_1_166' title='bbox 3104 887 3293 959; x_wconf 90' lang='lat' dir='ltr'><strong>plena,</strong></span> <span class='ocrx_word' id='word_1_167' title='bbox 3320 885 3600 945; x_wconf 92' lang='lat' dir='ltr'><strong>Dominus</strong></span> <span class='ocrx_word' id='word_1_168' title='bbox 3639 894 3723 944; x_wconf 87' lang='lat' dir='ltr'><strong>tc-</strong></span> 
     </span>
    </p>
   </div>
   <div class='ocr_carea' id='block_1_24' title="bbox 1994 974 3417 1046">
    <p class='ocr_par' dir='ltr' id='par_1_24' title="bbox 1994 974 3417 1046">
     <span class='ocr_line' id='line_1_24' title="bbox 1994 974 3417 1046; baseline -0.002 -13"><span class='ocrx_word' id='word_1_169' title='bbox 1994 991 2151 1046; x_wconf 92' lang='lat' dir='ltr'><strong>cum,</strong></span> <span class='ocrx_word' id='word_1_170' title='bbox 2186 976 2481 1034; x_wconf 89' lang='lat' dir='ltr'><strong>benedicta</strong></span> <span class='ocrx_word' id='word_1_171' title='bbox 2525 983 2587 1034; x_wconf 90' lang='lat' dir='ltr'><strong>tu</strong></span> <span class='ocrx_word' id='word_1_172' title='bbox 2628 976 2687 1033; x_wconf 91' lang='lat' dir='ltr'><strong>in</strong></span> <span class='ocrx_word' id='word_1_173' title='bbox 2734 974 3077 1033; x_wconf 88' lang='lat' dir='ltr'><strong>mulieribus</strong></span> <span class='ocrx_word' id='word_1_174' title='bbox 3103 978 3253 1040; x_wconf 83' lang='lat' dir='ltr'><strong>(Luc.</strong></span> <span class='ocrx_word' id='word_1_175' title='bbox 3287 981 3353 1040; x_wconf 86' lang='lat'><strong>1).</strong></span> <span class='ocrx_word' id='word_1_176' title='bbox 3390 995 3417 1025; x_wconf 82' lang='lat'><strong>»</strong></span> 
     </span>
    </p>
   </div>
   <div class='ocr_carea' id='block_1_25' title="bbox 2070 1062 3717 1134">
    <p class='ocr_par' dir='ltr' id='par_1_25' title="bbox 2070 1062 3717 1134">
     <span class='ocr_line' id='line_1_25' title="bbox 2070 1062 3717 1134; baseline -0.001 -13"><span class='ocrx_word' id='word_1_177' title='bbox 2070 1062 2116 1121; x_wconf 91' lang='grc' dir='ltr'><strong>Ο</strong></span> <span class='ocrx_word' id='word_1_178' title='bbox 2137 1064 2328 1134; x_wconf 92' lang='lat' dir='ltr'><strong>dulce,</strong></span> <span class='ocrx_word' id='word_1_179' title='bbox 2357 1080 2392 1122; x_wconf 92' lang='grc' dir='ltr'>ο</span> <span class='ocrx_word' id='word_1_180' title='bbox 2430 1062 2774 1121; x_wconf 87' lang='lat' dir='ltr'><strong>admirabile</strong></span> <span class='ocrx_word' id='word_1_181' title='bbox 2805 1062 3103 1129; x_wconf 85' lang='lat' dir='ltr'><strong>nuntium,</strong></span> <span class='ocrx_word' id='word_1_182' title='bbox 3135 1077 3171 1120; x_wconf 88' lang='grc' dir='ltr'>ο</span> <span class='ocrx_word' id='word_1_183' title='bbox 3204 1076 3424 1120; x_wconf 91' lang='lat' dir='ltr'><strong>novum</strong></span> <span class='ocrx_word' id='word_1_184' title='bbox 3449 1067 3505 1119; x_wconf 89' lang='lat' dir='ltr'><strong>et</strong></span> <span class='ocrx_word' id='word_1_185' title='bbox 3544 1062 3717 1120; x_wconf 87' lang='lat' dir='ltr'><strong>inau-</strong></span> 
     </span>
    </p>
   </div>
   <div class='ocr_carea' id='block_1_26' title="bbox 1997 1150 3728 1227">
    <p class='ocr_par' dir='ltr' id='par_1_26' title="bbox 1997 1150 3728 1227">
     <span class='ocr_line' id='line_1_26' title="bbox 1997 1150 3728 1227; baseline 0 -19"><span class='ocrx_word' id='word_1_186' title='bbox 1997 1150 2182 1210; x_wconf 91' lang='lat' dir='ltr'><strong>ditum</strong></span> <span class='ocrx_word' id='word_1_187' title='bbox 2211 1152 2493 1227; x_wconf 69' lang='lat' dir='ltr'><strong>angelicae</strong></span> <span class='ocrx_word' id='word_1_188' title='bbox 2524 1151 2889 1210; x_wconf 86' lang='lat' dir='ltr'><strong>salutationis</strong></span> <span class='ocrx_word' id='word_1_189' title='bbox 2926 1150 3309 1225; x_wconf 85' lang='lat' dir='ltr'><strong>obsequium!</strong></span> <span class='ocrx_word' id='word_1_190' title='bbox 3356 1150 3595 1208; x_wconf 88' lang='lat' dir='ltr'><strong>Plenam</strong></span> <span class='ocrx_word' id='word_1_191' title='bbox 3632 1165 3728 1223; x_wconf 90' lang='lat' dir='ltr'><strong>ap-</strong></span> 
     </span>
    </p>
   </div>
   <div class='ocr_carea' id='block_1_27' title="bbox 1994 1240 3732 1318">
    <p class='ocr_par' dir='ltr' id='par_1_27' title="bbox 1994 1240 3732 1318">
     <span class='ocr_line' id='line_1_27' title="bbox 1994 1240 3732 1318; baseline 0.002 -18"><span class='ocrx_word' id='word_1_192' title='bbox 1994 1244 2170 1317; x_wconf 87' lang='lat' dir='ltr'><strong>pellat</strong></span> <span class='ocrx_word' id='word_1_193' title='bbox 2216 1245 2418 1317; x_wconf 88' lang='lat' dir='ltr'><strong>gratia,</strong></span> <span class='ocrx_word' id='word_1_194' title='bbox 2480 1244 2616 1318; x_wconf 90' lang='lat' dir='ltr'><strong>quia</strong></span> <span class='ocrx_word' id='word_1_195' title='bbox 2676 1244 2798 1317; x_wconf 91' lang='lat' dir='ltr'><strong>ipse</strong></span> <span class='ocrx_word' id='word_1_196' title='bbox 2860 1243 2918 1301; x_wconf 88' lang='lat' dir='ltr'><strong>in</strong></span> <span class='ocrx_word' id='word_1_197' title='bbox 2975 1259 3100 1301; x_wconf 91' lang='lat' dir='ltr'><strong>eam</strong></span> <span class='ocrx_word' id='word_1_198' title='bbox 3158 1240 3560 1311; x_wconf 84' lang='lat' dir='ltr'><strong>descendebat,</strong></span> <span class='ocrx_word' id='word_1_199' title='bbox 3620 1256 3732 1314; x_wconf 90' lang='lat' dir='ltr'><strong>per</strong></span> 
     </span>
    </p>
   </div>
   <div class='ocr_carea' id='block_1_28' title="bbox 1995 1330 3713 1406">
    <p class='ocr_par' dir='ltr' id='par_1_28' title="bbox 1995 1330 3713 1406">
     <span class='ocr_line' id='line_1_28' title="bbox 1995 1330 3713 1406; baseline 0 -15"><span class='ocrx_word' id='word_1_200' title='bbox 1995 1348 2169 1406; x_wconf 89' lang='lat' dir='ltr'><strong>quem</strong></span> <span class='ocrx_word' id='word_1_201' title='bbox 2214 1334 2375 1391; x_wconf 91' lang='lat' dir='ltr'><strong>omni</strong></span> <span class='ocrx_word' id='word_1_202' title='bbox 2426 1333 2645 1392; x_wconf 92' lang='lat' dir='ltr'><strong>mundo</strong></span> <span class='ocrx_word' id='word_1_203' title='bbox 2696 1333 2896 1391; x_wconf 88' lang='lat' dir='ltr'><strong>collata</strong></span> <span class='ocrx_word' id='word_1_204' title='bbox 2948 1340 3033 1391; x_wconf 90' lang='lat' dir='ltr'><strong>est</strong></span> <span class='ocrx_word' id='word_1_205' title='bbox 3078 1332 3278 1406; x_wconf 90' lang='lat' dir='ltr'><strong>gratia.</strong></span> <span class='ocrx_word' id='word_1_206' title='bbox 3325 1353 3350 1384; x_wconf 75' lang='grc' dir='ltr'><strong><em>α</em></strong></span> <span class='ocrx_word' id='word_1_207' title='bbox 3406 1330 3713 1391; x_wconf 72' lang='lat' dir='ltr'><strong>Dominus.</strong></span> 
     </span>
    </p>
   </div>
   <div class='ocr_carea' id='block_1_29' title="bbox 1994 1418 3726 1497">
    <p class='ocr_par' dir='ltr' id='par_1_29' title="bbox 1994 1418 3726 1497">
     <span class='ocr_line' id='line_1_29' title="bbox 1994 1418 3726 1497; baseline 0.001 -23"><span class='ocrx_word' id='word_1_208' title='bbox 1994 1418 2207 1495; x_wconf 90' lang='lat' dir='ltr'><strong>inquit,</strong></span> <span class='ocrx_word' id='word_1_209' title='bbox 2248 1428 2476 1491; x_wconf 89' lang='lat' dir='ltr'><strong>tecum;</strong></span> <span class='ocrx_word' id='word_1_210' title='bbox 2532 1443 2561 1475; x_wconf 74' lang='grc' dir='ltr'><strong>ι)</strong></span> <span class='ocrx_word' id='word_1_211' title='bbox 2592 1423 2730 1497; x_wconf 90' lang='lat' dir='ltr'><strong>quia</strong></span> <span class='ocrx_word' id='word_1_212' title='bbox 2760 1422 2863 1481; x_wconf 92' lang='lat' dir='ltr'><strong>ille</strong></span> <span class='ocrx_word' id='word_1_213' title='bbox 2895 1422 2956 1479; x_wconf 93' lang='lat' dir='ltr'><strong>in</strong></span> <span class='ocrx_word' id='word_1_214' title='bbox 3008 1429 3060 1480; x_wconf 90' lang='lat' dir='ltr'><strong>te</strong></span> <span class='ocrx_word' id='word_1_215' title='bbox 3100 1428 3203 1490; x_wconf 89' lang='lat' dir='ltr'><strong>est,</strong></span> <span class='ocrx_word' id='word_1_216' title='bbox 3239 1421 3340 1495; x_wconf 90' lang='lat' dir='ltr'><strong>qui</strong></span> <span class='ocrx_word' id='word_1_217' title='bbox 3387 1420 3558 1478; x_wconf 85' lang='lat' dir='ltr'><strong>talem</strong></span> <span class='ocrx_word' id='word_1_218' title='bbox 3591 1420 3726 1477; x_wconf 89' lang='lat' dir='ltr'><strong>fecit</strong></span> 
     </span>
    </p>
   </div>
   <div class='ocr_carea' id='block_1_30' title="bbox 1995 1508 3720 1587">
    <p class='ocr_par' dir='ltr' id='par_1_30' title="bbox 1995 1508 3720 1587">
     <span class='ocr_line' id='line_1_30' title="bbox 1995 1508 3720 1587; baseline -0.002 -17"><span class='ocrx_word' id='word_1_219' title='bbox 1995 1519 2070 1584; x_wconf 91' lang='lat' dir='ltr'><strong>te,</strong></span> <span class='ocrx_word' id='word_1_220' title='bbox 2108 1520 2174 1571; x_wconf 90' lang='lat' dir='ltr'><strong>ut</strong></span> <span class='ocrx_word' id='word_1_221' title='bbox 2221 1520 2275 1571; x_wconf 90' lang='lat' dir='ltr'><strong>et</strong></span> <span class='ocrx_word' id='word_1_222' title='bbox 2318 1514 2440 1587; x_wconf 90' lang='lat' dir='ltr'><strong>ipse</strong></span> <span class='ocrx_word' id='word_1_223' title='bbox 2479 1516 2640 1573; x_wconf 84' lang='lat' dir='ltr'><strong>ﬁeret</strong></span> <span class='ocrx_word' id='word_1_224' title='bbox 2681 1530 2755 1572; x_wconf 91' lang='lat' dir='ltr'><strong>ex</strong></span> <span class='ocrx_word' id='word_1_225' title='bbox 2804 1509 2950 1567; x_wconf 83' lang='lat'><strong>240</strong></span> <span class='ocrx_word' id='word_1_226' title='bbox 3004 1516 3077 1569; x_wconf 90' lang='lat' dir='ltr'><strong>te.</strong></span> <span class='ocrx_word' id='word_1_227' title='bbox 3120 1532 3148 1563; x_wconf 72' lang='grc' dir='ltr'><strong><em>α</em></strong></span> <span class='ocrx_word' id='word_1_228' title='bbox 3190 1508 3493 1568; x_wconf 89' lang='lat' dir='ltr'><strong>Benedicta</strong></span> <span class='ocrx_word' id='word_1_229' title='bbox 3548 1517 3609 1567; x_wconf 92' lang='lat' dir='ltr'><strong>tu</strong></span> <span class='ocrx_word' id='word_1_230' title='bbox 3658 1509 3720 1567; x_wconf 92' lang='lat' dir='ltr'><strong>in</strong></span> 
     </span>
    </p>
   </div>
   <div class='ocr_carea' id='block_1_31' title="bbox 1998 1596 3719 1664">
    <p class='ocr_par' dir='ltr' id='par_1_31' title="bbox 1998 1596 3719 1664">
     <span class='ocr_line' id='line_1_31' title="bbox 1998 1596 3719 1664; baseline -0.003 -4"><span class='ocrx_word' id='word_1_231' title='bbox 1998 1602 2367 1664; x_wconf 88' lang='lat' dir='ltr'><strong>mulieribus.</strong></span> <span class='ocrx_word' id='word_1_232' title='bbox 2413 1628 2439 1654; x_wconf 79' lang='grc' dir='ltr'><strong>ιο</strong></span> <span class='ocrx_word' id='word_1_233' title='bbox 2492 1603 2599 1661; x_wconf 90' lang='lat' dir='ltr'><strong>Per</strong></span> <span class='ocrx_word' id='word_1_234' title='bbox 2650 1601 2960 1661; x_wconf 90' lang='lat' dir='ltr'><strong>mulierem</strong></span> <span class='ocrx_word' id='word_1_235' title='bbox 3014 1601 3211 1657; x_wconf 86' lang='lat' dir='ltr'><strong>infusa</strong></span> <span class='ocrx_word' id='word_1_236' title='bbox 3259 1605 3344 1657; x_wconf 88' lang='lat' dir='ltr'><strong>est</strong></span> <span class='ocrx_word' id='word_1_237' title='bbox 3394 1596 3719 1656; x_wconf 86' lang='lat' dir='ltr'><strong>maledictio</strong></span> 
     </span>
    </p>
   </div>
   <div class='ocr_carea' id='block_1_32' title="bbox 1998 1684 3714 1766">
    <p class='ocr_par' dir='ltr' id='par_1_32' title="bbox 1998 1684 3714 1766">
     <span class='ocr_line' id='line_1_32' title="bbox 1998 1684 3714 1766; baseline -0.004 -18"><span class='ocrx_word' id='word_1_238' title='bbox 1998 1699 2189 1761; x_wconf 64' lang='lat' dir='ltr'><strong>terrae,</strong></span> <span class='ocrx_word' id='word_1_239' title='bbox 2222 1707 2323 1766; x_wconf 91' lang='lat' dir='ltr'><strong>per</strong></span> <span class='ocrx_word' id='word_1_240' title='bbox 2379 1691 2686 1751; x_wconf 89' lang='lat' dir='ltr'><strong>mulierem</strong></span> <span class='ocrx_word' id='word_1_241' title='bbox 2741 1688 3002 1749; x_wconf 88' lang='lat' dir='ltr'><strong>redditur</strong></span> <span class='ocrx_word' id='word_1_242' title='bbox 3035 1686 3357 1745; x_wconf 87' lang='lat' dir='ltr'><strong>benedictio</strong></span> <span class='ocrx_word' id='word_1_243' title='bbox 3386 1693 3572 1743; x_wconf 63' lang='lat' dir='ltr'><strong>terra).</strong></span> <span class='ocrx_word' id='word_1_244' title='bbox 3608 1684 3714 1743; x_wconf 89' lang='lat' dir='ltr'><strong>Per</strong></span> 
     </span>
    </p>
   </div>
   <div class='ocr_carea' id='block_1_33' title="bbox 198 1772 3716 1853">
    <p class='ocr_par' dir='ltr' id='par_1_33' title="bbox 198 1772 3716 1853">
     <span class='ocr_line' id='line_1_33' title="bbox 198 1772 3716 1853; baseline 0 -24"><span class='ocrx_word' id='word_1_245' title='bbox 198 1774 403 1843; x_wconf 69' lang='lat' dir='ltr'><strong>(Ibid).</strong></span> <span class='ocrx_word' id='word_1_246' title='bbox 446 1794 466 1823; x_wconf 76' lang='grc' dir='ltr'><strong><em>ι</em></strong></span> <span class='ocrx_word' id='word_1_247' title='bbox 505 1772 680 1833; x_wconf 90' lang='lat' dir='ltr'><strong>Hunc</strong></span> <span class='ocrx_word' id='word_1_248' title='bbox 736 1774 1007 1834; x_wconf 88' lang='lat' dir='ltr'><strong>eumdem</strong></span> <span class='ocrx_word' id='word_1_249' title='bbox 1050 1775 1422 1835; x_wconf 85' lang='lat' dir='ltr'><strong>mediatorem</strong></span> <span class='ocrx_word' id='word_1_250' title='bbox 1473 1777 1574 1835; x_wconf 90' lang='lat' dir='ltr'><strong>Dei</strong></span> <span class='ocrx_word' id='word_1_251' title='bbox 1623 1783 1679 1835; x_wconf 92' lang='lat' dir='ltr'><strong>et</strong></span> <span class='ocrx_word' id='word_1_252' title='bbox 1724 1779 2168 1853; x_wconf 85' lang='lat' dir='ltr'><strong>homi-Bcujus</strong></span> <span class='ocrx_word' id='word_1_253' title='bbox 2216 1795 2455 1839; x_wconf 91' lang='lat' dir='ltr'><strong>manum</strong></span> <span class='ocrx_word' id='word_1_254' title='bbox 2502 1786 2669 1853; x_wconf 90' lang='lat' dir='ltr'><strong>potus</strong></span> <span class='ocrx_word' id='word_1_255' title='bbox 2722 1778 2923 1837; x_wconf 90' lang='lat' dir='ltr'><strong>mortis</strong></span> <span class='ocrx_word' id='word_1_256' title='bbox 2971 1791 3185 1834; x_wconf 59' lang='lat' dir='ltr'><strong>amaras</strong></span> <span class='ocrx_word' id='word_1_257' title='bbox 3234 1774 3579 1849; x_wconf 85' lang='lat' dir='ltr'><strong>porrigitur,</strong></span> <span class='ocrx_word' id='word_1_258' title='bbox 3614 1787 3716 1846; x_wconf 91' lang='lat' dir='ltr'><strong>per</strong></span> 
     </span>
    </p>
   </div>
   <div class='ocr_carea' id='block_1_34' title="bbox 197 1861 1927 1940">
    <p class='ocr_par' dir='ltr' id='par_1_34' title="bbox 197 1861 1927 1940">
     <span class='ocr_line' id='line_1_34' title="bbox 197 1861 1927 1940; baseline 0.003 -21"><span class='ocrx_word' id='word_1_259' title='bbox 197 1876 374 1931; x_wconf 89' lang='lat' dir='ltr'><strong>num,</strong></span> <span class='ocrx_word' id='word_1_260' title='bbox 402 1861 698 1921; x_wconf 89' lang='lat' dir='ltr'><strong>hominem</strong></span> <span class='ocrx_word' id='word_1_261' title='bbox 730 1861 1021 1922; x_wconf 87' lang='lat' dir='ltr'><strong>Christum</strong></span> <span class='ocrx_word' id='word_1_262' title='bbox 1053 1863 1275 1935; x_wconf 91' lang='lat' dir='ltr'><strong>Jesum,</strong></span> <span class='ocrx_word' id='word_1_263' title='bbox 1310 1865 1507 1924; x_wconf 91' lang='lat' dir='ltr'><strong>botrus</strong></span> <span class='ocrx_word' id='word_1_264' title='bbox 1536 1865 1637 1923; x_wconf 88' lang='lat' dir='ltr'><strong>ille</strong></span> <span class='ocrx_word' id='word_1_265' title='bbox 1666 1866 1927 1940; x_wconf 84' lang='lat' dir='ltr'><strong>signave.</strong></span> 
     </span>
    </p>
   </div>
   <div class='ocr_carea' id='block_1_35' title="bbox 2005 1863 3719 1944">
    <p class='ocr_par' dir='ltr' id='par_1_35' title="bbox 2005 1863 3719 1944">
     <span class='ocr_line' id='line_1_35' title="bbox 2005 1863 3719 1944; baseline -0.005 -16"><span class='ocrx_word' id='word_1_266' title='bbox 2005 1885 2134 1928; x_wconf 89' lang='lat' dir='ltr'><strong>eam</strong></span> <span class='ocrx_word' id='word_1_267' title='bbox 2179 1885 2412 1944; x_wconf 90' lang='lat' dir='ltr'><strong>quoque</strong></span> <span class='ocrx_word' id='word_1_268' title='bbox 2456 1867 2645 1928; x_wconf 90' lang='lat' dir='ltr'><strong>dulcis</strong></span> <span class='ocrx_word' id='word_1_269' title='bbox 2689 1866 2824 1925; x_wconf 64' lang='lat' dir='ltr'><strong>vitae</strong></span> <span class='ocrx_word' id='word_1_270' title='bbox 2868 1864 3147 1940; x_wconf 90' lang='lat' dir='ltr'><strong>poculum</strong></span> <span class='ocrx_word' id='word_1_271' title='bbox 3191 1863 3525 1923; x_wconf 89' lang='lat' dir='ltr'><strong>exhibetur.</strong></span> <span class='ocrx_word' id='word_1_272' title='bbox 3579 1863 3719 1921; x_wconf 88' lang='lat' dir='ltr'><strong>Lar-</strong></span> 
     </span>
    </p>
   </div>
   <div class='ocr_carea' id='block_1_36' title="bbox 197 1951 3720 2032">
    <p class='ocr_par' dir='ltr' id='par_1_36' title="bbox 197 1951 3720 2032">
     <span class='ocr_line' id='line_1_36' title="bbox 197 1951 3720 2032; baseline 0 -25"><span class='ocrx_word' id='word_1_273' title='bbox 197 1957 310 2021; x_wconf 86' lang='lat' dir='ltr'><strong>rat,</strong></span> <span class='ocrx_word' id='word_1_274' title='bbox 369 1965 547 2025; x_wconf 90' lang='lat' dir='ltr'><strong>quem</strong></span> <span class='ocrx_word' id='word_1_275' title='bbox 611 1951 683 2009; x_wconf 92' lang='lat' dir='ltr'><strong>de</strong></span> <span class='ocrx_word' id='word_1_276' title='bbox 757 1959 905 2010; x_wconf 90' lang='lat' dir='ltr'><strong>terra</strong></span> <span class='ocrx_word' id='word_1_277' title='bbox 978 1953 1445 2027; x_wconf 87' lang='lat' dir='ltr'><strong>repromissionis</strong></span> <span class='ocrx_word' id='word_1_278' title='bbox 1527 1956 1923 2029; x_wconf 86' lang='lat' dir='ltr'><strong>exploratores</strong></span> <span class='ocrx_word' id='word_1_279' title='bbox 2002 1959 2313 2032; x_wconf 87' lang='lat' dir='ltr'><strong>gissimum</strong></span> <span class='ocrx_word' id='word_1_280' title='bbox 2346 1956 2761 2017; x_wconf 88' lang='lat' dir='ltr'><strong>benedictionis</strong></span> <span class='ocrx_word' id='word_1_281' title='bbox 2790 1970 2959 2013; x_wconf 69' lang='lat' dir='ltr'><strong>novae</strong></span> <span class='ocrx_word' id='word_1_282' title='bbox 2988 1955 3275 2013; x_wconf 88' lang='lat' dir='ltr'><strong>ﬂuentum</strong></span> <span class='ocrx_word' id='word_1_283' title='bbox 3314 1958 3495 2011; x_wconf 91' lang='lat' dir='ltr'><strong>totum</strong></span> <span class='ocrx_word' id='word_1_284' title='bbox 3530 1951 3720 2009; x_wconf 89' lang='lat' dir='ltr'><strong>deter-</strong></span> 
     </span>
    </p>
   </div>
   <div class='ocr_carea' id='block_1_37' title="bbox 196 2041 1918 2115">
    <p class='ocr_par' dir='ltr' id='par_1_37' title="bbox 196 2041 1918 2115">
     <span class='ocr_line' id='line_1_37' title="bbox 196 2041 1918 2115; baseline 0.003 -17"><span class='ocrx_word' id='word_1_285' title='bbox 196 2041 263 2098; x_wconf 87' lang='lat' dir='ltr'><strong>in</strong></span> <span class='ocrx_word' id='word_1_286' title='bbox 304 2041 592 2115; x_wconf 86' lang='lat' dir='ltr'><strong>phalanga</strong></span> <span class='ocrx_word' id='word_1_287' title='bbox 628 2043 700 2100; x_wconf 89' lang='lat' dir='ltr'><strong>ad</strong></span> <span class='ocrx_word' id='word_1_288' title='bbox 740 2041 892 2101; x_wconf 85' lang='lat' dir='ltr'><strong>filios</strong></span> <span class='ocrx_word' id='word_1_289' title='bbox 931 2043 1105 2101; x_wconf 91' lang='lat' dir='ltr'><strong>Israel</strong></span> <span class='ocrx_word' id='word_1_290' title='bbox 1156 2043 1488 2102; x_wconf 83' lang='lat' dir='ltr'><strong>deferebant</strong></span> <span class='ocrx_word' id='word_1_291' title='bbox 1524 2048 1711 2111; x_wconf 89' lang='lat' dir='ltr'><strong>(Num.</strong></span> <span class='ocrx_word' id='word_1_292' title='bbox 1764 2052 1918 2113; x_wconf 83' lang='lat' dir='ltr'><strong>XIII).</strong></span> 
     </span>
    </p>
   </div>
   <div class='ocr_carea' id='block_1_38' title="bbox 197 2129 1919 2209">
    <p class='ocr_par' dir='ltr' id='par_1_38' title="bbox 197 2129 1919 2209">
     <span class='ocr_line' id='line_1_38' title="bbox 197 2129 1919 2209; baseline 0.003 -21"><span class='ocrx_word' id='word_1_293' title='bbox 197 2129 442 2189; x_wconf 91' lang='lat' dir='ltr'><strong>Duobus</strong></span> <span class='ocrx_word' id='word_1_294' title='bbox 485 2136 679 2189; x_wconf 90' lang='lat' dir='ltr'><strong>autem</strong></span> <span class='ocrx_word' id='word_1_295' title='bbox 716 2132 1091 2205; x_wconf 85' lang='lat' dir='ltr'><strong>portitoribus</strong></span> <span class='ocrx_word' id='word_1_296' title='bbox 1142 2134 1282 2192; x_wconf 90' lang='lat' dir='ltr'><strong>hinc</strong></span> <span class='ocrx_word' id='word_1_297' title='bbox 1313 2133 1449 2192; x_wconf 89' lang='lat' dir='ltr'><strong>inde</strong></span> <span class='ocrx_word' id='word_1_298' title='bbox 1476 2135 1803 2209; x_wconf 91' lang='lat' dir='ltr'><strong>suppositis,</strong></span> <span class='ocrx_word' id='word_1_299' title='bbox 1834 2136 1919 2193; x_wconf 89' lang='lat' dir='ltr'><strong>al-</strong></span> 
     </span>
    </p>
   </div>
   <div class='ocr_carea' id='block_1_39' title="bbox 198 2218 1917 2298">
    <p class='ocr_par' dir='ltr' id='par_1_39' title="bbox 198 2218 1917 2298">
     <span class='ocr_line' id='line_1_39' title="bbox 198 2218 1917 2298; baseline 0.004 -21"><span class='ocrx_word' id='word_1_300' title='bbox 198 2226 322 2277; x_wconf 90' lang='lat' dir='ltr'><strong>tero</strong></span> <span class='ocrx_word' id='word_1_301' title='bbox 372 2218 645 2278; x_wconf 83' lang='lat' dir='ltr'><strong>videlicet</strong></span> <span class='ocrx_word' id='word_1_302' title='bbox 690 2222 1076 2293; x_wconf 75' lang='lat' dir='ltr'><strong>praecedente,</strong></span> <span class='ocrx_word' id='word_1_303' title='bbox 1126 2223 1308 2282; x_wconf 89' lang='lat' dir='ltr'><strong>altero</strong></span> <span class='ocrx_word' id='word_1_304' title='bbox 1354 2224 1772 2298; x_wconf 88' lang='lat' dir='ltr'><strong>subsequente,</strong></span> <span class='ocrx_word' id='word_1_305' title='bbox 1813 2225 1917 2284; x_wconf 86' lang='lat' dir='ltr'><strong>bo-</strong></span> 
     </span>
    </p>
   </div>
   <div class='ocr_carea' id='block_1_40' title="bbox 199 2309 1915 2387">
    <p class='ocr_par' dir='ltr' id='par_1_40' title="bbox 199 2309 1915 2387">
     <span class='ocr_line' id='line_1_40' title="bbox 199 2309 1915 2387; baseline 0.003 -20"><span class='ocrx_word' id='word_1_306' title='bbox 199 2316 328 2367; x_wconf 87' lang='lat' dir='ltr'><strong>trus</strong></span> <span class='ocrx_word' id='word_1_307' title='bbox 377 2309 438 2367; x_wconf 91' lang='lat' dir='ltr'><strong>in</strong></span> <span class='ocrx_word' id='word_1_308' title='bbox 492 2309 682 2368; x_wconf 90' lang='lat' dir='ltr'><strong>medio</strong></span> <span class='ocrx_word' id='word_1_309' title='bbox 742 2311 1055 2383; x_wconf 84' lang='lat' dir='ltr'><strong>ferebatur,</strong></span> <span class='ocrx_word' id='word_1_310' title='bbox 1111 2313 1249 2386; x_wconf 90' lang='lat' dir='ltr'><strong>quia</strong></span> <span class='ocrx_word' id='word_1_311' title='bbox 1303 2313 1652 2387; x_wconf 81' lang='lat' dir='ltr'><strong>Redemptor</strong></span> <span class='ocrx_word' id='word_1_312' title='bbox 1703 2322 1915 2384; x_wconf 91' lang='lat' dir='ltr'><strong>noster,</strong></span> 
     </span>
    </p>
   </div>
   <div class='ocr_carea' id='block_1_41' title="bbox 198 2396 1917 2471">
    <p class='ocr_par' dir='ltr' id='par_1_41' title="bbox 198 2396 1917 2471">
     <span class='ocr_line' id='line_1_41' title="bbox 198 2396 1917 2471; baseline 0.005 -17"><span class='ocrx_word' id='word_1_313' title='bbox 198 2396 345 2455; x_wconf 89' lang='lat' dir='ltr'><strong>dum</strong></span> <span class='ocrx_word' id='word_1_314' title='bbox 389 2413 422 2455; x_wconf 94' lang='lat' dir='ltr'><strong>a</strong></span> <span class='ocrx_word' id='word_1_315' title='bbox 464 2399 726 2471; x_wconf 87' lang='lat' dir='ltr'><strong>patribus</strong></span> <span class='ocrx_word' id='word_1_316' title='bbox 782 2399 1004 2459; x_wconf 90' lang='lat' dir='ltr'><strong>Veteris</strong></span> <span class='ocrx_word' id='word_1_317' title='bbox 1054 2402 1402 2460; x_wconf 88' lang='lat' dir='ltr'><strong>Testamenti</strong></span> <span class='ocrx_word' id='word_1_318' title='bbox 1458 2410 1747 2462; x_wconf 87' lang='lat' dir='ltr'><strong>venturus</strong></span> <span class='ocrx_word' id='word_1_319' title='bbox 1790 2420 1917 2462; x_wconf 90' lang='lat' dir='ltr'><strong>esse</strong></span> 
     </span>
    </p>
   </div>
   <div class='ocr_carea' id='block_1_42' title="bbox 198 2486 1916 2564">
    <p class='ocr_par' dir='ltr' id='par_1_42' title="bbox 198 2486 1916 2564">
     <span class='ocr_line' id='line_1_42' title="bbox 198 2486 1916 2564; baseline 0.005 -22"><span class='ocrx_word' id='word_1_320' title='bbox 198 2486 560 2560; x_wconf 64' lang='lat' dir='ltr'><strong>praedicitur,</strong></span> <span class='ocrx_word' id='word_1_321' title='bbox 593 2504 626 2545; x_wconf 89' lang='lat' dir='ltr'><strong>a</strong></span> <span class='ocrx_word' id='word_1_322' title='bbox 666 2487 810 2546; x_wconf 90' lang='lat' dir='ltr'><strong>Novi</strong></span> <span class='ocrx_word' id='word_1_323' title='bbox 852 2504 986 2547; x_wconf 89' lang='lat' dir='ltr'><strong>vero</strong></span> <span class='ocrx_word' id='word_1_324' title='bbox 1021 2490 1498 2564; x_wconf 61' lang='lat' dir='ltr'><strong>praedicatoribus</strong></span> <span class='ocrx_word' id='word_1_325' title='bbox 1529 2492 1646 2564; x_wconf 89' lang='lat' dir='ltr'><strong>jam</strong></span> <span class='ocrx_word' id='word_1_326' title='bbox 1686 2493 1916 2551; x_wconf 77' lang='lat' dir='ltr'><strong>venisse</strong></span> 
     </span>
    </p>
   </div>
   <div class='ocr_carea' id='block_1_43' title="bbox 200 2576 1915 2654">
    <p class='ocr_par' dir='ltr' id='par_1_43' title="bbox 200 2576 1915 2654">
     <span class='ocr_line' id='line_1_43' title="bbox 200 2576 1915 2654; baseline 0.004 -21"><span class='ocrx_word' id='word_1_327' title='bbox 200 2576 535 2646; x_wconf 84' lang='lat' dir='ltr'><strong>nuntiatur,</strong></span> <span class='ocrx_word' id='word_1_328' title='bbox 570 2579 733 2651; x_wconf 86' lang='lat' dir='ltr'><strong>quasi</strong></span> <span class='ocrx_word' id='word_1_329' title='bbox 786 2580 983 2638; x_wconf 90' lang='lat' dir='ltr'><strong>botrus</strong></span> <span class='ocrx_word' id='word_1_330' title='bbox 1025 2580 1083 2637; x_wconf 92' lang='lat' dir='ltr'><strong>in</strong></span> <span class='ocrx_word' id='word_1_331' title='bbox 1118 2580 1404 2654; x_wconf 86' lang='lat' dir='ltr'><strong>phalanga</strong></span> <span class='ocrx_word' id='word_1_332' title='bbox 1431 2581 1707 2653; x_wconf 89' lang='lat' dir='ltr'><strong>defertur,</strong></span> <span class='ocrx_word' id='word_1_333' title='bbox 1742 2588 1806 2641; x_wconf 90' lang='lat' dir='ltr'><strong>ut</strong></span> <span class='ocrx_word' id='word_1_334' title='bbox 1842 2583 1915 2640; x_wconf 91' lang='lat' dir='ltr'><strong>ad</strong></span> 
     </span>
    </p>
   </div>
   <div class='ocr_carea' id='block_1_44' title="bbox 196 2665 1916 2741">
    <p class='ocr_par' dir='ltr' id='par_1_44' title="bbox 196 2665 1916 2741">
     <span class='ocr_line' id='line_1_44' title="bbox 196 2665 1916 2741; baseline 0.003 -20"><span class='ocrx_word' id='word_1_335' title='bbox 196 2665 609 2737; x_wconf 86' lang='lat' dir='ltr'><strong>capessendam</strong></span> <span class='ocrx_word' id='word_1_336' title='bbox 660 2682 928 2739; x_wconf 66' lang='lat' dir='ltr'><strong>supernae</strong></span> <span class='ocrx_word' id='word_1_337' title='bbox 988 2669 1448 2741; x_wconf 88' lang='lat' dir='ltr'><strong>repromissionis</strong></span> <span class='ocrx_word' id='word_1_338' title='bbox 1494 2675 1701 2727; x_wconf 76' lang='lat' dir='ltr'><strong>terram</strong></span> <span class='ocrx_word' id='word_1_339' title='bbox 1752 2686 1916 2729; x_wconf 91' lang='lat' dir='ltr'><strong>mens</strong></span> 
     </span>
    </p>
   </div>
   <div class='ocr_carea' id='block_1_45' title="bbox 194 2754 1912 2832">
    <p class='ocr_par' dir='ltr' id='par_1_45' title="bbox 194 2754 1912 2832">
     <span class='ocr_line' id='line_1_45' title="bbox 194 2754 1912 2832; baseline 0.004 -21"><span class='ocrx_word' id='word_1_340' title='bbox 194 2754 468 2813; x_wconf 84' lang='lat' dir='ltr'><strong>ﬁdelium</strong></span> <span class='ocrx_word' id='word_1_341' title='bbox 511 2756 875 2815; x_wconf 80' lang='lat' dir='ltr'><strong>accendatur.</strong></span> <span class='ocrx_word' id='word_1_342' title='bbox 908 2758 1199 2830; x_wconf 87' lang='lat' dir='ltr'><strong>Phalanga</strong></span> <span class='ocrx_word' id='word_1_343' title='bbox 1231 2760 1443 2832; x_wconf 87' lang='lat' dir='ltr'><strong>quippe</strong></span> <span class='ocrx_word' id='word_1_344' title='bbox 1480 2759 1666 2817; x_wconf 89' lang='lat' dir='ltr'><strong>delata</strong></span> <span class='ocrx_word' id='word_1_345' title='bbox 1703 2760 1912 2818; x_wconf 89' lang='lat' dir='ltr'><strong>hume-</strong></span> 
     </span>
    </p>
   </div>
   <div class='ocr_carea' id='block_1_46' title="bbox 196 2844 1913 2922">
    <p class='ocr_par' dir='ltr' id='par_1_46' title="bbox 196 2844 1913 2922">
     <span class='ocr_line' id='line_1_46' title="bbox 196 2844 1913 2922; baseline 0.004 -23"><span class='ocrx_word' id='word_1_346' title='bbox 196 2844 277 2901; x_wconf 85' lang='lat' dir='ltr'><strong>ris</strong></span> <span class='ocrx_word' id='word_1_347' title='bbox 338 2844 933 2917; x_wconf 88' lang='lat' dir='ltr'><strong>portitorum,divina</strong></span> <span class='ocrx_word' id='word_1_348' title='bbox 990 2848 1085 2905; x_wconf 87' lang='lat' dir='ltr'><strong>lex</strong></span> <span class='ocrx_word' id='word_1_349' title='bbox 1145 2856 1229 2905; x_wconf 87' lang='lat' dir='ltr'><strong>cst</strong></span> <span class='ocrx_word' id='word_1_350' title='bbox 1277 2847 1545 2922; x_wconf 90' lang='lat' dir='ltr'><strong>imposita</strong></span> <span class='ocrx_word' id='word_1_351' title='bbox 1591 2848 1913 2906; x_wconf 90' lang='lat' dir='ltr'><strong>cervicibus</strong></span> 
     </span>
    </p>
   </div>
   <div class='ocr_carea' id='block_1_47' title="bbox 194 2931 1914 3007">
    <p class='ocr_par' dir='ltr' id='par_1_47' title="bbox 194 2931 1914 3007">
     <span class='ocr_line' id='line_1_47' title="bbox 194 2931 1914 3007; baseline 0.003 -18"><span class='ocrx_word' id='word_1_352' title='bbox 194 2931 525 2991; x_wconf 90' lang='lat' dir='ltr'><strong>hominum.</strong></span> <span class='ocrx_word' id='word_1_353' title='bbox 588 2931 767 3007; x_wconf 84' lang='lat' dir='ltr'><strong>Cujus</strong></span> <span class='ocrx_word' id='word_1_354' title='bbox 826 2945 1012 3007; x_wconf 88' lang='lat' dir='ltr'><strong>partes</strong></span> <span class='ocrx_word' id='word_1_355' title='bbox 1051 2936 1250 2996; x_wconf 87' lang='lat' dir='ltr'><strong>botrus</strong></span> <span class='ocrx_word' id='word_1_356' title='bbox 1302 2937 1403 2995; x_wconf 89' lang='lat' dir='ltr'><strong>ille</strong></span> <span class='ocrx_word' id='word_1_357' title='bbox 1456 2936 1684 2995; x_wconf 92' lang='lat' dir='ltr'><strong>medius</strong></span> <span class='ocrx_word' id='word_1_358' title='bbox 1728 2936 1914 2995; x_wconf 85' lang='lat' dir='ltr'><strong>conti-</strong></span> 
     </span>
    </p>
   </div>
   <div class='ocr_carea' id='block_1_48' title="bbox 194 3022 1910 3102">
    <p class='ocr_par' dir='ltr' id='par_1_48' title="bbox 194 3022 1910 3102">
     <span class='ocr_line' id='line_1_48' title="bbox 194 3022 1910 3102; baseline 0.005 -24"><span class='ocrx_word' id='word_1_359' title='bbox 194 3022 423 3089; x_wconf 88' lang='lat' dir='ltr'><strong>nuavit,</strong></span> <span class='ocrx_word' id='word_1_360' title='bbox 446 3023 583 3096; x_wconf 86' lang='lat' dir='ltr'><strong>quia</strong></span> <span class='ocrx_word' id='word_1_361' title='bbox 617 3023 880 3083; x_wconf 90' lang='lat' dir='ltr'><strong>Salvator</strong></span> <span class='ocrx_word' id='word_1_362' title='bbox 900 3034 1110 3093; x_wconf 83' lang='lat' dir='ltr'><strong>noster,</strong></span> <span class='ocrx_word' id='word_1_363' title='bbox 1134 3026 1235 3100; x_wconf 88' lang='lat' dir='ltr'><strong>qui</strong></span> <span class='ocrx_word' id='word_1_364' title='bbox 1265 3026 1397 3085; x_wconf 88' lang='lat' dir='ltr'><strong>fecit</strong></span> <span class='ocrx_word' id='word_1_365' title='bbox 1425 3035 1670 3102; x_wconf 90' lang='lat' dir='ltr'><strong>utraque</strong></span> <span class='ocrx_word' id='word_1_366' title='bbox 1700 3045 1910 3100; x_wconf 91' lang='lat' dir='ltr'><strong>unum,</strong></span> 
     </span>
    </p>
   </div>
   <div class='ocr_carea' id='block_1_49' title="bbox 2003 2038 3714 2118">
    <p class='ocr_par' dir='ltr' id='par_1_49' title="bbox 2003 2038 3714 2118">
     <span class='ocr_line' id='line_1_49' title="bbox 2003 2038 3714 2118; baseline -0.006 -12"><span class='ocrx_word' id='word_1_367' title='bbox 2003 2046 2097 2116; x_wconf 90' lang='lat' dir='ltr'><strong>sit,</strong></span> <span class='ocrx_word' id='word_1_368' title='bbox 2124 2046 2547 2105; x_wconf 89' lang='lat' dir='ltr'><strong>maledictionis</strong></span> <span class='ocrx_word' id='word_1_369' title='bbox 2595 2044 2852 2118; x_wconf 65' lang='lat' dir='ltr'><strong>antiquas</strong></span> <span class='ocrx_word' id='word_1_370' title='bbox 2893 2042 3245 2115; x_wconf 84' lang='lat' dir='ltr'><strong>contagium.</strong></span> <span class='ocrx_word' id='word_1_371' title='bbox 3296 2040 3405 2099; x_wconf 88' lang='lat' dir='ltr'><strong>Sed</strong></span> <span class='ocrx_word' id='word_1_372' title='bbox 3452 2039 3594 2113; x_wconf 90' lang='lat' dir='ltr'><strong>quid</strong></span> <span class='ocrx_word' id='word_1_373' title='bbox 3642 2038 3714 2096; x_wconf 90' lang='lat' dir='ltr'><strong>ad</strong></span> 
     </span>
    </p>
   </div>
   <div class='ocr_carea' id='block_1_50' title="bbox 2002 2127 3714 2209">
    <p class='ocr_par' dir='ltr' id='par_1_50' title="bbox 2002 2127 3714 2209">
     <span class='ocr_line' id='line_1_50' title="bbox 2002 2127 3714 2209; baseline -0.005 -17"><span class='ocrx_word' id='word_1_374' title='bbox 2002 2135 2130 2193; x_wconf 65' lang='lat' dir='ltr'><strong>haec</strong></span> <span class='ocrx_word' id='word_1_375' title='bbox 2179 2134 2399 2194; x_wconf 82' lang='lat' dir='ltr'><strong>Maria?</strong></span> <span class='ocrx_word' id='word_1_376' title='bbox 2452 2133 2730 2209; x_wconf 87' lang='lat' dir='ltr'><strong>Nunquid</strong></span> <span class='ocrx_word' id='word_1_377' title='bbox 2784 2132 2970 2191; x_wconf 89' lang='lat' dir='ltr'><strong>delato</strong></span> <span class='ocrx_word' id='word_1_378' title='bbox 3035 2131 3147 2188; x_wconf 91' lang='lat' dir='ltr'><strong>sibi</strong></span> <span class='ocrx_word' id='word_1_379' title='bbox 3197 2130 3427 2188; x_wconf 66' lang='lat' dir='ltr'><strong>coalitus</strong></span> <span class='ocrx_word' id='word_1_380' title='bbox 3486 2127 3714 2196; x_wconf 91' lang='lat' dir='ltr'><strong>nuntio,</strong></span> 
     </span>
    </p>
   </div>
   <div class='ocr_carea' id='block_1_51' title="bbox 2001 2217 3713 2291">
    <p class='ocr_par' dir='ltr' id='par_1_51' title="bbox 2001 2217 3713 2291">
     <span class='ocr_line' id='line_1_51' title="bbox 2001 2217 3713 2291; baseline -0.004 -9"><span class='ocrx_word' id='word_1_381' title='bbox 2001 2223 2065 2282; x_wconf 93' lang='lat' dir='ltr'><strong>in</strong></span> <span class='ocrx_word' id='word_1_382' title='bbox 2111 2225 2508 2283; x_wconf 74' lang='lat' dir='ltr'><strong>immoderataa</strong></span> <span class='ocrx_word' id='word_1_383' title='bbox 2555 2239 2616 2282; x_wconf 91' lang='lat' dir='ltr'><strong>se</strong></span> <span class='ocrx_word' id='word_1_384' title='bbox 2675 2222 2892 2281; x_wconf 66' lang='lat' dir='ltr'><strong>laatitiaa</strong></span> <span class='ocrx_word' id='word_1_385' title='bbox 2940 2221 3122 2279; x_wconf 91' lang='lat' dir='ltr'><strong>risum</strong></span> <span class='ocrx_word' id='word_1_386' title='bbox 3170 2219 3388 2278; x_wconf 88' lang='lat' dir='ltr'><strong>solvit?</strong></span> <span class='ocrx_word' id='word_1_387' title='bbox 3434 2217 3713 2291; x_wconf 87' lang='lat' dir='ltr'><strong>Nunquid</strong></span> 
     </span>
    </p>
   </div>
   <div class='ocr_carea' id='block_1_52' title="bbox 1998 2306 3717 2389">
    <p class='ocr_par' dir='ltr' id='par_1_52' title="bbox 1998 2306 3717 2389">
     <span class='ocr_line' id='line_1_52' title="bbox 1998 2306 3717 2389; baseline -0.003 -18"><span class='ocrx_word' id='word_1_388' title='bbox 1998 2312 2062 2371; x_wconf 90' lang='lat' dir='ltr'><strong>in</strong></span> <span class='ocrx_word' id='word_1_389' title='bbox 2111 2315 2401 2389; x_wconf 75' lang='lat' dir='ltr'><strong>superbize</strong></span> <span class='ocrx_word' id='word_1_390' title='bbox 2453 2315 2665 2372; x_wconf 87' lang='lat' dir='ltr'><strong>fastum</strong></span> <span class='ocrx_word' id='word_1_391' title='bbox 2712 2312 2996 2371; x_wconf 92' lang='lat' dir='ltr'><strong>cervicem</strong></span> <span class='ocrx_word' id='word_1_392' title='bbox 3051 2311 3260 2368; x_wconf 91' lang='lat' dir='ltr'><strong>mentis</strong></span> <span class='ocrx_word' id='word_1_393' title='bbox 3293 2306 3529 2367; x_wconf 90' lang='lat' dir='ltr'><strong>erexit?</strong></span> <span class='ocrx_word' id='word_1_394' title='bbox 3558 2307 3717 2366; x_wconf 84' lang='lat' dir='ltr'><strong>Nun-</strong></span> 
     </span>
    </p>
   </div>
   <div class='ocr_carea' id='block_1_53' title="bbox 1999 2395 3713 2475">
    <p class='ocr_par' dir='ltr' id='par_1_53' title="bbox 1999 2395 3713 2475">
     <span class='ocr_line' id='line_1_53' title="bbox 1999 2395 3713 2475; baseline -0.003 -15"><span class='ocrx_word' id='word_1_395' title='bbox 1999 2402 2139 2475; x_wconf 92' lang='lat' dir='ltr'><strong>quid</strong></span> <span class='ocrx_word' id='word_1_396' title='bbox 2197 2417 2336 2470; x_wconf 86' lang='lat' dir='ltr'><strong>non,</strong></span> <span class='ocrx_word' id='word_1_397' title='bbox 2388 2410 2701 2475; x_wconf 86' lang='lat' dir='ltr'><strong>antequam</strong></span> <span class='ocrx_word' id='word_1_398' title='bbox 2765 2399 3152 2474; x_wconf 86' lang='lat' dir='ltr'><strong>responderet,</strong></span> <span class='ocrx_word' id='word_1_399' title='bbox 3199 2398 3392 2471; x_wconf 90' lang='lat' dir='ltr'><strong>ipsum</strong></span> <span class='ocrx_word' id='word_1_400' title='bbox 3436 2395 3713 2471; x_wconf 74' lang='lat' dir='ltr'><strong>angelicze</strong></span> 
     </span>
    </p>
   </div>
   <div class='ocr_carea' id='block_1_54' title="bbox 1999 2484 3712 2564">
    <p class='ocr_par' dir='ltr' id='par_1_54' title="bbox 1999 2484 3712 2564">
     <span class='ocr_line' id='line_1_54' title="bbox 1999 2484 3712 2564; baseline -0.002 -17"><span class='ocrx_word' id='word_1_401' title='bbox 1999 2490 2361 2549; x_wconf 88' lang='lat' dir='ltr'><strong>salutationis</strong></span> <span class='ocrx_word' id='word_1_402' title='bbox 2406 2490 2636 2564; x_wconf 87' lang='lat' dir='ltr'><strong>pondus</strong></span> <span class='ocrx_word' id='word_1_403' title='bbox 2678 2489 2881 2547; x_wconf 89' lang='lat' dir='ltr'><strong>librata</strong></span> <span class='ocrx_word' id='word_1_404' title='bbox 2928 2488 3137 2546; x_wconf 89' lang='lat' dir='ltr'><strong>mentis</strong></span> <span class='ocrx_word' id='word_1_405' title='bbox 3180 2487 3343 2545; x_wconf 86' lang='lat' dir='ltr'><strong>lance</strong></span> <span class='ocrx_word' id='word_1_406' title='bbox 3394 2484 3712 2559; x_wconf 84' lang='lat' dir='ltr'><strong>pensavit?</strong></span> 
     </span>
    </p>
   </div>
   <div class='ocr_carea' id='block_1_55' title="bbox 1999 2573 3714 2652">
    <p class='ocr_par' dir='ltr' id='par_1_55' title="bbox 1999 2573 3714 2652">
     <span class='ocr_line' id='line_1_55' title="bbox 1999 2573 3714 2652; baseline -0.002 -17"><span class='ocrx_word' id='word_1_407' title='bbox 1999 2577 2098 2635; x_wconf 84' lang='lat' dir='ltr'><strong>Ait</strong></span> <span class='ocrx_word' id='word_1_408' title='bbox 2138 2579 2296 2637; x_wconf 91' lang='lat' dir='ltr'><strong>enim</strong></span> <span class='ocrx_word' id='word_1_409' title='bbox 2335 2578 2689 2652; x_wconf 88' lang='lat' dir='ltr'><strong>evangelista</strong></span> <span class='ocrx_word' id='word_1_410' title='bbox 2723 2598 2736 2636; x_wconf 87' lang='lat'><strong>:</strong></span> <span class='ocrx_word' id='word_1_411' title='bbox 2778 2599 2799 2625; x_wconf 71' lang='grc' dir='ltr'><strong><em>π</em></strong></span> <span class='ocrx_word' id='word_1_412' title='bbox 2836 2575 2979 2645; x_wconf 72' lang='lat' dir='ltr'><strong>Quae</strong></span> <span class='ocrx_word' id='word_1_413' title='bbox 3008 2591 3143 2633; x_wconf 92' lang='lat' dir='ltr'><strong>cum</strong></span> <span class='ocrx_word' id='word_1_414' title='bbox 3184 2575 3455 2643; x_wconf 91' lang='lat' dir='ltr'><strong>audisset,</strong></span> <span class='ocrx_word' id='word_1_415' title='bbox 3488 2573 3714 2632; x_wconf 90' lang='lat' dir='ltr'><strong>turbata</strong></span> 
     </span>
    </p>
   </div>
   <div class='ocr_carea' id='block_1_56' title="bbox 1999 2660 3713 2738">
    <p class='ocr_par' dir='ltr' id='par_1_56' title="bbox 1999 2660 3713 2738">
     <span class='ocr_line' id='line_1_56' title="bbox 1999 2660 3713 2738; baseline -0.002 -16"><span class='ocrx_word' id='word_1_416' title='bbox 1999 2672 2082 2723; x_wconf 91' lang='lat' dir='ltr'><strong>est</strong></span> <span class='ocrx_word' id='word_1_417' title='bbox 2133 2665 2195 2723; x_wconf 92' lang='lat' dir='ltr'><strong>in</strong></span> <span class='ocrx_word' id='word_1_418' title='bbox 2248 2682 2517 2724; x_wconf 88' lang='lat' dir='ltr'><strong>sermone</strong></span> <span class='ocrx_word' id='word_1_419' title='bbox 2565 2667 2711 2738; x_wconf 85' lang='lat' dir='ltr'><strong>ejus,</strong></span> <span class='ocrx_word' id='word_1_420' title='bbox 2753 2673 2809 2722; x_wconf 89' lang='lat' dir='ltr'><strong>et</strong></span> <span class='ocrx_word' id='word_1_421' title='bbox 2855 2664 3138 2737; x_wconf 88' lang='lat' dir='ltr'><strong>cogitabat</strong></span> <span class='ocrx_word' id='word_1_422' title='bbox 3181 2662 3372 2735; x_wconf 87' lang='lat' dir='ltr'><strong>qualis</strong></span> <span class='ocrx_word' id='word_1_423' title='bbox 3422 2669 3570 2719; x_wconf 89' lang='lat' dir='ltr'><strong>esset</strong></span> <span class='ocrx_word' id='word_1_424' title='bbox 3603 2660 3713 2719; x_wconf 91' lang='lat' dir='ltr'><strong>ista</strong></span> 
     </span>
    </p>
   </div>
   <div class='ocr_carea' id='block_1_57' title="bbox 2001 2744 3712 2824">
    <p class='ocr_par' dir='ltr' id='par_1_57' title="bbox 2001 2744 3712 2824">
     <span class='ocr_line' id='line_1_57' title="bbox 2001 2744 3712 2824; baseline -0.002 -14"><span class='ocrx_word' id='word_1_425' title='bbox 2001 2753 2270 2812; x_wconf 87' lang='lat' dir='ltr'><strong>salutatio</strong></span> <span class='ocrx_word' id='word_1_426' title='bbox 2311 2758 2464 2821; x_wconf 86' lang='lat' dir='ltr'><strong>(Luc.</strong></span> <span class='ocrx_word' id='word_1_427' title='bbox 2499 2759 2561 2822; x_wconf 78' lang='grc' dir='ltr'><strong>ι).</strong></span> <span class='ocrx_word' id='word_1_428' title='bbox 2597 2774 2625 2807; x_wconf 80' lang='grc'><strong>››</strong></span> <span class='ocrx_word' id='word_1_429' title='bbox 2666 2753 2775 2811; x_wconf 92' lang='lat' dir='ltr'><strong>Ubi</strong></span> <span class='ocrx_word' id='word_1_430' title='bbox 2825 2758 2962 2811; x_wconf 88' lang='lat' dir='ltr'><strong>sunt</strong></span> <span class='ocrx_word' id='word_1_431' title='bbox 3000 2752 3142 2823; x_wconf 82' lang='lat' dir='ltr'><strong>illae,</strong></span> <span class='ocrx_word' id='word_1_432' title='bbox 3175 2744 3306 2824; x_wconf 65' lang='lat' dir='ltr'><strong>quas</strong></span> <span class='ocrx_word' id='word_1_433' title='bbox 3344 2749 3565 2819; x_wconf 90' lang='lat' dir='ltr'><strong>dicunt,</strong></span> <span class='ocrx_word' id='word_1_434' title='bbox 3605 2763 3712 2823; x_wconf 89' lang='lat' dir='ltr'><strong>ego</strong></span> 
     </span>
    </p>
   </div>
   <div class='ocr_carea' id='block_1_58' title="bbox 1997 2838 3710 2918">
    <p class='ocr_par' dir='ltr' id='par_1_58' title="bbox 1997 2838 3710 2918">
     <span class='ocr_line' id='line_1_58' title="bbox 1997 2838 3710 2918; baseline -0.002 -18"><span class='ocrx_word' id='word_1_435' title='bbox 1997 2858 2129 2901; x_wconf 89' lang='lat' dir='ltr'><strong>sum</strong></span> <span class='ocrx_word' id='word_1_436' title='bbox 2182 2843 2364 2916; x_wconf 83' lang='lat' dir='ltr'><strong>virgo,</strong></span> <span class='ocrx_word' id='word_1_437' title='bbox 2405 2859 2509 2918; x_wconf 82' lang='lat' dir='ltr'><strong>ego</strong></span> <span class='ocrx_word' id='word_1_438' title='bbox 2544 2860 2674 2904; x_wconf 92' lang='lat' dir='ltr'><strong>sum</strong></span> <span class='ocrx_word' id='word_1_439' title='bbox 2714 2843 2925 2917; x_wconf 88' lang='lat' dir='ltr'><strong>virgo?</strong></span> <span class='ocrx_word' id='word_1_440' title='bbox 2964 2842 3274 2911; x_wconf 72' lang='lat' dir='ltr'><strong>Verbosaa,</strong></span> <span class='ocrx_word' id='word_1_441' title='bbox 3320 2838 3710 2909; x_wconf 69' lang='lat' dir='ltr'><strong>contentiosaa,</strong></span> 
     </span>
    </p>
   </div>
   <div class='ocr_carea' id='block_1_59' title="bbox 1997 2927 3711 3007">
    <p class='ocr_par' dir='ltr' id='par_1_59' title="bbox 1997 2927 3711 3007">
     <span class='ocr_line' id='line_1_59' title="bbox 1997 2927 3711 3007; baseline -0.004 -17"><span class='ocrx_word' id='word_1_442' title='bbox 1997 2939 2406 3005; x_wconf 67' lang='lat' dir='ltr'><strong>suspectuosaa,</strong></span> <span class='ocrx_word' id='word_1_443' title='bbox 2439 2933 2833 3007; x_wconf 70' lang='lat' dir='ltr'><strong>superﬂuqsze,</strong></span> <span class='ocrx_word' id='word_1_444' title='bbox 2867 2937 3023 2989; x_wconf 86' lang='lat' dir='ltr'><strong>veste</strong></span> <span class='ocrx_word' id='word_1_445' title='bbox 3059 2929 3411 3002; x_wconf 59' lang='lat' dir='ltr'><strong>composita),</strong></span> <span class='ocrx_word' id='word_1_446' title='bbox 3449 2927 3711 2985; x_wconf 87' lang='lat' dir='ltr'><strong>moribus</strong></span> 
     </span>
    </p>
   </div>
   <div class='ocr_carea' id='block_1_60' title="bbox 1995 3018 3704 3096">
    <p class='ocr_par' dir='ltr' id='par_1_60' title="bbox 1995 3018 3704 3096">
     <span class='ocr_line' id='line_1_60' title="bbox 1995 3018 3704 3096; baseline -0.002 -19"><span class='ocrx_word' id='word_1_447' title='bbox 1995 3020 2337 3093; x_wconf 58' lang='lat' dir='ltr'><strong>dissipata?</strong></span> <span class='ocrx_word' id='word_1_448' title='bbox 2390 3022 2510 3096; x_wconf 88' lang='lat' dir='ltr'><strong>Ego</strong></span> <span class='ocrx_word' id='word_1_449' title='bbox 2562 3036 2695 3081; x_wconf 91' lang='lat' dir='ltr'><strong>sum</strong></span> <span class='ocrx_word' id='word_1_450' title='bbox 2748 3022 2949 3093; x_wconf 87' lang='lat' dir='ltr'><strong>virgo;</strong></span> <span class='ocrx_word' id='word_1_451' title='bbox 3011 3020 3203 3077; x_wconf 91' lang='lat' dir='ltr'><strong>nescio</strong></span> <span class='ocrx_word' id='word_1_452' title='bbox 3260 3018 3415 3076; x_wconf 88' lang='lat' dir='ltr'><strong>enim</strong></span> <span class='ocrx_word' id='word_1_453' title='bbox 3488 3018 3704 3087; x_wconf 91' lang='lat' dir='ltr'><strong>virum,</strong></span> 
     </span>
    </p>
   </div>
   <div class='ocr_carea' id='block_1_61' title="bbox 189 3104 3707 3209">
    <p class='ocr_par' dir='ltr' id='par_1_61' title="bbox 189 3104 3707 3209">
     <span class='ocr_line' id='line_1_61' title="bbox 189 3104 3707 3209; baseline 0.007 -43"><span class='ocrx_word' id='word_1_454' title='bbox 189 3123 329 3166; x_wconf 89' lang='lat' dir='ltr'><strong>cum</strong></span> <span class='ocrx_word' id='word_1_455' title='bbox 369 3111 699 3185; x_wconf 85' lang='lat' dir='ltr'><strong>evangelica</strong></span> <span class='ocrx_word' id='word_1_456' title='bbox 730 3114 987 3172; x_wconf 88' lang='lat' dir='ltr'><strong>doctrina</strong></span> <span class='ocrx_word' id='word_1_457' title='bbox 1029 3115 1169 3187; x_wconf 88' lang='lat' dir='ltr'><strong>legis</strong></span> <span class='ocrx_word' id='word_1_458' title='bbox 1207 3124 1263 3174; x_wconf 90' lang='lat' dir='ltr'><strong>et</strong></span> <span class='ocrx_word' id='word_1_459' title='bbox 1302 3115 1710 3190; x_wconf 88' lang='lat' dir='ltr'><strong>prophetarum</strong></span> <span class='ocrx_word' id='word_1_460' title='bbox 1748 3110 2202 3209; x_wconf 68' lang='lat' dir='ltr'><strong>man-Gignom</strong></span> <span class='ocrx_word' id='word_1_461' title='bbox 2252 3110 2613 3185; x_wconf 57' lang='lat' dir='ltr'><strong>coniugium</strong></span> <span class='ocrx_word' id='word_1_462' title='bbox 2662 3109 2707 3168; x_wconf 83' lang='grc' dir='ltr'>Ο</span> <span class='ocrx_word' id='word_1_463' title='bbox 2760 3110 2942 3183; x_wconf 60' lang='lat' dir='ltr'><strong>Virgo:</strong></span> <span class='ocrx_word' id='word_1_464' title='bbox 3002 3124 3179 3184; x_wconf 67' lang='lat' dir='ltr'><strong>quam</strong></span> <span class='ocrx_word' id='word_1_465' title='bbox 3237 3106 3379 3165; x_wconf 65' lang='lat' dir='ltr'><strong>felix</strong></span> <span class='ocrx_word' id='word_1_466' title='bbox 3435 3121 3608 3209; x_wconf 57' lang='lat'><strong>9339?:</strong></span> <span class='ocrx_word' id='word_1_467' title='bbox 3656 3104 3707 3162; x_wconf 72' lang='lat' dir='ltr'><strong>Si</strong></span> 
     </span>
    </p>
   </div>
   <div class='ocr_carea' id='block_1_62' title="bbox 187 3194 3711 3278">
    <p class='ocr_par' dir='ltr' id='par_1_62' title="bbox 187 3194 3711 3278">
     <span class='ocr_line' id='line_1_62' title="bbox 187 3194 3711 3278; baseline -0.001 -25"><span class='ocrx_word' id='word_1_468' title='bbox 187 3196 324 3254; x_wconf 88' lang='lat' dir='ltr'><strong>data</strong></span> <span class='ocrx_word' id='word_1_469' title='bbox 365 3199 692 3272; x_wconf 88' lang='lat' dir='ltr'><strong>conjunxit.</strong></span> <span class='ocrx_word' id='word_1_470' title='bbox 729 3200 841 3259; x_wconf 90' lang='lat' dir='ltr'><strong>Sed</strong></span> <span class='ocrx_word' id='word_1_471' title='bbox 870 3202 975 3275; x_wconf 90' lang='lat' dir='ltr'><strong>qui</strong></span> <span class='ocrx_word' id='word_1_472' title='bbox 1020 3203 1397 3276; x_wconf 65' lang='lat' dir='ltr'><strong>priecedehat,</strong></span> <span class='ocrx_word' id='word_1_473' title='bbox 1449 3205 1601 3278; x_wconf 92' lang='lat' dir='ltr'><strong>quod</strong></span> <span class='ocrx_word' id='word_1_474' title='bbox 1655 3194 2147 3272; x_wconf 56' lang='lat' dir='ltr'><strong>humeris“quod</strong></span> <span class='ocrx_word' id='word_1_475' title='bbox 2188 3198 2367 3257; x_wconf 88' lang='lat' dir='ltr'><strong>babes</strong></span> <span class='ocrx_word' id='word_1_476' title='bbox 2403 3199 2465 3256; x_wconf 93' lang='lat' dir='ltr'><strong>in</strong></span> <span class='ocrx_word' id='word_1_477' title='bbox 2503 3214 2695 3264; x_wconf 87' lang='lat' dir='ltr'><strong>carne.</strong></span> <span class='ocrx_word' id='word_1_478' title='bbox 2755 3214 3015 3258; x_wconf 87' lang='lat' dir='ltr'><strong>scrvares</strong></span> <span class='ocrx_word' id='word_1_479' title='bbox 3054 3200 3111 3253; x_wconf 90' lang='lat' dir='ltr'><strong>in</strong></span> <span class='ocrx_word' id='word_1_480' title='bbox 3150 3201 3361 3266; x_wconf 88' lang='lat' dir='ltr'><strong>mente,</strong></span> <span class='ocrx_word' id='word_1_481' title='bbox 3392 3194 3711 3254; x_wconf 88' lang='lat' dir='ltr'><strong>custodires</strong></span> 
     </span>
    </p>
   </div>
   <div class='ocr_carea' id='block_1_63' title="bbox 187 3286 1909 3369">
    <p class='ocr_par' dir='ltr' id='par_1_63' title="bbox 187 3286 1909 3369">
     <span class='ocr_line' id='line_1_63' title="bbox 187 3286 1909 3369; baseline 0.006 -26"><span class='ocrx_word' id='word_1_482' title='bbox 187 3286 476 3358; x_wconf 85' lang='lat' dir='ltr'><strong>portabat,</strong></span> <span class='ocrx_word' id='word_1_483' title='bbox 504 3289 690 3349; x_wconf 90' lang='lat' dir='ltr'><strong>oculis</strong></span> <span class='ocrx_word' id='word_1_484' title='bbox 732 3305 845 3349; x_wconf 91' lang='lat' dir='ltr'><strong>non</strong></span> <span class='ocrx_word' id='word_1_485' title='bbox 886 3290 1148 3359; x_wconf 81' lang='lat' dir='ltr'><strong>videbat;</strong></span> <span class='ocrx_word' id='word_1_486' title='bbox 1180 3292 1283 3367; x_wconf 91' lang='lat' dir='ltr'><strong>qui</strong></span> <span class='ocrx_word' id='word_1_487' title='bbox 1314 3300 1508 3352; x_wconf 89' lang='lat' dir='ltr'><strong>autem</strong></span> <span class='ocrx_word' id='word_1_488' title='bbox 1543 3294 1909 3369; x_wconf 89' lang='lat' dir='ltr'><strong>sequebatur,</strong></span> 
     </span>
    </p>
   </div>
   <div class='ocr_carea' id='block_1_64' title="bbox 186 3380 1910 3458">
    <p class='ocr_par' dir='ltr' id='par_1_64' title="bbox 186 3380 1910 3458">
     <span class='ocr_line' id='line_1_64' title="bbox 186 3380 1910 3458; baseline 0.006 -26"><span class='ocrx_word' id='word_1_489' title='bbox 186 3388 343 3433; x_wconf 89' lang='lat' dir='ltr'><strong>onus</strong></span> <span class='ocrx_word' id='word_1_490' title='bbox 372 3391 546 3434; x_wconf 89' lang='lat' dir='ltr'><strong>suum</strong></span> <span class='ocrx_word' id='word_1_491' title='bbox 594 3394 821 3452; x_wconf 89' lang='lat' dir='ltr'><strong>semper</strong></span> <span class='ocrx_word' id='word_1_492' title='bbox 868 3380 1222 3439; x_wconf 90' lang='lat' dir='ltr'><strong>intuebatur.</strong></span> <span class='ocrx_word' id='word_1_493' title='bbox 1266 3380 1374 3439; x_wconf 91' lang='lat' dir='ltr'><strong>Per</strong></span> <span class='ocrx_word' id='word_1_494' title='bbox 1410 3381 1582 3440; x_wconf 91' lang='lat' dir='ltr'><strong>illum</strong></span> <span class='ocrx_word' id='word_1_495' title='bbox 1621 3398 1776 3456; x_wconf 88' lang='lat' dir='ltr'><strong>ergo,</strong></span> <span class='ocrx_word' id='word_1_496' title='bbox 1808 3385 1910 3458; x_wconf 93' lang='lat' dir='ltr'><strong>qui</strong></span> 
     </span>
    </p>
   </div>
   <div class='ocr_carea' id='block_1_65' title="bbox 188 3465 1909 3547">
    <p class='ocr_par' dir='ltr' id='par_1_65' title="bbox 188 3465 1909 3547">
     <span class='ocr_line' id='line_1_65' title="bbox 188 3465 1909 3547; baseline 0.006 -26"><span class='ocrx_word' id='word_1_497' title='bbox 188 3465 572 3539; x_wconf 68' lang='lat' dir='ltr'><strong>praecedebat,</strong></span> <span class='ocrx_word' id='word_1_498' title='bbox 612 3469 863 3541; x_wconf 88' lang='lat' dir='ltr'><strong>populus</strong></span> <span class='ocrx_word' id='word_1_499' title='bbox 888 3469 1260 3539; x_wconf 67' lang='lat' dir='ltr'><strong>Judaaorum;</strong></span> <span class='ocrx_word' id='word_1_500' title='bbox 1294 3486 1393 3543; x_wconf 90' lang='lat' dir='ltr'><strong>per</strong></span> <span class='ocrx_word' id='word_1_501' title='bbox 1419 3469 1590 3528; x_wconf 91' lang='lat' dir='ltr'><strong>illum</strong></span> <span class='ocrx_word' id='word_1_502' title='bbox 1622 3486 1778 3539; x_wconf 88' lang='lat' dir='ltr'><strong>vero,</strong></span> <span class='ocrx_word' id='word_1_503' title='bbox 1807 3473 1909 3547; x_wconf 93' lang='lat' dir='ltr'><strong>qui</strong></span> 
     </span>
    </p>
   </div>
   <div class='ocr_carea' id='block_1_66' title="bbox 186 3554 1909 3631">
    <p class='ocr_par' dir='ltr' id='par_1_66' title="bbox 186 3554 1909 3631">
     <span class='ocr_line' id='line_1_66' title="bbox 186 3554 1909 3631; baseline 0.005 -20"><span class='ocrx_word' id='word_1_504' title='bbox 186 3554 569 3628; x_wconf 84' lang='lat' dir='ltr'><strong>sequebatur,</strong></span> <span class='ocrx_word' id='word_1_505' title='bbox 639 3573 752 3616; x_wconf 90' lang='lat' dir='ltr'><strong>non</strong></span> <span class='ocrx_word' id='word_1_506' title='bbox 817 3558 1138 3631; x_wconf 85' lang='lat' dir='ltr'><strong>incongrue</strong></span> <span class='ocrx_word' id='word_1_507' title='bbox 1199 3559 1538 3631; x_wconf 88' lang='lat' dir='ltr'><strong>designatur</strong></span> <span class='ocrx_word' id='word_1_508' title='bbox 1596 3560 1909 3620; x_wconf 89' lang='lat' dir='ltr'><strong>multitudo</strong></span> 
     </span>
    </p>
   </div>
   <div class='ocr_carea' id='block_1_67' title="bbox 183 3642 1907 3722">
    <p class='ocr_par' dir='ltr' id='par_1_67' title="bbox 183 3642 1907 3722">
     <span class='ocr_line' id='line_1_67' title="bbox 183 3642 1907 3722; baseline 0.003 -21"><span class='ocrx_word' id='word_1_509' title='bbox 183 3642 482 3714; x_wconf 84' lang='lat' dir='ltr'><strong>gentium.</strong></span> <span class='ocrx_word' id='word_1_510' title='bbox 532 3644 639 3702; x_wconf 90' lang='lat' dir='ltr'><strong>Ille</strong></span> <span class='ocrx_word' id='word_1_511' title='bbox 693 3645 848 3703; x_wconf 90' lang='lat' dir='ltr'><strong>enim</strong></span> <span class='ocrx_word' id='word_1_512' title='bbox 912 3661 1011 3718; x_wconf 91' lang='lat' dir='ltr'><strong>per</strong></span> <span class='ocrx_word' id='word_1_513' title='bbox 1073 3662 1253 3704; x_wconf 65' lang='lat' dir='ltr'><strong>sacrae</strong></span> <span class='ocrx_word' id='word_1_514' title='bbox 1303 3645 1615 3720; x_wconf 59' lang='lat' dir='ltr'><strong>Scriptura;</strong></span> <span class='ocrx_word' id='word_1_515' title='bbox 1668 3650 1907 3722; x_wconf 89' lang='lat' dir='ltr'><strong>paginas</strong></span> 
     </span>
    </p>
   </div>
   <div class='ocr_carea' id='block_1_68' title="bbox 181 3731 1905 3810">
    <p class='ocr_par' dir='ltr' id='par_1_68' title="bbox 181 3731 1905 3810">
     <span class='ocr_line' id='line_1_68' title="bbox 181 3731 1905 3810; baseline 0.003 -20"><span class='ocrx_word' id='word_1_516' title='bbox 181 3732 361 3805; x_wconf 88' lang='lat' dir='ltr'><strong>quasi</strong></span> <span class='ocrx_word' id='word_1_517' title='bbox 399 3731 460 3789; x_wconf 91' lang='lat' dir='ltr'><strong>in</strong></span> <span class='ocrx_word' id='word_1_518' title='bbox 497 3732 761 3793; x_wconf 88' lang='lat' dir='ltr'><strong>humeris</strong></span> <span class='ocrx_word' id='word_1_519' title='bbox 800 3734 1093 3794; x_wconf 88' lang='lat' dir='ltr'><strong>Christum</strong></span> <span class='ocrx_word' id='word_1_520' title='bbox 1137 3738 1420 3809; x_wconf 89' lang='lat' dir='ltr'><strong>portavit;</strong></span> <span class='ocrx_word' id='word_1_521' title='bbox 1449 3736 1542 3793; x_wconf 91' lang='lat' dir='ltr'><strong>sed</strong></span> <span class='ocrx_word' id='word_1_522' title='bbox 1584 3738 1723 3810; x_wconf 90' lang='lat' dir='ltr'><strong>quia</strong></span> <span class='ocrx_word' id='word_1_523' title='bbox 1754 3754 1905 3810; x_wconf 66' lang='lat' dir='ltr'><strong>prae-</strong></span> 
     </span>
    </p>
   </div>
   <div class='ocr_carea' id='block_1_69' title="bbox 179 3819 1904 3898">
    <p class='ocr_par' dir='ltr' id='par_1_69' title="bbox 179 3819 1904 3898">
     <span class='ocr_line' id='line_1_69' title="bbox 179 3819 1904 3898; baseline 0.003 -20"><span class='ocrx_word' id='word_1_524' title='bbox 179 3826 429 3878; x_wconf 81' lang='lat' dir='ltr'><strong>sentem</strong></span> <span class='ocrx_word' id='word_1_525' title='bbox 457 3819 519 3879; x_wconf 88' lang='lat' dir='ltr'><strong>in</strong></span> <span class='ocrx_word' id='word_1_526' title='bbox 561 3837 754 3891; x_wconf 88' lang='lat' dir='ltr'><strong>carne,</strong></span> <span class='ocrx_word' id='word_1_527' title='bbox 784 3823 1135 3898; x_wconf 86' lang='lat' dir='ltr'><strong>impediente</strong></span> <span class='ocrx_word' id='word_1_528' title='bbox 1185 3823 1547 3882; x_wconf 83' lang='lat' dir='ltr'><strong>inﬁdelitatis</strong></span> <span class='ocrx_word' id='word_1_529' title='bbox 1592 3841 1719 3884; x_wconf 68' lang='lat' dir='ltr'><strong>suae</strong></span> <span class='ocrx_word' id='word_1_530' title='bbox 1761 3827 1904 3884; x_wconf 85' lang='lat' dir='ltr'><strong>cali-</strong></span> 
     </span>
    </p>
   </div>
   <div class='ocr_carea' id='block_1_70' title="bbox 179 3908 1899 3985">
    <p class='ocr_par' dir='ltr' id='par_1_70' title="bbox 179 3908 1899 3985">
     <span class='ocr_line' id='line_1_70' title="bbox 179 3908 1899 3985; baseline 0.005 -21"><span class='ocrx_word' id='word_1_531' title='bbox 179 3908 361 3980; x_wconf 86' lang='lat' dir='ltr'><strong>gine,</strong></span> <span class='ocrx_word' id='word_1_532' title='bbox 420 3923 540 3967; x_wconf 90' lang='lat' dir='ltr'><strong>non</strong></span> <span class='ocrx_word' id='word_1_533' title='bbox 603 3910 906 3984; x_wconf 87' lang='lat' dir='ltr'><strong>cognovit,</strong></span> <span class='ocrx_word' id='word_1_534' title='bbox 958 3910 1195 3969; x_wconf 89' lang='lat' dir='ltr'><strong>dorsum</strong></span> <span class='ocrx_word' id='word_1_535' title='bbox 1264 3911 1316 3969; x_wconf 93' lang='lat' dir='ltr'><strong>ei</strong></span> <span class='ocrx_word' id='word_1_536' title='bbox 1350 3912 1774 3985; x_wconf 90' lang='lat' dir='ltr'><strong>quodammodo</strong></span> <span class='ocrx_word' id='word_1_537' title='bbox 1841 3914 1899 3973; x_wconf 91' lang='lat' dir='ltr'><strong>in</strong></span> 
     </span>
    </p>
   </div>
   <div class='ocr_carea' id='block_1_71' title="bbox 175 3996 1902 4076">
    <p class='ocr_par' dir='ltr' id='par_1_71' title="bbox 175 3996 1902 4076">
     <span class='ocr_line' id='line_1_71' title="bbox 175 3996 1902 4076; baseline 0.002 -21"><span class='ocrx_word' id='word_1_538' title='bbox 175 3996 391 4056; x_wconf 88' lang='lat' dir='ltr'><strong>fatiem</strong></span> <span class='ocrx_word' id='word_1_539' title='bbox 431 3998 612 4056; x_wconf 86' lang='lat' dir='ltr'><strong>misit.</strong></span> <span class='ocrx_word' id='word_1_540' title='bbox 664 3997 776 4057; x_wconf 90' lang='lat' dir='ltr'><strong>Iste</strong></span> <span class='ocrx_word' id='word_1_541' title='bbox 814 4015 971 4071; x_wconf 78' lang='lat' dir='ltr'><strong>veno,</strong></span> <span class='ocrx_word' id='word_1_542' title='bbox 1007 4000 1110 4073; x_wconf 91' lang='lat' dir='ltr'><strong>qui</strong></span> <span class='ocrx_word' id='word_1_543' title='bbox 1156 3999 1438 4074; x_wconf 89' lang='lat' dir='ltr'><strong>sequitur,</strong></span> <span class='ocrx_word' id='word_1_544' title='bbox 1482 4000 1722 4074; x_wconf 88' lang='lat' dir='ltr'><strong>aspicit;</strong></span> <span class='ocrx_word' id='word_1_545' title='bbox 1763 4004 1902 4076; x_wconf 90' lang='lat' dir='ltr'><strong>quia</strong></span> 
     </span>
    </p>
   </div>
   <div class='ocr_carea' id='block_1_72' title="bbox 175 4086 1900 4164">
    <p class='ocr_par' dir='ltr' id='par_1_72' title="bbox 175 4086 1900 4164">
     <span class='ocr_line' id='line_1_72' title="bbox 175 4086 1900 4164; baseline 0.003 -21"><span class='ocrx_word' id='word_1_546' title='bbox 175 4086 426 4157; x_wconf 76' lang='lat' dir='ltr'><strong>gentilis</strong></span> <span class='ocrx_word' id='word_1_547' title='bbox 469 4087 720 4161; x_wconf 89' lang='lat' dir='ltr'><strong>populus</strong></span> <span class='ocrx_word' id='word_1_548' title='bbox 751 4088 1192 4163; x_wconf 80' lang='lat' dir='ltr'><strong>Redemptorein</strong></span> <span class='ocrx_word' id='word_1_549' title='bbox 1228 4104 1420 4160; x_wconf 90' lang='lat' dir='ltr'><strong>suum,</strong></span> <span class='ocrx_word' id='word_1_550' title='bbox 1461 4090 1521 4148; x_wconf 92' lang='lat' dir='ltr'><strong>in</strong></span> <span class='ocrx_word' id='word_1_551' title='bbox 1558 4106 1729 4164; x_wconf 88' lang='lat' dir='ltr'><strong>quem</strong></span> <span class='ocrx_word' id='word_1_552' title='bbox 1758 4091 1900 4149; x_wconf 87' lang='lat' dir='ltr'><strong>tide-</strong></span> 
     </span>
    </p>
   </div>
   <div class='ocr_carea' id='block_1_73' title="bbox 175 4176 1213 4250">
    <p class='ocr_par' dir='ltr' id='par_1_73' title="bbox 175 4176 1213 4250">
     <span class='ocr_line' id='line_1_73' title="bbox 175 4176 1213 4250; baseline 0.004 -17"><span class='ocrx_word' id='word_1_553' title='bbox 175 4176 317 4235; x_wconf 89' lang='lat' dir='ltr'><strong>liter</strong></span> <span class='ocrx_word' id='word_1_554' title='bbox 348 4176 550 4245; x_wconf 89' lang='lat' dir='ltr'><strong>credit,</strong></span> <span class='ocrx_word' id='word_1_555' title='bbox 578 4178 884 4237; x_wconf 88' lang='lat' dir='ltr'><strong>manifeste</strong></span> <span class='ocrx_word' id='word_1_556' title='bbox 910 4179 1213 4250; x_wconf 85' lang='lat' dir='ltr'><strong>cognoscit.</strong></span> 
     </span>
    </p>
   </div>
   <div class='ocr_carea' id='block_1_74' title="bbox 251 4264 1897 4340">
    <p class='ocr_par' dir='ltr' id='par_1_74' title="bbox 251 4264 1897 4340">
     <span class='ocr_line' id='line_1_74' title="bbox 251 4264 1897 4340; baseline 0.002 -18"><span class='ocrx_word' id='word_1_557' title='bbox 251 4264 452 4323; x_wconf 89' lang='lat' dir='ltr'><strong>Potest</strong></span> <span class='ocrx_word' id='word_1_558' title='bbox 501 4266 676 4325; x_wconf 89' lang='lat' dir='ltr'><strong>etiam</strong></span> <span class='ocrx_word' id='word_1_559' title='bbox 725 4282 827 4340; x_wconf 90' lang='lat' dir='ltr'><strong>per</strong></span> <span class='ocrx_word' id='word_1_560' title='bbox 861 4264 1325 4340; x_wconf 88' lang='lat' dir='ltr'><strong>repromissionis</strong></span> <span class='ocrx_word' id='word_1_561' title='bbox 1364 4270 1574 4325; x_wconf 87' lang='lat' dir='ltr'><strong>terram</strong></span> <span class='ocrx_word' id='word_1_562' title='bbox 1628 4282 1742 4325; x_wconf 89' lang='lat' dir='ltr'><strong>non</strong></span> <span class='ocrx_word' id='word_1_563' title='bbox 1803 4268 1897 4327; x_wconf 90' lang='lat' dir='ltr'><strong>in-</strong></span> 
     </span>
    </p>
   </div>
   <div class='ocr_carea' id='block_1_75' title="bbox 1994 3282 3707 3360">
    <p class='ocr_par' dir='ltr' id='par_1_75' title="bbox 1994 3282 3707 3360">
     <span class='ocr_line' id='line_1_75' title="bbox 1994 3282 3707 3360; baseline -0.004 -15"><span class='ocrx_word' id='word_1_564' title='bbox 1994 3286 2052 3345; x_wconf 90' lang='lat' dir='ltr'><strong>in</strong></span> <span class='ocrx_word' id='word_1_565' title='bbox 2100 3288 2355 3345; x_wconf 88' lang='lat' dir='ltr'><strong>actione!</strong></span> <span class='ocrx_word' id='word_1_566' title='bbox 2403 3286 2554 3355; x_wconf 88' lang='lat' dir='ltr'><strong>Quid</strong></span> <span class='ocrx_word' id='word_1_567' title='bbox 2610 3288 2764 3345; x_wconf 91' lang='lat' dir='ltr'><strong>enim</strong></span> <span class='ocrx_word' id='word_1_568' title='bbox 2820 3288 3064 3360; x_wconf 88' lang='lat' dir='ltr'><strong>prodest,</strong></span> <span class='ocrx_word' id='word_1_569' title='bbox 3102 3285 3282 3344; x_wconf 89' lang='lat' dir='ltr'><strong>solius</strong></span> <span class='ocrx_word' id='word_1_570' title='bbox 3317 3284 3507 3342; x_wconf 90' lang='lat' dir='ltr'><strong>carnis</strong></span> <span class='ocrx_word' id='word_1_571' title='bbox 3552 3282 3707 3340; x_wconf 86' lang='lat' dir='ltr'><strong>inte—</strong></span> 
     </span>
    </p>
   </div>
   <div class='ocr_carea' id='block_1_76' title="bbox 1990 3373 3707 3453">
    <p class='ocr_par' dir='ltr' id='par_1_76' title="bbox 1990 3373 3707 3453">
     <span class='ocr_line' id='line_1_76' title="bbox 1990 3373 3707 3453; baseline -0.005 -16"><span class='ocrx_word' id='word_1_572' title='bbox 1990 3379 2254 3453; x_wconf 85' lang='lat' dir='ltr'><strong>gritatem</strong></span> <span class='ocrx_word' id='word_1_573' title='bbox 2307 3396 2537 3440; x_wconf 89' lang='lat' dir='ltr'><strong>servare</strong></span> <span class='ocrx_word' id='word_1_574' title='bbox 2562 3427 2576 3449; x_wconf 93' lang='lat'><strong>,</strong></span> <span class='ocrx_word' id='word_1_575' title='bbox 2612 3386 2668 3437; x_wconf 88' lang='lat' dir='ltr'><strong>et</strong></span> <span class='ocrx_word' id='word_1_576' title='bbox 2711 3380 3096 3451; x_wconf 83' lang='lat' dir='ltr'><strong>malignorum</strong></span> <span class='ocrx_word' id='word_1_577' title='bbox 3132 3377 3444 3452; x_wconf 89' lang='lat' dir='ltr'><strong>spirituum</strong></span> <span class='ocrx_word' id='word_1_578' title='bbox 3493 3373 3707 3447; x_wconf 91' lang='lat' dir='ltr'><strong>stupris</strong></span> 
     </span>
    </p>
   </div>
   <div class='ocr_carea' id='block_1_77' title="bbox 1992 3462 3701 3540">
    <p class='ocr_par' dir='ltr' id='par_1_77' title="bbox 1992 3462 3701 3540">
     <span class='ocr_line' id='line_1_77' title="bbox 1992 3462 3701 3540; baseline -0.005 -15"><span class='ocrx_word' id='word_1_579' title='bbox 1992 3468 2204 3525; x_wconf 89' lang='lat' dir='ltr'><strong>mentis</strong></span> <span class='ocrx_word' id='word_1_580' title='bbox 2246 3468 2524 3527; x_wconf 89' lang='lat' dir='ltr'><strong>interiora</strong></span> <span class='ocrx_word' id='word_1_581' title='bbox 2568 3467 2987 3540; x_wconf 83' lang='lat' dir='ltr'><strong>corrumpere?</strong></span> <span class='ocrx_word' id='word_1_582' title='bbox 3025 3466 3175 3537; x_wconf 87' lang='lat' dir='ltr'><strong>Quid</strong></span> <span class='ocrx_word' id='word_1_583' title='bbox 3212 3467 3376 3540; x_wconf 71' lang='lat' dir='ltr'><strong>juvat</strong></span> <span class='ocrx_word' id='word_1_584' title='bbox 3416 3462 3701 3534; x_wconf 85' lang='lat' dir='ltr'><strong>virginem</strong></span> 
     </span>
    </p>
   </div>
   <div class='ocr_carea' id='block_1_78' title="bbox 1989 3554 3701 3632">
    <p class='ocr_par' dir='ltr' id='par_1_78' title="bbox 1989 3554 3701 3632">
     <span class='ocr_line' id='line_1_78' title="bbox 1989 3554 3701 3632; baseline -0.005 -16"><span class='ocrx_word' id='word_1_585' title='bbox 1989 3574 2134 3630; x_wconf 89' lang='lat' dir='ltr'><strong>esse,</strong></span> <span class='ocrx_word' id='word_1_586' title='bbox 2177 3565 2234 3618; x_wconf 91' lang='lat' dir='ltr'><strong>et</strong></span> <span class='ocrx_word' id='word_1_587' title='bbox 2280 3557 2655 3632; x_wconf 85' lang='lat' dir='ltr'><strong>exigentibus</strong></span> <span class='ocrx_word' id='word_1_588' title='bbox 2713 3557 3010 3616; x_wconf 89' lang='lat' dir='ltr'><strong>actionum</strong></span> <span class='ocrx_word' id='word_1_589' title='bbox 3066 3554 3287 3613; x_wconf 88' lang='lat' dir='ltr'><strong>meritis</strong></span> <span class='ocrx_word' id='word_1_590' title='bbox 3336 3564 3701 3627; x_wconf 89' lang='lat' dir='ltr'><strong>nequaquam</strong></span> 
     </span>
    </p>
   </div>
   <div class='ocr_carea' id='block_1_79' title="bbox 1987 3643 3699 3722">
    <p class='ocr_par' dir='ltr' id='par_1_79' title="bbox 1987 3643 3699 3722">
     <span class='ocr_line' id='line_1_79' title="bbox 1987 3643 3699 3722; baseline -0.007 -15"><span class='ocrx_word' id='word_1_591' title='bbox 1987 3648 2061 3707; x_wconf 86' lang='lat' dir='ltr'><strong>ad</strong></span> <span class='ocrx_word' id='word_1_592' title='bbox 2125 3647 2471 3722; x_wconf 69' lang='lat' dir='ltr'><strong>virginalem</strong></span> <span class='ocrx_word' id='word_1_593' title='bbox 2520 3648 2837 3721; x_wconf 68' lang='lat' dir='ltr'><strong>praemium</strong></span> <span class='ocrx_word' id='word_1_594' title='bbox 2886 3644 3234 3719; x_wconf 86' lang='lat' dir='ltr'><strong>pervenire?</strong></span> <span class='ocrx_word' id='word_1_595' title='bbox 3282 3643 3456 3716; x_wconf 86' lang='lat' dir='ltr'><strong>Virgo</strong></span> <span class='ocrx_word' id='word_1_596' title='bbox 3509 3653 3699 3707; x_wconf 88' lang='lat' dir='ltr'><strong>carne,</strong></span> 
     </span>
    </p>
   </div>
   <div class='ocr_carea' id='block_1_80' title="bbox 1986 3727 3700 3812">
    <p class='ocr_par' dir='ltr' id='par_1_80' title="bbox 1986 3727 3700 3812">
     <span class='ocr_line' id='line_1_80' title="bbox 1986 3727 3700 3812; baseline -0.008 -14"><span class='ocrx_word' id='word_1_597' title='bbox 1986 3756 2103 3798; x_wconf 88' lang='lat' dir='ltr'><strong>non</strong></span> <span class='ocrx_word' id='word_1_598' title='bbox 2153 3740 2375 3810; x_wconf 90' lang='lat' dir='ltr'><strong>animo,</strong></span> <span class='ocrx_word' id='word_1_599' title='bbox 2423 3738 2772 3811; x_wconf 87' lang='lat' dir='ltr'><strong>virginitatis</strong></span> <span class='ocrx_word' id='word_1_600' title='bbox 2811 3736 3052 3812; x_wconf 65' lang='lat' dir='ltr'><strong>praemio</strong></span> <span class='ocrx_word' id='word_1_601' title='bbox 3091 3752 3205 3794; x_wconf 93' lang='lat' dir='ltr'><strong>non</strong></span> <span class='ocrx_word' id='word_1_602' title='bbox 3246 3734 3481 3807; x_wconf 92' lang='lat' dir='ltr'><strong>potitur.</strong></span> <span class='ocrx_word' id='word_1_603' title='bbox 3523 3727 3700 3789; x_wconf 85' lang='lat' dir='ltr'><strong>Aliud</strong></span> 
     </span>
    </p>
   </div>
   <div class='ocr_carea' id='block_1_81' title="bbox 1986 3817 3699 3903">
    <p class='ocr_par' dir='ltr' id='par_1_81' title="bbox 1986 3817 3699 3903">
     <span class='ocr_line' id='line_1_81' title="bbox 1986 3817 3699 3903; baseline -0.006 -16"><span class='ocrx_word' id='word_1_604' title='bbox 1986 3828 2199 3903; x_wconf 88' lang='lat' dir='ltr'><strong>quippe</strong></span> <span class='ocrx_word' id='word_1_605' title='bbox 2245 3834 2331 3887; x_wconf 90' lang='lat' dir='ltr'><strong>est</strong></span> <span class='ocrx_word' id='word_1_606' title='bbox 2376 3827 2759 3886; x_wconf 88' lang='lat' dir='ltr'><strong>tentationum</strong></span> <span class='ocrx_word' id='word_1_607' title='bbox 2804 3826 3023 3886; x_wconf 84' lang='lat' dir='ltr'><strong>fortiter</strong></span> <span class='ocrx_word' id='word_1_608' title='bbox 3062 3824 3348 3882; x_wconf 84' lang='lat' dir='ltr'><strong>illecebris</strong></span> <span class='ocrx_word' id='word_1_609' title='bbox 3398 3817 3699 3888; x_wconf 89' lang='lat' dir='ltr'><strong>contraire,</strong></span> 
     </span>
    </p>
   </div>
   <div class='ocr_carea' id='block_1_82' title="bbox 1984 3914 3699 3989">
    <p class='ocr_par' dir='ltr' id='par_1_82' title="bbox 1984 3914 3699 3989">
     <span class='ocr_line' id='line_1_82' title="bbox 1984 3914 3699 3989; baseline -0.004 -16"><span class='ocrx_word' id='word_1_610' title='bbox 1984 3916 2143 3975; x_wconf 89' lang='lat' dir='ltr'><strong>aliud</strong></span> <span class='ocrx_word' id='word_1_611' title='bbox 2182 3915 2398 3975; x_wconf 90' lang='lat' dir='ltr'><strong>eisdem</strong></span> <span class='ocrx_word' id='word_1_612' title='bbox 2434 3914 2645 3973; x_wconf 91' lang='lat' dir='ltr'><strong>blande</strong></span> <span class='ocrx_word' id='word_1_613' title='bbox 2683 3914 3089 3989; x_wconf 85' lang='lat' dir='ltr'><strong>irrepentibus.</strong></span> <span class='ocrx_word' id='word_1_614' title='bbox 3119 3922 3173 3972; x_wconf 86' lang='lat' dir='ltr'><strong>et</strong></span> <span class='ocrx_word' id='word_1_615' title='bbox 3210 3914 3259 3972; x_wconf 87' lang='lat' dir='ltr'><strong>si</strong></span> <span class='ocrx_word' id='word_1_616' title='bbox 3291 3928 3403 3971; x_wconf 88' lang='lat' dir='ltr'><strong>non</strong></span> <span class='ocrx_word' id='word_1_617' title='bbox 3443 3924 3699 3983; x_wconf 87' lang='lat' dir='ltr'><strong>corpore,</strong></span> 
     </span>
    </p>
   </div>
   <div class='ocr_carea' id='block_1_83' title="bbox 1986 4005 2955 4064">
    <p class='ocr_par' dir='ltr' id='par_1_83' title="bbox 1986 4005 2955 4064">
     <span class='ocr_line' id='line_1_83' title="bbox 1986 4005 2955 4064; baseline -0.002 -2"><span class='ocrx_word' id='word_1_618' title='bbox 1986 4012 2179 4064; x_wconf 90' lang='lat' dir='ltr'><strong>mente</strong></span> <span class='ocrx_word' id='word_1_619' title='bbox 2209 4011 2399 4063; x_wconf 90' lang='lat' dir='ltr'><strong>tamen</strong></span> <span class='ocrx_word' id='word_1_620' title='bbox 2424 4006 2713 4063; x_wconf 86' lang='lat' dir='ltr'><strong>enerviter</strong></span> <span class='ocrx_word' id='word_1_621' title='bbox 2736 4005 2955 4063; x_wconf 86' lang='lat' dir='ltr'><strong>cedere.</strong></span> 
     </span>
    </p>
   </div>
   <div class='ocr_carea' id='block_1_84' title="bbox 2056 4089 3700 4167">
    <p class='ocr_par' dir='ltr' id='par_1_84' title="bbox 2056 4089 3700 4167">
     <span class='ocr_line' id='line_1_84' title="bbox 2056 4089 3700 4167; baseline -0.004 -15"><span class='ocrx_word' id='word_1_622' title='bbox 2056 4094 2184 4153; x_wconf 89' lang='lat' dir='ltr'><strong>Non</strong></span> <span class='ocrx_word' id='word_1_623' title='bbox 2230 4109 2367 4166; x_wconf 83' lang='lat' dir='ltr'><strong>ergo</strong></span> <span class='ocrx_word' id='word_1_624' title='bbox 2402 4094 2671 4167; x_wconf 91' lang='lat' dir='ltr'><strong>cuiquam</strong></span> <span class='ocrx_word' id='word_1_625' title='bbox 2713 4092 2928 4152; x_wconf 83' lang='lat' dir='ltr'><strong>sufﬁcit</strong></span> <span class='ocrx_word' id='word_1_626' title='bbox 2962 4090 3033 4149; x_wconf 91' lang='lat' dir='ltr'><strong>ad</strong></span> <span class='ocrx_word' id='word_1_627' title='bbox 3070 4090 3416 4165; x_wconf 77' lang='lat' dir='ltr'><strong>capessenda</strong></span> <span class='ocrx_word' id='word_1_628' title='bbox 3460 4089 3700 4163; x_wconf 63' lang='lat' dir='ltr'><strong>prtemia</strong></span> 
     </span>
    </p>
   </div>
   <div class='ocr_carea' id='block_1_85' title="bbox 1982 4176 3699 4257">
    <p class='ocr_par' dir='ltr' id='par_1_85' title="bbox 1982 4176 3699 4257">
     <span class='ocr_line' id='line_1_85' title="bbox 1982 4176 3699 4257; baseline -0.005 -15"><span class='ocrx_word' id='word_1_629' title='bbox 1982 4182 2140 4243; x_wconf 87' lang='lat' dir='ltr'><strong>solus</strong></span> <span class='ocrx_word' id='word_1_630' title='bbox 2163 4183 2349 4257; x_wconf 90' lang='lat' dir='ltr'><strong>pudor</strong></span> <span class='ocrx_word' id='word_1_631' title='bbox 2374 4183 2694 4255; x_wconf 86' lang='lat' dir='ltr'><strong>virgineus,</strong></span> <span class='ocrx_word' id='word_1_632' title='bbox 2728 4182 2836 4240; x_wconf 90' lang='lat' dir='ltr'><strong>nisi</strong></span> <span class='ocrx_word' id='word_1_633' title='bbox 2867 4188 2922 4240; x_wconf 91' lang='lat' dir='ltr'><strong>et</strong></span> <span class='ocrx_word' id='word_1_634' title='bbox 2950 4180 3082 4239; x_wconf 90' lang='lat' dir='ltr'><strong>aliis</strong></span> <span class='ocrx_word' id='word_1_635' title='bbox 3114 4180 3286 4239; x_wconf 87' lang='lat' dir='ltr'><strong>fuerit</strong></span> <span class='ocrx_word' id='word_1_636' title='bbox 3323 4179 3537 4238; x_wconf 89' lang='lat' dir='ltr'><strong>ditatus</strong></span> <span class='ocrx_word' id='word_1_637' title='bbox 3577 4176 3699 4235; x_wconf 91' lang='lat' dir='ltr'><strong>vir-</strong></span> 
     </span>
    </p>
   </div>
   <div class='ocr_carea' id='block_1_86' title="bbox 1982 4266 3696 4346">
    <p class='ocr_par' dir='ltr' id='par_1_86' title="bbox 1982 4266 3696 4346">
     <span class='ocr_line' id='line_1_86' title="bbox 1982 4266 3696 4346; baseline -0.002 -17"><span class='ocrx_word' id='word_1_638' title='bbox 1982 4271 2222 4331; x_wconf 88' lang='lat' dir='ltr'><strong>tutibus.</strong></span> <span class='ocrx_word' id='word_1_639' title='bbox 2275 4271 2481 4330; x_wconf 90' lang='lat' dir='ltr'><strong>Joanni</strong></span> <span class='ocrx_word' id='word_1_640' title='bbox 2525 4272 2740 4345; x_wconf 91' lang='lat' dir='ltr'><strong>quippe</strong></span> <span class='ocrx_word' id='word_1_641' title='bbox 2783 4271 2841 4330; x_wconf 91' lang='lat' dir='ltr'><strong>in</strong></span> <span class='ocrx_word' id='word_1_642' title='bbox 2889 4270 3235 4346; x_wconf 83' lang='lat' dir='ltr'><strong>Apocalypsi</strong></span> <span class='ocrx_word' id='word_1_643' title='bbox 3276 4285 3374 4343; x_wconf 91' lang='lat' dir='ltr'><strong>per</strong></span> <span class='ocrx_word' id='word_1_644' title='bbox 3420 4266 3696 4341; x_wconf 86' lang='lat' dir='ltr'><strong>angelum</strong></span> 
     </span>
    </p>
   </div>
   <div class='ocr_carea' id='block_1_87' title="bbox 172 4356 3699 4433">
    <p class='ocr_par' dir='ltr' id='par_1_87' title="bbox 172 4356 3699 4433">
     <span class='ocr_line' id='line_1_87' title="bbox 172 4356 3699 4433; baseline -0.001 -20"><span class='ocrx_word' id='word_1_645' title='bbox 172 4369 447 4426; x_wconf 78' lang='lat' dir='ltr'><strong>congrue</strong></span> <span class='ocrx_word' id='word_1_646' title='bbox 492 4356 684 4428; x_wconf 88' lang='lat' dir='ltr'><strong>ipsum</strong></span> <span class='ocrx_word' id='word_1_647' title='bbox 738 4357 1086 4415; x_wconf 72' lang='lat' dir='ltr'><strong>beatissimze</strong></span> <span class='ocrx_word' id='word_1_648' title='bbox 1162 4357 1265 4417; x_wconf 89' lang='lat' dir='ltr'><strong>Dei</strong></span> <span class='ocrx_word' id='word_1_649' title='bbox 1325 4358 1632 4418; x_wconf 83' lang='lat' dir='ltr'><strong>Genitricis</strong></span> <span class='ocrx_word' id='word_1_650' title='bbox 1688 4366 1897 4433; x_wconf 84' lang='lat' dir='ltr'><strong>corpus</strong></span> <span class='ocrx_word' id='word_1_651' title='bbox 1979 4358 2237 4416; x_wconf 89' lang='lat' dir='ltr'><strong>dicitur:</strong></span> <span class='ocrx_word' id='word_1_652' title='bbox 2273 4356 2403 4415; x_wconf 70' lang='lat' dir='ltr'><strong>«Hi</strong></span> <span class='ocrx_word' id='word_1_653' title='bbox 2452 4365 2609 4429; x_wconf 88' lang='lat' dir='ltr'><strong>sunt,</strong></span> <span class='ocrx_word' id='word_1_654' title='bbox 2649 4357 2749 4430; x_wconf 86' lang='lat' dir='ltr'><strong>qui</strong></span> <span class='ocrx_word' id='word_1_655' title='bbox 2798 4372 2932 4414; x_wconf 87' lang='lat' dir='ltr'><strong>cum</strong></span> <span class='ocrx_word' id='word_1_656' title='bbox 2985 4356 3334 4415; x_wconf 88' lang='lat' dir='ltr'><strong>mulieribus</strong></span> <span class='ocrx_word' id='word_1_657' title='bbox 3389 4370 3507 4413; x_wconf 91' lang='lat' dir='ltr'><strong>non</strong></span> <span class='ocrx_word' id='word_1_658' title='bbox 3558 4361 3699 4411; x_wconf 92' lang='lat' dir='ltr'><strong>sunt</strong></span> 
     </span>
    </p>
   </div>
   <div class='ocr_carea' id='block_1_88' title="bbox 174 4444 3697 4522">
    <p class='ocr_par' dir='ltr' id='par_1_88' title="bbox 174 4444 3697 4522">
     <span class='ocr_line' id='line_1_88' title="bbox 174 4444 3697 4522; baseline -0.001 -20"><span class='ocrx_word' id='word_1_659' title='bbox 174 4445 462 4517; x_wconf 87' lang='lat' dir='ltr'><strong>intelligi,</strong></span> <span class='ocrx_word' id='word_1_660' title='bbox 491 4462 565 4504; x_wconf 91' lang='lat' dir='ltr'><strong>ex</strong></span> <span class='ocrx_word' id='word_1_661' title='bbox 615 4463 730 4519; x_wconf 91' lang='lat' dir='ltr'><strong>quo</strong></span> <span class='ocrx_word' id='word_1_662' title='bbox 774 4447 1120 4521; x_wconf 84' lang='lat' dir='ltr'><strong>Redemptor</strong></span> <span class='ocrx_word' id='word_1_663' title='bbox 1165 4452 1359 4505; x_wconf 85' lang='lat' dir='ltr'><strong>noster</strong></span> <span class='ocrx_word' id='word_1_664' title='bbox 1389 4447 1548 4506; x_wconf 92' lang='lat' dir='ltr'><strong>velut</strong></span> <span class='ocrx_word' id='word_1_665' title='bbox 1582 4447 1958 4522; x_wconf 55' lang='lat' dir='ltr'><strong>singularis“</strong></span> <span class='ocrx_word' id='word_1_666' title='bbox 1979 4445 2357 4518; x_wconf 89' lang='lat' dir='ltr'><strong>coinquinati.</strong></span> <span class='ocrx_word' id='word_1_667' title='bbox 2376 4444 2646 4518; x_wconf 85' lang='lat' dir='ltr'><strong>Virgines</strong></span> <span class='ocrx_word' id='word_1_668' title='bbox 2666 4445 2825 4503; x_wconf 91' lang='lat' dir='ltr'><strong>enim</strong></span> <span class='ocrx_word' id='word_1_669' title='bbox 2846 4450 2999 4512; x_wconf 91' lang='lat' dir='ltr'><strong>sunt,</strong></span> <span class='ocrx_word' id='word_1_670' title='bbox 3026 4452 3082 4501; x_wconf 89' lang='lat' dir='ltr'><strong>et</strong></span> <span class='ocrx_word' id='word_1_671' title='bbox 3110 4451 3439 4518; x_wconf 88' lang='lat' dir='ltr'><strong>sequuntur</strong></span> <span class='ocrx_word' id='word_1_672' title='bbox 3463 4444 3697 4515; x_wconf 86' lang='lat' dir='ltr'><strong>Agnum</strong></span> 
     </span>
    </p>
   </div>
   <div class='ocr_carea' id='block_1_89' title="bbox 169 4533 1889 4612">
    <p class='ocr_par' dir='ltr' id='par_1_89' title="bbox 169 4533 1889 4612">
     <span class='ocr_line' id='line_1_89' title="bbox 169 4533 1889 4612; baseline 0.002 -19"><span class='ocrx_word' id='word_1_673' title='bbox 169 4533 391 4593; x_wconf 88' lang='lat' dir='ltr'><strong>botrus</strong></span> <span class='ocrx_word' id='word_1_674' title='bbox 412 4536 594 4594; x_wconf 90' lang='lat' dir='ltr'><strong>voluit</strong></span> <span class='ocrx_word' id='word_1_675' title='bbox 619 4537 957 4597; x_wconf 88' lang='lat' dir='ltr'><strong>humanitus</strong></span> <span class='ocrx_word' id='word_1_676' title='bbox 985 4537 1519 4610; x_wconf 55' lang='lat' dir='ltr'><strong>germinariuluxta</strong></span> <span class='ocrx_word' id='word_1_677' title='bbox 1550 4537 1715 4608; x_wconf 89' lang='lat' dir='ltr'><strong>illud,</strong></span> <span class='ocrx_word' id='word_1_678' title='bbox 1741 4540 1889 4612; x_wconf 89' lang='lat' dir='ltr'><strong>quod</strong></span> 
     </span>
    </p>
   </div>
   <div class='ocr_carea' id='block_1_90' title="bbox 169 4624 1897 4696">
    <p class='ocr_par' dir='ltr' id='par_1_90' title="bbox 169 4624 1897 4696">
     <span class='ocr_line' id='line_1_90' title="bbox 169 4624 1897 4696; baseline 0.003 -17"><span class='ocrx_word' id='word_1_679' title='bbox 169 4624 467 4696; x_wconf 86' lang='lat' dir='ltr'><strong>scriptum</strong></span> <span class='ocrx_word' id='word_1_680' title='bbox 524 4632 611 4683; x_wconf 89' lang='lat' dir='ltr'><strong>est</strong></span> <span class='ocrx_word' id='word_1_681' title='bbox 661 4644 675 4683; x_wconf 91' lang='lat'><strong>:</strong></span> <span class='ocrx_word' id='word_1_682' title='bbox 735 4648 756 4677; x_wconf 83' lang='grc' dir='ltr'>ι</span> <span class='ocrx_word' id='word_1_683' title='bbox 812 4625 1037 4684; x_wconf 88' lang='lat' dir='ltr'><strong>Veritas</strong></span> <span class='ocrx_word' id='word_1_684' title='bbox 1092 4626 1163 4683; x_wconf 87' lang='lat' dir='ltr'><strong>de</strong></span> <span class='ocrx_word' id='word_1_685' title='bbox 1216 4633 1365 4684; x_wconf 91' lang='lat' dir='ltr'><strong>terra</strong></span> <span class='ocrx_word' id='word_1_686' title='bbox 1414 4632 1537 4683; x_wconf 90' lang='lat' dir='ltr'><strong>orta</strong></span> <span class='ocrx_word' id='word_1_687' title='bbox 1586 4631 1670 4684; x_wconf 90' lang='lat' dir='ltr'><strong>est</strong></span> <span class='ocrx_word' id='word_1_688' title='bbox 1724 4630 1897 4695; x_wconf 82' lang='lat' dir='ltr'><strong>(Psal.</strong></span> 
     </span>
    </p>
   </div>
   <div class='ocr_carea' id='block_1_91' title="bbox 168 4712 1903 4787">
    <p class='ocr_par' dir='ltr' id='par_1_91' title="bbox 168 4712 1903 4787">
     <span class='ocr_line' id='line_1_91' title="bbox 168 4712 1903 4787; baseline 0.002 -18"><span class='ocrx_word' id='word_1_689' title='bbox 168 4719 475 4781; x_wconf 74' lang='lat' dir='ltr'><strong>LXXXIV).</strong></span> <span class='ocrx_word' id='word_1_690' title='bbox 514 4733 542 4765; x_wconf 83' lang='lat'>»</span> <span class='ocrx_word' id='word_1_691' title='bbox 591 4712 659 4771; x_wconf 89' lang='lat' dir='ltr'><strong>Et</strong></span> <span class='ocrx_word' id='word_1_692' title='bbox 716 4714 862 4773; x_wconf 89' lang='lat' dir='ltr'><strong>bene</strong></span> <span class='ocrx_word' id='word_1_693' title='bbox 898 4730 1030 4772; x_wconf 91' lang='lat' dir='ltr'><strong>caro</strong></span> <span class='ocrx_word' id='word_1_694' title='bbox 1069 4713 1419 4773; x_wconf 72' lang='lat' dir='ltr'><strong>beatissime</strong></span> <span class='ocrx_word' id='word_1_695' title='bbox 1461 4714 1716 4787; x_wconf 84' lang='lat' dir='ltr'><strong>Virginis</strong></span> <span class='ocrx_word' id='word_1_696' title='bbox 1756 4722 1903 4773; x_wconf 87' lang='lat' dir='ltr'><strong>terra</strong></span> 
     </span>
    </p>
   </div>
   <div class='ocr_carea' id='block_1_92' title="bbox 164 4799 1903 4876">
    <p class='ocr_par' dir='ltr' id='par_1_92' title="bbox 164 4799 1903 4876">
     <span class='ocr_line' id='line_1_92' title="bbox 164 4799 1903 4876; baseline 0.003 -21"><span class='ocrx_word' id='word_1_697' title='bbox 164 4799 654 4871; x_wconf 87' lang='lat' dir='ltr'><strong>repromissionis</strong></span> <span class='ocrx_word' id='word_1_698' title='bbox 698 4809 784 4859; x_wconf 89' lang='lat' dir='ltr'><strong>est</strong></span> <span class='ocrx_word' id='word_1_699' title='bbox 833 4801 1003 4868; x_wconf 89' lang='lat' dir='ltr'><strong>dicta,</strong></span> <span class='ocrx_word' id='word_1_700' title='bbox 1061 4816 1195 4874; x_wconf 65' lang='lat' dir='ltr'><strong>qua:</strong></span> <span class='ocrx_word' id='word_1_701' title='bbox 1252 4801 1418 4874; x_wconf 87' lang='lat' dir='ltr'><strong>longe</strong></span> <span class='ocrx_word' id='word_1_702' title='bbox 1464 4808 1598 4860; x_wconf 91' lang='lat' dir='ltr'><strong>ante</strong></span> <span class='ocrx_word' id='word_1_703' title='bbox 1648 4804 1903 4876; x_wconf 75' lang='lat' dir='ltr'><strong>paritura</strong></span> 
     </span>
    </p>
   </div>
   <div class='ocr_carea' id='block_1_93' title="bbox 166 4885 1901 4964">
    <p class='ocr_par' dir='ltr' id='par_1_93' title="bbox 166 4885 1901 4964">
     <span class='ocr_line' id='line_1_93' title="bbox 166 4885 1901 4964; baseline 0.001 -17"><span class='ocrx_word' id='word_1_704' title='bbox 166 4885 546 4947; x_wconf 84' lang='lat' dir='ltr'><strong>Salvatorem</strong></span> <span class='ocrx_word' id='word_1_705' title='bbox 596 4890 798 4948; x_wconf 90' lang='lat' dir='ltr'><strong>mundi</strong></span> <span class='ocrx_word' id='word_1_706' title='bbox 828 4906 861 4946; x_wconf 90' lang='lat' dir='ltr'><strong>a</strong></span> <span class='ocrx_word' id='word_1_707' title='bbox 900 4888 1190 4963; x_wconf 87' lang='lat' dir='ltr'><strong>prophetis</strong></span> <span class='ocrx_word' id='word_1_708' title='bbox 1227 4888 1603 4947; x_wconf 84' lang='lat' dir='ltr'><strong>multifariam</strong></span> <span class='ocrx_word' id='word_1_709' title='bbox 1642 4897 1728 4948; x_wconf 88' lang='lat' dir='ltr'><strong>est</strong></span> <span class='ocrx_word' id='word_1_710' title='bbox 1769 4906 1901 4964; x_wconf 84' lang='lat' dir='ltr'><strong>pro-</strong></span> 
     </span>
    </p>
   </div>
   <div class='ocr_carea' id='block_1_94' title="bbox 164 4976 1899 5050">
    <p class='ocr_par' dir='ltr' id='par_1_94' title="bbox 164 4976 1899 5050">
     <span class='ocr_line' id='line_1_94' title="bbox 164 4976 1899 5050; baseline 0.002 -16"><span class='ocrx_word' id='word_1_711' title='bbox 164 4980 384 5035; x_wconf 85' lang='lat' dir='ltr'><strong>missa.</strong></span> <span class='ocrx_word' id='word_1_712' title='bbox 420 4976 564 5045; x_wconf 61' lang='lat' dir='ltr'><strong>Qua;</strong></span> <span class='ocrx_word' id='word_1_713' title='bbox 608 4994 743 5036; x_wconf 90' lang='lat' dir='ltr'><strong>vere</strong></span> <span class='ocrx_word' id='word_1_714' title='bbox 784 4977 873 5035; x_wconf 90' lang='lat' dir='ltr'><strong>lac</strong></span> <span class='ocrx_word' id='word_1_715' title='bbox 910 4985 965 5035; x_wconf 89' lang='lat' dir='ltr'><strong>et</strong></span> <span class='ocrx_word' id='word_1_716' title='bbox 1009 4978 1117 5036; x_wconf 90' lang='lat' dir='ltr'><strong>mel</strong></span> <span class='ocrx_word' id='word_1_717' title='bbox 1172 4978 1457 5046; x_wconf 90' lang='lat' dir='ltr'><strong>manavit;</strong></span> <span class='ocrx_word' id='word_1_718' title='bbox 1502 4980 1647 5038; x_wconf 93' lang='lat' dir='ltr'><strong>dum</strong></span> <span class='ocrx_word' id='word_1_719' title='bbox 1694 4980 1899 5050; x_wconf 75' lang='lat' dir='ltr'><strong>Deum,</strong></span> 
     </span>
    </p>
   </div>
   <div class='ocr_carea' id='block_1_95' title="bbox 160 5067 1903 5141">
    <p class='ocr_par' dir='ltr' id='par_1_95' title="bbox 160 5067 1903 5141">
     <span class='ocr_line' id='line_1_95' title="bbox 160 5067 1903 5141; baseline 0.002 -17"><span class='ocrx_word' id='word_1_720' title='bbox 160 5072 226 5124; x_wconf 85' lang='lat' dir='ltr'><strong>et</strong></span> <span class='ocrx_word' id='word_1_721' title='bbox 286 5067 592 5126; x_wconf 83' lang='lat' dir='ltr'><strong>hominem</strong></span> <span class='ocrx_word' id='word_1_722' title='bbox 644 5068 983 5127; x_wconf 84' lang='lat' dir='ltr'><strong>intemerata</strong></span> <span class='ocrx_word' id='word_1_723' title='bbox 1036 5068 1362 5140; x_wconf 89' lang='lat' dir='ltr'><strong>virginitate</strong></span> <span class='ocrx_word' id='word_1_724' title='bbox 1411 5070 1684 5141; x_wconf 77' lang='lat' dir='ltr'><strong>profudit.</strong></span> <span class='ocrx_word' id='word_1_725' title='bbox 1740 5069 1903 5127; x_wconf 91' lang='lat' dir='ltr'><strong>Unde</strong></span> 
     </span>
    </p>
   </div>
   <div class='ocr_carea' id='block_1_96' title="bbox 157 5156 1901 5232">
    <p class='ocr_par' dir='ltr' id='par_1_96' title="bbox 157 5156 1901 5232">
     <span class='ocr_line' id='line_1_96' title="bbox 157 5156 1901 5232; baseline 0.002 -17"><span class='ocrx_word' id='word_1_726' title='bbox 157 5166 221 5215; x_wconf 89' lang='lat' dir='ltr'><strong>et</strong></span> <span class='ocrx_word' id='word_1_727' title='bbox 276 5172 387 5230; x_wconf 90' lang='lat' dir='ltr'><strong>per</strong></span> <span class='ocrx_word' id='word_1_728' title='bbox 423 5156 633 5217; x_wconf 89' lang='lat' dir='ltr'><strong>Isaiam</strong></span> <span class='ocrx_word' id='word_1_729' title='bbox 678 5159 928 5218; x_wconf 91' lang='lat' dir='ltr'><strong>dicitur:</strong></span> <span class='ocrx_word' id='word_1_730' title='bbox 966 5183 993 5210; x_wconf 76' lang='grc' dir='ltr'>α</span> <span class='ocrx_word' id='word_1_731' title='bbox 1036 5160 1179 5217; x_wconf 89' lang='lat' dir='ltr'><strong>Ecce</strong></span> <span class='ocrx_word' id='word_1_732' title='bbox 1220 5158 1382 5232; x_wconf 86' lang='lat' dir='ltr'><strong>virgo</strong></span> <span class='ocrx_word' id='word_1_733' title='bbox 1416 5160 1478 5218; x_wconf 91' lang='lat' dir='ltr'><strong>in</strong></span> <span class='ocrx_word' id='word_1_734' title='bbox 1518 5168 1680 5220; x_wconf 90' lang='lat' dir='ltr'><strong>utero</strong></span> <span class='ocrx_word' id='word_1_735' title='bbox 1708 5161 1901 5219; x_wconf 83' lang='lat' dir='ltr'><strong>conci—</strong></span> 
     </span>
    </p>
   </div>
   <div class='ocr_carea' id='block_1_97' title="bbox 156 5247 1905 5323">
    <p class='ocr_par' dir='ltr' id='par_1_97' title="bbox 156 5247 1905 5323">
     <span class='ocr_line' id='line_1_97' title="bbox 156 5247 1905 5323; baseline 0.001 -17"><span class='ocrx_word' id='word_1_736' title='bbox 156 5247 321 5322; x_wconf 89' lang='lat' dir='ltr'><strong>piet,</strong></span> <span class='ocrx_word' id='word_1_737' title='bbox 365 5252 422 5303; x_wconf 88' lang='lat' dir='ltr'><strong>et</strong></span> <span class='ocrx_word' id='word_1_738' title='bbox 462 5248 646 5319; x_wconf 89' lang='lat' dir='ltr'><strong>pariet</strong></span> <span class='ocrx_word' id='word_1_739' title='bbox 682 5247 895 5320; x_wconf 86' lang='lat' dir='ltr'><strong>filium,</strong></span> <span class='ocrx_word' id='word_1_740' title='bbox 931 5254 986 5307; x_wconf 91' lang='lat' dir='ltr'><strong>et</strong></span> <span class='ocrx_word' id='word_1_741' title='bbox 1022 5250 1319 5308; x_wconf 90' lang='lat' dir='ltr'><strong>vocabitur</strong></span> <span class='ocrx_word' id='word_1_742' title='bbox 1360 5265 1572 5308; x_wconf 90' lang='lat' dir='ltr'><strong>nomen</strong></span> <span class='ocrx_word' id='word_1_743' title='bbox 1614 5251 1739 5323; x_wconf 88' lang='lat' dir='ltr'><strong>ejus</strong></span> <span class='ocrx_word' id='word_1_744' title='bbox 1778 5250 1905 5308; x_wconf 86' lang='lat' dir='ltr'><strong>Em-</strong></span> 
     </span>
    </p>
   </div>
   <div class='ocr_carea' id='block_1_98' title="bbox 158 5335 1903 5411">
    <p class='ocr_par' dir='ltr' id='par_1_98' title="bbox 158 5335 1903 5411">
     <span class='ocr_line' id='line_1_98' title="bbox 158 5335 1903 5411; baseline 0.002 -17"><span class='ocrx_word' id='word_1_745' title='bbox 158 5335 461 5404; x_wconf 87' lang='lat' dir='ltr'><strong>manuel;</strong></span> <span class='ocrx_word' id='word_1_746' title='bbox 508 5336 780 5411; x_wconf 83' lang='lat' dir='ltr'><strong>butyrum</strong></span> <span class='ocrx_word' id='word_1_747' title='bbox 822 5345 878 5396; x_wconf 92' lang='lat' dir='ltr'><strong>et</strong></span> <span class='ocrx_word' id='word_1_748' title='bbox 920 5338 1033 5397; x_wconf 88' lang='lat' dir='ltr'><strong>mel</strong></span> <span class='ocrx_word' id='word_1_749' title='bbox 1087 5338 1365 5407; x_wconf 91' lang='lat' dir='ltr'><strong>comedet,</strong></span> <span class='ocrx_word' id='word_1_750' title='bbox 1408 5345 1471 5397; x_wconf 89' lang='lat' dir='ltr'><strong>ut</strong></span> <span class='ocrx_word' id='word_1_751' title='bbox 1521 5338 1661 5396; x_wconf 89' lang='lat' dir='ltr'><strong>sciat</strong></span> <span class='ocrx_word' id='word_1_752' title='bbox 1710 5354 1903 5411; x_wconf 80' lang='lat' dir='ltr'><strong>repro-</strong></span> 
     </span>
    </p>
   </div>
   <div class='ocr_carea' id='block_1_99' title="bbox 152 5427 1904 5503">
    <p class='ocr_par' dir='ltr' id='par_1_99' title="bbox 152 5427 1904 5503">
     <span class='ocr_line' id='line_1_99' title="bbox 152 5427 1904 5503; baseline -0.002 -14"><span class='ocrx_word' id='word_1_753' title='bbox 152 5429 319 5489; x_wconf 72' lang='lat' dir='ltr'><strong>bate</strong></span> <span class='ocrx_word' id='word_1_754' title='bbox 368 5427 585 5487; x_wconf 91' lang='lat' dir='ltr'><strong>malum</strong></span> <span class='ocrx_word' id='word_1_755' title='bbox 632 5435 688 5486; x_wconf 87' lang='lat' dir='ltr'><strong>et</strong></span> <span class='ocrx_word' id='word_1_756' title='bbox 734 5429 945 5503; x_wconf 87' lang='lat' dir='ltr'><strong>eligere</strong></span> <span class='ocrx_word' id='word_1_757' title='bbox 984 5431 1197 5489; x_wconf 91' lang='lat' dir='ltr'><strong>bonum</strong></span> <span class='ocrx_word' id='word_1_758' title='bbox 1263 5432 1408 5500; x_wconf 79' lang='lat' dir='ltr'><strong>(Isai.</strong></span> <span class='ocrx_word' id='word_1_759' title='bbox 1458 5434 1582 5489; x_wconf 82' lang='lat' dir='ltr'><strong>vn).</strong></span> <span class='ocrx_word' id='word_1_760' title='bbox 1626 5455 1651 5478; x_wconf 73' lang='grc' dir='ltr'><strong>»ι</strong></span> <span class='ocrx_word' id='word_1_761' title='bbox 1703 5428 1904 5486; x_wconf 85' lang='lat' dir='ltr'><strong>Merito</strong></span> 
     </span>
    </p>
   </div>
   <div class='ocr_carea' id='block_1_100' title="bbox 151 5517 1903 5593">
    <p class='ocr_par' dir='ltr' id='par_1_100' title="bbox 151 5517 1903 5593">
     <span class='ocr_line' id='line_1_100' title="bbox 151 5517 1903 5593; baseline -0.002 -14"><span class='ocrx_word' id='word_1_762' title='bbox 151 5534 315 5593; x_wconf 83' lang='lat' dir='ltr'><strong>ergo</strong></span> <span class='ocrx_word' id='word_1_763' title='bbox 363 5520 525 5577; x_wconf 88' lang='lat' dir='ltr'><strong>beata</strong></span> <span class='ocrx_word' id='word_1_764' title='bbox 570 5518 734 5591; x_wconf 87' lang='lat' dir='ltr'><strong>virgo</strong></span> <span class='ocrx_word' id='word_1_765' title='bbox 765 5518 943 5577; x_wconf 83' lang='lat' dir='ltr'><strong>Maria</strong></span> <span class='ocrx_word' id='word_1_766' title='bbox 980 5518 1089 5578; x_wconf 90' lang='lat' dir='ltr'><strong>sub</strong></span> <span class='ocrx_word' id='word_1_767' title='bbox 1134 5519 1255 5591; x_wconf 87' lang='lat' dir='ltr'><strong>ipso</strong></span> <span class='ocrx_word' id='word_1_768' title='bbox 1290 5517 1713 5576; x_wconf 83' lang='lat' dir='ltr'><strong>vindemiarum</strong></span> <span class='ocrx_word' id='word_1_769' title='bbox 1757 5525 1903 5577; x_wconf 88' lang='lat' dir='ltr'><strong>tem-</strong></span> 
     </span>
    </p>
   </div>
   <div class='ocr_carea' id='block_1_101' title="bbox 149 5607 1903 5687">
    <p class='ocr_par' dir='ltr' id='par_1_101' title="bbox 149 5607 1903 5687">
     <span class='ocr_line' id='line_1_101' title="bbox 149 5607 1903 5687; baseline -0.002 -18"><span class='ocrx_word' id='word_1_770' title='bbox 149 5624 318 5687; x_wconf 87' lang='lat' dir='ltr'><strong>pore</strong></span> <span class='ocrx_word' id='word_1_771' title='bbox 364 5609 643 5678; x_wconf 86' lang='lat' dir='ltr'><strong>nascitur,</strong></span> <span class='ocrx_word' id='word_1_772' title='bbox 680 5614 743 5667; x_wconf 88' lang='lat' dir='ltr'><strong>ut</strong></span> <span class='ocrx_word' id='word_1_773' title='bbox 788 5608 908 5682; x_wconf 91' lang='lat' dir='ltr'><strong>jam</strong></span> <span class='ocrx_word' id='word_1_774' title='bbox 951 5624 1118 5667; x_wconf 77' lang='lat' dir='ltr'><strong>nova:</strong></span> <span class='ocrx_word' id='word_1_775' title='bbox 1161 5608 1361 5681; x_wconf 64' lang='lat' dir='ltr'><strong>gratia;</strong></span> <span class='ocrx_word' id='word_1_776' title='bbox 1402 5616 1661 5666; x_wconf 91' lang='lat' dir='ltr'><strong>mustum</strong></span> <span class='ocrx_word' id='word_1_777' title='bbox 1711 5607 1793 5666; x_wconf 91' lang='lat' dir='ltr'><strong>sic</strong></span> <span class='ocrx_word' id='word_1_778' title='bbox 1830 5623 1903 5665; x_wconf 92' lang='lat' dir='ltr'><strong>ex</strong></span> 
     </span>
    </p>
   </div>
   <div class='ocr_carea' id='block_1_102' title="bbox 1984 4529 3696 4608">
    <p class='ocr_par' dir='ltr' id='par_1_102' title="bbox 1984 4529 3696 4608">
     <span class='ocr_line' id='line_1_102' title="bbox 1984 4529 3696 4608; baseline -0.004 -17"><span class='ocrx_word' id='word_1_779' title='bbox 1984 4548 2354 4608; x_wconf 89' lang='lat' dir='ltr'><strong>quocumque</strong></span> <span class='ocrx_word' id='word_1_780' title='bbox 2410 4531 2541 4589; x_wconf 88' lang='lat' dir='ltr'><strong>ierit</strong></span> <span class='ocrx_word' id='word_1_781' title='bbox 2589 4535 2782 4604; x_wconf 83' lang='lat' dir='ltr'><strong>(Apoc.</strong></span> <span class='ocrx_word' id='word_1_782' title='bbox 2812 4536 2960 4600; x_wconf 77' lang='lat' dir='ltr'><strong>XIV).</strong></span> <span class='ocrx_word' id='word_1_783' title='bbox 3003 4554 3022 4581; x_wconf 75' lang='grc' dir='ltr'><strong><em>ι</em></strong></span> <span class='ocrx_word' id='word_1_784' title='bbox 3056 4533 3261 4605; x_wconf 85' lang='lat' dir='ltr'><strong>Agnus</strong></span> <span class='ocrx_word' id='word_1_785' title='bbox 3296 4529 3454 4587; x_wconf 89' lang='lat' dir='ltr'><strong>enim</strong></span> <span class='ocrx_word' id='word_1_786' title='bbox 3490 4535 3696 4596; x_wconf 87' lang='lat' dir='ltr'><strong>noster,</strong></span> 
     </span>
    </p>
   </div>
   <div class='ocr_carea' id='block_1_103' title="bbox 1982 4618 3696 4695">
    <p class='ocr_par' dir='ltr' id='par_1_103' title="bbox 1982 4618 3696 4695">
     <span class='ocr_line' id='line_1_103' title="bbox 1982 4618 3696 4695; baseline -0.005 -12"><span class='ocrx_word' id='word_1_787' title='bbox 1982 4625 2083 4683; x_wconf 91' lang='lat' dir='ltr'><strong>ille</strong></span> <span class='ocrx_word' id='word_1_788' title='bbox 2137 4623 2422 4691; x_wconf 89' lang='lat' dir='ltr'><strong>videlicet,</strong></span> <span class='ocrx_word' id='word_1_789' title='bbox 2463 4622 2563 4695; x_wconf 93' lang='lat' dir='ltr'><strong>qui</strong></span> <span class='ocrx_word' id='word_1_790' title='bbox 2613 4620 2755 4678; x_wconf 92' lang='lat' dir='ltr'><strong>tollit</strong></span> <span class='ocrx_word' id='word_1_791' title='bbox 2791 4628 3032 4693; x_wconf 89' lang='lat' dir='ltr'><strong>.peccata</strong></span> <span class='ocrx_word' id='word_1_792' title='bbox 3088 4620 3313 4690; x_wconf 90' lang='lat' dir='ltr'><strong>mundi,</strong></span> <span class='ocrx_word' id='word_1_793' title='bbox 3359 4618 3696 4678; x_wconf 88' lang='lat' dir='ltr'><strong>cbaritatem</strong></span> 
     </span>
    </p>
   </div>
   <div class='ocr_carea' id='block_1_104' title="bbox 1986 4707 3698 4785">
    <p class='ocr_par' dir='ltr' id='par_1_104' title="bbox 1986 4707 3698 4785">
     <span class='ocr_line' id='line_1_104' title="bbox 1986 4707 3698 4785; baseline -0.004 -15"><span class='ocrx_word' id='word_1_794' title='bbox 1986 4712 2207 4781; x_wconf 90' lang='lat' dir='ltr'><strong>habuit,</strong></span> <span class='ocrx_word' id='word_1_795' title='bbox 2238 4711 2375 4785; x_wconf 92' lang='lat' dir='ltr'><strong>quia</strong></span> <span class='ocrx_word' id='word_1_796' title='bbox 2415 4725 2516 4783; x_wconf 89' lang='lat' dir='ltr'><strong>pro</strong></span> <span class='ocrx_word' id='word_1_797' title='bbox 2555 4709 2741 4767; x_wconf 88' lang='lat' dir='ltr'><strong>salute</strong></span> <span class='ocrx_word' id='word_1_798' title='bbox 2774 4710 3082 4768; x_wconf 84' lang='lat' dir='ltr'><strong>hominum</strong></span> <span class='ocrx_word' id='word_1_799' title='bbox 3122 4709 3418 4783; x_wconf 89' lang='lat' dir='ltr'><strong>proprium</strong></span> <span class='ocrx_word' id='word_1_800' title='bbox 3460 4707 3698 4779; x_wconf 84' lang='lat' dir='ltr'><strong>sangui-</strong></span> 
     </span>
    </p>
   </div>
   <div class='ocr_carea' id='block_1_105' title="bbox 1984 4794 3699 4870">
    <p class='ocr_par' dir='ltr' id='par_1_105' title="bbox 1984 4794 3699 4870">
     <span class='ocr_line' id='line_1_105' title="bbox 1984 4794 3699 4870; baseline -0.004 -11"><span class='ocrx_word' id='word_1_801' title='bbox 1984 4816 2119 4859; x_wconf 89' lang='lat' dir='ltr'><strong>nem</strong></span> <span class='ocrx_word' id='word_1_802' title='bbox 2177 4800 2324 4858; x_wconf 81' lang='lat' dir='ltr'><strong>fudit</strong></span> <span class='ocrx_word' id='word_1_803' title='bbox 2379 4798 2575 4858; x_wconf 89' lang='lat' dir='ltr'><strong>Gratia</strong></span> <span class='ocrx_word' id='word_1_804' title='bbox 2628 4798 2977 4858; x_wconf 87' lang='lat' dir='ltr'><strong>humilitatis</strong></span> <span class='ocrx_word' id='word_1_805' title='bbox 3015 4798 3273 4867; x_wconf 85' lang='lat' dir='ltr'><strong>emicuit,</strong></span> <span class='ocrx_word' id='word_1_806' title='bbox 3307 4797 3443 4870; x_wconf 86' lang='lat' dir='ltr'><strong>quia</strong></span> <span class='ocrx_word' id='word_1_807' title='bbox 3505 4794 3699 4853; x_wconf 89' lang='lat' dir='ltr'><strong>humi-</strong></span> 
     </span>
    </p>
   </div>
   <div class='ocr_carea' id='block_1_106' title="bbox 1986 4889 3699 4964">
    <p class='ocr_par' dir='ltr' id='par_1_106' title="bbox 1986 4889 3699 4964">
     <span class='ocr_line' id='line_1_106' title="bbox 1986 4889 3699 4964; baseline -0.006 -13"><span class='ocrx_word' id='word_1_808' title='bbox 1986 4892 2148 4951; x_wconf 91' lang='lat' dir='ltr'><strong>liavit</strong></span> <span class='ocrx_word' id='word_1_809' title='bbox 2182 4889 2557 4963; x_wconf 85' lang='lat' dir='ltr'><strong>semetipsum</strong></span> <span class='ocrx_word' id='word_1_810' title='bbox 2596 4905 2780 4964; x_wconf 62' lang='lat' dir='ltr'><strong>usque</strong></span> <span class='ocrx_word' id='word_1_811' title='bbox 2818 4890 2889 4947; x_wconf 92' lang='lat' dir='ltr'><strong>ad</strong></span> <span class='ocrx_word' id='word_1_812' title='bbox 2930 4896 3197 4958; x_wconf 90' lang='lat' dir='ltr'><strong>mortem,</strong></span> <span class='ocrx_word' id='word_1_813' title='bbox 3231 4896 3471 4946; x_wconf 85' lang='lat' dir='ltr'><strong>mortem</strong></span> <span class='ocrx_word' id='word_1_814' title='bbox 3503 4891 3699 4944; x_wconf 91' lang='lat' dir='ltr'><strong>autem</strong></span> 
     </span>
    </p>
   </div>
   <div class='ocr_carea' id='block_1_107' title="bbox 1984 4974 3707 5053">
    <p class='ocr_par' dir='ltr' id='par_1_107' title="bbox 1984 4974 3707 5053">
     <span class='ocr_line' id='line_1_107' title="bbox 1984 4974 3707 5053; baseline -0.005 -13"><span class='ocrx_word' id='word_1_815' title='bbox 1984 4980 2192 5040; x_wconf 80' lang='lat' dir='ltr'><strong>crucis.</strong></span> <span class='ocrx_word' id='word_1_816' title='bbox 2243 4978 2585 5038; x_wconf 88' lang='lat' dir='ltr'><strong>Patientiam</strong></span> <span class='ocrx_word' id='word_1_817' title='bbox 2640 4978 2915 5047; x_wconf 68' lang='lat' dir='ltr'><strong>servavi&#39;,</strong></span> <span class='ocrx_word' id='word_1_818' title='bbox 2949 4977 3087 5053; x_wconf 90' lang='lat' dir='ltr'><strong>quia</strong></span> <span class='ocrx_word' id='word_1_819' title='bbox 3136 4993 3268 5035; x_wconf 93' lang='lat' dir='ltr'><strong>cum</strong></span> <span class='ocrx_word' id='word_1_820' title='bbox 3329 4974 3707 5033; x_wconf 89' lang='lat' dir='ltr'><strong>malcdicere-.</strong></span> 
     </span>
    </p>
   </div>
   <div class='ocr_carea' id='block_1_108' title="bbox 1988 5062 3705 5139">
    <p class='ocr_par' dir='ltr' id='par_1_108' title="bbox 1988 5062 3705 5139">
     <span class='ocr_line' id='line_1_108' title="bbox 1988 5062 3705 5139; baseline -0.008 -10"><span class='ocrx_word' id='word_1_821' title='bbox 1988 5076 2100 5136; x_wconf 89' lang='lat' dir='ltr'><strong>tur,</strong></span> <span class='ocrx_word' id='word_1_822' title='bbox 2140 5084 2255 5126; x_wconf 89' lang='lat' dir='ltr'><strong>non</strong></span> <span class='ocrx_word' id='word_1_823' title='bbox 2301 5067 2714 5131; x_wconf 87' lang='lat' dir='ltr'><strong>maledicebat;</strong></span> <span class='ocrx_word' id='word_1_824' title='bbox 2768 5081 2901 5123; x_wconf 92' lang='lat' dir='ltr'><strong>cum</strong></span> <span class='ocrx_word' id='word_1_825' title='bbox 2952 5071 3261 5139; x_wconf 88' lang='lat' dir='ltr'><strong>pateretur,</strong></span> <span class='ocrx_word' id='word_1_826' title='bbox 3313 5079 3425 5121; x_wconf 83' lang='lat' dir='ltr'><strong>non</strong></span> <span class='ocrx_word' id='word_1_827' title='bbox 3466 5062 3705 5120; x_wconf 88' lang='lat' dir='ltr'><strong>commi-</strong></span> 
     </span>
    </p>
   </div>
   <div class='ocr_carea' id='block_1_109' title="bbox 1989 5149 3702 5227">
    <p class='ocr_par' dir='ltr' id='par_1_109' title="bbox 1989 5149 3702 5227">
     <span class='ocr_line' id='line_1_109' title="bbox 1989 5149 3702 5227; baseline -0.002 -11"><span class='ocrx_word' id='word_1_828' title='bbox 1989 5159 2253 5216; x_wconf 89' lang='lat' dir='ltr'><strong>nabatur.</strong></span> <span class='ocrx_word' id='word_1_829' title='bbox 2323 5155 2635 5214; x_wconf 70' lang='lat' dir='ltr'><strong>Mundanaa</strong></span> <span class='ocrx_word' id='word_1_830' title='bbox 2692 5154 2989 5227; x_wconf 82' lang='lat' dir='ltr'><strong>dignitatis</strong></span> <span class='ocrx_word' id='word_1_831' title='bbox 3040 5153 3407 5211; x_wconf 84' lang='lat' dir='ltr'><strong>altitudinem</strong></span> <span class='ocrx_word' id='word_1_832' title='bbox 3464 5149 3702 5224; x_wconf 82' lang='lat' dir='ltr'><strong>sprevit.</strong></span> 
     </span>
    </p>
   </div>
   <div class='ocr_carea' id='block_1_110' title="bbox 1986 5240 3704 5320">
    <p class='ocr_par' dir='ltr' id='par_1_110' title="bbox 1986 5240 3704 5320">
     <span class='ocr_line' id='line_1_110' title="bbox 1986 5240 3704 5320; baseline -0.005 -15"><span class='ocrx_word' id='word_1_833' title='bbox 1986 5246 2143 5320; x_wconf 91' lang='lat' dir='ltr'><strong>quia,</strong></span> <span class='ocrx_word' id='word_1_834' title='bbox 2175 5245 2329 5304; x_wconf 90' lang='lat' dir='ltr'><strong>sicut</strong></span> <span class='ocrx_word' id='word_1_835' title='bbox 2378 5260 2480 5319; x_wconf 88' lang='lat' dir='ltr'><strong>per</strong></span> <span class='ocrx_word' id='word_1_836' title='bbox 2528 5245 2809 5303; x_wconf 86' lang='lat' dir='ltr'><strong>Joannem</strong></span> <span class='ocrx_word' id='word_1_837' title='bbox 2852 5244 3084 5312; x_wconf 88' lang='lat' dir='ltr'><strong>dicitur,</strong></span> <span class='ocrx_word' id='word_1_838' title='bbox 3116 5258 3248 5301; x_wconf 88' lang='lat' dir='ltr'><strong>cum</strong></span> <span class='ocrx_word' id='word_1_839' title='bbox 3293 5240 3704 5299; x_wconf 79' lang='lat' dir='ltr'><strong>vellentillum</strong></span> 
     </span>
    </p>
   </div>
   <div class='ocr_carea' id='block_1_111' title="bbox 1988 5330 3701 5410">
    <p class='ocr_par' dir='ltr' id='par_1_111' title="bbox 1988 5330 3701 5410">
     <span class='ocr_line' id='line_1_111' title="bbox 1988 5330 3701 5410; baseline -0.005 -17"><span class='ocrx_word' id='word_1_840' title='bbox 1988 5351 2179 5410; x_wconf 88' lang='lat' dir='ltr'><strong>regem</strong></span> <span class='ocrx_word' id='word_1_841' title='bbox 2206 5334 2575 5401; x_wconf 85' lang='lat' dir='ltr'><strong>constituere,</strong></span> <span class='ocrx_word' id='word_1_842' title='bbox 2611 5332 2824 5390; x_wconf 90' lang='lat' dir='ltr'><strong>montis</strong></span> <span class='ocrx_word' id='word_1_843' title='bbox 2858 5331 3164 5390; x_wconf 91' lang='lat' dir='ltr'><strong>latibulum</strong></span> <span class='ocrx_word' id='word_1_844' title='bbox 3198 5330 3362 5404; x_wconf 87' lang='lat' dir='ltr'><strong>petiit</strong></span> <span class='ocrx_word' id='word_1_845' title='bbox 3388 5334 3569 5397; x_wconf 86' lang='lat' dir='ltr'><strong>(Joan.</strong></span> <span class='ocrx_word' id='word_1_846' title='bbox 3596 5332 3701 5397; x_wconf 85' lang='lat' dir='ltr'><strong>v1).</strong></span> 
     </span>
    </p>
   </div>
   <div class='ocr_carea' id='block_1_112' title="bbox 1988 5418 3704 5497">
    <p class='ocr_par' dir='ltr' id='par_1_112' title="bbox 1988 5418 3704 5497">
     <span class='ocr_line' id='line_1_112' title="bbox 1988 5418 3704 5497; baseline -0.006 -12"><span class='ocrx_word' id='word_1_847' title='bbox 1988 5427 2262 5486; x_wconf 82' lang='lat' dir='ltr'><strong>Inimicos</strong></span> <span class='ocrx_word' id='word_1_848' title='bbox 2316 5425 2544 5491; x_wconf 88' lang='lat' dir='ltr'><strong>dilexit,</strong></span> <span class='ocrx_word' id='word_1_849' title='bbox 2605 5439 2707 5496; x_wconf 90' lang='lat' dir='ltr'><strong>pro</strong></span> <span class='ocrx_word' id='word_1_850' title='bbox 2757 5422 2972 5497; x_wconf 86' lang='lat' dir='ltr'><strong>quibus</strong></span> <span class='ocrx_word' id='word_1_851' title='bbox 3026 5429 3083 5481; x_wconf 89' lang='lat' dir='ltr'><strong>et</strong></span> <span class='ocrx_word' id='word_1_852' title='bbox 3133 5423 3191 5479; x_wconf 93' lang='lat' dir='ltr'><strong>in</strong></span> <span class='ocrx_word' id='word_1_853' title='bbox 3252 5438 3422 5480; x_wconf 87' lang='lat' dir='ltr'><strong>cruce</strong></span> <span class='ocrx_word' id='word_1_854' title='bbox 3482 5418 3704 5495; x_wconf 88' lang='lat' dir='ltr'><strong>positus</strong></span> 
     </span>
    </p>
   </div>
   <div class='ocr_carea' id='block_1_113' title="bbox 1988 5511 3706 5587">
    <p class='ocr_par' dir='ltr' id='par_1_113' title="bbox 1988 5511 3706 5587">
     <span class='ocr_line' id='line_1_113' title="bbox 1988 5511 3706 5587; baseline -0.006 -11"><span class='ocrx_word' id='word_1_855' title='bbox 1988 5517 2275 5583; x_wconf 86' lang='lat' dir='ltr'><strong>exoravit,</strong></span> <span class='ocrx_word' id='word_1_856' title='bbox 2304 5516 2504 5573; x_wconf 83' lang='lat' dir='ltr'><strong>dicens</strong></span> <span class='ocrx_word' id='word_1_857' title='bbox 2534 5534 2546 5573; x_wconf 90' lang='lat'><strong><em>:</em></strong></span> <span class='ocrx_word' id='word_1_858' title='bbox 2581 5538 2602 5566; x_wconf 76' lang='grc' dir='ltr'>ι</span> <span class='ocrx_word' id='word_1_859' title='bbox 2636 5514 2819 5584; x_wconf 77' lang='lat' dir='ltr'><strong>Pater,</strong></span> <span class='ocrx_word' id='word_1_860' title='bbox 2852 5512 3084 5585; x_wconf 85' lang='lat' dir='ltr'><strong>ignosce</strong></span> <span class='ocrx_word' id='word_1_861' title='bbox 3112 5512 3410 5587; x_wconf 78' lang='lat' dir='ltr'><strong>illis,quia</strong></span> <span class='ocrx_word' id='word_1_862' title='bbox 3438 5511 3706 5571; x_wconf 85' lang='lat' dir='ltr'><strong>nesciunt</strong></span> 
     </span>
    </p>
   </div>
   <div class='ocr_carea' id='block_1_114' title="bbox 1989 5603 3705 5687">
    <p class='ocr_par' dir='ltr' id='par_1_114' title="bbox 1989 5603 3705 5687">
     <span class='ocr_line' id='line_1_114' title="bbox 1989 5603 3705 5687; baseline -0.005 -20"><span class='ocrx_word' id='word_1_863' title='bbox 1989 5607 2128 5681; x_wconf 90' lang='lat' dir='ltr'><strong>quid</strong></span> <span class='ocrx_word' id='word_1_864' title='bbox 2178 5605 2400 5665; x_wconf 87' lang='lat' dir='ltr'><strong>faciunt</strong></span> <span class='ocrx_word' id='word_1_865' title='bbox 2455 5607 2601 5678; x_wconf 87' lang='lat' dir='ltr'><strong>(Luc.</strong></span> <span class='ocrx_word' id='word_1_866' title='bbox 2628 5606 2819 5673; x_wconf 76' lang='lat' dir='ltr'><strong>xxm}.</strong></span> <span class='ocrx_word' id='word_1_867' title='bbox 2857 5626 2883 5655; x_wconf 77' lang='grc' dir='ltr'><strong>υ</strong></span> <span class='ocrx_word' id='word_1_868' title='bbox 2917 5603 3017 5662; x_wconf 87' lang='lat' dir='ltr'><strong>llle</strong></span> <span class='ocrx_word' id='word_1_869' title='bbox 3065 5604 3257 5687; x_wconf 86' lang='lat' dir='ltr'><strong>itaque</strong></span> <span class='ocrx_word' id='word_1_870' title='bbox 3295 5606 3527 5675; x_wconf 84' lang='lat' dir='ltr'><strong>Agnum</strong></span> <span class='ocrx_word' id='word_1_871' title='bbox 3559 5614 3705 5673; x_wconf 90' lang='lat' dir='ltr'><strong>quo-</strong></span> 
     </span>
    </p>
   </div>
  </div>
