4064 6208
293 294 400 355 759

918 292 978 353 S.
1023 291 1244 351 PETRI
1282 289 1607 350 DAMIANI
1648 288 1804 349 OPP.
1850 284 2042 349 PARS
2085 284 2228 347 SEU
2265 287 2516 349 TOMUS
2552 289 2633 349 II.
2673 320 2740 333 —
2783 264 3199 351 SERMONES.

3698 293 3809 355 760

296 434 548 495 cumque
584 420 716 478 ierit
744 418 1026 494 sequitur,
1064 417 1167 491 qui
1200 432 1317 475 non
1360 415 1481 475 sola
1515 414 1851 488 virginitate
1887 414 2076 488 ejusA
2101 436 2131 470 (ι
2158 414 2302 474 Ecce
2345 413 2556 473 ancilla
2599 412 2857 487 Domini,
2896 415 2995 473 ﬁat
3024 415 3171 474 mihi
3205 415 3526 475 secundum
3565 416 3809 477 verbum

302 511 559 585 vestigia,
587 510 686 569 sed
716 525 818 584 per
844 524 1045 567 omnes
1073 522 1306 582 quoque
1330 504 1618 565 virtutum
1656 504 1911 576 semitas,
1948 504 2013 562 in

298 589 588 673 quantum
612 596 906 672 prmvalet,
936 596 1217 656 imitatur.
1250 595 1357 655 Ille
1384 596 1623 669 Agnum
1658 595 1921 669 sequitur
1949 595 2013 653 in

298 688 691 763 perventionis
716 687 937 760 requie,
967 686 1071 762 qui
1108 685 1286 745 illum
1324 684 1542 743 imitari
1572 683 1797 744 studuit
1821 684 1883 743 in
1914 684 2014 743 iti-

299 779 454 837 neris
482 778 850 837 adversitate.

376 866 487 926 Sed
538 866 879 940 plerumque
934 865 1372 925 conversatione
1409 866 1852 938 conjugatorum
1896 865 2017 925 vita

300 957 675 1016 confunditur
702 956 1021 1030 virginum,
1054 970 1191 1013 cum
1231 966 1285 1013 et
1314 954 1403 1013 illi
1444 953 1595 1013 ultra
1630 955 1895 1013 habitum
1920 971 2018 1013 as-

300 1048 547 1102 sumunt
592 1057 785 1116 opera,
819 1049 876 1101 et
928 1042 1019 1101 isti
1060 1042 1231 1114 juxta
1264 1041 1527 1100 ordinem
1561 1042 1859 1115 proprium
1898 1057 2017 1101 non

300 1133 556 1190 excitant
617 1132 810 1190 corda.
872 1132 1036 1189 Unde
1101 1138 1156 1189 et
1212 1146 1317 1204 per
1363 1132 1703 1204 prophetam
1751 1131 2011 1190 dicitur:

307 1245 327 1273 (ι
386 1222 693 1294 Erubesce,
753 1220 953 1291 Sidon,
1008 1220 1089 1277 ait
1149 1234 1309 1277 mare
1367 1222 1516 1291 (1εαὶ.
1548 1220 1719 1293 xxv).
1761 1244 1781 1273 ι
1839 1219 2020 1291 Quasi

301 1310 457 1369 enim
488 1327 589 1384 per
622 1325 823 1369 vocem
862 1309 1039 1368 maris
1075 1308 1147 1367 ad
1178 1308 1591 1367 verecundiam
1622 1307 1801 1368 Sidon
1833 1308 2020 1368 addu-

303 1399 476 1470 citur,
516 1398 748 1473 quando
783 1413 883 1471 per
918 1395 1410 1470 comparationem
1450 1395 1585 1454 vitae
1627 1396 2019 1467 saecularium,

304 1495 478 1562 atque
506 1489 568 1547 in
597 1490 707 1547 hoc
734 1488 956 1547 mundo
984 1486 1417 1557 ﬂuctuantium,
1440 1486 1564 1559 ejus
1596 1486 1696 1558 qui
1735 1486 2020 1557 munitus,

302 1588 358 1638 et
417 1578 585 1653 quasi
642 1576 864 1636 stabilis
918 1576 1193 1645 cernitur,
1251 1575 1369 1634 vita
1433 1574 1792 1647 reprobatur.
1856 1575 2024 1651 Saepe

302 1668 462 1727 enim
502 1665 777 1725 nonnulli
821 1667 893 1724 ad
931 1665 1246 1724 Dominum
1282 1669 1409 1737 post
1437 1663 1628 1722 carnis
1667 1672 1893 1738 peccata
1930 1681 2024 1725 re-

2094 515 2261 568 tuum
2312 508 2522 575 (Ibid).
2566 528 2594 560 »
2656 506 2761 566 Dei
2812 511 2995 566 mater
3037 506 3111 564 ab
3160 506 3367 581 angelo
3402 506 3719 580 dicebatur,
3753 515 3815 568 et

2093 599 2220 673 ipsa
2255 611 2315 654 se
2370 594 2646 654 ancillam
2681 594 2916 655 Domini
2956 590 3263 655 fatebatur.
3308 596 3383 655 Et
3421 612 3557 656 vere
3606 604 3810 670 mater,

2094 687 2272 748 simul
2304 693 2360 745 et
2401 686 2631 745 ancilla.
2677 685 2905 746 Ancilla
2949 685 3241 762 siquidem
3282 703 3386 762 per
3436 702 3812 747 communem

2094 776 2444 837 conditionis
2490 779 2765 836 humanae
2820 783 3108 849 naturam,
3137 781 3319 835 mater
3351 792 3486 836 vero
3523 793 3626 851 per
3656 778 3812 837 inef-

2095 866 2333 926 fabilem
2380 866 2568 925 divini
2612 864 2873 925 muneris
2923 865 3185 939 gratiam.
3231 864 3411 924 Mater
3446 866 3511 924 in
3550 882 3619 925 eo
3653 866 3811 940 quod

2096 957 2334 1031 genuit;
2365 955 2577 1015 ancilla
2599 956 2661 1014 in
2684 971 2751 1014 eo
2777 955 2931 1031 quod
2956 955 3152 1029 genita
3178 956 3311 1015 fuit.
3334 955 3593 1016 Necdum
3617 957 3813 1016 Evan-

2096 1047 2318 1122 gelium
2376 1045 2654 1119 scriptum
2706 1050 2846 1115 erat,
2886 1051 2942 1102 et
2980 1044 3102 1118 jam
3149 1044 3483 1119 evangelica
3529 1052 3815 1119 praecepta

2099 1137 2382 1196 servabat.
2402 1133 2668 1207 Praecipit
2689 1133 2849 1192 enim
2868 1132 3185 1192 Dominus:
3227 1156 3248 1185 α
3271 1132 3496 1203 Quanto
3523 1134 3706 1209 major
3730 1149 3812 1203 es,

2100 1227 2349 1286 humilia
2380 1232 2434 1283 te
2459 1225 2521 1283 in
2547 1222 2821 1283 omnibus
2848 1226 3046 1292 (Matii.
3065 1235 3250 1294 XXIII;
3280 1226 3451 1281 Eccli.
3476 1228 3585 1293 III).
3610 1246 3631 1275 ι
3661 1222 3819 1293 Quid

2102 1317 2260 1374 enim
2307 1315 2497 1389 majus
2540 1320 2724 1372 matre
2759 1311 3033 1372 Domini?
3088 1312 3238 1383 Quid
3281 1312 3568 1372 humilius
3601 1313 3822 1371 ancilla

2102 1405 2377 1466 Domini?
2408 1424 2437 1460 «
2468 1405 2613 1463 Ecce
2648 1402 2859 1462 ancilla
2890 1402 3146 1476 Domini,
3171 1404 3271 1462 ﬁat
3306 1403 3455 1463 mihi
3492 1402 3822 1462 secundum

2103 1498 2348 1557 verbum
2389 1503 2574 1556 tuum.
2618 1516 2645 1549 »
2678 1494 2843 1554 Unde
2882 1493 3032 1553 bene
3076 1495 3138 1553 in
3182 1494 3433 1554 Canticis
3465 1495 3823 1554 canticorum

2102 1589 2232 1647 haec
2259 1602 2488 1661 sponsa,
2520 1591 2576 1643 et
2604 1592 2788 1643 mater
2816 1583 3067 1654 Domini,
3105 1584 3301 1658 sponsi
3328 1583 3421 1643 sui
3447 1598 3587 1643 voce
3615 1582 3826 1643 lauda-

2108 1686 2219 1750 tur,
2250 1691 2386 1736 cum
2430 1676 2645 1735 dicitur
2673 1694 2685 1733 :
2718 1695 2748 1729 α
2780 1674 2923 1745 Quae
2959 1674 3217 1733 ascendit
3243 1688 3347 1747 per
3382 1673 3672 1733 desertum
3714 1672 3828 1732 sio-

304 1762 568 1830 dcuntes,
597 1762 752 1815 tanto
793 1771 854 1814 se
903 1753 1204 1813 ardentius
1237 1754 1301 1812 in
1326 1753 1496 1812 bonis
1532 1756 1805 1829 operibus
1844 1756 2077 1833 exhi-B
2103 1774 2170 1829 ut
2201 1765 2431 1840 virgula
2479 1764 2653 1835 fumi,
2680 1780 2757 1822 ex
2798 1762 3153 1822 aromatibus
3200 1761 3477 1836 myrrhae,
3512 1769 3567 1820 et
3605 1761 3825 1833 thuris,

306 1850 464 1919 bent,
487 1852 703 1922 quanto
718 1845 1166 1905 damnabiliores
1189 1860 1249 1903 se
1270 1844 1341 1903 de
1359 1845 1530 1904 malis
1550 1846 1769 1908 vident.
1784 1848 1856 1906 Et
1877 1864 2031 1923 saepe

307 1936 446 1995 241
481 1939 722 2013 quidam
759 1939 823 1997 in
865 1938 1056 1997 carnis
1092 1938 1420 2011 integritate
1456 1937 1854 2013 perdurantes,
1886 1941 2028 2001 dum

306 2030 507 2088 minus
563 2043 625 2086 se
682 2027 1000 2103 respiciunt
1050 2027 1283 2099 habere,
1327 2026 1482 2100 quod
1547 2027 1815 2102 deﬂeant,
1857 2033 2029 2106 plene

309 2123 421 2182 sibi
450 2121 712 2181 suﬂicere
740 2122 878 2181 vitae
908 2138 1032 2182 sum
1060 2123 1456 2183 innocentiam
1483 2127 1708 2197 putant,
1742 2130 1918 2197 atque
1956 2122 2031 2181 ad

229 2204 233 2209 ’
309 2212 597 2271 fervorem
629 2211 870 2286 spiritus
914 2212 1100 2271 nullis
1133 2227 1193 2270 se
1238 2211 1463 2270 ardoris
1494 2210 1749 2271 stimulis
1789 2210 2029 2269 inﬂam-

312 2306 491 2357 mant.
525 2298 595 2356 Et
638 2298 705 2357 lit
742 2299 1094 2374 plerumque
1140 2299 1259 2358 Deo
1308 2298 1524 2371 gratior
1575 2313 1772 2357 amore
1818 2298 2028 2358 ardens

314 2390 449 2448 vita'
473 2396 601 2463 post
651 2388 904 2462 culpam,
933 2406 1111 2464 quam
1152 2390 1462 2449 securitate
1524 2395 1755 2463 torpens
1781 2390 2030 2464 virginis

312 2479 665 2537 innocentia.
700 2479 866 2538 Unde
916 2489 972 2538 et
1018 2495 1158 2540 voce
1202 2479 1427 2539 Judicis
1454 2478 1667 2538 dicitur
1696 2499 1710 2536 :
1742 2500 1771 2534 «
1803 2479 2028 2539 Remit-

316 2573 519 2625 tuntur
564 2567 618 2627 ei
654 2575 882 2640 peccata
935 2567 1138 2641 multa,
1181 2568 1462 2643 quoniam
1522 2566 1731 2627 dilexit
1776 2568 2029 2627 multum

317 2659 470 2725 (Luc.
502 2660 627 2728 VII).
658 2677 685 2706 ιο
734 2656 804 2714 Et
831 2657 1086 2716 iterum:
1127 2679 1148 2707 α
1190 2655 1481 2716 Gaudium
1525 2662 1610 2715 est
1645 2655 1869 2730 angelis
1926 2655 2031 2715 Dei

319 2758 492 2817 super
563 2760 684 2803 uno
755 2752 1049 2816 peccatore
1126 2744 1527 2818 pmnitentiam
1583 2752 1807 2815 agente,
1853 2759 2030 2820 quam

319 2849 493 2906 supra
560 2832 874 2905 nonaginta
928 2848 1137 2892 novem
1189 2833 1381 2907 justis,
1441 2831 1547 2906 qui
1598 2848 1716 2891 non
1769 2832 2032 2908 indigent

320 2922 660 2998 poenitentia
693 2925 837 2997 (Luc.
880 2910 1005 2997 iv).
1040 2945 1069 2978 »

390 3014 500 3072 Illa
545 3029 680 3088 ergo
726 3013 1028 3089 virginitas
1056 3013 1307 3088 perfecta
1335 3020 1440 3083 est,
1472 3029 1606 3088 quae
1637 3012 1878 3086 reliquis
1908 3015 2029 3073 vir-

2109 1864 2166 1916 et
2203 1855 2466 1916 universi
2512 1853 2774 1929 pulveris
2809 1851 3224 1926 pigmentarii?
3257 1876 3280 1903 ι
3313 1854 3486 1924 (Cant.
3516 1851 3621 1922 III.)
3648 1850 3831 1909 Beata

2110 1945 2323 2020 quippe
2349 1941 2529 2002 Maria
2555 1943 2704 2002 sicut
2728 1941 2956 2015 virgula
2977 1941 3127 2000 fumi
3148 1958 3223 2001 ex
3244 1939 3600 2000 aromatibus
3616 1953 3829 1997 ascen-

2110 2035 2216 2105 dit,
2256 2032 2393 2109 quia
2429 2047 2504 2090 ex
2546 2031 2686 2090 vitae
2723 2047 2846 2091 suae
2882 2031 3197 2090 virtutibus
3236 2031 3295 2089 in
3336 2029 3551 2088 interni
3595 2042 3830 2101 semper

2108 2122 2333 2181 incensi
2385 2119 2791 2179 rectitudinem
2837 2121 3113 2194 proﬁcere
3157 2118 3425 2188 studuit;
3476 2131 3584 2175 nec
3626 2130 3832 2190 sparsa

2108 2228 2211 2286 per
2262 2210 2634 2285 cogitationes
2675 2208 2941 2279 deﬂuxit,
2970 2209 3070 2267 sed
3107 2224 3231 2268 sese
3268 2208 3423 2266 intra
3457 2222 3663 2267 arcana
3690 2221 3823 2265 oor-

2109 2303 2199 2362 dis
2247 2303 2309 2360 in
2360 2301 2568 2375 rigoris
2615 2300 2779 2375 virga
2813 2299 3182 2359 constrinxit.
3212 2298 3355 2369 Quae
3389 2294 3536 2354 242
3571 2313 3658 2368 ea,
3691 2311 3833 2372 quae

2107 2392 2241 2465 egit,
2289 2390 2433 2450 dum
2489 2392 2800 2464 recogitare
2843 2405 3068 2464 semper
3104 2405 3171 2447 ac
3213 2394 3518 2448 retractare
3563 2403 3682 2446 non
3724 2385 3835 2444 de-

2105 2483 2269 2554 stitit,
2319 2481 2621 2554 myrrham
2672 2478 2908 2554 quidem
2953 2485 3009 2537 et
3056 2480 3192 2538 thus
3237 2477 3485 2535 habebat
3531 2476 3592 2533 in
3630 2490 3832 2549 opere,

2108 2572 2205 2631 sed
2251 2573 2555 2646 pulverem
2597 2570 2656 2628 in
2701 2568 3065 2643 cogitatione.
3103 2568 3175 2626 Et
3223 2567 3371 2625 bene
3404 2564 3635 2638 virgula
3676 2564 3835 2624 fumi

2108 2668 2234 2726 hmo
2262 2665 2474 2725 dicitur
2510 2679 2643 2740 quae
2693 2678 2796 2737 per
2828 2662 3049 2735 virgam
3092 2675 3324 2735 quoque
3360 2660 3554 2717 Aaron
3586 2654 3833 2729 mystice

2109 2758 2411 2833 ﬁguratur.
2449 2754 2571 2813 Illa
2599 2754 2757 2812 enim
2796 2750 3196 2826 amygdalinas
3235 2764 3415 2808 nuces
3449 2747 3669 2819 absque
3704 2744 3855 2827 ullo.

2110 2849 2356 2906 humore
2397 2842 2610 2903 terreni
2660 2840 2890 2914 cespitis
2939 2838 3205 2911 protulit;
3246 2837 3353 2895 ista
3416 2849 3555 2893 vero
3607 2833 3840 2904 absque

2111 2937 2232 2998 ullo
2260 2935 2418 2995 virili
2443 2934 2664 2993 semine
2691 2931 2794 2991 Dei
2836 2930 3055 2989 Filium
3086 2926 3402 3003 generavit.
3438 2924 3566 2998 Ipse
3595 2936 3839 2997 quoque

2111 3029 2292 3101 virgaa
2333 3026 2497 3085 illius
2544 3026 2788 3092 fructus,
2830 3022 2879 3080 si
2917 3019 3173 3080 studiose
3208 3016 3532 3086 discutitur,
3571 3012 3838 3101 aliquam

322 3105 541 3166 intibus
581 3106 855 3181 Cingitur:
886 3121 1017 3180 (Ιιιίθ
1081 3122 1219 3165 Vera
1265 3106 1478 3165 Πιθῐιῐίε
1524 3105 1853 3166 humilitate
1890 3100 2251 3193 c(Dm-(mum
2301 3116 2528 3175 Christo
2570 3111 2779 3172 habere
2816 3108 3264 3171 similitudinem
3310 3104 3628 3163 invenitur.
3673 3100 3845 3162 Sicut

320 3195 495 3255 ditur.
527 3195 669 3266 Quae
714 3210 833 3254 non
876 3194 1066 3254 solum
1105 3193 1386 3253 illibatam
1429 3211 1489 3253 se
1525 3202 1717 3254 servat
1744 3195 1808 3253 in
1838 3210 2028 3268 carne,
2115 3207 2273 3267 enim
2316 3195 2685 3278 amygdalina
2742 3218 2870 3261 nux
2922 3216 2996 3259 ex
3059 3195 3268 3257 nucleo
3318 3200 3557 3264 constat,
3596 3206 3730 3250 osse
3783 3195 3840 3248 et

324 3288 421 3346 sed
451 3288 624 3346 etiam
654 3287 921 3362 pudicam
941 3286 1190 3346 custodit
1210 3288 1271 3346 in
1301 3304 1417 3348 ore.
1443 3287 1611 3347 Unde
1630 3293 1687 3346 et
1713 3288 1876 3347 beata
1906 3288 2028 3348 vir-

322 3390 395 3450 go
425 3374 624 3447 Maria,
656 3375 853 3435 audito
894 3375 1173 3449 angelicae
1222 3376 1523 3449 legationis
1558 3377 1848 3451 mysterio,
1891 3377 2032 3437 soli-

324 3474 452 3526 tum
480 3467 726 3526 modesti
759 3467 974 3525 silentii
1005 3467 1255 3541 rigorem
1286 3467 1508 3538 tenuit;
1540 3473 1597 3526 et
1625 3470 1675 3525 si
1712 3467 1837 3541 ipsa
1874 3468 2032 3527 enim

322 3556 475 3614 intra
514 3572 575 3614 se
611 3555 896 3614 discutere
941 3571 1055 3614 non
1096 3563 1281 3629 posset
1317 3555 1508 3629 qualis
1553 3562 1701 3614 esset
1737 3557 1839 3614 illa
1876 3557 2034 3616 salu-

324 3645 486 3714 tatio,
527 3644 719 3703 verbis
750 3651 943 3703 tamen
979 3645 1281 3720 inquirere
1314 3645 1675 3719 superﬂuum
1714 3645 2031 3719 deputavit.

329 3735 438 3796 Sed
482 3750 619 3794 mox
649 3736 886 3795 tacendo
913 3736 1118 3796 audire
1156 3738 1399 3809 meruit,
1438 3738 1591 3810 quod
1629 3737 2037 3811 interrogando

328 3826 626 3899 inquirere
671 3839 790 3883 non
833 3825 1221 3899 praasumpsit.
1268 3827 1365 3884 Ait
1408 3827 1568 3884 enim
1623 3827 1868 3901 angelus
1931 3828 2033 3886 ei:

333 3936 362 3969 ‹‹
402 3914 486 3974 Ne
536 3915 762 3986 timeas,
802 3914 1012 3984 Maria;
1065 3914 1341 3973 invenisti
1391 3915 1548 3974 enim
1595 3916 1841 3990 gratiam
1882 3915 2037 3991 apud

331 4002 648 4064 Dominum
684 4021 700 4077 ;
734 4019 863 4062 ecce
888 4004 1175 4078 concipias
1207 4005 1266 4062 in
1309 4011 1490 4077 utero,
1519 4011 1575 4064 et
1602 4005 1790 4080 paries
1824 4005 2033 4079 tilium,

332 4099 388 4153 et
432 4094 664 4152 vocabis
710 4108 920 4151 nomen
968 4095 1094 4168 ejus
1131 4094 1331 4153 Jesum
1376 4096 1523 4166 (Luc.
1551 4096 1610 4167 1).
1645 4120 1670 4145 υ
1711 4095 1876 4165 Quod
1915 4112 2038 4171 pro-

330 4184 503 4257 pheta
539 4183 724 4240 multo
774 4188 906 4240 ante
959 4183 1225 4243 futurum
1282 4183 1573 4256 praedixit,
1628 4186 1737 4244 hoc
1783 4201 2039 4259 praesens

333 4273 531 4330 adesse
565 4270 781 4329 eisdem
827 4271 1020 4329 verbis
1062 4269 1305 4344 angelus
1335 4272 1647 4333 nuntiavit.
1679 4274 1830 4333 Dicit
1857 4275 2037 4347 enim,

333 4367 396 4419 ut
424 4360 789 4433 prmmissum
818 4367 921 4433 est,
942 4360 1119 4419 Isaias
1150 4380 1163 4418 :
1203 4382 1224 4412 α
1251 4359 1396 4419 Ecce
1427 4361 1587 4434 virgo
1615 4364 1674 4420 in
1708 4371 1872 4423 utero
1899 4380 2035 4422 con-

2115 3298 2353 3366 cortice;
2396 3296 2477 3353 ita
2512 3291 2859 3365 Redemptor
2895 3295 3092 3348 noster
3135 3302 3211 3347 ex
3255 3284 3557 3345 divinitate
3592 3284 3843 3349 constat,

2114 3394 2171 3448 et
2198 3387 2392 3453 anima
2415 3383 2593 3444 simul
2620 3389 2676 3442 et
2705 3395 2898 3439 carne.

2188 3477 2335 3549 Quia
2386 3491 2524 3535 vero
2569 3474 2789 3547 absque
2842 3469 2966 3531 ullo
3019 3468 3175 3528 virili
3230 3467 3451 3527 semine
3487 3464 3559 3523 de
3595 3460 3845 3535 Virgine

2119 3567 2445 3625 nasciturus
2471 3567 2609 3637 erat,
2635 3562 2756 3634 ipse
2789 3557 2974 3618 multo
2995 3561 3130 3615 ante
3166 3571 3267 3630 per
3293 3555 3637 3628 Prophetam
3666 3549 3844 3608 dixe-

2121 3661 2208 3714 rat
2241 3674 2253 3712 :
2292 3676 2313 3705 α
2354 3653 2474 3726 Ego
2523 3657 2719 3711 autem
2756 3665 2887 3709 sum
2928 3646 3143 3705 vermis
3189 3652 3245 3703 et
3289 3659 3405 3703 non
3447 3645 3619 3701 homo
3662 3640 3839 3710 (Paul.

2120 3748 2274 3813 XXI).
2308 3766 2330 3796 ι
2360 3741 2525 3802 Sicut
2555 3740 2715 3799 enim
2744 3737 2959 3797 vermis
2986 3752 3062 3795 ex
3090 3734 3250 3809 ligno
3277 3735 3492 3808 absque
3513 3730 3706 3790 alieno
3731 3742 3846 3785 na-

2122 3834 2299 3892 scitur
2352 3830 2605 3898 semine;
2651 3829 2731 3887 ita
2780 3832 2837 3885 et
2880 3825 3145 3886 Christus
3201 3824 3420 3897 absque
3470 3821 3591 3880 ulla
3648 3816 3849 3877 carnis

2122 3919 2583 3995 concupiscentia
2620 3917 2691 3976 de
2729 3917 2894 3977 beata
2930 3922 3102 3974 natus
3138 3920 3223 3973 est
3268 3912 3527 3985 Virgine.
3568 3908 3724 3967 Hinc
3758 3912 3849 3964 est

2122 4011 2299 4082 enim,
2340 4008 2497 4086 quod
2542 4023 2643 4083 per
2688 4007 3025 4081 prOphetam
3077 4004 3263 4063 alium
3310 4000 3522 4061 dicitur
3559 4017 3573 4058 :
3628 4022 3654 4049 ι
3697 3995 3848 4054 Ecce

2121 4100 2407 4162 Dominus
2452 4095 2720 4157 ascendet
2761 4111 2936 4170 super
2967 4093 3182 4152 nubem
3219 4093 3407 4152 levem
3433 4091 3579 4163 (Isai.
3618 4086 3770 4155 XIX).
3820 4103 3844 4133 ι

2128 4192 2225 4252 Sol
2263 4190 2479 4266 quippe
2525 4202 2659 4246 cum
2705 4186 2862 4245 nube
2917 4184 3146 4258 tegitur,
3185 4183 3259 4242 ab
3299 4180 3578 4255 humanis
3619 4175 3848 4236 visibus

2124 4281 2459 4341 occultatur.
2516 4277 2611 4337 Sic
2651 4276 2952 4346 nimirum,
2995 4276 3076 4333 sic
3123 4273 3383 4334 Salvator
3419 4276 3632 4338 noster,
3674 4282 3846 4326 suin-

2125 4377 2220 4443 pta
2250 4386 2326 4427 ex
2349 4367 2590 4442 Virgine
2623 4382 2682 4425 se
2711 4380 2883 4424 carne
2913 4363 3164 4435 vestivit,
3195 4363 3255 4421 in
3296 4377 3411 4435 qua
3445 4357 3724 4418 divinitas
3758 4355 3845 4412 la-

331 4450 528 4525 cipiet;
589 4457 643 4509 et
688 4450 872 4525 pariet
923 4449 1135 4522 ﬁlium,
1190 4458 1247 4509 et
1295 4449 1591 4509 vocabitur
1638 4467 1847 4513 nomen
1915 4455 2256 4554 ejusDtens
2288 4462 2544 4518 humano
2586 4454 2802 4514 intuitu
2851 4453 3036 4511 videri
3057 4467 3204 4554 ‘non.
3223 4447 3617 4554 potuit.‘Quaa
3655 4445 3847 4554 nubes

332 4545 679 4605 Emmanuel
716 4547 866 4617 (Isai.
896 4556 1018 4610 VII).
1057 4568 1077 4597 ι
1119 4544 1243 4605 Illic
1270 4546 1457 4618 Jesus,
1498 4547 1600 4621 qui
1654 4551 1910 4607 Salvator
1950 4549 2041 4608 di-

332 4634 514 4706 citur;
548 4635 646 4694 hic
690 4635 1060 4707 Emmanuel,
1099 4636 1202 4711 qui
1240 4638 1519 4694 nobiscum
1568 4642 1708 4696 Deus
1756 4640 2039 4715 interpre-

330 4731 500 4783 tatur.

400 4813 527 4883 Qua
576 4814 796 4885 lzetitia,
855 4829 970 4889 quo
1025 4813 1295 4888 tripudio,
1356 4816 1562 4873 fratres
1644 4816 1785 4886 mei,
1843 4815 2041 4885 Maria;

328 4918 495 4962 mens
546 4903 761 4978 repleta
798 4920 920 4965 esse
959 4910 1237 4979 potuerat,
1282 4904 1517 4977 quando
1551 4904 1676 4962 haec
1712 4905 2041 4978 prophetica

330 4999 387 5051 et
437 4991 768 5065 evangelica
824 4993 1002 5051 verba
1064 4993 1215 5050 inter
1265 5006 1325 5048 se
1374 4992 1626 5050 invicem
1665 4994 2034 5052 conferebat:

331 5105 359 5133 α
390 5081 571 5141 Maria
612 5082 792 5154 enim,
833 5083 1029 5159 inquit
1072 5080 1448 5155 evangelista,
1500 5083 1876 5142 conservabat
1915 5098 2039 5141 om-

326 5172 425 5231 nia
483 5174 657 5233 verba
706 5174 849 5243 haec,
893 5175 1195 5231 conferens
1255 5171 1317 5230 in
1373 5172 1543 5230 corde
1586 5188 1692 5231 suo
1717 5177 1863 5247 (Luc.
1895 5175 1976 5243 II).
2011 5196 2035 5225 δ)

323 5261 389 5319 In
422 5270 637 5336 quanta
675 5280 736 5323 se
784 5264 1129 5322 excellentia
1159 5278 1333 5338 super
1364 5277 1538 5322 omne
1572 5264 1898 5323 humanum
1935 5279 2040 5338 ge-

321 5364 434 5409 nus
495 5352 803 5412 sublimari
855 5359 1250 5426 conspexerat,
1304 5367 1436 5427 quae
1492 5366 1553 5410 se
1607 5351 1893 5411 Creatoris
1949 5354 2043 5413 sui

324 5442 567 5497 n‘latrem
621 5440 747 5499 ﬁeri
794 5440 1108 5500 audiebat?
1151 5440 1261 5499 Sed
1305 5456 1437 5515 quas
1477 5446 1634 5499 tanto
1673 5440 1827 5515 apud
1854 5440 2042 5499 Deum

330 5528 558 5601 fastigio
611 5544 862 5587 crescere
926 5529 1156 5596 meruit,
1218 5536 1437 5603 quanta
1510 5544 1569 5586 se
1624 5528 1777 5602 apud
1831 5537 2043 5587 semet-

322 5616 510 5692 ipsam
555 5615 907 5677 humilitatis
952 5616 1266 5692 dejectione
1314 5616 1665 5676 substravit?
1702 5616 1804 5675 Ait
1842 5617 2036 5676 enim:

2130 4549 2342 4609 idcirco
2391 4546 2539 4605 levis
2580 4544 2811 4615 dicitur,
2864 4542 3005 4616 quia
3057 4540 3388 4599 beatissima
3441 4538 3619 4611 Virgo
3670 4533 3847 4594 nullo

2130 4638 2241 4697 viri
2289 4637 2510 4695 semine
2557 4633 2811 4706 gravida,
2851 4631 2972 4690 sola
3016 4631 3196 4689 sancti
3237 4628 3489 4703 Spiritus
3534 4625 3718 4701 gratia
3769 4625 3848 4682 fe-

2127 4720 2430 4785 cundatur.
2470 4723 2612 4793 Quae
2659 4729 2713 4780 et
2749 4720 3091 4795 dignitatem
3130 4717 3437 4777 Genitricis
3474 4713 3749 4781 obtinuit.
3790 4718 3849 4770 et

2128 4813 2476 4889 virginalem
2518 4810 2855 4886 pudicitiam
2892 4824 3012 4868 non
3049 4805 3263 4865 amisit.
3298 4805 3438 4874 Quae
3473 4806 3599 4865 sine
3640 4810 3849 4862 conta-

2125 4906 2443 4964 minatione
2474 4903 2750 4976 concepit,
2785 4910 2839 4959 et
2878 4899 3005 4958 sine
3035 4896 3233 4956 dolore
3272 4894 3466 4953 lilium
3500 4891 3847 4967 procreavit.

2126 4995 2253 5054 Non
2302 5001 2533 5052 secutus
2572 4998 2657 5051 est
2695 4990 2857 5050 dolor
2900 4996 3147 5064 partum,
3197 4986 3337 5062 quia
3381 4999 3495 5042 non
3551 4979 3853 5055 praecessit

2126 5084 2306 5143 libido
2367 5088 2728 5156 conceptum.
2792 5079 3017 5138 Dictum
3078 5089 3334 5149 namque
3386 5071 3568 5130 fuerat
3626 5069 3770 5127 Evm
3829 5093 3846 5128 :

2130 5196 2152 5225 ι
2185 5173 2256 5231 In
2292 5171 2489 5231 dolore
2523 5170 2711 5245 paries
2748 5169 2937 5228 tilium
2972 5169 3119 5240 (Gen.
3167 5167 3270 5239 III).
3320 5188 3342 5217 ι
3378 5163 3518 5234 Quae
3554 5160 3852 5219 sententia

2124 5261 2185 5320 in
2234 5261 2366 5320 aliis
2419 5260 2703 5319 matribus
2745 5257 2954 5331 viguit,
2984 5256 3047 5315 in
3087 5255 3267 5315 Maria
3304 5268 3443 5312 vero
3477 5253 3712 5311 modum
3746 5249 3849 5309 sui

2116 5350 2269 5425 juris
2297 5350 2511 5410 amisit.
2546 5349 2614 5407 In
2656 5347 3001 5405 mulieribus
3040 5344 3160 5404 fixa
3198 5344 3460 5418 perstitit,
3501 5341 3563 5400 in
3601 5340 3849 5413 Virgine

2124 5440 2437 5513 praevalere
2491 5454 2604 5496 non
2653 5435 2857 5510 potuit.
2899 5433 3040 5505 Quae
3076 5434 3234 5493 enim
3284 5433 3463 5507 Virgo
3520 5429 3847 5504 permansit

2122 5527 2521 5603 concipiendo,
2568 5525 2827 5585 dolorem
2881 5524 3096 5585 sentire
3144 5539 3262 5583 non
3311 5522 3499 5598 potuit
3551 5519 3839 5595 patiendo.

2123 5615 2229 5676 Ille
2260 5618 2493 5692 quippe,
2529 5616 2632 5690 qui
2658 5630 2733 5675 ex
2761 5631 2828 5675 ea
2854 5614 3229 5675 ineﬂ'abiliter
3264 5614 3494 5689 prodiit,
3525 5612 3849 5673 claustrum
