4064 6208
197 292 301 352 761

1711 281 1960 344 SERMO
1995 281 2231 345 XLVII.

3620 277 3728 338 762

194 413 502 491 virginalis
538 410 844 488 pudicitiae
866 425 984 471 non
1014 411 1285 485 corrupit.
1329 410 1631 484 Virginem
1670 410 2199 483 deniqueAaﬂixit
2252 427 2349 470 eas
2403 410 2558 470 cruci
2614 426 2757 469 sum.
2817 410 2907 467 Ex
2962 409 3141 467 altera
3201 414 3360 483 parte
3405 408 3725 468 cruciﬁxus

196 507 443 565 veniens
474 499 758 571 introivit,
791 498 1093 573 Virginem
1132 498 1522 559 nihilominus
1559 497 1785 569 exiens,
1830 497 1921 554 de-

197 594 456 671 reliquit.
490 592 632 651 Haec
655 590 813 649 enim
839 597 922 649 est
951 590 1156 649 hortus
1191 588 1518 660 conclusus,
1557 589 1689 648 fons
1726 588 1923 661 signa-

197 693 293 745 tus
335 686 516 752 (Cant.
547 685 652 750 IV),
682 694 816 753 quae
839 686 896 736 et
922 676 1177 737 fructum
1213 676 1583 737 fecunditatis
1630 675 1831 747 edidit,
1869 682 1926 734 et

199 770 554 846 virginitatis
586 767 859 827 meritum
892 781 1011 825 non
1035 764 1354 825 imminuit.

272 861 317 921 Ο
347 859 660 930 mirabilis,
687 873 722 917 o
746 856 1119 931 singulariter
1155 855 1371 915 nobilis
1406 871 1538 914 caro
1574 855 1926 915 beatissimaz

201 949 503 1025 Virginis,
563 948 623 1006 in
684 962 801 1021 qua
853 945 1422 1018 muliebrisnatura
1460 951 1748 1010 mutatur.
1812 946 1926 1004 hu-

203 1057 378 1102 mana
428 1037 682 1099 conditio
726 1052 843 1095 non
900 1040 1163 1095 tenetur!
1200 1036 1308 1094 Per
1336 1037 1552 1095 coitum
1579 1037 1815 1113 quidem
1844 1043 1930 1096 est
1966 1066 1969 1069 λ

204 1131 421 1207 genita,
462 1128 564 1188 sed
614 1141 716 1201 per
760 1123 1074 1183 efﬁcaciam
1118 1124 1305 1184 coitus
1356 1140 1476 1182 non
1523 1127 1719 1184 enixa.
1762 1125 1930 1184 Edita

203 1219 507 1284 communi
559 1215 925 1276 nascentium
965 1216 1123 1288 jure,
1154 1215 1336 1274 edidit
1381 1216 1693 1288 singularis
1729 1216 1930 1290 gratiae

206 1312 485 1373 novitate.
515 1309 584 1368 In
616 1309 877 1366 humano
912 1305 1166 1381 denique
1202 1323 1413 1380 genere
1448 1307 1551 1366 ille
1590 1308 1800 1367 nobilis
1837 1308 1929 1366 di-

206 1402 379 1472 citur,
410 1399 515 1475 qui
561 1394 735 1456 claris
778 1395 1068 1469 majorum
1118 1396 1306 1455 titulis
1354 1396 1674 1471 insignitur
1697 1416 1713 1469 ;
1768 1399 1931 1456 beata

207 1505 348 1550 vero
383 1487 589 1559 Maria,
631 1486 763 1544 licet
799 1484 871 1543 de
911 1499 1191 1557 generosa
1219 1484 1294 1542 sit
1321 1492 1553 1559 patrum
1588 1487 1763 1559 stirpe
1796 1501 1932 1560 pro-

206 1579 420 1655 genita,
453 1577 529 1636 ab
576 1576 679 1635 illo
721 1581 919 1633 tamen
962 1573 1139 1632 trahit
1180 1572 1685 1632 excellentissiman
1728 1573 1935 1632 nobili-

208 1669 342 1728 tatis
392 1681 599 1742 genus,
628 1663 733 1740 qui
785 1663 857 1722 de
910 1662 1013 1721 illa
1069 1669 1155 1721 est
1198 1678 1350 1721 novo
1406 1663 1681 1722 nascendi
1724 1679 1934 1738 genere

2008 506 2092 558 est
2130 498 2478 573 Redemptor
2516 504 2726 569 noster,
2779 514 2852 557 ex
2898 497 3013 557 alia
3055 510 3322 557 summus
3363 497 3467 556 ille
3508 514 3728 571 praeva-

2008 590 2122 648 rica
2132 597 2236 648 tor.

2080 679 2207 738 Rex
2252 680 2365 739 Hai
2420 686 2486 739 ut
2520 688 2714 738 narrat
2762 679 3003 738 historia
3048 684 3181 749 (Jos.
3217 692 3342 750 VIII,
3380 695 3484 737 sec.
3530 676 3726 748 LXX),

2010 783 2325 841 suspensus
2370 777 2455 827 est
2489 771 2549 827 in
2589 769 2821 841 gemino
2866 768 3145 839 patibulo,
3178 770 3257 828 ita
3288 785 3391 827 rex
3422 769 3624 827 mortis
3663 768 3724 825 in

2010 854 2228 931 duplici
2259 857 2518 931 patibulo
2542 857 2936 930 suspenditur,
2965 857 3106 931 quia
3135 857 3277 916 dum
3304 856 3598 915 Christum
3628 856 3726 913 in-

2014 946 2235 1015 terticit,
2268 945 2328 1002 in
2357 944 2480 1018 ipsa
2508 961 2676 1004 cruce
2705 945 3081 1018 cruciﬁgitur,
3112 962 3289 1021 quem
3325 945 3552 1004 invenit
3606 959 3729 1001 ma-

2010 1050 2192 1109 gnum
2239 1042 2665 1093 sacramentum
2711 1035 2919 1105 crucis,
2948 1050 3055 1093 nec
3094 1041 3179 1092 est
3222 1034 3445 1107 aliquid
3479 1036 3584 1093 hoc
3636 1048 3728 1091 sa-

2011 1131 2303 1185 cramento
2380 1127 2677 1187 sacratius.
2730 1126 2971 1200 Respice
3027 1142 3257 1185 crucem
3327 1130 3595 1192 stantem,
3672 1126 3728 1180 et

2012 1217 2146 1277 vide
2172 1233 2349 1291 quam
2380 1224 2530 1275 recta
2564 1217 3027 1276 cacuminatione
3056 1217 3128 1275 de
3158 1216 3323 1274 terris
3359 1216 3614 1287 erigatur
3651 1212 3725 1270 ad

2013 1306 2246 1377 cretum,
2277 1312 2332 1363 et
2385 1307 2686 1365 veritatem
2742 1305 2825 1364 rei
2877 1305 3001 1377 ipsa
3050 1304 3305 1377 imagine
3359 1307 3724 1377 protestetur.

2014 1395 2222 1454 Nonne
2251 1395 2354 1454 tibi
2380 1396 2611 1454 videtur
2648 1398 2837 1471 ﬁgura
2865 1398 2994 1469 ejus
3016 1396 3254 1465 caelum,
3285 1400 3340 1452 et
3369 1399 3577 1451 terram
3623 1407 3731 1450 su-

2013 1483 2183 1541 blimi
2226 1484 2660 1543 continuatione
2706 1485 3105 1558 conjungere?
3152 1483 3294 1540 Haec
3342 1487 3427 1540 est
3471 1478 3735 1538 ﬁrmissi-

2016 1590 2178 1632 mum
2236 1589 2303 1631 ac
2351 1572 2757 1632 indissolubile
2807 1576 3027 1647 gluten,
3089 1588 3205 1647 quo
3256 1569 3731 1641 conglutinantur

2014 1662 2323 1749 rationales
2368 1669 2667 1734 creaturae,
2709 1670 2775 1722 ut
2808 1678 2884 1721 ex
2929 1663 3190 1735 utrisque
3225 1662 3326 1719 ﬁat
3368 1659 3470 1717 illa
3507 1656 3729 1749 civitas,

215 1761 568 1830 procreatus,
603 1759 659 1811 et
694 1768 797 1827 per
832 1744 1216 1810 clarissimam
1249 1750 1504 1809 sobolem
1543 1766 1778 1810 omnem
1817 1753 2184 1829 hu-Bcujus
2245 1744 2600 1828 participatio
2656 1754 2784 1827 ejus
2840 1753 2901 1811 in
2956 1753 3210 1827 idipsum
3260 1752 3427 1823 (Psal.
3494 1747 3732 1817 CXXIX).

206 1844 369 1904 mani
413 1841 738 1903 stemmatis
775 1838 1002 1899 excedit
1038 1838 1417 1898 nobilitatem.
1462 1839 1629 1899 Clara
1686 1856 1931 1914 proavo-

2015 1844 2161 1905 Vide
2209 1843 2381 1902 etiam
2428 1843 2719 1918 quomodo
2781 1843 3138 1918 quadrifaria
3209 1840 3431 1899 ratione
3481 1842 3732 1910 quatuor

207 1952 346 1995 rum
376 1933 584 2004 titulis,
617 1932 718 1992 sed
745 1929 1282 2004 incomparabiliter
1319 1930 1527 1989 clarior
1555 1930 1933 2004 generositate
2015 1934 2222 1994 mundi
2257 1933 2488 1992 climata
2523 1934 2991 2009 comprehendat,
3032 1941 3087 1993 et
3123 1947 3357 1991 omnem
3392 1930 3463 1987 ad
3493 1944 3554 1987 se
3596 1942 3728 1999 per-

210 2025 410 2101 ΡιὈῙίε·
442 2023 592 2082 Filia
630 2022 920 2097 δίφιίάθω
977 2035 1208 2095 regum;
1264 2019 1363 2078 89d
1409 2018 1591 2077 Mater
1632 2018 1807 2093 Regis
1850 2034 1934 2077 re-
2018 2027 2205 2084 trahat
2246 2032 2590 2085 creaturam.
2617 2027 2781 2085 Astat
2835 2026 3006 2085 Jesus
3057 2025 3120 2082 in
3168 2021 3381 2088 medio,
3430 2015 3731 2095 quadrifa-
3778 2046 3783 2061 ι

209 2128 352 2188 gum
384 2135 398 2170 :
439 2135 463 2163 ι
495 2110 758 2170 Gloriosa
792 2109 945 2169 dicta
982 2114 1120 2167 sunt
1155 2107 1227 2167 de
1265 2114 1337 2180 te,
1369 2107 1573 2167 civitas
1615 2107 1720 2167 Dei
1764 2110 1930 2179 (Psal.

2092 2116 2221 2174 1811i
2243 2116 2499 2189 corporis
2528 2123 2688 2189 parte
2729 2115 3033 2186 distentus,
3065 2120 3120 2171 et
3143 2109 3418 2185 expansis
3458 2104 3732 2165 manibus

208 2202 490 2275 LXXXVI).
524 2221 554 2255 »
592 2200 706 2261 Sed
735 2198 1022 2276 quidquid
1058 2198 1131 2256 de
1160 2204 1213 2256 te
1240 2214 1274 2256 a
1301 2195 1532 2256 mortali
1570 2196 1810 2255 homine
1842 2195 1934 2254 di—

209 2293 379 2362 citur,
425 2288 788 2349 celsitudinis
825 2296 944 2348 tum
981 2286 1205 2346 meritis
1251 2302 1372 2346 non
1420 2293 1705 2360 aequatur.
1749 2287 1934 2356 Quam

212 2382 376 2441 enim
413 2378 707 2439 excellens
741 2375 927 2453 gratia
963 2391 1137 2450 super
1173 2375 1412 2449 angelos
1451 2373 1656 2440 elevat,
1699 2372 1773 2431 ad
1812 2373 1938 2447 ejus

220 2473 399 2547 digne
428 2468 718 2529 efferenda
741 2466 1029 2542 praeconia
1060 2467 1319 2525 humana
1346 2463 1625 2538 fragilitas
1650 2479 1764 2521 non
1791 2461 1939 2536 aspi-

213 2568 322 2620 rat.
368 2559 667 2632 Rogamus
712 2563 791 2626 te,
839 2552 1311 2619 clementissima,
1361 2552 1548 2625 ipsius
1605 2551 1834 2626 pietatis
1883 2560 1939 2611 et

214 2648 633 2709 misericordiaa
671 2654 878 2716 mater,
905 2651 971 2705 ut
1000 2644 1105 2719 qui
1139 2650 1254 2702 tum
1282 2640 1472 2700 laudis
1506 2641 1757 2714 insignia
1795 2637 1940 2697 243

214 2738 591 2811 frequentare
639 2735 961 2807 gaudemus
994 2733 1058 2791 in
1111 2732 1298 2801 terris,
1349 2738 1464 2789 tuae
1512 2730 1942 2790 intercessionis

215 2826 522 2887 auxilium
553 2825 768 2884 habere
800 2836 1131 2882 mereamur
1160 2821 1222 2878 in
1249 2818 1448 2890 cmlis;
1481 2824 1766 2891 quatenus
1795 2818 1945 2879 sicut

214 2932 322 2990 per
359 2922 416 2974 te
455 2914 556 2973 Dei
591 2912 776 2973 Filius
817 2911 1088 2985 dignatus
1124 2913 1210 2969 est
1242 2908 1314 2966 ad
1352 2913 1544 2966 nostra
1577 2908 1942 2990 descendere,

214 2987 299 3064 ita
352 3010 409 3063 et
457 3018 565 3062 nos
613 3018 716 3077 per
778 3008 833 3060 te
890 3000 964 3059 ad
1028 3003 1155 3074 ejus
1217 2996 1516 3056 valeamus
1588 2987 1944 3057 consortium

2018 2201 2295 2261 omnibus
2323 2201 2395 2258 ad
2422 2217 2483 2259 se
2511 2217 2585 2259 ex
2611 2202 2773 2260 omni
2821 2207 2979 2274 parte
3024 2197 3393 2259 venientibus
3433 2189 3728 2265 amplissi-

2022 2305 2186 2349 mum
2234 2290 2646 2349 misericordiae
2678 2291 2869 2350 sinum
2900 2289 3169 2349 ostendit.
3202 2287 3344 2345 Nam
3378 2280 3585 2357 «apud
3618 2279 3732 2337 Do-

2021 2382 2253 2440 minum
2303 2380 2716 2447 misericordia,
2750 2389 2823 2462 Aet
2863 2381 3091 2456 copiosa
3136 2378 3290 2453 apud
3335 2390 3469 2434 eum
3515 2371 3738 2431 redem-

2022 2472 2140 2546 Plio
2183 2475 2354 2540 (Ρεαῖ-
2402 2477 2642 2542 CXXIX).
2704 2497 2724 2526 ι
2776 2472 3021 2532 Prorsus
3063 2470 3312 2544 copiosa,
3341 2480 3460 2525 non
3506 2462 3730 2551 stricta;

2023 2563 2164 2639 quia
2209 2563 2440 2637 largiter
2486 2565 2645 2622 unda
2691 2563 2994 2636 sanguinis
3024 2563 3094 2620 de
3119 2574 3351 2634 corpore
3379 2554 3591 2614 Christi
3630 2567 3733 2625 per

2024 2652 2286 2725 quinque
2332 2660 2517 2724 partes
2564 2653 2875 2711 emanavit.
2932 2650 3234 2710 Suﬁiceret
3277 2647 3349 2705 ad
3397 2639 3735 2714 redemptio-

2025 2757 2161 2801 nem
2204 2740 2378 2810 orbis,
2427 2741 2519 2798 vel
2562 2757 2682 2799 una
2725 2737 3127 2815 pretiosissimi
3181 2732 3483 2808 sanguinis
3534 2735 3730 2804 gutta;

2026 2831 2125 2892 sed
2179 2831 2307 2888 data
2357 2835 2445 2889 est
2491 2830 2674 2904 cepia,
2706 2836 2773 2888 ut
2819 2828 3003 2887 virtus
3049 2824 3346 2900 diligentis
3378 2822 3445 2881 in
3468 2815 3736 2878 beneﬁcii

2026 2922 2443 2984 redundatione
2474 2922 2764 2981 clarescat.

2105 3012 2217 3071 Sed
2263 3027 2337 3068 ne
2385 3012 2528 3069 forte
2571 3015 2893 3069 occurreret
2931 3007 3058 3077 tibi,
3089 3012 3154 3071 ut
3196 3004 3416 3078 ubique
3454 3004 3738 3057 terrarum

222 3092 549 3167 pervenire.
616 3090 727 3160 Qui
791 3105 926 3149 cum
985 3088 1151 3147 Patre
1206 3092 1263 3145 et
1315 3084 1536 3159 Spiritu
1589 3092 1784 3144 sancto
1849 3086 1936 3144 vi-

2092 3100 2180 3156 44
2204 3117 2462 3169 currens,
2496 3101 2936 3175 Redemptorem
2962 3105 3134 3157 tuum
3170 3094 3434 3155 invenire
3461 3104 3579 3184 non
3604 3101 3736 3184 pos-

231 3183 318 3241 vit
380 3188 439 3241 et
494 3180 776 3255 gloriatur
828 3193 930 3253 per
999 3176 1232 3235 inﬁnita
1291 3173 1504 3234 saecula
1569 3175 1936 3235 saeculorum.

2092 3208 2139 3263 s,
2164 3207 2198 3249 a
2225 3194 2458 3264 quaqua
2496 3173 2905 3264 mundi'parte
2958 3186 3248 3261 procedas,
3278 3183 3401 3241 sive
3435 3178 3506 3238 ab
3530 3176 3738 3237 Orien-

226 3274 446 3331 Amen.

822 3334 1071 3397 SERMO
1110 3333 1344 3393 XLVII.

338 3442 379 3488 Ι.
405 3441 480 3489 ΒΕ
508 3437 921 3488 EXALTATIONE
956 3435 1202 3484 SANCTIE
1239 3434 1463 3484 CRUCIS.
1499 3424 1624 3495 (XIV
1658 3424 1834 3495 SEPT.)

298 3537 380 3596 De
429 3536 593 3609 virga
627 3534 787 3594 Iesse
834 3532 1181 3593 devenimus
1232 3530 1306 3591 ad
1356 3530 1582 3603 virgam
1636 3530 1847 3602 crucis,
1890 3537 1947 3588 et

210 3627 582 3707 principium
614 3623 1028 3697 redemptionis
1074 3622 1195 3681 ﬁne
1238 3621 1663 3681 concludimus.
1714 3621 1806 3679 Ex
1843 3620 1946 3679 illa

215 3718 394 3777 Jesns
423 3715 688 3774 Christus
737 3711 915 3785 Virgo
962 3711 1126 3786 virga
1186 3710 1415 3785 virgine
1469 3709 1815 3769 mirabiliter
1860 3716 1946 3768 est

216 3809 577 3879 generatus;
616 3802 680 3861 in
714 3801 829 3860 ista
866 3806 1089 3875 martyr
1126 3807 1450 3874 martyrum
1491 3807 1682 3875 caput,
1713 3805 1771 3858 et
1799 3815 1943 3857 mar-

218 3891 364 3968 tyrii
393 3892 583 3952 forma
616 3891 865 3965 turpiter
892 3896 978 3949 est
999 3905 1308 3964 appensus.
1349 3888 1456 3947 Illa
1489 3888 1651 3962 virga
1685 3889 1946 3949 directio-

220 3980 339 4051 nis,
373 3980 536 4055 virga
579 3980 744 4054 regni
787 3980 873 4040 tui
924 3980 1088 4053 (Psal.
1132 3982 1313 4051 XLIV),
1347 3978 1429 4037 ait
1466 3976 1612 4036 illud
1657 3979 1944 4039 familiare

220 4069 481 4144 Spiritus
518 4069 701 4129 sancti
738 4084 1049 4144 organum,
1081 4067 1221 4139 quia
1248 4066 1401 4125 nihil
1432 4065 1672 4139 Virgine
1706 4068 1937 4138 rectius,

220 4157 504 4219 subtilius
553 4158 724 4217 nihil.
754 4158 911 4219 Audi
952 4165 1010 4216 et
1050 4157 1121 4216 de
1164 4157 1316 4216 alia:
1359 4177 1389 4211 «
1432 4156 1667 4231 Virgam
1707 4158 1942 4217 virtutis

220 4256 342 4307 tum
378 4247 602 4307 emittet
636 4247 921 4307 Dominus
957 4263 1035 4306 ex
1072 4245 1214 4306 Sion
1241 4248 1415 4318 (Psal.
1444 4250 1588 4318 CIx).
1622 4268 1650 4301 »
1682 4246 1940 4307 Profecto

218 4354 374 4399 crux
421 4338 533 4397 fuit
578 4338 743 4413 virga
788 4338 1044 4410 virtutis,
1082 4337 1143 4396 in
1180 4353 1296 4411 qua
1332 4337 1618 4397 Dominus
1652 4339 1939 4399 virtutum

2031 3290 2105 3354 te,
2138 3281 2261 3339 sive
2300 3280 2373 3337 ab
2416 3279 2736 3349 Occidente,
2771 3294 2871 3337 seu
2910 3294 2944 3335 a
2990 3274 3252 3346 Meridie,
3284 3271 3376 3331 vel
3416 3286 3451 3328 a
3496 3268 3737 3343 Septen-

2028 3371 2216 3430 trione
2293 3377 2528 3443 paratus
2584 3378 2671 3426 est
2722 3368 2846 3441 ipse
2899 3367 3191 3439 suscipere
3256 3362 3609 3429 venientem,
3682 3360 3740 3443 et

2026 3458 2239 3519 blanda
2282 3442 2588 3515 confovere
2634 3454 2961 3514 dulcedine.
3002 3454 3114 3513 Sed
3159 3451 3391 3511 attende
3436 3446 3580 3520 quid
3633 3442 3740 3502 tibi

2027 3549 2378 3622 exprimitur
2416 3547 2486 3605 de
2526 3546 2696 3605 corde
2746 3545 3053 3604 Altissimi.
3103 3542 3284 3602 Venis
3329 3540 3402 3599 ad
3438 3536 3739 3596 hominem

2026 3636 2426 3696 cruciﬁxum?
2473 3634 2795 3694 cruciﬁxus
2857 3633 3079 3704 venias,
3133 3639 3233 3691 aut
3290 3623 3736 3699 cruciﬁgendus.

2025 3725 2136 3796 Qui
2177 3726 2335 3784 enim
2380 3723 2592 3782 Christi
2636 3732 2793 3794 sunt,
2841 3721 3264 3781 cruciﬁxerunt
3304 3730 3536 3777 carnem
3574 3726 3740 3771 suam

2025 3830 2163 3873 cum
2204 3813 2383 3883 vitiis,
2413 3818 2469 3870 et
2514 3809 2997 3885 concupiscentiis
3044 3811 3188 3888 (Gal.
3241 3809 3317 3879 V).
3364 3804 3460 3865 Sic
3512 3804 3742 3876 lignum

2025 3906 2273 3978 Christo,
2306 3904 2698 3964 necessarium
2742 3903 2869 3962 tibi.
2906 3902 3018 3962 Sed
3064 3902 3188 3975 jam
3232 3896 3474 3957 ascende
3513 3893 3586 3953 ad
3616 3906 3746 3949 ver-

2023 3996 2084 4057 bi
2127 3995 2305 4069 hujus
2345 3993 2584 4052 celsiora
2630 3993 2877 4066 t‘astigia,
2923 3998 2980 4049 et
3004 3987 3457 4062 vide'quidnam
3484 3982 3557 4041 sit
3587 3978 3743 4054 quod

2023 4086 2337 4161 egreditur.
2371 4083 2665 4157 Scriptum
2693 4089 2779 4141 est
2802 4082 2864 4140 in
2897 4081 3125 4154 Regum
3153 4075 3413 4146 historia,
3447 4072 3585 4148 quia
3612 4070 3743 4129 bea-

2024 4185 2079 4236 ta
2119 4177 2219 4236 illa
2258 4180 2443 4235 mater
2486 4174 2567 4233 ait
2603 4175 2675 4233 ad
2720 4173 2909 4232 Eliam
2943 4189 2956 4227 :
2994 4195 3015 4225 ι
3049 4171 3135 4229 En
3168 4169 3377 4243 colligo
3420 4166 3536 4225 duo
3582 4163 3743 4235 ligna

2024 4270 2129 4336 (III
2170 4269 2304 4336 Reg.
2356 4270 2523 4333 xvn).
2590 4286 2611 4316 ι
2672 4262 2798 4322 Duo
2851 4262 3030 4335 ligna,
3089 4259 3207 4319 duo
3265 4257 3456 4317 crucis
3504 4251 3742 4312 brachia

2022 4363 2176 4418 sunt.
2209 4355 2278 4413 In
2312 4355 2404 4414 his
2426 4354 2656 4413 duobus
2681 4353 3000 4411 humanam
3027 4357 3081 4409 et
3106 4348 3426 4423 angelicam
3475 4350 3741 4402 naturam

218 4429 475 4530 viriliter
508 4426 926 4530 pugnavisst
974 4426 1132 4487 vicit-
1182 4447 1212 4481 α
1258 4427 1565 4530 Αεξειξωρεί
1602 4428 1758 4530 mihi.
1796 4428 2305 4530 duasDimenige.
2343 4444 2414 4501 Et
2443 4443 2591 4500 illud
2622 4441 2858 4514 quidem
2904 4440 3153 4530 lignum,
3186 4438 3339 4530 quod
3368 4441 3519 4494 recta
3556 4430 3741 4490 subli-

218 4521 441 4592 virgas,
468 4519 551 4577 ait
574 4518 851 4592 propheta
871 4536 886 4589 ;
916 4532 1097 4577 unam
1142 4517 1346 4576 vocavi
1389 4518 1673 4588 decorem,
1709 4523 1767 4575 et
1801 4519 1943 4576 alte-

214 4626 352 4669 ram
396 4607 728 4669 funiculum
783 4610 970 4679 (Zach.
1018 4612 1126 4680 x1).
1182 4631 1205 4660 ι
1262 4607 1440 4681 Virga
1471 4605 1940 4681 pulchritudinis,

218 4707 427 4758 uterus
475 4698 750 4773 Virginis.
812 4717 841 4752 α
886 4697 1158 4768 Pulchra,
1211 4696 1423 4771 inquit,
1474 4704 1538 4754 ut
1584 4697 1724 4755 luna
1766 4697 1945 4766 (Cant;

217 4789 324 4860 VI),
366 4808 387 4836 ι
426 4785 588 4860 virga
637 4785 907 4856 funiculi,
950 4786 1177 4860 lignum
1225 4785 1492 4859 patibuli,
1533 4783 1947 4843 disterminans

214 4884 473 4952 utraque
518 4892 767 4950 regnum
813 4876 919 4935 Dei
965 4881 1021 4933 et
1071 4875 1309 4947 diaboli,
1362 4876 1669 4950 imponens
1715 4874 1946 4932 frenum

215 4966 470 5027 malitiae
520 4968 669 5041 ejus,
701 4967 996 5041 latamque
1034 4966 1160 5040 ejus
1194 4968 1664 5042 pervagationem
1709 4965 1947 5025 validis-

214 5056 377 5115 sima
413 5060 688 5128 potestate
733 5069 1026 5114 coercens.
1059 5054 1127 5112 In
1164 5054 1272 5112 hac
1313 5054 1645 5114 confossum
1682 5061 1767 5113 est
1798 5053 1949 5113 latus

215 5148 565 5238 ingoxium,
593 5153 650 5206 et
681 5146 752 5206 ad
786 5148 992 5206 horam
1035 5146 1358 5206 cruciﬁxus
1387 5153 1472 5204 est
1499 5146 1777 5205 innocens
1824 5161 1947 5204 ma-

216 5247 425 5319 nibus,
456 5252 510 5305 et
560 5246 783 5306 mundo
833 5246 1024 5306 corde.
1071 5244 1374 5304 Terribilis
1416 5244 1518 5303 ille
1563 5244 1728 5316 latro,
1780 5249 1949 5319 cujus

216 5350 439 5394 manus
488 5335 678 5409 plenae
722 5341 861 5394 sunt
910 5334 1218 5408 sanguine,
1247 5332 1312 5391 in
1338 5330 1447 5392 h'ac
1472 5333 1609 5393 item
1648 5333 1951 5392 confossus

217 5432 335 5497 est,
393 5431 451 5482 et
500 5424 816 5484 confectus.
852 5423 964 5484 Sed
1017 5423 1281 5482 Christus
1332 5420 1520 5495 aliter,
1578 5421 1745 5481 aliter
1803 5422 1946 5497 ipse.

218 5512 494 5573 Christus
523 5510 597 5571 ad
627 5518 1096 5587 monumentum,
1124 5512 1225 5572 ille
1249 5510 1312 5570 in
1343 5517 1651 5571 mternum.
1687 5509 1950 5569 Debella-

216 5601 317 5661 vit
363 5616 562 5661 aereas
614 5608 940 5677 potestates,
996 5603 1078 5662 ait
1130 5601 1442 5676 Apostolus
1495 5601 1714 5674 (Coloss.
1766 5601 1845 5673 II),
1896 5606 1952 5660 et

2026 4537 2224 4594 mitate
2253 4532 2435 4591 tendit
2461 4532 2532 4589 ad
2560 4530 2754 4599 cmlos,
2801 4527 3161 4601 superiorem
3205 4524 3398 4598 accipe
3443 4526 3736 4587 naturam,

2024 4638 2162 4697 quae
2212 4620 2368 4679 stetit
2395 4620 2456 4678 in
2486 4616 2846 4684 rectitudine,
2878 4622 2934 4673 et
2970 4613 3391 4672 oﬂiciosissima
3437 4606 3742 4697 devotione

2025 4695 2312 4770 voluntati
2341 4703 2704 4766 Dominantis
2736 4700 3168 4761 adhaesitlllud
3192 4713 3349 4770 vero,
3372 4695 3528 4771 quod
3553 4699 3738 4751 trans-

2028 4812 2263 4859 versum
2321 4802 2427 4868 est,
2483 4795 2801 4852 humanam
2857 4788 3140 4862 designat,
3197 4800 3329 4860 quae
3388 4790 3738 4849 transversa,

2028 4892 2167 4961 imo,
2199 4896 2263 4948 ut
2307 4887 2504 4947 verius
2553 4882 2838 4949 dicamus,
2882 4893 3104 4949 eversa,
3146 4882 3329 4934 status
3373 4872 3465 4932 sui
3494 4868 3743 4961 perdidit

2030 4958 2379 5053 aequitatem.
2417 4975 2652 5033 Intuere
2680 4983 2816 5028 cum
2845 4972 3060 5042 quanto
3103 4967 3459 5053 sacramento
3482 4958 3740 5053 jungan-

2031 5045 2146 5125 tur.
2176 5065 2246 5123 In
2276 5072 2521 5139 utroque
2554 5061 2713 5134 ligno
2744 5058 2813 5115 ﬁt
2837 5053 3053 5123 scissio,
3088 5061 3143 5111 et
3170 5067 3245 5110 ex
3282 5045 3739 5139 occasionevul-

2032 5171 2241 5216 nerum
2287 5134 2512 5227 junctio
2552 5153 2830 5227 junctura
2869 5142 3252 5218 componitur.
3296 5134 3741 5227 Supercoelestes

2032 5245 2270 5320 spiritus
2289 5224 2417 5302 non
2446 5224 2733 5299 mediocre
2771 5235 2989 5295 vulnus
3034 5235 3397 5320 acceperunt,
3423 5240 3558 5286 cum
3588 5224 3744 5282 Deus

2032 5318 2097 5391 in
2142 5331 2365 5405 angelis
2416 5328 2542 5389 suis
2612 5324 2822 5400 reperit
2896 5320 3237 5396 pravitatem
3290 5318 3411 5387 (Job
3465 5322 3587 5385 IV);
3634 5330 3745 5373 nec

2033 5422 2456 5483 contemnenda
2522 5419 2709 5494 plaga,
2758 5430 2894 5475 cum
2946 5428 3075 5472 eam
3130 5410 3393 5471 resarciri
3466 5414 3742 5482 Oporteat,

2035 5512 2174 5587 quia
2203 5525 2321 5570 non
2350 5509 2615 5568 restituto
2667 5504 2865 5564 sociali
2904 5517 3170 5573 numero,
3220 5500 3606 5561 numerositas
3648 5516 3744 5558 ca-

2036 5599 2179 5659 dens
2205 5599 2351 5659 facta
2381 5598 2612 5658 videtur
2639 5596 2704 5654 in
2731 5609 2972 5655 vanum.
3016 5590 3265 5652 Inferior
3311 5604 3447 5650 vero
3478 5594 3687 5647 natura
3712 5601 3748 5644 a
