4064 6208
323 233 425 295 763

947 235 1008 297 S.
1050 237 1273 297 PETRI
1314 239 1636 299 DAMIANI
1676 240 1833 301 OPP.
1877 241 2069 302 PARS
2110 240 2253 303 SEU
2294 241 2544 303 TOMUS
2583 244 2658 302 II.
2703 276 2765 287 --
2808 242 3223 305 SERMONES.

3721 250 3843 312 76-1

320 358 517 433 planta
548 358 718 447 pedis
770 375 955 435 usque
992 360 1066 419 ad
1105 363 1376 420 verticem
1421 363 1497 423 ita
1546 366 1883 426 venenifera
1920 362 2365 428 fer-Amilitari
2406 369 2729 439 perfossum
2778 374 2883 439 est,
2914 376 2977 429 ut
3020 376 3214 442 pectus
3257 377 3422 431 tuum
3454 389 3489 431 a
3520 376 3710 447 pravis
3746 394 3848 438 co-

321 446 672 506 mentatione
711 447 923 508 infecta
975 455 1077 522 est,
1110 455 1175 508 ut
1219 451 1434 510 nesciat
1480 453 1634 512 unde
1683 456 1895 527 veniat,
1937 463 2039 516 aut

331 550 446 592 quo
478 534 665 592 vadat.
752 588 761 592 -

331 550 446 609 quo
478 543 665 593 vadat.
752 588 761 595 .

400 623 786 697 Utrorumque
829 623 1140 696 spirituum
1179 625 1355 698 igitur
1400 628 1660 703 utrisque
1694 630 2039 690 vulneribus

324 726 439 768 non
488 710 853 768 mediocriter
881 712 1197 784 hiantibus,
1238 714 1538 789 impressio
1592 720 1735 775 facta
1760 727 1844 776 est
1872 720 2042 792 junc-

326 799 545 871 turalis,
596 816 727 873 quae
778 802 1005 858 Christo
1046 806 1429 876 conjungente
1491 806 1564 863 ita
1610 815 1695 864 est
1746 808 2037 878 resarcita,

323 893 386 945 ut
431 886 573 943 nihil
619 884 981 946 vulniferum
1031 889 1296 951 videatur
1332 891 1541 950 inesse.
1583 895 1844 953 Christus
1882 897 2037 953 enim

325 975 385 1031 in
438 974 697 1048 utrisque
755 984 812 1033 et
860 993 965 1049 pro
1010 980 1270 1055 utrisque
1312 983 1600 1051 conﬁxus,
1630 990 1907 1057 utrosque
1952 1000 2044 1042 ca-

322 1062 461 1119 villa
511 1066 766 1136 corporis
794 1067 883 1124 sui
916 1067 1139 1127 validus
1190 1071 1382 1141 nectit,
1412 1078 1467 1128 et
1490 1089 1698 1146 corpus
1742 1075 2041 1147 proprium

316 1151 606 1223 juncturis
656 1157 914 1226 opponit,
968 1173 1040 1215 ne
1090 1158 1318 1217 valeant
1381 1161 1621 1219 resilire.
1670 1164 1825 1221 Crux
1864 1165 2041 1237 igitur

313 1246 507 1321 jungit
563 1248 777 1307 cmlum
833 1258 889 1307 et
933 1258 1175 1322 terram;
1237 1256 1498 1315 Christus
1546 1258 1606 1315 in
1651 1276 1817 1318 cruce
1866 1261 2043 1318 trahit

320 1339 547 1408 omnia;
592 1341 678 1398 leo
720 1340 957 1413 rugiens
994 1344 1073 1402 ibi
1117 1345 1361 1417 ligatur;
1403 1351 1647 1419 angelus
1683 1351 2041 1409 confoedera-

322 1434 416 1486 tur
454 1434 509 1485 et
546 1428 753 1498 homo;
797 1438 1097 1505 totumque
1130 1450 1229 1507 per
1265 1452 1391 1493 eam
1440 1438 1712 1509 reﬁcitur,
1753 1440 2040 1513 quidquid

320 1518 455 1577 fecit
485 1534 695 1577 manus
726 1519 1035 1577 Altissimi.

396 1614 625 1674 Excede
660 1632 795 1689 ergo
834 1617 1126 1691 paulisper
1163 1634 1367 1677 sensus
1412 1620 1620 1692 carnis,
1669 1629 1723 1679 et
1764 1622 2044 1681 irruentia

2117 454 2498 526 gitationibus
2528 456 2932 528 mundaretur,
2963 458 3311 516 mundatum
3358 460 3844 534 sanctiﬁcaretur,

2117 550 2558 602 conservaretur
2638 544 3080 605 sanctiﬁcatum.
3134 545 3311 605 Pedes
3389 547 3499 617 illi,
3580 567 3846 623 quorum

2119 631 2435 689 scabellum
2511 632 2751 690 adorare
2814 633 3112 702 debemus,
3193 636 3333 708 quia
3412 645 3677 697 sanctum
3754 650 3849 699 est

2121 722 2285 781 (Psal.
2354 723 2578 793 xcvnl),
2637 722 2782 781 dura
2835 722 3215 781 transﬁxione
3269 725 3485 783 confixi
3543 736 3701 797 sunt,
3766 746 3846 788 ne

2119 809 2291 883 pedes
2333 810 2415 868 tui
2461 809 2799 868 festinarent
2824 811 2895 868 ad
2927 810 3170 880 malum,
3200 812 3301 871 sed
3339 825 3639 873 currerent
3680 817 3846 876 viam

2121 899 2524 957 mandatorum
2564 900 2815 959 Domini.
2867 900 3018 970 Quid
3055 900 3270 973 plura?
3317 924 3337 953 α
3374 901 3667 961 Foderunt
3712 920 3847 963 ma-

2123 1001 2234 1044 nus
2276 988 2402 1057 ejus
2460 993 2515 1045 et
2562 986 2749 1059 pedes,
2796 994 2851 1045 et
2897 987 3417 1047 dinumeraverunt
3460 991 3659 1049 omnia
3703 1008 3849 1050 ossa

2122 1090 2229 1133 sua
2270 1077 2436 1144 (Psal.
2492 1076 2636 1148 XXI).
2687 1100 2713 1125 ιο
2760 1076 2867 1134 Pro
2917 1085 2971 1134 te
3014 1092 3244 1134 carnem
3279 1083 3332 1133 et
3362 1078 3615 1135 animam
3671 1094 3848 1137 suam

2120 1162 2330 1235 posuit,
2363 1170 2427 1220 ut
2478 1178 2688 1236 corpus
2731 1171 2787 1221 et
2830 1164 3097 1237 spiritum
3145 1170 3312 1222 tuum
3358 1163 3466 1221 sibi
3502 1165 3846 1224 vindicaret.

2122 1250 2265 1308 Toto
2293 1266 2355 1308 se
2384 1258 2564 1309 totum
2592 1259 2647 1308 te
2677 1254 3048 1325 comparavit.
3107 1252 3257 1322 Quid
3305 1252 3457 1310 ultra
3503 1254 3705 1312 debuit
3755 1255 3847 1312 fa-

2121 1356 2249 1398 cere
2301 1347 2358 1399 et
2407 1356 2525 1399 non
2578 1340 2758 1400 fecit?
2814 1340 3081 1399 Absolvit
3127 1341 3410 1412 vinctum,
3478 1340 3850 1399 illuminavit

2121 1448 2368 1503 caseum,
2393 1433 2527 1505 quia
2554 1454 2575 1484 ι
2616 1431 2901 1491 Dominus
2930 1432 3099 1490 solvit
3149 1432 3523 1505 compeditos,
3556 1432 3852 1491 Dominus

2123 1522 2419 1580 illuminat
2464 1536 2643 1580 caecos
2698 1524 2867 1591 (Psal.
2896 1525 3098 1588 CXLV).
3135 1546 3161 1569 »ι
3196 1520 3453 1580 Reduxit
3502 1536 3847 1592 erroneum,

2124 1610 2515 1670 reconciliavit
2566 1625 2751 1679 reum,
2789 1610 2891 1683 qui
2920 1618 2973 1668 te
3001 1609 3245 1683 portavit
3287 1610 3349 1667 in
3386 1610 3651 1668 humeris
3696 1611 3850 1682 suis,

323 1717 729 1777 corporearum
780 1706 1179 1780 phantasmata
1244 1708 1646 1781 voluptatum,
1706 1717 1760 1768 et
1812 1711 2041 1771 intuere

2193 1701 2227 1759 ti
2261 1716 2363 1774 pro
2397 1708 2449 1758 te
2481 1700 2629 1759 Patri
2662 1701 2893 1775 proprio
2923 1701 3211 1773 sanguine
3242 1699 3537 1757 satisfecit.

324 1790 542 1849 divinae
580 1800 805 1851 naturae
838 1794 1167 1866 bonitatem,
1210 1796 1576 1866 suavitatem,
1615 1798 2033 1865 dignationem.

323 1878 601 1937 Meditare
645 1880 984 1954 positionem
1041 1882 1307 1941 cruciﬁxi
1353 1885 1625 1958 corporis.
1680 1885 1823 1943 Vide
1851 1886 1899 1945 si
1928 1887 2037 1945 ali-

321 1967 462 2041 quid
504 1975 587 2026 est
636 1968 693 2026 in
736 1985 822 2039 eo,
869 1969 1021 2041 quod
1066 1986 1175 2027 non
1226 1978 1446 2044 peroret
1497 1988 1598 2045 pro
1640 1981 1691 2032 te
1737 1976 1889 2048 apud
1934 1976 2038 2034 Pa-

321 2063 489 2116 trem.
522 2057 800 2117 Divinum
837 2058 976 2118 illud
1009 2067 1179 2133 caput
1209 2061 1515 2134 multiplici
1554 2062 1856 2135 spinarum
1895 2066 2040 2123 den-

323 2144 488 2204 sitate
547 2146 875 2219 densatum,
934 2164 1123 2222 usque
1174 2150 1243 2206 ad
1302 2150 1521 2208 cerebri
1591 2152 2038 2211 teneritudinem

318 2238 622 2295 conﬁxum
654 2246 739 2296 est
763 2238 905 2297 dum
936 2240 1249 2312 configitur
1279 2241 1464 2313 spina.
1500 2267 1526 2290 ιι
1570 2241 1766 2316 Spinis
1792 2251 2040 2317 peccato-

318 2340 450 2384 rum
495 2340 757 2395 suorum,
790 2352 817 2375 η
869 2330 947 2385 ait
991 2328 1275 2387 Dominus
1325 2346 1424 2403 per
1462 2330 1826 2403 Prophetam,
1865 2356 1886 2385 κ
1925 2333 2042 2390 cir-

318 2417 611 2476 cumdedit
639 2432 732 2474 me
758 2416 1005 2490 populus
1032 2418 1137 2474 iste
1162 2420 1330 2486 (Psal.
1363 2423 1513 2485 XXI).
1552 2442 1571 2469 ι
1606 2420 1696 2477 Ad
1721 2421 1861 2495 quid
1890 2422 2041 2481 hoc?

316 2506 402 2565 Ne
443 2505 661 2564 doleret
705 2513 873 2579 caput
913 2512 1100 2573 tuum,
1144 2521 1218 2562 ne
1258 2514 1352 2562 tua
1393 2506 1796 2567 vulneraretur
1849 2510 2041 2569 inten-

319 2598 419 2656 tio.
456 2597 871 2669 Caligaverunt
909 2596 969 2654 in
1008 2602 1251 2654 mortem
1290 2596 1441 2654 oculi
1482 2598 1594 2667 sui,
1626 2606 1682 2657 et
1720 2599 1822 2657 illa
1862 2601 2040 2659 lumi-

319 2683 503 2748 naria,
537 2700 668 2756 quae
720 2684 1058 2742 illuminant
1106 2684 1327 2744 orbem.
1377 2684 1448 2742 ad
1504 2687 1702 2745 horam
1755 2688 2042 2748 exstincta

322 2778 479 2830 sunt.
532 2773 738 2830 Nonne
799 2772 915 2829 illis
966 2773 1500 2844 obtencbrantibus,
1560 2777 1814 2836 tenebras
1878 2779 2042 2839 factae

2194 1790 2438 1849 Attende
2488 1806 2623 1863 ergo
2671 1789 2980 1850 consilium
3030 1789 3130 1848 Dei
3177 1789 3281 1857 tui,
3315 1803 3435 1847 non
3476 1788 3666 1848 solum
3710 1806 3853 1850 cum

2123 1876 2291 1936 Patre
2318 1880 2632 1953 regnantis,
2669 1878 2767 1937 sed
2797 1886 2854 1936 et
2878 1877 3207 1937 dulcissimi
3259 1876 3432 1935 amici
3462 1878 3544 1936 tui
3575 1877 3637 1936 in
3673 1894 3854 1938 cruce

2122 1965 2464 2039 pendentis;
2498 1983 2605 2025 nec
2632 1966 2790 2025 enim
2820 1966 2945 2024 falli
2972 1972 3173 2038 potest,
3224 1964 3364 2039 quia
3407 1966 3685 2039 sapientia
3741 1974 3853 2037 est,

2126 2070 2231 2112 nec
2273 2053 2472 2112 fallere
2527 2060 2579 2111 te
2623 2055 2770 2125 vult,
2820 2070 2924 2130 pro
2952 2069 3069 2128 quo
3100 2053 3546 2127 ignominiosam
3595 2055 3856 2115 sustinet

2123 2159 2354 2217 pinnam
2387 2164 2400 2202 :
2440 2166 2461 2195 α
2494 2142 2556 2203 Si
2579 2144 2732 2220 quis,
2784 2144 2995 2218 inquit,
3032 2143 3160 2203 vult
3202 2150 3328 2217 post
3359 2159 3451 2202 me
3483 2145 3708 2213 venire,
3744 2145 3853 2203 ab-

2123 2241 2293 2306 neget
2317 2234 2714 2308 semetipsum,
2742 2242 2796 2292 et
2843 2233 3001 2292 tollat
3040 2248 3271 2293 crucem
3315 2249 3485 2293 suam
3529 2222 3597 2293 et'
3630 2251 3852 2309 sequa-

2125 2330 2222 2383 tur
2252 2338 2344 2382 me
2377 2328 2525 2395 (Luc.
2558 2325 2663 2394 IX).
2695 2349 2721 2372 ιι
2755 2321 2907 2383 Audi
2936 2322 3269 2395 consilium,
3306 2338 3424 2382 non
3461 2331 3849 2398 praeceptum.

2127 2413 2186 2473 Si
2234 2416 2392 2474 enim
2438 2421 2791 2489 praeceptum
2837 2420 3005 2486 esset,
3052 2413 3392 2490 quicunque
3442 2414 3669 2473 eﬂ’ectui
3733 2431 3849 2474 non

2125 2504 2538 2577 manciparent,
2607 2504 2896 2563 cruciatus
2959 2508 3189 2574 possent
3252 2509 3585 2575 exspectare
3640 2520 3852 2578 perpe-

2125 2600 2287 2660 tuos;
2349 2594 2447 2652 sed
2501 2608 2635 2652 cum
2687 2593 2867 2651 dicit:
2912 2613 2938 2645 α
2983 2591 3043 2651 Si
3090 2593 3224 2666 quis
3278 2593 3481 2663 vult,»
3534 2593 3595 2651 in
3652 2600 3854 2653 nostra

2122 2682 2316 2756 posuit
2361 2682 2671 2752 voluntate,
2715 2689 2916 2742 utrum
2955 2700 3029 2741 ex
3078 2698 3247 2759 aequo
3301 2699 3436 2742 cum
3488 2699 3556 2743 eo
3609 2699 3857 2741 currere

2122 2771 2481 2831 festinemus.
2532 2771 2780 2831 Grandis
2836 2774 3087 2845 profecto
3132 2772 3313 2840 labor,
3367 2771 3467 2830 sed
3525 2772 3849 2846 praemium

321 2867 459 2917 sunt
482 2874 585 2932 per
614 2859 946 2917 universam
979 2868 1203 2918 terram,
1227 2870 1281 2918 et
1304 2862 1405 2919 illa
1426 2862 1542 2920 duo
1564 2878 1773 2937 magna
1792 2865 2043 2924 lumina—
2121 2860 2595 2933 incomparabile.
2615 2881 2642 2913 α
2665 2860 2794 2919 Post
2817 2876 2935 2932 me,
2967 2884 2994 2912 ι»
3018 2860 3228 2935 inquit.
3260 2861 3391 2919 Post
3414 2876 3551 2920 eum
3579 2863 3849 2919 eundum

324 2950 410 3006 ria
439 2963 573 3007 cum
602 2947 720 3005 illis
751 2946 1143 3008 luminaribus
1171 2949 1437 3008 submota
1466 2958 1601 3009 sunt
1629 2952 1657 3011 ?
1685 2952 1809 3012 Hoc
1842 2963 2038 3014 autem
2121 2956 2221 3017 est,
2257 2950 2395 3025 quia
2438 2950 2561 3023 ipse
2595 2957 2679 3009 est
2714 2951 2942 3019 veritas,
2976 2966 3050 3008 ne
3078 2950 3479 3023 decipiamur;
3534 2967 3637 3024 per
3680 2966 3848 3016 eum.
3880 2993 3885 2999 .

317 3044 502 3095 totum
536 3036 747 3095 factum
780 3044 865 3094 est
893 3045 958 3095 ut
981 3046 1378 3096 averterentur
1396 3037 1549 3098 oculi
1572 3041 1654 3098 tui
1682 3058 1757 3099 ne
1779 3042 2038 3103 viderent
2062 3038 2258 3140 Cquia
2292 3038 2415 3112 ipse
2450 3038 2567 3110 via,
2593 3054 2668 3097 ne
2707 3038 3083 3109 aberremus;
3115 3038 3189 3097 ad
3233 3053 3395 3108 eum,
3423 3038 3562 3111 quia
3601 3038 3733 3111 ipse
3767 3046 3853 3097 est

317 3128 654 3197 vanitatem,
693 3134 750 3185 et
804 3127 871 3184 si.
910 3128 1190 3198 viderent,
1251 3144 1366 3187 non
1422 3130 1804 3190 adhazrerent.
1854 3135 2039 3193 Aures
2065 3127 2265 3199 "Vita.
2316 3145 2390 3187 ne
2434 3129 2753 3189 moriamur
2804 3153 2817 3187 ι
2876 3152 2896 3179 ε
2950 3130 3068 3203 Εεο
3112 3144 3266 3198 sum,
3296 3151 3323 3179 ι’
3357 3129 3455 3199 ait.
3496 3153 3518 3178 ι
3549 3128 3666 3198 Via.
3702 3128 3854 3187 γετί·

314 3205 696 3290 illae,quae°in
729 3215 892 3274 cmlis
920 3216 1210 3275 audiunt:
1249 3239 1268 3268 α
1302 3217 1565 3283 Sanctus.
1597 3219 1860 3292 Sanctus,
1890 3223 2039 3282 San-
2126 3226 2211 3276 tas
2254 3224 2308 3276 et
2360 3219 2478 3277 vita
2528 3220 2701 3283 (Joan.
2760 3220 2902 3289 XIV).
2969 3240 2996 3270 »
3049 3217 3367 3292 Sequitur:
3411 3216 3715 3291 «abneget
3759 3233 3853 3276 se-

316 3313 429 3375 tus,
457 3303 602 3362 245
641 3308 924 3366 Dominus
964 3308 1115 3368 Deus
1154 3305 1403 3366 Sabaoth
1439 3312 1593 3378 (Isai.
1628 3313 1747 3383 V1);
1783 3333 1803 3361 ι
1834 3312 2037 3373 audie-

318 3401 453 3453 runt
475 3394 535 3452 in
566 3397 732 3454 terris
762 3419 775 3454 :
818 3421 838 3446 ιι
875 3397 1244 3455 Βῖθωοηὶυω
1272 3398 1449 3456 habes
1478 3403 1655 3467 (Joan.
1706 3403 1850 3473 VII);
1881 3425 1907 3451 η
1935 3410 1990 3462 et
2022 3422 2034 3462 :

320 3484 678 3573 fACruciﬁge,
706 3485 978 3556 cruciﬁge
1004 3500 1136 3543 eum
1164 3488 1289 3558 (Luc
1311 3488 1503 3559 XXIII).
1526 3510 1546 3539 ι
1576 3486 1647 3546 Ut
1667 3490 1808 3562 quid
1839 3490 2039 3552 istud?

319 3570 403 3628 Ne
430 3570 612 3630 aures
636 3577 755 3631 tua)
785 3573 1262 3653 obsurdescerent
1289 3576 1359 3632 ad
1392 3576 1702 3635 clamorem
1743 3581 2035 3654 pauperis,

319 3676 391 3717 ne
430 3661 747 3734 reciperent
782 3662 1049 3722 auditum
1096 3678 1335 3732 vanum,
1368 3680 1439 3721 ne
1468 3665 1837 3726 detractionis
1874 3669 2038 3729 virus

316 3750 526 3823 apertis
595 3750 973 3826 propitiisque
1030 3752 1271 3811 auribus
1326 3753 1701 3827 susciperent.
1772 3757 2038 3835 Speciosa

316 3838 418 3898 illa
443 3840 615 3899 facies
644 3842 883 3914 speciosi
934 3843 1115 3901 forma
1146 3860 1265 3918 prae
1303 3843 1441 3902 ﬁliis
1492 3846 1798 3907 hominum
1853 3852 2037 3924 sputis

316 3927 462 3986 illita
488 3936 594 3999 est,
623 3929 832 3988 afﬂicta
871 3931 1149 4006 colaphis,
1199 3933 1423 3992 addicta
1466 3935 1900 4010 delusionibus;
1953 3940 2036 3999 sic

316 4036 569 4096 namque
619 4024 897 4096 scriptum
954 4033 1039 4084 est
1096 4048 1109 4083 :
1174 4053 1200 4076 «
1252 4025 1563 4101 Cteperunt
1607 4046 1926 4105 conspuere
1971 4035 2033 4092 in

317 4128 470 4181 eum,
504 4120 563 4177 et
616 4119 909 4185 percutere
950 4115 1152 4173 faciem
1203 4116 1330 4188 ejus
1376 4124 1431 4175 et
1474 4119 1719 4178 illudere
1752 4122 1806 4180 ei
1834 4123 2034 4181 dicen-

320 4206 409 4258 tes
447 4223 460 4257 :
502 4200 837 4272 Prophetiza
875 4202 1008 4274 quis
1046 4209 1131 4260 est
1170 4204 1269 4278 qui
1310 4210 1366 4262 te
1402 4208 1728 4278 percussit?
1758 4234 1784 4257 ››
1817 4211 2031 4281 (Matth.

320 4290 515 4360 XXVI.)
554 4288 741 4358 Quare
791 4290 941 4349 hoc?
992 4290 1061 4349 Ut
1108 4292 1279 4350 facies
1334 4298 1430 4351 tua
1478 4294 1930 4369 illuminaretur,
1962 4299 2030 4357 il«

314 4380 597 4437 luminata
645 4378 1104 4451 conﬁrmaretur,
1153 4388 1207 4439 et
1255 4381 1544 4442 diceretur
1589 4385 1659 4442 de
1696 4392 1790 4445 te:
1828 4408 1849 4439 α
1887 4387 2030 4447 Vul-

2053 4434 2103 4492 D

2127 3309 2455 3382 metipsum.
2491 3330 2519 3363 »
2564 3310 2795 3368 Primus
2829 3309 2930 3367 ille
2962 3323 3187 3381 parens,
3211 3307 3470 3382 praeﬁxis
3498 3308 3851 3367 obedientiae

2128 3399 2353 3472 legibus
2393 3405 2730 3469 coarctatae,
2760 3400 2823 3457 in
2851 3413 3121 3472 campum
3168 3398 3339 3455 malae
3388 3396 3670 3455 libertatis
3714 3397 3851 3455 exi-

2125 3489 2228 3547 vit.
2264 3493 2571 3563 Acceperat
2608 3488 2678 3546 in
2727 3496 3031 3563 praacepto,
3087 3494 3153 3546 ut
3197 3487 3554 3546 voluntatem
3614 3485 3847 3545 Creato—

2126 3578 2204 3635 ris
2247 3583 2604 3650 preeponeret
2651 3592 2795 3646 suae,
2829 3575 2927 3634 sed
2975 3591 3135 3643 usus,
3182 3575 3301 3633 imo
3346 3574 3567 3633 abusus
3617 3575 3849 3648 propria

2123 3666 2441 3735 voluntate,
2499 3682 2634 3726 cum
2680 3666 2850 3725 beare
2895 3681 2956 3724 se
3005 3664 3212 3733 voluit,
3271 3663 3520 3738 perdidit
3562 3660 3709 3719 246
3755 3681 3847 3723 se-

2124 3757 2457 3830 metipsum.
2513 3755 2803 3829 Depulsus
2845 3770 2982 3828 ergo
3034 3754 3107 3812 ab
3149 3754 3252 3813 illa
3304 3753 3459 3812 felici
3509 3752 3847 3812 haereditate

2122 3846 2403 3905 exsilium
2448 3846 2685 3905 sortitus
2729 3850 2814 3904 est
2865 3860 2968 3920 pro
3012 3844 3216 3918 patria,
3253 3849 3495 3901 mortem
3541 3858 3645 3916 pro
3697 3843 3842 3912 vita,

2122 3955 2226 4013 pro
2255 3938 2438 4011 gloria
2467 3938 2871 4013 ignominiam.
2907 3937 2967 3997 Si
2999 3937 3090 3996 vis
3117 3953 3253 4011 ergo
3285 3938 3354 3996 ad
3387 3943 3545 3997 tuam
3578 3934 3843 3995 haeredi-

2127 4035 2295 4086 tatem
2328 4030 2555 4096 reverti,
2589 4035 2745 4087 tuam
2773 4026 2996 4099 abnega
3028 4026 3408 4086 voluntatem.

2194 4115 2263 4173 In
2309 4116 2414 4173 hac
2462 4115 2843 4189 abnegatione
2886 4114 3003 4173 duo
3044 4114 3409 4173 solummodo
3448 4120 3606 4186 sunt,
3638 4115 3844 4172 adver-

2123 4219 2223 4262 sus
2264 4220 2396 4277 quas
2446 4220 2706 4277 pugnare
2747 4210 2804 4262 et
2852 4219 3193 4277 expugnare
3249 4208 3539 4275 oporteat;
3572 4201 3747 4261 elatio
3776 4202 3837 4259 in

2123 4298 2333 4364 mente,
2369 4292 2634 4366 voluptas
2691 4292 2753 4349 in
2805 4307 3059 4365 corpore.
3117 4292 3275 4364 Fuge
3328 4304 3521 4362 regem
3577 4297 3633 4348 et
3682 4291 3841 4364 regis

2123 4383 2463 4452 exercitum,
2513 4381 2842 4453 superbiam
2889 4388 2946 4440 et
2984 4381 3273 4455 superbiae
3319 4381 3562 4454 prolem,
3585 4387 3641 4438 et
3662 4380 3834 4439 illum

320 4477 412 4530 tus
449 4471 577 4543 ejus
614 4486 731 4529 non
764 4479 901 4531 sunt
936 4472 1189 4545 amplius
1223 4474 1283 4532 in
1323 4475 1549 4534 diversa
1592 4479 1793 4537 mutati
1828 4484 1879 4547 (Ι
1900 4467 2354 4551 Reg,”secutus
2396 4469 2565 4528 illum
2618 4477 2962 4529 consecutus
3003 4485 3064 4527 es
3111 4468 3213 4542 qui
3255 4467 3407 4526 dixit
3448 4491 3460 4525 :
3499 4492 3520 4517 ι
3561 4468 3841 4527 Discitea

314 4564 380 4628 ι).
421 4581 441 4610 ι
477 4558 551 4617 Os
587 4559 731 4618 illud
772 4560 923 4634 quod
964 4562 1127 4621 docet
1159 4563 1419 4635 angelos,
1469 4565 1734 4625 homines
1778 4568 2035 4638 instruit,

317 4648 472 4721 quod
518 4646 688 4718 dixit,
751 4655 809 4705 et
852 4649 1067 4709 factum
1119 4659 1223 4721 est,
1268 4668 1583 4727 parumper
1625 4655 1939 4727 obmutuit,
1974 4664 2039 4715 ut

317 4734 615 4795 veritatem
646 4744 701 4796 et
728 4738 1012 4812 judicium
1063 4740 1401 4815 loqueretur
1442 4759 1505 4801 os
1543 4752 1716 4803 tuum
1760 4752 1815 4803 et
1853 4748 2035 4805 conﬁ-

319 4831 533 4886 teretur
562 4827 873 4887 Dominum
904 4829 1086 4888 Deum
1112 4847 1308 4890 suum.
1339 4832 1547 4891 Manus
1573 4834 1713 4903 illae,
1738 4851 1869 4908 qua;
1896 4836 2033 4893 fun-

314 4916 600 4976 daverant
652 4918 848 4990 cmlos,
898 4925 1155 4977 extensa)
1208 4928 1346 4979 sunt
1380 4920 1461 4980 in
1523 4938 1692 4981 cruce
1737 4922 2034 4999 clavisque

315 5008 791 5068 transverberatae
835 5009 1188 5082 durissimis,
1220 5017 1284 5071 ut
1328 5027 1542 5071 manus
1588 5019 1702 5072 tua}
1750 5015 2032 5073 extende-

2123 4575 2213 4617 me
2260 4558 2399 4631 quia
2438 4557 2596 4616 mitis
2645 4573 2778 4617 sum
2825 4565 2880 4616 et
2918 4558 3157 4616 humilis
3205 4557 3376 4615 corde
3411 4559 3627 4628 (Matth.
3662 4559 3771 4627 XI).
3810 4577 3838 4608 ι

2121 4647 2374 4707 Pretiosa
2430 4646 2625 4718 vestis,
2681 4646 2870 4722 epulae
2916 4645 3190 4706 lautiores
3239 4654 3295 4706 et
3348 4647 3610 4720 voluptas
3646 4661 3840 4704 secue-

2122 4738 2229 4796 tior
2281 4737 2449 4811 longe
2490 4740 2613 4795 sint
2660 4753 2693 4795 a
2737 4744 2808 4807 te,
2839 4743 2894 4795 et
2935 4752 3137 4795 carnes
3187 4743 3311 4796 tuas
3359 4736 3563 4795 timore
3602 4735 3839 4794 Domini

2117 4828 2432 4886 conﬁxisti.
2487 4826 2806 4901 Abnegatio
2853 4826 3031 4901 igitur
3086 4826 3417 4898 voluntatis,
3483 4825 3840 4885 hereditatis

2117 4923 2203 4975 est
2228 4915 2607 4991 recuperatio.

2192 5005 2512 5079 Sequitur:
2551 5029 2571 5058 ι
2607 5006 2796 5065 Tollat
2843 5020 3076 5065 crucem
3121 5020 3308 5064 suam.
3348 5028 3369 5057 ι
3403 5004 3468 5064 Si
3513 5018 3628 5062 non
3675 5003 3837 5061 ceci-

317 5104 521 5158 rentur
556 5099 625 5158 ad
669 5100 902 5174 inopem
938 5106 993 5159 et
1022 5100 1213 5160 dicere
1238 5116 1473 5175 posses:
1507 5123 1534 5156 «
1569 5103 1784 5161 Anima
1814 5119 1941 5162 mea
1968 5102 2025 5160 in
2116 5096 2291 5156 disset
2328 5097 2512 5156 Adam
2544 5103 2600 5157 et
2624 5098 2688 5155 in
2733 5097 2834 5156 illa
2882 5097 2975 5156 sui
3024 5104 3209 5157 status
3256 5096 3535 5168 dignitate
3580 5094 3836 5181 mansis-

316 5188 587 5247 manibus
618 5188 761 5247 meis
782 5204 1008 5263 semper
1037 5193 1209 5256 (Psal.
1247 5197 1478 5260 CXVIII).
1515 5213 1543 5246 »
1576 5192 1739 5262 Quod
1767 5198 2031 5250 tenemus
2113 5192 2218 5257 set,
2279 5194 2425 5245 esset
2506 5195 2697 5247 tamen
2765 5187 2909 5246 alias
2961 5186 3290 5246 evocandus
3344 5192 3401 5245 et
3447 5185 3504 5243 in
3562 5183 3833 5243 ordinem

317 5272 380 5331 in
414 5274 707 5345 manibus,
755 5292 869 5336 non
912 5278 1079 5337 facile
1109 5279 1540 5352 obliviscimur,
1572 5281 1655 5340 sic
1683 5287 1740 5340 et
1767 5282 1867 5357 qui
1897 5282 2028 5340 ani-
2113 5276 2543 5350 promovendus
2563 5275 2893 5349 angelicum
2921 5294 2937 5344 ς
2962 5275 3034 5333 0b
3058 5274 3353 5348 duplicem
3391 5272 3549 5332 θηίω
3591 5286 3834 5331 causam

316 5379 474 5422 mam
503 5382 670 5424 suam
696 5367 864 5427 bonae
892 5369 1208 5443 operationi
1240 5369 1523 5443 imprimit
1548 5385 1662 5429 non
1700 5370 1869 5427 tradit
1899 5384 2025 5428 eam
2116 5367 2301 5426 factus
2345 5373 2485 5436 erat,
2516 5373 2572 5424 et
2598 5369 2668 5426 ad
2705 5364 3137 5425 resarciendum
3184 5378 3496 5426 numerum
3546 5359 3834 5419 imminu-

314 5452 615 5513 oblivioni.
661 5454 863 5516 Pectus
900 5456 1068 5525 illud,
1100 5457 1159 5515 in
1199 5473 1316 5533 quo
1347 5464 1487 5517 sunt
1523 5472 1726 5517 omnes
1772 5458 2025 5517 thesauri
2113 5463 2259 5527 tum,
2292 5463 2349 5514 et
2370 5457 2441 5515 ad
2466 5456 2637 5515 illum
2685 5452 3049 5530 implendum
3092 5454 3196 5528 qui
3242 5454 3457 5525 deerat,
3484 5452 3531 5512 si
3588 5448 3834 5521 angelus

312 5544 611 5618 sapientiae
643 5550 701 5602 et
736 5543 993 5604 scientia:
1028 5545 1129 5604 Dei
1168 5546 1488 5606 absconditi
1520 5549 1659 5623 ⁸(σοι.
1693 5548 1773 5619 ιι),
1830 5547 2027 5605 lancea
2110 5561 2228 5605 non
2257 5544 2572 5604 cecidisset.
