4064 6208
242 274 349 336 765

1674 312 1677 317 ,
1723 264 1974 329 SERMO
2014 267 2275 332 XLVIII.

3649 286 3755 346 766

311 398 462 469 Quia
502 398 681 470 igitur
707 411 809 471 per
849 395 1419 454 abrenuntiationem
1460 393 1708 468 prepriae
1740 392 2213 454 volun—Aribus
2264 398 2534 470 moveris,
2588 408 2645 459 et
2696 403 2957 473 traheris,
3005 405 3341 467 durioribus
3395 409 3582 469 clavis
3645 413 3758 472 tuis

238 490 371 549 tatis
428 488 598 548 nobis
647 486 957 546 haereditas
1010 484 1317 553 redditur,
1373 490 1795 557 consequenter
1864 498 1965 556 per

238 578 429 637 crucis
496 574 879 651 portationem
934 582 1093 648 grata
1140 574 1241 633 illa
1291 574 1591 632 beatorum
1650 573 1962 646 spirituum

239 668 482 727 societas
520 673 836 740 reparatur.
872 663 998 724 Duo
1029 679 1167 723 vero
1214 662 1487 721 notabilia
1532 667 1687 731 sunt,
1720 677 1852 735 quae
1900 661 1962 719 in

239 758 350 815 hac
385 755 574 813 crucis
608 754 928 828 portatione
980 768 1086 811 nos
1136 752 1347 811 habere
1399 755 1675 823 Oporteat,
1724 755 1787 806 ut
1835 748 1964 806 lassi

242 860 360 903 non
398 844 684 902 laedamus
720 850 777 900 et
812 840 1242 899 benefaciamus
1280 839 1644 898 lzedentibus.
1686 838 1960 909 Magnum

239 935 481 1010 quidem
512 941 566 991 et
607 932 759 992 ultra
797 931 1097 990 hominem
1130 936 1217 988 est
1251 929 1617 1002 asperitatem
1647 928 1958 987 verborum

240 1033 298 1084 et
343 1026 650 1085 verberum
693 1038 812 1082 non
857 1022 1046 1081 solum
1099 1021 1237 1094 pati,
1279 1020 1377 1077 sed
1431 1023 1487 1078 et
1534 1035 1652 1078 non
1701 1018 1958 1077 reddere.

239 1114 397 1174 Illud
451 1129 588 1172 vero
631 1112 822 1187 majus
873 1118 959 1170 est
1006 1115 1063 1169 et
1113 1110 1385 1167 divinum
1437 1108 1712 1183 quiddam
1765 1108 1956 1180 sapit:

243 1229 271 1252 κ
300 1202 632 1261 Benefacite
677 1200 771 1259 his
819 1200 921 1275 qui
966 1200 1217 1258 oderunt
1255 1214 1357 1257 vos
1393 1202 1541 1265 (Luc.
1583 1198 1681 1269 VI).
1717 1220 1744 1251 »
1780 1196 1960 1269 Magi-

237 1300 357 1350 ster
397 1299 587 1350 noster
624 1296 680 1348 et
718 1289 1022 1360 Dominus,
1055 1288 1319 1348 Christus
1364 1288 1552 1347 Filius
1593 1288 1717 1357 Dei,
1763 1293 1819 1345 et
1870 1288 1969 1345 lm-

236 1382 442 1440 dentes
502 1380 784 1454 patienter
842 1378 1081 1453 pertulit
1143 1384 1199 1435 et
1252 1377 1535 1436 benefecit
1594 1376 1960 1443 laedentibus,

236 1472 439 1531 dicens
493 1490 504 1528 :
562 1492 591 1523 «
622 1469 808 1538 Pater,
855 1470 1091 1543 ignosce
1135 1469 1274 1539 illis,
1307 1468 1443 1543 quia
1499 1467 1767 1526 nesciunt
1820 1466 1959 1539 quid

237 1559 464 1618 faciunt
491 1562 640 1626 (Luc.
674 1561 867 1627 XXIII).
906 1580 927 1609 ι
974 1557 1287 1627 Considera
1314 1556 1689 1627 beneficium,
1713 1555 1855 1613 dum
1886 1556 1960 1614 fel

238 1649 350 1719 ori,
404 1648 555 1707 clavi
608 1646 899 1717 manibus,
946 1644 1147 1703 lancea
1202 1644 1367 1702 lateri
1409 1650 1838 1718 apponerentur
1886 1640 1961 1701 ‘ab

2044 484 2217 557 pedes
2254 485 2673 561 Omnipotentis
2718 493 3208 567 transverberans,
3242 497 3313 555 ab
3358 498 3619 557 inferiori
3661 501 3754 559 in-

2047 572 2161 631 fers
2194 575 2568 647 supplicium,
2604 577 2749 636 dum
2791 590 3194 641 momentanea
3229 585 3521 659 voluptate
3551 588 3761 647 volun-

2045 668 2217 720 tatem
2248 661 2611 746 Dominantis
2638 668 2921 728 excludis.
2957 669 3104 729 Cum
3130 675 3505 747 prosperariis
3536 675 3598 733 in
3644 678 3761 734 ini-

2044 751 2282 823 quitate,
2332 760 2388 810 et
2440 754 2710 812 fmlidiori
2755 773 2930 815 cursu
3004 776 3197 817 rerum
3248 770 3471 835 peccata
3522 766 3764 837 peccatis

2045 842 2396 915 accumulas,
2430 844 2659 903 clavum
2694 846 2862 919 ponis
2892 848 2952 906 in
2994 848 3155 908 illius
3184 850 3444 921 dextera,
3481 869 3655 927 quem
3692 856 3763 914 de

2046 928 2167 987 suis
2202 930 2365 987 bonis
2396 935 2663 1006 persequi
2696 951 2808 993 non
2842 936 3089 995 desistis.
3125 936 3271 997 Cum
3298 957 3432 998 vero
3464 942 3763 1000 abundan-

2049 1018 2209 1077 tioris
2248 1021 2476 1078 tristitia
2517 1022 2860 1095 absorberis,
2897 1032 2952 1082 et
2994 1032 3152 1084 tuam
3185 1028 3535 1100 impietatem
3566 1030 3762 1103 pietati

2049 1106 2151 1164 Dei
2205 1110 2628 1182 praeponderas,
2670 1111 2959 1170 sinistram
3010 1116 3133 1188 ejus
3178 1117 3488 1189 transﬁgis,
3520 1126 3572 1176 et
3618 1134 3762 1176 con-

2046 1204 2274 1269 ceptum
2308 1199 2561 1257 furorem
2606 1200 2799 1260 furore
2834 1208 2948 1261 tuae
2979 1204 3391 1276 desperationis
3418 1208 3755 1282 ampliticas.

2048 1287 2307 1362 Denique
2337 1305 2469 1347 cum
2502 1293 2808 1364 praesumis
2845 1294 3154 1352 defendere
3206 1296 3360 1369 quod
3400 1297 3603 1368 fecisti,
3636 1297 3759 1356 lan-

2046 1393 2279 1435 cearum
2330 1379 2506 1437 ictum
2560 1379 2724 1439 lateri
2776 1381 3090 1441 Salvatoris
3138 1385 3451 1461 intorques,
3494 1387 3763 1462 nihilque

2046 1466 2284 1538 gravius
2316 1467 2533 1541 ingeris
2575 1468 2869 1528 Cruciﬁxo
2917 1488 3092 1545 quam
3137 1475 3280 1532 tueri
3316 1476 3469 1548 quod
3510 1477 3649 1535 odit.
3682 1477 3765 1535 De

2050 1555 2156 1612 hoc
2197 1555 2356 1613 enim
2399 1564 2626 1630 peccato
2673 1559 2951 1633 scriptum
2997 1569 3128 1619 est:
3197 1588 3221 1612 α
3256 1562 3382 1622 Νοη
3437 1565 3764 1624 miserearis

2048 1642 2343 1715 omnibus,
2385 1646 2485 1720 qui
2527 1654 2836 1720 operantur
2878 1649 3246 1724 iniquitatem
3292 1656 3463 1722 (Psal.
3513 1659 3699 1722 LVIII).
3730 1678 3758 1703 ιι
3798 1662 3803 1665 ⁷

239 1736 536 1805 inimicis;
590 1751 655 1795 os
705 1741 760 1793 et
815 1749 1026 1794 manus
1080 1740 1137 1795 et
1184 1733 1341 1793 latus
1393 1732 1638 1806 agebant
1690 1748 1793 1806 pro
1843 1730 2225 1812 ini-BVides
2249 1734 2367 1807 jam
2398 1745 2611 1811 quanta
2649 1738 2975 1798 difl‘erentia
3008 1740 3159 1799 inter
3196 1748 3500 1817 utramque
3534 1759 3760 1803 crucem

239 1840 469 1972 micfliie
498 1927 634 1985 ergo
666 1912 715 1970 si
744 1908 1025 1984 angelicas
1065 1909 1333 1984 dignitati
1362 1911 1518 1984 juste
1558 1911 1685 1969 hac
1713 1910 1972 1985 assigne-

2056 1824 2433 1897 perambulet.
2486 1827 2777 1904 Relinque
2823 1846 2960 1904 ergo
3004 1847 3254 1903 crucem,
3293 1849 3469 1907 quam
3521 1833 3623 1891 tibi
3674 1834 3762 1891 fa-

2056 1911 2312 1986 bricasti,
2366 1923 2422 1973 et
2464 1916 2709 1988 gloriare
2753 1918 2815 1975 in
2862 1935 3031 1977 cruce
3076 1920 3306 1979 Domini
3356 1921 3456 1980 Dei
3491 1922 3574 1982 tui
3618 1924 3761 1995 (Gal.

241 2018 406 2061 mus.
448 2002 590 2060 Haec
633 2001 790 2059 enim
836 2000 954 2059 duo
1005 1998 1244 2058 illorum
1291 2000 1619 2073 proprietati
1662 2007 1799 2060 sunt
1849 2017 1975 2074 pro-
2055 2009 2163 2075 VI),
2184 2006 2283 2078 qui
2317 2013 2402 2063 est
2426 2006 2758 2067 benedictus
2786 2011 2846 2068 in
2873 2009 3104 2069 szecula.
3132 2014 3341 2071 Amen.

240 2092 395 2165 pria.
448 2090 717 2161 Quotidie
767 2090 901 2148 illos
954 2088 1024 2147 ad
1061 2090 1247 2150 nostri
1301 2090 1621 2149 custodiam
1671 2092 1972 2164 deputatus

244 2183 654 2257 multipliciter
715 2181 1090 2255 offendimus,
1150 2188 1208 2240 et
1268 2183 1547 2241 offensam
1620 2184 2013 2259 negligentia.

240 2275 641 2336 cumulamus.
710 2274 827 2348 Ipsi
885 2281 1080 2333 autem
1138 2274 1272 2333 licet
1328 2291 1362 2332 a
1411 2274 1579 2333 nobis
1637 2276 1971 2349 frequenter

238 2366 493 2440 injurias
530 2366 841 2440 patiantur,
874 2364 1165 2424 sustinent
1214 2371 1402 2423 tamen
1444 2373 1498 2424 et
1539 2366 1970 2441 compatiuntur

239 2455 655 2528 peccantibus;
707 2470 815 2513 nec
851 2456 1043 2513 minor
1081 2453 1319 2513 illorum
1356 2454 1506 2512 circa
1543 2470 1649 2513 nos
1686 2455 1965 2525 custodia,

238 2544 367 2603 imo
392 2544 577 2618 major
608 2544 958 2615 sollicitudo,
989 2558 1122 2602 cum
1162 2543 1298 2601 boni
1328 2545 1585 2604 custodis
1608 2544 1683 2604 sit
1716 2543 1967 2601 inﬁrmis

238 2633 434 2706 magis
463 2648 638 2707 quam
666 2632 823 2690 sanis
850 2647 1085 2705 operam
1114 2631 1413 2691 exhibere.

318 2720 714 2794 Subjungitur
747 2744 761 2779 :
797 2741 825 2773 α
854 2720 926 2778 Et
950 2727 1225 2794 sequatur
1255 2736 1367 2779 me.
1400 2742 1429 2774 »
1465 2722 1611 2779 Cum
1640 2720 1699 2778 in
1732 2722 1822 2780 sui
1860 2722 1965 2780 ab-

238 2809 555 2881 negatione
585 2815 887 2868 revocetur
912 2809 1243 2880 haereditas,
1275 2810 1419 2867 etin
1455 2809 1706 2869 tollendo
1736 2825 1964 2868 crucem

233 2899 495 2973 dignitas
560 2900 920 2974 angelorum,
985 2901 1046 2957 in
1098 2900 1420 2960 imitatione
1473 2901 1684 2960 Christi
1738 2917 1966 2962 summa

235 2985 418 3044 nobis
446 2985 689 3044 felicitas
726 2992 1077 3044 reservatur.
1118 2985 1229 3044 Hic
1258 2993 1345 3045 est
1383 2986 1667 3046 virtutum
1693 3003 1962 3046 consum-

2637 2110 2887 2171 SEBMO
2916 2113 3179 2173 XLVIII.

2209 2210 2268 2257 II.
2304 2212 2549 2259 HOMILIA
2578 2213 2650 2259 DE
2674 2214 3089 2348 EX(AL$ATION
3115 2216 3359 2263 SANCTAE
3380 2215 3604 2263 CBUCIS.

2765 2286 2828 2331 X1
2900 2287 3055 2332 SEP’I‘.

2765 2286 2872 2331 XIV
2900 2287 3055 2332 SEPT.

2125 2359 2425 2420 Vexillum
2480 2361 2840 2435 imperatoris
2895 2364 3118 2434 aeterni,
3164 2364 3363 2423 fratres
3412 2363 3758 2435 cbarissimi,

2054 2466 2122 2508 ea
2162 2450 2465 2509 devotione
2518 2453 2924 2526 prosequimur
2962 2470 3075 2529 qua
3106 2462 3161 2512 et
3201 2455 3388 2529 ipsum
3431 2454 3537 2529 qui
3583 2454 3645 2511 in
3694 2470 3762 2512 eo

2055 2538 2412 2612 triumphare
2465 2539 2738 2611 dignatus
2778 2547 2861 2598 est
2903 2557 3264 2600 veneramur.
3303 2542 3465 2612 Quod
3498 2541 3763 2600 videlicet

2054 2628 2203 2688 nulli
2253 2637 2578 2687 sanctorum
2633 2646 2704 2687 ex
2758 2630 3135 2689 ecclesiastica
3185 2631 3548 2704 cognoscitur
3593 2631 3759 2689 insti-

2057 2717 2273 2776 tutione
2299 2717 2590 2776 collatum.
2629 2717 2866 2777 Sanctos
2893 2720 3053 2777 enim
3082 2720 3389 2795 quoslibet,
3421 2721 3545 2778 sive
3587 2720 3759 2781 etiam

2052 2805 2309 2865 cmlestes
2365 2807 2611 2865 virtutes
2663 2823 2898 2867 oramus
2936 2809 3196 2883 quidem,
3245 2809 3342 2867 sed
3394 2824 3508 2869 non
3556 2811 3759 2868 adora-

2053 2909 2215 2963 mus;
2278 2910 2411 2952 cum
2464 2910 2598 2953 vero
2640 2912 2870 2956 crucem
2918 2912 3022 2956 nos
3069 2899 3320 2957 fatemur
3368 2898 3625 2968 adorare,
3669 2897 3761 2955 vel

2053 2981 2260 3051 colere,
2294 2982 2377 3040 illi
2409 2989 2632 3042 tantum
2663 2984 2864 3056 figura:
2908 2985 3189 3045 Dominici
3226 2987 3496 3060 corporis,
3538 3001 3671 3060 quae
3702 2986 3761 3043 in

235 3072 441 3145 matio,
480 3074 615 3132 ﬁnis
653 3090 881 3145 cursus,
921 3073 1279 3148 principium
1318 3076 1712 3149 praemiorum.
1760 3076 1868 3136 Sed
1902 3079 1959 3135 in
1984 3086 2219 3167 Ccruce
2273 3072 2415 3130 facta
2467 3080 2569 3142 est,
2625 3073 2770 3132 hanc
2810 3074 3107 3132 noscimur
3155 3073 3535 3132 reverentiam
3588 3072 3761 3130 exhi—

234 3162 354 3220 hac
410 3162 733 3221 imitatione
782 3162 898 3221 duo
953 3169 1087 3221 sunt
1139 3163 1536 3238 adimplenda,
1588 3165 1854 3223 videlicet
1901 3158 2200 3224 ut“bere.
2236 3160 2301 3218 In
2342 3161 2507 3233 signo
2547 3176 2752 3234 nempe
2783 3162 3043 3220 victoriae
3086 3163 3357 3221 victorem
3402 3162 3668 3233 colimus,
3706 3168 3761 3220 et

236 3249 655 3322 magistrorum
704 3250 975 3309 subdaris
1031 3250 1311 3324 imperiis,
1369 3255 1424 3309 et
1476 3251 1963 3327 perseverantiam
2048 3248 2338 3305 adorando
2380 3264 2631 3319 crucem,
2662 3251 2877 3323 ipsum,
2917 3252 3016 3324 qui
3062 3251 3379 3310 cruciﬁxus
3424 3259 3529 3320 est,
3557 3250 3758 3309 adora-

236 3356 366 3401 nou
412 3342 661 3399 amittas.
698 3341 784 3400 Ita
834 3341 1006 3415 plane
1045 3340 1257 3414 poteris
1296 3340 1459 3415 sequi
1500 3339 1820 3412 Christum,
1862 3344 1964 3416 qui
2050 3352 2200 3394 mus.
2255 3337 2608 3412 Quapropter
2654 3340 2799 3398 sicut
2872 3342 3196 3413 aggaudere
3275 3341 3615 3415 resurgenti,
3670 3340 3762 3398 vel

234 3446 365 3488 non
399 3429 558 3488 venit
592 3430 776 3487 facere
805 3428 1165 3488 voluntatem
1202 3444 1391 3499 suam,
1425 3429 1525 3487 sed
1560 3430 1687 3503 ejus
1717 3431 1820 3505 qui
1854 3431 1964 3487 mi-
2047 3426 2377 3484 ascendenti
2416 3427 2664 3486 Domino
2701 3429 3131 3498 consuevimus,
3164 3430 3243 3488 ita
3288 3432 3458 3487 etiam
3492 3430 3761 3487 exaltatm

234 3517 316 3575 sit
353 3515 516 3574 illum
546 3519 717 3588 (Joan.
766 3519 842 3589 v),
879 3522 936 3575 et
971 3516 1074 3589 qui
1119 3532 1222 3589 pro
1264 3515 1462 3574 eadem
1514 3517 1811 3575 voluntate
1846 3532 1962 3574 non

234 3607 442 3667 timuit
472 3621 687 3679 ponere
734 3605 992 3663 animam
1045 3621 1211 3664 suam
1262 3606 1434 3677 (Joan.
1488 3610 1612 3678 XII).
1666 3605 1794 3675 Quo
1842 3607 1965 3665 fru-

234 3702 364 3763 ctu,
395 3708 511 3767 qua
546 3691 810 3759 utilitate,
845 3708 960 3766 quo
1006 3691 1296 3765 prtemio?
1341 3713 1368 3746 α
1399 3692 1471 3751 Ut
1514 3692 1615 3751 ubi
1656 3708 1761 3767 ego
1809 3710 1963 3768 sum,

236 3780 463 3855 inquit,
500 3779 623 3837 illic
670 3779 744 3838 sit
787 3788 842 3838 et
890 3779 1154 3839 minister
1198 3795 1363 3839 meus
1406 3782 1621 3851 (Ibid.).
1660 3806 1685 3832 ι»
1742 3781 1964 3852 Quanta

238 3870 497 3945 dignitas
544 3884 669 3928 esse
714 3885 852 3927 cum
900 3868 1035 3940 Deo,
1090 3870 1275 3929 beatis
1326 3871 1605 3930 interesse
1644 3872 1961 3946 spiritibus,

239 3965 299 4018 et
361 3959 515 4017 inter
566 3957 737 4018 illum
784 3958 1076 4017 caelestem
1130 3965 1483 4018 conventum
1528 3967 1805 4035 perpetuo
1850 3977 1963 4019 nu-

237 4049 459 4106 merari
482 4050 495 4107 ι

326 4132 474 4191 247
522 4136 667 4196 Vide
706 4151 841 4210 ergo
889 4151 963 4195 ne
1020 4153 1224 4197 rursus
1273 4138 1608 4214 tibimetipsi
1664 4140 1967 4215 cruciﬁgas

236 4226 464 4285 Filium
510 4226 617 4285 Dei
664 4232 720 4284 et
766 4228 989 4285 hostem
1029 4229 1117 4287 tui
1161 4229 1394 4303 habeas,
1428 4246 1638 4289 rursus
1679 4231 1967 4291 fabricans

234 4331 498 4386 crucem,
540 4315 602 4373 in
653 4331 770 4389 qua
815 4316 1189 4391 cruciﬁgatur
1236 4317 1354 4389 ille,
1388 4320 1489 4393 qui
1537 4335 1845 4393 resurgens
1890 4336 1962 4379 ex

2048 3514 2174 3587 ejus
2230 3516 2387 3574 cruci
2454 3532 2565 3575 non
2637 3517 2926 3577 immerito
3000 3521 3450 3593 congaudemus.
3501 3519 3758 3577 Pretium

2050 3618 2302 3677 namque
2342 3613 2602 3665 nostrum
2635 3608 2757 3665 haec
2790 3613 2995 3665 statera
3039 3607 3293 3677 libravit,
3328 3624 3443 3682 quo
3491 3607 3759 3666 videlicet

2049 3697 2105 3748 et
2131 3692 2201 3747 de
2218 3692 2360 3765 jugo
2405 3693 2756 3767 Egyptiacze
2792 3694 3085 3753 servitutis
3112 3695 3413 3766 eripimur,
3439 3700 3495 3754 et
3524 3711 3598 3753 ex
3640 3695 3757 3753 im-

2051 3780 2210 3853 probi
2239 3782 2523 3839 exactoris
2554 3782 2775 3841 ftenore
2806 3783 3137 3841 liberamur.
3164 3783 3303 3841 Haec
3328 3783 3498 3856 plane
3526 3798 3759 3841 summa

2050 3868 2396 3942 inexplebili
2442 3870 2827 3930 damnationis
2862 3879 3072 3931 nostra:
3116 3871 3496 3945 chirographo
3532 3871 3756 3928 satisfe-

2049 3956 2142 4022 cit,
2179 3965 2233 4016 et
2263 3958 2568 4016 insolubili
2598 3975 2704 4018 nos
2741 3959 2934 4018 debito
2973 3968 3212 4019 vetustae
3243 3960 3527 4019 cautionis
3564 3960 3757 4019 absol-

2048 4047 2149 4104 vit.
2184 4048 2350 4105 Unde
2393 4049 2466 4106 ad
2496 4048 2861 4110 Colossenses
2899 4052 3241 4125 praedicator
3267 4052 3533 4125 egregius
3565 4072 3577 4109 :
3630 4078 3655 4100 κ
3687 4052 3761 4109 Et

2048 4154 2171 4209 vos,
2206 4138 2415 4212 inquit,
2448 4154 2584 4197 cum
2633 4139 2845 4199 mortui
2878 4141 3080 4199 essetis
3125 4140 3182 4199 in
3225 4141 3472 4211 delictis,
3504 4148 3559 4200 et
3611 4157 3756 4215 prae-

2047 4229 2209 4304 putio
2261 4230 2450 4289 carnis
2498 4238 2725 4300 vestrae,
2782 4230 3214 4289 convivilicavit
3263 4228 3407 4286 248
3457 4247 3587 4290 cum
3631 4231 3754 4302 illo,

2048 4317 2269 4377 donans
2307 4319 2470 4378 vobis
2512 4320 2707 4377 omnia
2740 4319 2967 4385 delicta.
2995 4319 3213 4390 delens,
3250 4320 3404 4393 quod
3443 4320 3754 4379 adversum

234 4406 492 4464 mortuis
533 4405 653 4478 jam
715 4421 835 4464 non
890 4406 1137 4466 moritur
1193 4409 1362 4480 (Rom.
1420 4409 1521 4479 Vl).
1600 4406 1835 4467 Intuere
1893 4424 2155 4481 neﬁnos
2203 4416 2340 4475 erat,
2397 4409 2843 4481 chirographum
2890 4407 3121 4479 decreti,
3163 4409 3317 4481 quod
3360 4415 3480 4465 erat
3525 4413 3753 4467 contra-

232 4494 601 4551 mortiferam
632 4510 863 4553 crucem
904 4494 1140 4567 efﬁcias,
1171 4495 1233 4553 in
1262 4511 1378 4570 qua
1416 4496 1585 4555 facies
1617 4495 1828 4555 Filium
1859 4497 1963 4556 Dei

227 4582 456 4641 amaris
508 4583 810 4644 doloribus
860 4584 1119 4644 interire.
1168 4584 1450 4659 Superbia
1492 4587 1778 4661 superius,
1821 4587 1965 4646 inle-

229 4673 368 4731 rius
404 4671 664 4744 luxuria,
705 4690 739 4731 a
776 4674 998 4733 dextris
1032 4674 1385 4749 prosperatio
1433 4675 1778 4750 iniquitatis,
1809 4692 1843 4734 a
1883 4678 1965 4735 si-

226 4759 442 4818 nistris
471 4760 834 4820 adversitatis
881 4761 1223 4835 desperatio,
1256 4763 1470 4837 spinas,
1507 4764 1699 4823 clavos
1740 4772 1796 4823 et
1839 4767 1963 4823 lan-

223 4866 399 4911 ceam
432 4851 552 4910 ﬁlio
580 4852 839 4926 Virginis
874 4859 1305 4927 repraesentant.
1343 4852 1490 4913 Cum
1525 4856 1683 4913 enim
1732 4856 1965 4917 elevans

226 4946 287 4999 te
314 4946 378 4998 et
413 4940 721 4999 ambulans
758 4941 907 5000 collo
944 4947 1179 5001 extento
1223 4948 1395 5016 caput
1447 4944 1731 5003 Altissimi
1767 4947 1963 5019 spina—

223 5045 376 5090 rum
416 5029 845 5103 multiplicitate
876 5036 1241 5105 contorques,
1273 5038 1328 5089 et
1369 5031 1461 5089 hic
1498 5047 1531 5089 a
1569 5033 1965 5111 superioribus

222 5117 501 5192 superari
556 5118 798 5177 moleste
842 5118 974 5187 fers,
1028 5118 1148 5177 imo
1195 5118 1521 5191 superiores
1558 5120 1748 5191 potius
1789 5137 1962 5196 supe-

222 5224 368 5268 rare
401 5208 722 5279 contendis,
760 5207 850 5266 illi
889 5207 1101 5267 similis
1149 5224 1210 5266 es
1262 5208 1363 5283 qui
1398 5224 1459 5266 se
1501 5208 1751 5267 similem
1793 5210 1965 5269 Altis-

222 5298 389 5359 simo
425 5297 717 5371 cogitavit.
758 5296 1048 5371 Scriptum
1081 5303 1165 5356 est
1214 5297 1369 5356 enim
1406 5316 1418 5355 :
1462 5322 1487 5345 κ
1517 5296 1671 5356 Deus
1699 5301 1964 5373 superbis

221 5385 453 5446 resistit
505 5388 555 5458 (Ι
599 5390 747 5444 Petr.
801 5386 882 5457 v),
938 5407 967 5440 ι)
1033 5385 1153 5444 illis
1212 5385 1499 5457 videlicet,
1551 5388 1651 5461 qui
1703 5403 1837 5447 cum
1895 5406 1964 5449 eo

222 5491 305 5534 ex
339 5490 511 5550 aquo
540 5481 691 5534 stare.
720 5475 1101 5534 contendunt.
1139 5473 1454 5547 Componis
1486 5474 1686 5534 oculos
1718 5482 1865 5550 tuos,
1897 5486 1963 5538 ut

222 5577 356 5622 non
401 5562 672 5636 respicias
708 5563 944 5637 coelum,
976 5570 1033 5623 et
1059 5560 1421 5638 voluptuosis
1455 5563 1646 5624 carnis
1677 5571 1793 5625 tuae
1833 5582 1959 5625 mo-

1980 4464 2030 4524 D

2050 4494 2205 4552 rium
2256 4495 2440 4564 nobis,
2489 4502 2544 4552 et
2586 4495 2777 4568 ipsum
2812 4496 2941 4554 tulit
2981 4496 3051 4553 de
3084 4495 3293 4565 medio,
3322 4495 3562 4568 aﬁigens
3605 4495 3747 4555 illud

2046 4583 2204 4642 cruci
2248 4607 2261 4641 :
2301 4590 2357 4641 et
2403 4583 2734 4656 exspolians
2777 4583 3153 4656 principatus,
3185 4591 3240 4641 et
3276 4590 3596 4655 potestates,
3638 4590 3751 4641 tra-

2048 4672 2221 4729 duxit
2269 4671 2639 4742 conﬁdenter,
2695 4671 2882 4745 palam
2947 4672 3314 4745 triumphans
3357 4672 3490 4731 illos
3543 4673 3606 4730 in
3660 4689 3751 4731 se-

2048 4762 2291 4836 metipso
2343 4764 2477 4829 (Col.
2534 4767 2683 4831 11).»
2733 4761 2876 4840 Quae
2920 4761 3099 4835 igitur
3155 4761 3357 4835 lingua
3408 4762 3471 4820 in
3522 4762 3747 4820 laudem

2048 4852 2238 4911 crucis
2266 4851 2567 4910 invenitur
2606 4851 2832 4920 idonea,
2865 4866 2998 4925 quae
3023 4851 3236 4910 caelum
3265 4851 3511 4925 aperuit,
3542 4858 3750 4910 terram

2046 4959 2080 5001 a
2108 4943 2392 5001 sententia
2426 4942 2682 5017 antiquas
2712 4941 3133 5000 maledictionis
3170 4942 3438 5013 absolvit,
3474 4949 3750 5000 tartarum

2048 5032 2370 5105 spoliavit?
2411 5032 2552 5090 Haec
2592 5032 2869 5089 nimirum
2921 5030 3093 5088 olivae
3136 5045 3241 5087 nos
3280 5030 3553 5088 oleastros
3597 5030 3751 5087 inse-

2049 5122 2182 5190 ruit,
2228 5128 2283 5179 et
2331 5121 2401 5180 de
2454 5122 2606 5179 vasis
2660 5121 2765 5179 ira)
2807 5135 2942 5177 vasa
2983 5119 3393 5178 misericordiae
3432 5118 3749 5177 fabricavit.

2049 5208 2185 5268 Haec
2226 5225 2331 5267 nos
2378 5209 2641 5267 sedentes
2680 5210 2737 5266 in
2770 5207 3020 5265 tenebris
3060 5207 3121 5264 in
3166 5206 3317 5264 lucis
3361 5205 3513 5264 filios
3563 5211 3750 5264 trans-

2048 5300 2201 5366 tulit.
2235 5299 2306 5358 de
2331 5297 2587 5356 inimicis
2627 5297 2968 5355 domesticos
2999 5294 3147 5365 fecit,
3180 5295 3251 5352 de
3275 5291 3602 5353 conditione
3628 5310 3751 5355 ser—

2045 5391 2150 5449 vili
2206 5391 2264 5447 in
2305 5389 2466 5464 regni
2510 5388 2660 5446 filios
2694 5386 3004 5460 adoptavit.
3048 5384 3159 5446 Sed
3211 5402 3549 5461 quanquam
3605 5386 3752 5447 desit

2047 5477 2315 5537 facundia
2354 5476 2674 5551 peritiaque
2709 5474 3013 5544 sermonis,
3053 5489 3273 5533 cessare
3314 5490 3429 5533 non
3469 5475 3749 5533 debemus

2047 5583 2081 5625 a
2125 5566 2298 5625 laude
2332 5564 2540 5638 crucis,
2580 5563 2720 5640 quia
2759 5561 2912 5637 quod
2956 5561 3210 5622 facultati
3256 5562 3634 5633 subtrahitur,
3674 5578 3748 5620 ex
