4064 6208
286 275 393 336 767

909 272 969 331 S.
1013 271 1236 331 PETRI
1274 267 1594 330 DAMIANI
1633 266 1792 327 OPP.
1836 262 2029 323 PARS
2070 262 2212 323 SEU
2250 263 2502 325 TOMUS
2540 265 2615 324 ΙΙ.
2660 297 2727 307 -
2768 264 3181 326 SEBMONES.

3683 270 3795 330 768

286 399 647 461 abundantia
700 399 871 457 bona)
939 396 1255 457 voluntatis
1317 393 1613 469 impletur,
1670 389 1987 466 praesertim
2006 387 2315 454 Aexaltari
2350 395 2571 463 oportet
2601 388 2817 449 Filium
2854 390 3129 462 hominis,
3157 397 3225 450 ut
3262 392 3454 451 omnis
3491 392 3592 468 qui
3611 388 3796 455 credit

287 507 422 553 cum
469 487 775 564 Apostolus
819 486 971 544 dicat
1002 509 1015 544 :
1067 507 1095 539 «
1126 484 1249 544 Non
1296 484 1359 543 in
1398 480 1680 556 sapientia
1711 479 1893 551 verbi,
1929 485 1995 537 ut

289 596 406 641 non
452 584 763 638 evacuetur
799 591 946 634 crux
998 574 1211 633 Christi
1242 579 1296 641 (Ι
1339 576 1456 631 Cor.
1484 578 1549 642 ι).
1583 595 1608 622 υ
1654 570 1993 629 Praedicato-

287 686 377 728 rrs
438 682 687 740 namque
739 663 926 724 crucis
980 663 1134 722 Deus
1182 662 1495 735 piscatores
1553 659 1818 739 instialit,
1878 672 1993 716 non

286 764 556 816 oratores.
612 753 911 813 Accumtis
955 752 1151 826 itaque
1202 750 1394 810 verbis
1434 765 1579 808 crux
1624 764 1738 807 non
1794 746 1998 805 asseri-

284 853 397 917 tnr,
432 844 529 903 sed
577 842 902 901 econtrario
948 846 1245 900 vacuatur.
1281 840 1634 911 Quapropter
1686 853 1803 894 non
1837 835 1992 894 indi-

287 950 469 1008 gnum
512 941 614 1002 est,
671 933 720 990 si
772 931 935 989 beata
986 945 1131 988 crux
1188 928 1381 987 verbis
1426 943 1584 987 nunc
1633 926 1995 1000 simplicibus

290 1022 654 1100 praedicetur,
688 1021 905 1096 quibus
933 1020 1134 1094 utique
1164 1019 1392 1078 invecta
1441 1018 1663 1077 mundo
1690 1016 1839 1074 inter
1872 1016 1994 1090 ipsa

286 1129 455 1171 novae
482 1110 618 1169 iidei
646 1110 973 1169 rudimenta
1003 1109 1385 1181 cognoscitur.

354 1201 688 1262 Notandum
746 1215 883 1259 vero
936 1200 1075 1272 quia
1125 1198 1275 1257 sicut
1326 1196 1554 1255 duobus
1609 1195 1790 1268 signis
1844 1209 1992 1252 crux

279 1298 519 1361 constat,
577 1292 654 1349 ita
724 1290 869 1348 duas
919 1290 1044 1363 ejus
1095 1288 1489 1347 solemnitates
1560 1302 1661 1359 per
1720 1284 1993 1341 annalem

274 1381 568 1440 circulum
602 1379 980 1438 ecclesiastica
1021 1377 1249 1435 traditio
1294 1376 1558 1434 celebrat.
1607 1374 1748 1431 Haec
1788 1388 1994 1447 nempe

288 1473 403 1532 duo
450 1472 608 1545 ligna
646 1470 859 1529 mulier
905 1468 1133 1527 volebat
1173 1466 1487 1541 Sareptena
1535 1464 1822 1537 colligere,
1858 1463 1994 1537 qui—

280 1563 392 1621 bus
432 1570 622 1635 posset
660 1561 894 1633 inopem
923 1558 1032 1615 sibi
1064 1557 1259 1615 cibum
1295 1563 1351 1613 ct
1382 1554 1500 1613 tilio
1529 1553 1862 1627 providere;
1895 1553 1994 1611 sed

283 1651 458 1726 hujus
510 1650 709 1710 viduae
757 1650 946 1708 farina
981 1659 1037 1708 et
1082 1651 1277 1708 oleum
1328 1650 1397 1707 ad
1442 1655 1760 1721 proventus
1816 1646 1997 1706 abun-

2078 476 2141 535 in
2193 477 2364 537 illum
2426 494 2543 538 non
2596 485 2806 553 pereat,
2853 480 2955 539 sed
3019 480 3224 539 habeat
3284 480 3461 540 vitam
3511 490 3793 543 aeternam

2082 570 2265 636 (Joan.
2318 572 2430 638 In).
2470 594 2497 618 ιι
2543 569 2717 628 Recte
2765 584 2901 643 ergo
2948 584 3185 644 serpens
3232 585 3433 629 aeneus
3479 586 3582 644 pro
3624 572 3796 647 signo

2078 659 2331 731 ponitur,
2382 665 2438 719 et
2487 661 2740 735 populus
2782 659 3068 733 aspiciens
3111 676 3146 718 a
3198 674 3394 719 morsu
3435 664 3793 736 serpentium

2081 746 2389 820 liberatur;
2440 750 2576 824 quia
2631 749 2966 823 quicunque
3019 749 3082 806 in
3136 747 3514 821 Salvatorem,
3581 753 3683 823 qui
3726 753 3794 809 in

2076 852 2244 896 cruce
2276 854 2592 913 suspensus
2637 845 2743 909 est,
2774 855 2849 896 ex
2896 838 3181 897 desiderio
3217 837 3559 898 imitationis
3603 841 3798 899 inten-

2076 926 2245 997 dunt,
2281 941 2455 984 omne
2478 942 2617 985 mox
2645 926 2809 985 virus
2836 933 2891 984 et
2920 924 3218 985 lcthiferos
3248 941 3475 985 morsus
3500 928 3791 986 veternosi

2078 1017 2358 1090 serpentis
2383 1016 2655 1076 evadunt.

2149 1106 2219 1164 Et
2256 1106 2577 1164 notandum
2613 1104 2766 1179 quod
2808 1120 3045 1180 serpens
3085 1105 3185 1163 ille
3222 1121 3323 1179 pro
3368 1106 3534 1179 signo
3579 1104 3798 1163 dicitur

2079 1194 2296 1268 positus
2333 1214 2343 1251 :
2388 1209 2522 1252 nam
2560 1200 2616 1251 et
2663 1192 2899 1252 Simeon
2930 1194 3028 1251 ille
3056 1195 3270 1269 justus,
3295 1193 3485 1252 delato
3525 1193 3595 1250 ad
3646 1200 3799 1251 tem-

2077 1288 2239 1359 plum
2283 1286 2550 1356 Domino,
2604 1284 2928 1343 vaticinans
2980 1284 3060 1342 ait
3115 1308 3128 1342 :
3186 1283 3387 1342 «Ecce
3435 1283 3658 1357 positus
3708 1289 3801 1341 est

2076 1376 2174 1433 hic
2220 1376 2279 1433 in
2328 1375 2562 1433 ruinam
2611 1384 2667 1433 et
2714 1374 2775 1432 in
2819 1375 3300 1433 resurrectionem
3360 1375 3679 1433 multorum
3726 1372 3797 1431 in

2075 1465 2273 1537 Israel,
2320 1472 2373 1523 et
2420 1466 2481 1523 in
2538 1466 2774 1539 signum
2820 1466 2914 1523 cui
2969 1465 3395 1523 contradicetur
3443 1468 3593 1533 (Luc.
3642 1467 3725 1532 ll).
3766 1489 3798 1514 ι-

2076 1555 2141 1613 Ιη
2202 1556 2436 1628 signum
2495 1570 2745 1628 namque
2792 1553 3262 1613 contradictionis
3314 1554 3663 1627 Redemptor
3711 1558 3806 1611 est

2074 1646 2316 1718 positus,
2372 1643 2512 1719 quia
2569 1642 2630 1700 in
2696 1657 2868 1701 cruce
2921 1649 3042 1699 erat
3097 1656 3200 1714 pro
3268 1640 3514 1699 humani
3565 1641 3807 1714 generis

282 1740 538 1798 dantiam
580 1739 1007 1797 benedicuntur.
1041 1742 1142 1807 (111
1184 1744 1315 1808 Reg.
1362 1743 1536 1807 XVII),
1592 1744 1656 1794 ut
1698 1733 2262 1813 charitatisBsalute
2304 1746 2602 1807 passurus.
2651 1730 2759 1790 Cui
2807 1730 3091 1789 nimirum
3139 1729 3301 1788 cruci
3344 1728 3536 1788 omnis
3586 1728 3805 1788 mundi

291 1829 514 1887 fructus
551 1836 608 1887 et
652 1828 958 1887 hilaritatis
981 1827 1104 1901 jam
1145 1834 1281 1886 tunc
1308 1828 1371 1885 in
1405 1833 1762 1884 sacramento
1800 1824 1993 1883 Eccle-

288 1918 395 1976 siae
448 1916 899 1987 commendetur,
960 1916 1263 1974 «hilarem
1302 1915 1460 1973 enim
1509 1916 1766 1973 datorem
1810 1913 1997 1986 diligit

292 2007 446 2066 Deus
492 2008 563 2079 (II
590 2009 708 2065 Cor.
743 2011 842 2079 1X).
876 2026 900 2057 »
940 2004 1129 2064 Vidua
1177 2006 1302 2063 haec
1332 2010 1526 2063 sancta
1564 2010 1684 2062 erat
1722 2003 1992 2072 Ecclesia,

285 2095 357 2153 de
390 2111 507 2169 qua
552 2093 798 2153 dicitur:
851 2114 879 2146 α
907 2093 1159 2152 Viduam
1196 2092 1324 2165 ejus
1371 2090 1719 2149 benedicens
1758 2090 1996 2149 benedi-

284 2197 411 2239 cam
457 2186 627 2251 (Psal.
664 2187 902 2251 CXXXI).
944 2203 971 2235 ››
1037 2181 1144 2240 Cui
1200 2180 1403 2238 licebat
1442 2180 1769 2251 cuicunque
1824 2179 1999 2238 vellet

283 2277 511 2349 mortuo
569 2270 695 2328 viro
748 2270 1043 2344 conjungi,
1104 2269 1244 2344 quia
1292 2267 1591 2327 desinente
1650 2267 1795 2341 lege,
1860 2282 1999 2325 mox

287 2359 532 2430 Christo,
579 2359 680 2433 qui
724 2360 861 2417 tinis
908 2360 1051 2431 legis
1093 2367 1195 2427 est,
1231 2359 1301 2416 ad
1336 2356 1623 2430 justitiam
1663 2356 1824 2414 omni
1877 2373 1999 2414 cre-

285 2448 443 2507 denti
477 2450 643 2520 (Rom.
678 2450 762 2517 Χ),
808 2448 1019 2505 meruit
1064 2448 1318 2506 Ecclesia
1352 2446 1630 2520 copulari.
1664 2445 1772 2503 Illa
1802 2445 2001 2504 cibum

281 2537 608 2607 anhelabat,
665 2537 768 2611 qui
821 2536 1051 2595 duobus
1122 2544 1269 2594 esset
1343 2536 1519 2608 lignis
1589 2540 1892 2607 excoctus;
1946 2542 2003 2594 et

280 2633 475 2684 sancta
524 2625 777 2684 Ecclesia
831 2641 1037 2699 panem
1096 2625 1167 2683 de
1221 2624 1366 2682 caelo
1418 2624 1749 2683 venientem
1796 2624 1997 2696 esurit,

281 2716 383 2788 qui
430 2715 489 2773 in
540 2731 640 2773 ara
683 2715 871 2773 crucis
922 2722 1008 2772 est
1052 2714 1323 2773 torridus.
1368 2712 1482 2782 Qui
1520 2714 1915 2786 voluptuosos,
1947 2721 2004 2772 et

280 2804 545 2861 carnales
606 2802 764 2861 cibos
822 2805 1058 2877 appetit,
1097 2802 1444 2875 serpentinis
1490 2801 1775 2860 morsibus
1824 2802 2003 2859 tradi-

285 2900 400 2962 tur,
443 2891 545 2965 qui
579 2907 716 2950 vero
754 2892 825 2950 ad
870 2892 1027 2951 hunc
1070 2907 1280 2967 panem
1313 2891 1563 2965 respicit,
1607 2907 1639 2949 a
1688 2891 2004 2966 grassantis

282 2980 495 3039 veneni
535 2981 789 3055 pernicie
838 2980 1134 3039 liberatur.
1169 2980 1319 3051 Quid
1359 2987 1463 3051 est,
1494 2981 1648 3054 quod
1687 2979 1853 3039 dixi?
1875 2980 2003 3039 Non

282 3071 582 3145 ignoratis,
621 3072 842 3143 fratres,
890 3072 1028 3147 quia
1069 3071 1245 3131 Israel
1284 3072 1382 3131 ille
1432 3072 1681 3130 carnalis
1730 3087 2002 3131 murmu-

286 3175 420 3218 rans
447 3159 760 3234 aliquando
789 3159 1067 3220 adversus
1090 3160 1349 3235 Moysen,
1386 3160 1448 3219 in
1477 3160 1701 3219 deserto
1732 3160 1998 3219 dicebat:

289 3247 512 3305 «Deest
564 3249 750 3322 panis,
801 3265 917 3307 non
978 3258 1115 3309 sunt
1165 3265 1354 3324 aquas,
1403 3249 1599 3307 anima
1647 3255 1839 3308 nostra
1878 3250 2000 3323 jam

286 3344 524 3393 nauseat
553 3351 728 3409 super
751 3336 878 3395 cibo
907 3336 1017 3395 isto
1050 3336 1345 3396 levissimo
1373 3341 1558 3407 (Num.
1592 3343 1744 3405 XXI).
1775 3363 1802 3386 ››
1834 3336 2003 3395 Tunc

287 3423 531 3481 immisit
567 3424 629 3483 in
668 3440 766 3483 eos
803 3425 1089 3484 Dominus
1125 3425 1338 3499 ignitos
1381 3432 1709 3499 serpentes;
1750 3440 2002 3500 cumque

285 3512 623 3584 ptenitentia
676 3513 832 3573 ducti
883 3513 1309 3588 indulgentiam
1369 3521 1658 3587 peterent,
1726 3531 1797 3572 ex
1846 3530 2002 3589 pras—

286 3609 450 3675 cepto
502 3603 733 3662 Domini
790 3605 924 3663 fecit
976 3604 1204 3678 Moyses
1254 3611 1578 3678 serpentem
1629 3621 1881 3675 aeneum,
1946 3612 2003 3663 et

284 3708 389 3765 pro
418 3692 581 3766 signo
609 3694 817 3766 posuit,
856 3694 927 3752 ad
960 3710 1153 3769 quem,
1187 3694 1546 3769 quicumque
1576 3695 1833 3768 percussi
1872 3696 2002 3753 fue-

288 3785 436 3851 rant,
503 3781 849 3855 aspicientes
912 3783 1175 3855 protinus
1244 3780 1614 3840 sanabantur.
1688 3782 2004 3841 Enimvero

288 3885 389 3942 per
424 3870 731 3930 consilium
770 3873 1052 3944 serpentis
1089 3879 1174 3929 est
1218 3872 1393 3929 homo
1434 3870 1703 3944 delapsus
1743 3872 1805 3929 in
1846 3886 2002 3929 mor-

288 3967 438 4027 tem;
471 3975 552 4017 aes
594 3976 729 4019 vero
785 3961 1005 4019 caeteris
1035 3959 1283 4019 metallis
1320 3960 1646 4019 durabilius
1684 3960 1999 4019 invenitur.

360 4046 580 4110 Aineus
644 4051 838 4126 itaque
891 4067 1126 4125 serpens
1184 4052 1502 4110 Dominum
1553 4052 1845 4126 ﬁguravit,
1899 4052 2004 4126 qui

288 4140 552 4200 infusum
582 4142 752 4199 nobis
784 4157 1071 4200 venenum
1112 4142 1415 4205 diabolicae
1451 4144 1836 4217 suggestionis
1867 4143 2002 4202 abe-

288 4228 392 4301 git.
435 4229 506 4286 Et
544 4237 673 4302 apte
710 4245 913 4287 mneus
949 4246 1205 4304 serpens,
1245 4238 1312 4291 ut
1351 4247 1453 4306 per
1489 4239 1811 4306 serpentem
1847 4248 2005 4291 mor-

290 4324 449 4388 tuus,
479 4325 533 4377 et
562 4334 664 4391 per
690 4334 771 4377 aes
803 4319 1087 4379 Dominus
1129 4320 1553 4394 significaretur
1578 4329 1851 4384 aeternus.
1893 4324 2005 4395 Qui

289 4406 449 4464 enim
483 4423 553 4465 ex
594 4406 953 4465 humanitate
997 4408 1187 4467 crucis
1225 4409 1576 4483 supplicium
1618 4410 1875 4484 pertulit,
1924 4427 1996 4470 ex

289 4495 593 4554 divinitate
642 4503 955 4569 perpetuus
1028 4503 1083 4554 et
1158 4497 1536 4569 impassibilis
1599 4498 1763 4557 vivit.
1822 4499 2000 4558 Porro

287 4594 479 4646 autem
515 4602 750 4662 serpens
782 4602 982 4646 aeneus
1009 4587 1457 4647 similitudinem
1495 4588 1731 4663 quidem
1763 4605 2002 4662 serpen-

290 4676 365 4733 tis
408 4678 598 4748 habet,
637 4678 735 4735 sed
792 4674 937 4732 249
991 4693 1284 4736 venenum
1328 4679 1607 4753 serpentis
1650 4695 1767 4737 non
1806 4680 1997 4739 habet.

288 4763 736 4839 EtRedemptor
774 4772 967 4823 noster
1005 4766 1065 4823 in
1115 4766 1500 4826 similitudine
1537 4768 1773 4841 quidem
1813 4770 2003 4829 carnis

284 4853 500 4926 precati
542 4853 827 4926 apparuit,
881 4853 979 4911 sed
1018 4857 1234 4927 peccati
1274 4871 1565 4915 venenum
1603 4857 1667 4914 in
1705 4872 1773 4915 eo
1811 4856 2002 4917 locum

283 4941 496 4999 habere
538 4956 656 4999 non
685 4941 893 5015 potuit,
926 4941 1141 5017 quippe
1169 4944 1270 5017 qui
1304 4965 1326 4995 ι
1362 4953 1658 5018 peccatum
1698 4961 1816 5005 non
1848 4946 1999 5019 fecit,

284 5045 391 5090 nec
414 5029 582 5089 dolus
615 5030 892 5090 inventus
922 5037 1007 5090 est
1037 5031 1100 5089 in
1125 5048 1223 5091 ore
1249 5033 1378 5106 ejus
1405 5035 1453 5106 (Ι
1474 5037 1621 5092 Petr.
1646 5036 1730 5107 ll).
1763 5059 1785 5086 ι

356 5120 474 5180 Nec
499 5121 970 5194 praetereundum
1013 5128 1099 5180 est
1135 5123 1289 5197 quod
1329 5139 1582 5198 congrue
1612 5126 1749 5184 satis
1777 5126 2004 5185 mansio

286 5206 388 5268 illa
428 5208 533 5268 ubi
582 5209 710 5268 haec
743 5209 889 5268 facta
928 5217 1065 5270 sunt
1106 5210 1379 5272 Salmona
1414 5212 1644 5287 dicitur,
1674 5230 1810 5289 quas
1840 5215 2002 5274 vide-

285 5297 419 5356 licet
472 5302 823 5370 imaguncula
867 5301 1292 5376 interpretatur,
1339 5304 1479 5377 quia
1528 5303 1654 5363 illic
1718 5304 2004 5364 nimirum

284 5389 349 5448 in
398 5389 578 5462 hujus
634 5392 783 5449 aenei
842 5390 1125 5465 serpentis
1178 5393 1385 5464 forma,
1443 5393 1634 5468 imago
1685 5402 1770 5453 est
1821 5395 2004 5454 nostri

289 5476 603 5537 Salvatoris
655 5494 945 5553 expressa.
1002 5480 1168 5540 Unde
1220 5490 1275 5541 et
1324 5483 1478 5541 idem
1536 5482 1799 5543 Salvator
1851 5484 1931 5543 ait
1986 5509 2000 5543 :

300 5590 323 5620 α
362 5567 523 5629 Sicut
565 5568 843 5629 exaltavit
887 5570 1113 5646 Moyses
1157 5580 1478 5647 serpentem
1526 5574 1584 5631 in
1631 5574 1877 5647 deserto,
1927 5576 2003 5634 ita

2078 1822 2360 1896 sapientia
2391 1820 2761 1891 contradixit,
2790 1819 2888 1879 sed
2913 1819 3057 1892 Regi
3084 1835 3185 1892 per
3209 1832 3336 1877 eam
3365 1818 3565 1892 gloriae
3594 1818 3809 1877 trium-

2077 1910 2280 1986 phanti
2319 1910 2548 1969 tandem
2597 1909 2819 1968 devicta
2868 1907 3191 1967 succubuit.
3234 1906 3398 1967 Sicut
3438 1909 3499 1967 in
3554 1908 3804 1969 Actibus

2078 1999 2467 2074 apostolorum
2498 1997 2710 2057 dicitur
2748 2016 2761 2056 :
2798 2023 2824 2046 α
2857 1997 2939 2055 De
2979 2002 3132 2055 secta
3174 2004 3372 2056 autem
3404 1997 3510 2055 hac
3555 1998 3800 2070 scimus,

2078 2089 2218 2162 quia
2246 2089 2466 2163 ubique
2496 2088 2550 2146 ei
2580 2086 2995 2147 contradicitur
3022 2087 3168 2159 (Act.
3203 2091 3332 2161 XX).
3370 2110 3393 2140 ι
3426 2087 3498 2145 Et
3528 2086 3745 2147 Paulus
3782 2112 3800 2147 :

2085 2204 2112 2229 α
2159 2179 2573 2251 Przedicamus,
2623 2179 2834 2254 inquit,
2894 2177 3099 2237 Jesum
3147 2178 3519 2250 cruciﬁxum,
3573 2177 3806 2238 Judmis

2080 2268 2318 2341 quidem
2346 2267 2705 2339 scandalum,
2737 2265 3008 2342 gentibus
3034 2273 3234 2327 autem
3264 2266 3569 2326 stultitiam
3602 2272 3644 2337 (Ι
3669 2270 3797 2326 Cor.

2080 2358 2142 2429 Ι).
2181 2378 2201 2409 ι
2235 2356 2346 2416 Sed
2388 2356 2673 2431 quoniam
2712 2356 2865 2431 quod
2906 2356 3152 2415 stultum
3193 2364 3278 2414 est
3319 2354 3443 2423 Dei,
3475 2356 3800 2430 sapientius

2082 2452 2166 2504 est
2204 2445 2560 2515 hominibus,
2593 2453 2650 2503 et
2687 2444 2842 2521 quod
2885 2445 3189 2504 inﬁrmum
3220 2452 3305 2503 est
3344 2443 3445 2502 Dei
3478 2445 3682 2502 fortius
3710 2452 3802 2503 est

2084 2534 2437 2602 hominibus,
2469 2533 2818 2607 Redemptor
2845 2542 3060 2601 noster,
3094 2533 3196 2606 qui
3233 2547 3350 2591 non
3381 2532 3539 2592 venit
3575 2532 3805 2590 mittere

2085 2639 2303 2698 pacem,
2339 2623 2436 2683 sed
2473 2622 2733 2697 gladium
2777 2625 2994 2696 (Matth.
3033 2625 3117 2695 X),
3147 2621 3324 2681 lorica
3368 2621 3559 2680 carnis
3604 2622 3803 2679 accin-

2082 2720 2227 2778 ctus,
2262 2712 2323 2770 in
2363 2712 2541 2786 hujus
2569 2710 2777 2770 mundi
2817 2726 3088 2786 campum
3132 2710 3499 2784 przeliaturus
3537 2710 3801 2778 accessit,

2084 2809 2140 2859 et
2171 2799 2458 2859 vexillum
2498 2800 2812 2873 praeferens
2838 2799 3050 2870 crucis,
3083 2798 3348 2858 omnium
3372 2798 3483 2858 sibi
3524 2798 3803 2856 resisten-

2089 2889 2235 2948 tium
2281 2887 2424 2946 colla
2454 2888 2716 2947 calcavit.
2760 2887 2857 2948 Sic
2922 2889 3004 2947 sic
3045 2887 3313 2947 videlicet
3358 2887 3567 2946 Potens
3606 2893 3807 2945 noster

2086 2979 2152 3036 in
2180 2977 2378 3052 prmlio
2402 2984 2458 3036 et
2476 2965 2727 3037 'hostiles
2756 2979 3107 3052 quandoque
3132 2978 3285 3038 acies
3329 2977 3403 3036 ad
3430 2990 3535 3035 sua
3560 2991 3807 3036 conver-

2089 3070 2172 3140 tit,
2205 3076 2400 3128 etnon
2426 3068 2613 3127 solum
2652 3077 2914 3143 mortem,
2954 3070 3055 3129 sed
3085 3076 3141 3128 et
3177 3070 3368 3143 ipsum
3400 3067 3603 3127 mortis
3632 3069 3803 3141 prin-

2088 3160 2271 3234 cipem
2303 3175 2490 3233 usque
2519 3159 2591 3218 ad
2622 3159 2853 3219 inferna
2895 3167 3231 3233 persecutus
3267 3158 3570 3218 exstinxit.
3606 3159 3805 3232 Hujus

2086 3263 2224 3306 sane
2253 3247 2391 3307 belli
2436 3249 2557 3322 jam
2603 3255 2739 3308 tunc
2768 3249 3035 3307 minister
3078 3256 3199 3307 erat
3234 3247 3458 3322 Moyses
3506 3262 3644 3306 cum
3690 3263 3807 3321 pu-

2084 3346 2283 3412 gnaret
2312 3346 2511 3398 contra
2545 3339 2824 3398 Amalech
2870 3341 3071 3410 (Exod.
3098 3343 3273 3408 XVII).
3324 3338 3413 3396 Ad
3444 3337 3601 3412 quod
3635 3338 3806 3396 vide-

2086 3428 2217 3487 licet
2242 3427 2457 3487 bellum
2477 3444 2595 3487 non
2612 3428 2853 3503 gladios,
2878 3442 2995 3486 non
3021 3427 3130 3487 tela
3149 3427 3420 3497 vibravit,
3448 3426 3547 3486 sed
3573 3427 3802 3500 virgam

2085 3516 2188 3574 Dei
2218 3516 2280 3574 in
2309 3532 2488 3576 manu
2515 3517 2741 3589 detulit,
2770 3532 2905 3594 quas
2929 3518 3129 3591 procul
3151 3517 3329 3576 dubio
3353 3516 3577 3590 lignum
3612 3517 3804 3575 crucis

2086 3605 2401 3664 Dominicae
2442 3606 2730 3678 ﬁguravit.
2782 3605 2894 3665 Sed
2938 3614 3058 3665 esto
3089 3612 3151 3665 ut
3195 3606 3421 3680 virgam
3461 3605 3703 3675 deferat,
3737 3614 3803 3663 ut

2085 3693 2146 3751 in
2203 3693 2351 3767 ligni
2402 3700 2761 3753 sacramento
2816 3693 3087 3763 conﬁdat,
3145 3702 3201 3753 et
3269 3708 3388 3752 non
3439 3694 3640 3765 armis,
3700 3692 3800 3750 sed

2086 3781 2244 3855 ligno
2286 3781 2476 3854 potius
2517 3789 2777 3841 armatus
2819 3782 3075 3840 hostium
3116 3797 3333 3840 cuneos
3373 3780 3803 3840 debellaturum

2085 3888 2145 3929 se
2183 3886 2307 3929 esse
2351 3886 2469 3929 non
2500 3870 2775 3945 ambigat,
2810 3872 2925 3930 nisi
2960 3878 3153 3930 tamen
3198 3870 3443 3945 speciem
3478 3870 3668 3928 crucis
3693 3885 3809 3927 ex-

2084 3960 2372 4035 presserit,
2402 3960 2517 4018 nisi
2557 3960 2907 4035 triumphale
2950 3960 3238 4019 vexillnm
3266 3960 3331 4018 in
3361 3958 3612 4018 sublime
3641 3959 3807 4016 leva-

2088 4053 2258 4123 verit,
2290 4050 2513 4110 nullam
2554 4058 2705 4110 certe
2742 4052 3042 4111 victoriam
3083 4052 3155 4111 de
3196 4051 3494 4124 prostratis
3536 4049 3811 4109 hostibus

2084 4141 2388 4201 obtinebit.
2810 4168 2815 4171 λ

2156 4232 2390 4292 Habens
2418 4232 2611 4308 itaque
2642 4234 2867 4308 Moyses
2896 4235 3118 4307 virgam
3160 4231 3223 4291 in
3265 4247 3465 4304 manu,
3495 4230 3608 4289 hoc
3641 4229 3812 4289 insu-

2086 4336 2187 4396 per
2215 4321 2437 4380 addidit
2478 4329 2543 4381 ut
2572 4322 2807 4381 brachia
2846 4337 2951 4381 sua
2993 4321 3053 4379 in
3088 4321 3324 4380 modum
3358 4319 3549 4379 crucis
3576 4334 3809 4391 expan-

2086 4411 2264 4481 deret,
2292 4411 2490 4485 sicque
2529 4411 2649 4485 jam
2693 4413 2910 4471 factum
2957 4415 3061 4480 est,
3091 4418 3157 4469 ut
3192 4414 3551 4469 catervarum
3596 4408 3809 4466 adver-

2087 4500 2343 4558 santium
2372 4501 2525 4558 acies
2558 4500 2718 4573 ligno
2744 4506 2801 4558 et
2830 4501 2996 4573 signo
3024 4500 3134 4558 hoc
3164 4498 3337 4573 pleno
3367 4498 3554 4558 crucis
3583 4506 3807 4571 myste-

2087 4588 2173 4647 rio
2200 4595 2512 4663 superaret.
2556 4588 2678 4647 Hoc
2716 4588 2875 4647 enim
2916 4603 3077 4646 sacra
3111 4593 3348 4647 testatur
3376 4587 3634 4655 historia,
3664 4602 3804 4645 cum

2090 4678 2229 4736 dicit
2257 4698 2270 4735 :
2309 4703 2335 4727 κ
2361 4677 2512 4737 Dum
2545 4678 2762 4737 levaret
2783 4694 2992 4737 manus
3017 4676 3266 4751 Moyses,
3291 4676 3556 4735 vincebat
3582 4675 3807 4744 Israel;

2087 4768 2179 4825 sin
2216 4775 2409 4827 autem
2449 4766 2759 4842 paululum
2796 4767 3132 4837 remisisset,
3174 4765 3483 4839 superabat
3521 4763 3809 4823 Amalech

2088 4859 2289 4929 (Exod.
2334 4863 2509 4925 XVII).
2546 4880 2568 4907 ι
2605 4855 2727 4914 Hoc
2769 4856 2940 4929 plane
2988 4855 3223 4925 factum,
3265 4856 3471 4914 fratres
3514 4856 3648 4925 mei,
3681 4868 3808 4911 non

2087 4948 2279 5007 solum
2328 4946 2609 5022 spiritalis
2654 4944 3056 5020 intelligentiae
3105 4950 3554 5016 sacramentum,
3598 4944 3695 5003 sed
3752 4952 3815 5004 et

2086 5037 2319 5096 virtutis
2372 5036 2543 5095 nobis
2589 5035 3040 5096 saluberrimum
3090 5028 3387 5093 convectat
3440 5034 3806 5107 exemplum.

2088 5124 2232 5183 250
2281 5127 2423 5187 Nam
2476 5127 2621 5187 dum
2674 5142 2902 5187 crucem
2962 5132 3089 5199 post
3143 5125 3462 5185 Dominum
3518 5124 3807 5197 tollimus,

2087 5216 2231 5276 dum
2262 5216 2432 5276 corda
2460 5224 2653 5275 nostra
2680 5230 2814 5275 cum
2852 5215 3129 5273 manibus
3174 5214 3247 5274 ad
3286 5213 3472 5274 Deum
3516 5213 3807 5283 levamus,

2088 5313 2333 5365 rectores
2367 5303 2735 5364 tenebrarum
2768 5301 3036 5376 protinus
3072 5306 3377 5372 corruunt,
3409 5301 3473 5359 in
3511 5299 3627 5358 ima
3666 5315 3811 5374 pro-

2093 5395 2251 5454 strati
2302 5394 2496 5454 fractis
2533 5392 2757 5453 viribus
2795 5391 3113 5450 eliduntur.
3168 5390 3230 5451 Si
3277 5405 3413 5449 vero
3452 5402 3665 5448 manus
3709 5405 3813 5447 re-

2092 5483 2401 5555 mittimus,
2473 5489 2529 5540 et
2576 5480 2745 5541 obliti
2801 5479 3146 5549 caelestium,
3208 5486 3431 5538 terrena
3490 5484 3808 5549 sectamur,

2088 5572 2354 5649 protinus
2408 5571 2589 5631 hostis
2643 5570 2828 5630 victor
2882 5569 3235 5642 insequitur,
3289 5575 3346 5627 et
3420 5582 3526 5627 nos
3587 5566 3814 5627 amissa
