4064 6208
284 314 390 374 769

1765 311 2013 374 SERMO
2052 306 2309 373 XLVIII.

3690 293 3800 353 770

284 442 525 503 victoria
550 442 1019 517 persequentium
1047 440 1255 516 gladiis
1280 441 1718 501 obtruncamur.
1746 441 1809 499 In
1835 440 1995 500 omni
2026 435 2330 500 Adcxtera
2387 448 2571 507 usque
2605 431 2674 490 ad
2716 412 3030 499 sinistram,
3061 436 3115 486 et
3142 426 3332 517 decies
3365 430 3587 517 tantum
3620 436 3797 496 quam

282 548 423 591 sane
474 529 722 604 spiritali
777 530 1093 588 certamine
1141 532 1332 589 crucis
1389 531 1672 590 debemus
1730 530 2005 605 praeferre

282 620 595 689 vexillum,
626 619 781 694 quod
812 619 1095 677 nimirum
1127 620 1182 677 si
1214 619 1464 678 viriliter
1508 626 1744 691 agentes
1788 618 2006 677 attolli-

284 727 439 779 mus,
472 710 671 784 procul
721 709 897 768 dubio
944 709 1190 768 victores
1247 710 1598 781 existimus;
1648 711 1907 785 alioquin
1955 710 2001 767 si

286 799 541 874 segniter
582 797 836 856 vivendo
876 797 1245 871 deponimus,
1293 798 1363 856 ad
1407 797 1627 871 primos
1663 812 2008 871 persequen-

286 887 437 947 tium
510 886 768 961 impetus
824 901 1057 945 necesse
1121 891 1206 945 est
1263 886 1552 944 enerviter
1605 885 2003 946 concidamus.

288 975 457 1034 Unde
503 983 557 1035 et
604 974 857 1049 insignis
908 974 1008 1032 ille
1055 974 1283 1033 militiae
1355 973 1630 1047 spiritalis
1692 975 2007 1033 instructor

287 1063 508 1124 Paulus
553 1064 682 1123 ait:
727 1087 753 1115 α
784 1065 1077 1124 Remissas
1124 1080 1356 1137 manus,
1388 1076 1444 1123 et
1493 1063 1768 1123 dissoluta
1815 1079 2008 1138 genua

286 1151 513 1225 erigite,
538 1159 595 1210 et
643 1168 876 1226 gressus
928 1160 1111 1212 rectos
1154 1153 1322 1213 facite
1369 1153 1614 1228 pedibus
1650 1152 1877 1223 vestris,
1932 1167 2005 1210 ne

286 1240 622 1300 claudicans
651 1241 786 1314 quis
809 1247 959 1300 erret
990 1243 1174 1312 (Hebr.
1206 1247 1338 1312 XII).
1376 1265 1402 1292 ι»

364 1329 488 1389 Hoc
549 1345 757 1404 nempe
818 1330 1105 1389 vexillum
1160 1336 1217 1388 et
1268 1330 1515 1399 Gedeon
1559 1330 1710 1402 sibi,
1767 1331 2006 1404 suisque

290 1418 791 1479 commilitonibus
808 1420 993 1494 typice
1005 1419 1282 1495 praetulit,
1299 1420 1403 1494 qui
1422 1426 1621 1479 contra
1639 1436 1823 1491 arma,
1847 1437 2010 1479 arma

293 1507 571 1579 deseruit,
601 1508 844 1568 inermis
872 1517 1125 1569 armatos
1152 1510 1386 1580 invasit,
1414 1516 1470 1566 et
1496 1509 1567 1568 ad
1596 1509 2005 1570 debellandum

294 1595 746 1657 Madianitarum
818 1597 1260 1658 multitudinem
1329 1597 1570 1656 dimissa
1635 1597 2008 1657 multitudine

293 1703 429 1747 cum
482 1687 681 1762 paucis
731 1688 893 1747 venit
936 1690 1096 1762 i-(Jud.
1139 1690 1260 1761 vn).
1294 1687 1505 1746 Divina
1556 1687 1841 1761 siquidem
1895 1688 2006 1748 sibi

2091 523 2359 587 altitudo,
2387 537 2517 595 quas
2568 528 2654 579 est
2700 527 2831 577 ante
2875 524 2930 576 et
2967 524 3134 575 retro.
3179 515 3275 575 Sic
3329 512 3613 571 nimirum
3671 524 3803 568 arca

2088 621 2142 671 ct
2194 612 2253 669 in
2316 609 2728 669 trecentenario
2781 607 3159 679 longitudinis
3217 621 3342 664 sua:
3385 615 3633 661 numero
3673 616 3804 672 spe-

2087 702 2234 759 ciem
2297 700 2506 770 crucis,
2565 704 2620 756 et
2666 697 2727 754 in
2783 697 2955 756 totius
3010 711 3132 753 sum
3188 692 3577 752 dimensionis
3636 689 3801 747 habi-

2086 790 2289 849 tudine
2350 789 2594 861 tiguram
2660 792 2814 843 tenet
2870 782 3157 842 Dominici
3213 780 3492 855 corporis.
3537 779 3607 836 Et
3659 777 3809 836 sicut

2088 885 2304 956 septem
2354 877 2568 934 animus
2615 875 2907 934 donantur
2950 871 3089 942 Noe,
3131 876 3194 929 ut
3252 886 3357 944 per
3410 869 3639 942 lignum
3692 864 3807 956 sals

2086 954 2301 1028 ventur
2352 966 2415 1024 in
2475 965 2650 1023 undis
2681 1010 2696 1034 ,
2758 963 2840 1020 sic
2892 969 3105 1033 septem
3159 958 3436 1017 Ecclesia;
3490 954 3807 1032 septifornii

2090 1061 2309 1136 Spiritu
2372 1057 2602 1132 repletas
2672 1053 2972 1112 salvantur
3017 1051 3078 1109 in
3135 1051 3361 1109 Christo
3426 1066 3527 1124 per
3578 1048 3807 1121 lignum

2086 1148 2277 1207 crucis
2306 1152 2362 1204 et
2398 1159 2608 1217 aquam
2639 1140 3025 1217 hptismalis.
3062 1138 3168 1196 Per
3196 1137 3420 1211 lignum
3465 1152 3672 1210 nempe
3701 1150 3808 1193 nos

2087 1236 2353 1298 servituti
2408 1235 2674 1309 printeps
2724 1229 3008 1306 superbiai
3062 1227 3358 1298 subdidit,
3416 1244 3520 1301 per
3584 1226 3810 1299 lignum

2087 1344 2194 1387 nos
2226 1325 2571 1385 humilitatis
2597 1329 2795 1382 auctor
2831 1323 2894 1381 in
2939 1319 3217 1377 libertatis
3252 1318 3446 1377 titulos
3483 1315 3793 1377 revocavit.

2088 1417 2197 1475 Per
2223 1416 2453 1488 lignum
2488 1428 2593 1471 nos
2637 1418 2919 1486 tyrannus
2954 1416 3227 1482 perpetuo
3262 1407 3537 1479 relegavit
3565 1405 3795 1477 exsilio,

2086 1521 2189 1582 per
2212 1504 2435 1576 lignum
2459 1500 2803 1559 mitissimus
2822 1499 2946 1556 Rex
2968 1496 3226 1555 hmredes
3245 1496 3498 1553 decrevit
3518 1495 3577 1552 in
3598 1507 3794 1566 regno.

2090 1594 2199 1653 Per
2236 1593 2460 1667 lignum
2517 1606 2721 1649 sumus
2758 1589 2829 1648 ad
2865 1602 3169 1662 porcorum
3217 1584 3535 1643 custodiam
3584 1589 3639 1640 et
3675 1582 3799 1640 sili-

2090 1700 2337 1761 quarum
2386 1680 2765 1755 indigentiam
2812 1676 3109 1747 devoluti;
3153 1691 3256 1749 per
3304 1674 3528 1747 lignum
3567 1684 3805 1744 quoque

293 1776 693 1838 admonitione
733 1782 1089 1851 praeceptum
1132 1782 1217 1835 est
1257 1783 1324 1835 ut
1356 1776 1430 1835 ad
1460 1775 1708 1835 ﬂuvium
1738 1777 2067 1854 veniens,B
2090 1773 2343 1849 paternis
2407 1786 2611 1830 sumus
2681 1766 3050 1840 amplexibus
3103 1762 3311 1823 redditi
3344 1807 3367 1854 ,_
3428 1764 3809 1854 perceptaque

293 1883 501 1928 omnes
529 1883 675 1943 quos
707 1867 878 1926 ﬂexis
922 1867 1171 1941 genibus
1211 1882 1392 1941 aquas
1433 1866 1670 1926 haurire
1715 1868 2012 1942 conspice-

295 1963 387 2016 ret
403 1973 439 2016 a
463 1956 753 2016 bellorum
780 1956 1290 2030 congressionibus
1311 1964 1624 2017 amoveret.
1658 1956 2013 2031 Factumque

295 2052 405 2118 est,
435 2053 491 2105 et
541 2047 775 2106 trecenti
810 2047 923 2105 viri
967 2046 1390 2118 tantummodo,
1428 2047 1531 2120 qui
1573 2054 1786 2107 stantes
1823 2049 2013 2107 mani-

296 2135 414 2194 bus
458 2150 639 2210 aquas
678 2136 1010 2202 hauserant,
1044 2140 1466 2195 remanserunt.
1496 2134 1644 2205 Quid
1693 2143 1779 2194 est
1818 2143 2013 2195 autem

296 2222 457 2296 quod
504 2222 734 2282 Gedeon
781 2224 1046 2282 trecentis
1091 2229 1396 2282 contentus
1435 2222 1725 2283 militibus
1761 2224 1832 2283 ad
1864 2223 2015 2281 bella

296 2312 685 2387 progreditur,
722 2313 834 2373 nisi
866 2313 1009 2387 quia
1052 2313 1147 2372 hic
1195 2328 1481 2372 numerus
1511 2312 1573 2370 in
1604 2312 1768 2371 Thau
1804 2312 2012 2377 littera,

299 2417 436 2476 quae
484 2403 748 2463 videlicet
794 2404 982 2462 crucis
1023 2403 1302 2477 exprimit
1338 2404 1603 2477 speciem,
1635 2401 2014 2460 continetur?

301 2493 413 2553 Cui
452 2494 703 2567 profecto
734 2493 941 2553 littera:
969 2493 1019 2552 si
1061 2510 1234 2568 super
1266 2499 1653 2552 transversam
1699 2493 1914 2550 lineam
1956 2490 2016 2549 id

298 2578 629 2654 adderetur,
663 2582 817 2659 quod
855 2583 919 2641 in
963 2598 1135 2643 cruce
1172 2582 1440 2656 superius
1489 2582 1726 2651 eminet,
1757 2596 1873 2639 non
1895 2581 2016 2653 jam

300 2673 496 2732 crucis
541 2673 778 2746 species,
810 2673 911 2732 sed
958 2673 1150 2747 potius
1187 2674 1311 2747 ipsa
1350 2689 1495 2731 crux
1530 2678 1697 2731 esset.
1731 2670 1873 2741 Quia
1905 2672 2016 2744 igi-

301 2764 403 2819 tur
442 2761 925 2820 trecentenarium
964 2775 1279 2820 numerum
1316 2759 1483 2819 Thau
1525 2759 1714 2817 littera
1741 2758 2015 2829 continet,

302 2864 441 2924 quae
476 2848 727 2922 figuram
772 2850 961 2908 crucis
1011 2849 1270 2919 exhibet,
1304 2863 1421 2906 non
1470 2846 1764 2906 immerito
1813 2847 1874 2905 in
1926 2847 2018 2905 his

302 2939 577 2996 trecentis
627 2937 952 2996 Gedeonem
1008 2936 1410 3012 sequentibus,
1464 2935 1552 2993 illi
1609 2950 1812 2994 omnes
1861 2935 2015 2994 desi-

300 3028 465 3102 gnati
514 3033 669 3100 sunt,
709 3029 928 3102 quibus
980 3028 1228 3087 dicitur:
1282 3052 1309 3077 κ
1357 3026 1417 3086 Si
1466 3027 1599 3101 quis
1640 3027 1766 3085 vult
1822 3027 2018 3085 venire

301 3123 433 3191 post
481 3132 575 3175 me
604 3163 620 3187 ,
675 3118 929 3192 abneget
977 3119 1351 3193 semetipsum
1391 3162 1409 3187 ,
1460 3125 1517 3175 et
1572 3116 1731 3175 tollat
1785 3133 2016 3176 crucem

302 3221 474 3264 suam
520 3206 780 3280 quotidie
808 3250 822 3279 ,
877 3212 933 3265 et
991 3213 1266 3281 sequatur
1317 3221 1412 3264 me
1464 3208 1612 3278 (Luc.
1669 3212 1770 3278 IX).
1830 3231 1856 3255 ››
1910 3204 2017 3273 Qui

216 3324 227 3327 τ
302 3296 591 3356 nimirum
630 3304 936 3372 sequentes
984 3298 1302 3358 Dominum
1352 3297 1753 3359 tanto.verius
1787 3310 2017 3355 crucem

304 3385 537 3454 tollunt,
594 3394 810 3462 quanto
863 3393 919 3446 et
962 3388 1074 3462 ipsi
1121 3388 1314 3447 acrius
1363 3386 1724 3460 afﬂiguntur,
1775 3392 1831 3443 et
1884 3400 2019 3459 erga

303 3474 711 3549 delinquentes
747 3478 1065 3549 proximos,
1098 3477 1191 3535 vel
1239 3481 1470 3550 egentes
1520 3475 1631 3548 piae
1664 3477 2017 3548 compassio-

302 3562 403 3622 nis
447 3563 715 3623 incendio
769 3569 1227 3624 concrementur.
1286 3563 1450 3623 Unde
1506 3579 1609 3638 per
1659 3563 2018 3622 Ezechielem

303 3652 520 3711 dicitur
545 3677 558 3711 :
590 3676 611 3705 ι
641 3651 818 3727 Signa
844 3653 1010 3713 Thau
1043 3669 1218 3727 super
1248 3653 1465 3712 frontes
1492 3653 1756 3711 virorum
1783 3668 2022 3727 gemen-

301 3744 456 3803 tium
509 3749 565 3803 et
604 3745 925 3804 dolentium
985 3761 1158 3819 super
1198 3744 1423 3803 cunctis
1461 3744 2015 3814 abominationibus,

301 3849 441 3908 quae
490 3833 641 3893 ﬁunt
680 3834 743 3893 in
786 3835 977 3894 medio
1018 3834 1385 3894 Hierusalem
1433 3836 1644 3908 (Ezech.
1690 3836 1797 3908 IX).
1834 3857 1854 3885 ι
1912 3833 2019 3906 Vel

299 3925 455 3979 certe
503 3921 565 3978 in
601 3922 695 3981 his
735 3923 1022 3993 trecentis,
1054 3922 1156 3998 qui
1186 3921 1354 3981 Thau
1395 3921 1580 3982 littera
1621 3921 2015 3994 continentur,

300 4008 414 4067 hoc
443 4009 810 4083 exprimitur,
844 4011 998 4086 quod
1045 4012 1264 4069 ferrum
1320 4011 1570 4070 hostium
1624 4011 1813 4070 crucis
1862 4009 2021 4082 ligno

301 4106 631 4171 superetur.
691 4099 759 4158 In
815 4100 1018 4159 eodem
1073 4115 1306 4175 quoque
1355 4101 1545 4159 crucis
1595 4100 1908 4174 mysterio,
1964 4104 2020 4156 et

303 4187 604 4246 Abraham
657 4189 1018 4263 triumphum
1072 4189 1252 4249 victor
1302 4189 1577 4260 obtinuit,
1617 4190 1720 4264 qui
1757 4190 2018 4264 quinque

304 4292 473 4350 reges
525 4293 659 4336 cum
712 4278 979 4337 trecentis
1029 4277 1227 4337 decem
1271 4284 1329 4337 et
1370 4285 1497 4337 octo
1546 4278 1873 4337 vernaculis
1913 4278 2013 4335 de-

303 4367 548 4427 bellavit
580 4370 737 4439 (Gen.
769 4373 918 4439 XIV).
952 4368 1155 4428 Crucis
1200 4368 1542 4442 mysterium
1588 4374 1645 4425 et
1687 4366 1790 4425 illa
1840 4367 1903 4425 in
1956 4381 2018 4425 se

306 4456 525 4516 diluvii
560 4474 692 4517 arca
721 4456 1024 4529 continuit,
1064 4458 1230 4532 cujus
1265 4456 1688 4532 longitudinem
1727 4460 2011 4514 trecento-

305 4563 444 4607 rum
472 4548 654 4608 fuisse
681 4549 1008 4608 cubitorum
1037 4546 1331 4622 Scriptura
1351 4547 1555 4605 deﬁnit
1581 4548 1734 4619 (Gen.
1767 4546 1871 4615 VI).

381 4636 559 4695 Porro
598 4637 748 4696 sicut
800 4637 919 4697 Noe
956 4652 1090 4697 cum
1128 4636 1251 4696 suis
1287 4652 1388 4710 per
1423 4651 1634 4710 aquam
1666 4634 2016 4709 lignumque

306 4726 600 4799 salvatur,
658 4728 740 4787 sic
794 4735 851 4787 et
903 4729 1115 4788 Christi
1175 4728 1394 4787 familia
1444 4743 1595 4801 aqua
1628 4726 1903 4785 'salvatur
1963 4732 2019 4784 et

306 4814 491 4888 ligno,
521 4816 664 4874 dum
696 4822 751 4874 et
793 4817 1075 4891 baptismo
1125 4816 1329 4875 salutis
1369 4814 1647 4885 abluitur,
1680 4821 1735 4873 et
1766 4815 2016 4873 viviﬁcaa

304 4905 501 4964 crucis
540 4905 918 4979 impressione
966 4909 1247 4979 signatur.
1284 4905 1427 4976 Quae
1468 4905 1734 4964 videlicet
1784 4919 1914 4962 arca
1956 4909 2021 4961 ut

304 4992 376 5051 in
434 5002 791 5055 sacramento
847 4996 1058 5055 Christi
1125 4995 1368 5055 humani
1433 4994 1686 5068 corporis
1756 4984 2023 5051 videatur

304 5083 673 5157 aequiparare
724 5100 1078 5156 mensuram,
1134 5090 1413 5143 trecentos
1470 5084 1742 5143 habuisse
1795 5081 2023 5141 cubitos

302 5172 377 5231 in
424 5172 807 5247 longitudine,
853 5173 1277 5248 quinquaginta
1319 5174 1381 5232 in
1429 5172 1753 5242 latitudine,
1788 5171 2022 5246 triginta

302 5278 451 5324 vero
510 5265 571 5323 in
632 5264 940 5324 altitudine
998 5263 1357 5338 perhibetur.
1424 5262 1690 5321 Trecenti
1766 5276 2023 5334 namque

302 5353 882 5430 quinquagenarium
935 5368 1246 5414 numerum
1295 5352 1507 5421 sexies,
1540 5358 1595 5409 et
1646 5351 2022 5410 tricenarium

298 5447 377 5505 in
426 5460 487 5503 se
534 5444 722 5504 decies
769 5444 1097 5505 includunt.
1152 5444 1221 5501 Et
1276 5440 1520 5502 humani
1579 5442 1834 5515 corporis
1892 5441 2023 5500 lon-

296 5537 533 5612 gitudo,
596 5553 630 5596 a
696 5536 915 5595 vertice
965 5530 1105 5589 251
1158 5531 1423 5592 videlicet
1474 5546 1662 5608 usque
1701 5530 1774 5590 ad
1822 5531 2019 5606 pedes,

301 5628 507 5688 sexies
558 5632 781 5689 tantum
844 5625 1017 5685 habet
1087 5638 1264 5699 quam
1318 5621 1562 5682 latitudo
1589 5668 1605 5693 ,
1664 5636 1798 5698 quae
1845 5626 1932 5683 est
1990 5637 2025 5681 a

2097 1864 2241 1923 stola
2290 1878 2426 1921 cum
2477 1860 2697 1918 annulo
2754 1858 2815 1915 in
2871 1854 3225 1915 consortium
3284 1852 3547 1926 pristiam
3598 1863 3806 1906 sumus

2098 1952 2450 2011 hereditatis
2500 1947 2722 2006 adsciti.
2772 1945 3023 2017 Lignum
3078 1959 3183 2001 nos
3234 1940 3496 2014 improbo
3550 1934 3805 1994 exactori

2097 2042 2344 2101 censitos
2400 2037 2666 2107 reddidit,
2709 2036 2935 2108 lignum
2994 2034 3191 2092 omnia
3242 2029 3412 2089 simul
3467 2025 3804 2086 inexhausli

2100 2131 2340 2191 fmnoris
2386 2129 2567 2188 nostri
2610 2127 2823 2186 tributa
2876 2124 3170 2199 persolvit.
3220 2120 3602 2194 Perdignum
3639 2131 3807 2190 porro

2100 2221 2173 2279 ab
2216 2222 2429 2278 haustu
2475 2215 2745 2292 perennis
2783 2215 2960 2273 fontis
2984 2212 3268 2281 aruimus,
3294 2226 3396 2284 per
3426 2208 3650 2283 lignum
3681 2220 3809 2265 roxe

2100 2309 2350 2370 cmlestis
2376 2309 2577 2383 gratiae
2608 2304 2896 2381 copiosius
2922 2300 3305 2361 inundamur.

2174 2399 2338 2457 Hanc
2372 2398 2545 2473 plane
2581 2393 2903 2454 caelestium
2939 2391 3353 2449 charismatum
3401 2382 3805 2444 inundantiam

2102 2488 2331 2563 Moyses
2374 2486 2562 2562 typice
2616 2482 2910 2558 ﬁguravit,
2941 2478 3173 2552 quando
3224 2477 3285 2534 in
3329 2474 3528 2563 Cades,
3561 2474 3809 2563 quaeest

2102 2577 2164 2636 in
2203 2558 2565 2635 deserto‘Sin
2605 2573 2823 2632 divinaa
2860 2566 3258 2644 promissionis
3304 2562 3649 2622 addubitans
3691 2558 3808 2616 lar-

2103 2668 2371 2743 gissimas
2406 2682 2584 2741 aquas
2624 2663 2845 2722 silicem
2888 2659 3276 2734 percutiendo,
3310 2654 3587 2730 produxit
3624 2653 3805 2743 (Nam.

2104 2741 2456 2832 x).:Propter
2492 2762 2719 2829 peccata
2749 2752 2970 2811 scilicet
2996 2747 3212 2822 populi,
3255 2745 3408 2822 quod
3447 2750 3502 2803 et
3543 2743 3666 2816 ipse
3688 2741 3807 2832 jaiu

2104 2830 2569 2906 fecerat'rursus
2614 2859 2674 2902 se
2728 2844 2912 2899 facere
2950 2854 3115 2912 posse
3162 2835 3413 2904 difﬁdit,
3464 2838 3637 2906 atque
3682 2830 3813 2887 ideo

2102 2936 2165 2994 in
2196 2930 2658 3008 repromissionis
2696 2935 2902 2987 terram
2942 2926 3211 2985 eumdem
3246 2923 3526 2998 populum
3572 2918 3814 3008 Domino

2102 3006 2447 3099 prohibente
2502 3018 2841 3078 nullatenus
2897 3015 3242 3072 introduxit.
3306 3012 3491 3080 Quam
3550 3006 3816 3065 videlicet

2105 3111 2476 3179 dubietatem,
2517 3113 2573 3166 et
2622 3106 2807 3180 ipsius
2846 3103 3062 3177 Moysis
3118 3100 3292 3159 verba
3336 3101 3636 3165 testantur,
3676 3108 3811 3152 cuiu

2101 3198 2225 3257 ait:
2261 3222 2281 3249 α
2318 3197 2553 3267 Audite,
2596 3193 2842 3252 rebelles
2889 3199 2943 3250 et
2996 3188 3303 3259 increduli,
3348 3201 3495 3246 num
3542 3184 3613 3242 de
3658 3186 3818 3256 petra

2099 3289 2208 3346 hac
2249 3286 2415 3345 vobis
2464 3298 2675 3358 aquam
2722 3279 3040 3355 poterimus
3080 3278 3338 3337 elicere?
3366 3302 3393 3327 ιο
3435 3276 3616 3348 (Ibid.)
3659 3270 3816 3329 Tan-

2100 3392 2275 3451 quam
2326 3374 2573 3443 diceret,
2622 3386 2728 3429 nos
2776 3383 2893 3427 non
2944 3365 3209 3424 valemus
3258 3364 3413 3438 quod
3469 3378 3646 3436 supra
3695 3360 3813 3451 hu-

2099 3448 2391 3526 manitatis
2421 3463 2579 3522 vires
2609 3468 2715 3532 est,
2755 3460 2962 3528 facere,
2998 3456 3137 3530 quia
3167 3471 3269 3513 vos
3296 3470 3416 3513 non
3454 3448 3822 3525 acquiescitis

2100 3553 2254 3628 quod
2291 3553 2619 3611 humanum
2652 3556 2737 3607 est
2784 3544 3134 3619 adimplere;
3166 3558 3271 3601 nec
3317 3541 3557 3614 signum
3609 3552 3819 3613 possu-

2102 3660 2234 3703 mus
2263 3659 2339 3701 ex
2369 3641 2584 3699 virtute
2633 3635 2959 3696 divinitatis
2999 3632 3318 3704 ostendere,
3349 3630 3489 3706 quia
3517 3643 3620 3687 vos
3658 3642 3817 3717 iiun-
3923 3700 3934 3717 ἱ

2100 3747 2279 3808 quam
2339 3728 2605 3787 desinitis
2662 3725 2780 3783 Deo
2832 3738 2934 3797 per
2999 3720 3333 3780 rebellionis
3390 3714 3817 3808 contumaciam

2101 3801 2406 3879 contraire.
2444 3815 2557 3875 Sed
2598 3820 2757 3888 petra
2792 3810 2915 3881 illa,
2956 3810 3129 3884 juxta
3162 3805 3524 3882 Apostolum,
3555 3801 3821 3862 Christus

2099 3917 2223 3969 erat
2252 3911 2299 3982 (Ι
2322 3910 2444 3966 Cor.
2476 3908 2559 3975 Χ).

2173 3998 2408 4058 Accedit
2452 3994 2632 4069 igitur
2663 3992 2826 4066 virga
2854 3991 2926 4049 ad
2958 3988 3204 4059 silicem,
3229 3992 3284 4046 et
3334 3983 3662 4045 haurienda
3718 3997 3823 4055 po-

2102 4088 2257 4163 pulis
2301 4102 2451 4162 aqua
2498 4082 2878 4159 producitur;
2915 4080 3223 4140 adhibetur
3266 4092 3413 4135 crux
3462 4072 3716 4143 Christo,
3768 4080 3826 4130 ot

2102 4179 2369 4240 omnium
2421 4176 2593 4237 corda
2657 4173 3015 4233 credentium
3070 4171 3254 4245 gratia
3330 4167 3513 4227 sancti
3575 4164 3825 4239 Spiritus

2100 4270 2438 4343 irrigantur.
2473 4266 2580 4323 Hic
2633 4271 2720 4323 est
2772 4262 2933 4322 enim
2986 4261 3153 4334 lapis,
3181 4257 3254 4318 de
3302 4273 3419 4331 quo
3463 4271 3565 4331 per
3601 4254 3824 4313 Zacha—

2104 4362 2252 4421 riam
2308 4360 2523 4418 dicitur
2585 4377 2600 4415 :
2665 4381 2690 4406 α
2754 4355 2941 4430 Super
2992 4351 3264 4427 lapidem,
3328 4348 3567 4424 inquit,
3629 4361 3815 4405 unum

2107 4457 2326 4526 septem
2378 4449 2537 4509 oculi
2590 4451 2729 4506 sunt
2781 4444 3085 4514 lZach.1n).
3122 4463 3145 4492 ι
3196 4439 3359 4509 Quod
3406 4436 3679 4495 videlicet
3735 4450 3825 4491 sa-

2030 4515 2079 4572 D
2106 4515 2473 4602 oramentum
2503 4545 2559 4597 et
2589 4537 2711 4611 ipse
2748 4535 2976 4609 Moyses
3017 4547 3117 4605 per
3171 4529 3442 4602 spiritum
3493 4542 3608 4584 non
3656 4527 3823 4597 igno-

2107 4648 2269 4692 rasse
2315 4629 2700 4704 cognoscitur,
2737 4626 2787 4684 si
2836 4623 3095 4697 ejusdem
3138 4617 3426 4679 subtiliter
3462 4614 3637 4673 verba
3679 4627 3823 4685 pen-

2112 4731 2315 4782 santur
2343 4745 2357 4780 :
2388 4742 2415 4774 α
2456 4718 2652 4793 Aperi,
2700 4715 2909 4790 inquit,
2958 4711 3224 4781 Domine,
3268 4708 3608 4765 thesaurum
3658 4711 3824 4793 tuum

2108 4817 2329 4874 fontem
2386 4790 2554 4884 aquai
2603 4807 2779 4875 vivae,
2827 4810 2892 4864 ut
2939 4801 3149 4873 satiati,
3207 4802 3389 4857 cesset
3444 4790 3829 4884 murmuratio

2112 4918 2315 4964 eorum
2372 4878 2551 4975 (Nam.
2605 4898 2737 4969 xx).
2782 4916 2804 4946 ι
2854 4894 3056 4965 Neque
3109 4889 3264 4948 enim
3330 4890 3445 4944 tam
3506 4878 3829 4955 magniﬁcis

2111 5001 2286 5066 atque
2338 4991 2554 5051 divinis
2589 4985 2783 5047 verbis
2830 4984 3183 5042 elementum
3238 4975 3585 5066 describeret
3607 4986 3693 5066 ex
3733 4985 3827 5026 ca-

2111 5061 2310 5143 vernis
2344 5079 2614 5139 videlicet
2660 5084 2826 5135 terrm
2860 5072 3175 5147 proﬂuam,
3207 5083 3273 5127 ac
3298 5065 3568 5136 deinceps
3601 5061 3665 5118 in
3694 5074 3827 5117 suc-

2112 5187 2385 5233 cessuum
2422 5167 2725 5229 cuniculos
2777 5162 3152 5236 egerendum.
3197 5154 3478 5230 Nunquid
3526 5151 3684 5211 enim
3734 5148 3830 5208 di-

2112 5277 2300 5338 gnum
2361 5259 2493 5330 fuit,
2551 5257 2698 5316 viles
2744 5268 2923 5328 aquas
2973 5251 3076 5310 Dei
3129 5246 3418 5338 appellare
3451 5241 3830 5338 thesaurum?

2118 5331 2229 5410 Sed
2262 5349 2365 5409 Dei
2397 5347 2737 5405 thesaurum
2776 5341 2948 5401 illum
2978 5337 3176 5415 procul
3226 5334 3404 5393 dubio
3443 5331 3730 5401 nominat,
3759 5331 3832 5387 de

2114 5454 2231 5513 quo
2286 5433 2595 5511 Apostolus
2651 5430 2838 5489 dicit:
2902 5427 3053 5499 Quia
3097 5427 3163 5484 in
3217 5427 3442 5513 pectore
3496 5419 3657 5513 Jesu
3695 5422 3832 5513 sunt

2114 5508 2318 5589 omnes
2342 5508 2611 5584 thesauri
2637 5518 2936 5596 sapientiae
2964 5523 3022 5578 et
3057 5514 3321 5578 scientiae
3339 5509 3663 5571 absconditi
3683 5508 3822 5596 (Col.

2114 5621 2189 5695 ιι).
2242 5617 2481 5680 Fontem
2533 5593 2724 5677 etiam
2762 5627 2932 5691 aquas
2995 5609 3150 5669 vivae
3202 5604 3374 5666 illum
3427 5600 3706 5678 perhibet,
3763 5593 3837 5653 de
