4064 6208
178 254 281 316 773

1672 252 1921 347 SEBMO
1958 250 2223 313 XLVIII.
2312 266 2322 275 ‘

3589 252 3695 317 774

170 398 235 439 ea
274 380 560 438 nimirum
597 378 691 437 die
739 379 913 438 homo
952 380 1113 438 ﬁeret
1146 379 1273 452 ejus
1310 383 1491 437 morte
1530 380 1883 453 redemptus,
1907 362 2347 445 Amdiﬁcatum,
2382 392 2519 435 cum
2558 384 2614 436 et
2649 378 2772 451 ipse
2816 377 3101 446 senarius,
3137 378 3284 437 sicut
3323 394 3398 438 ex
3445 383 3696 441 ternario

169 484 285 544 quo
313 467 535 527 dudum
577 467 761 525 fuerat
800 467 987 541 ipsius
1025 467 1355 541 Operatione
1398 466 1736 540 plasmatus.
1780 468 1887 525 Eo-

168 561 298 619 dem
334 575 503 634 porro
532 560 627 617 die
665 558 736 617 de
764 567 927 618 costa
963 559 1073 617 viri
1108 560 1350 617 formata
1380 566 1466 617 est
1507 560 1648 629 Eva,
1681 574 1796 633 quo
1823 559 1894 616 de

169 652 346 709 latere
391 647 606 707 Christi
654 664 754 723 per
801 663 1013 722 aquam
1054 654 1109 705 et
1153 649 1499 722 sanguinem
1549 648 1734 706 exivit
1779 649 1892 706 Ec-

168 740 363 800 clesia.

239 828 558 887 Videamus
585 827 784 902 itaque
820 827 1111 903 quomodo
1146 843 1247 901 per
1282 825 1557 886 eumdem
1596 826 1893 885 senarium

170 931 488 976 numerum
529 915 815 974 Dominici
853 917 1109 988 corporis
1144 914 1423 987 te'nplszn
1455 914 1673 973 divina:
1700 917 1895 988 provi-

169 1004 386 1063 dentiae
425 1005 501 1062 sit
546 1012 669 1061 arte
728 1009 1143 1063 constructum.
1196 1002 1506 1076 Templum
1560 1019 1695 1061 sane
1745 1003 1896 1061 illud

168 1094 539 1154 Hierusalem
581 1109 684 1168 per
720 1094 1103 1168 quadraginta
1142 1100 1198 1152 et
1235 1109 1338 1152 sex
1379 1110 1670 1152 annorum
1708 1094 1894 1152 curri-

168 1186 301 1245 cula
325 1186 512 1244 fuerat
542 1183 914 1263 fabricatum;
950 1185 1108 1245 unde
1136 1192 1191 1243 et
1218 1200 1251 1243 a
1279 1183 1501 1244 Judaeis
1529 1185 1776 1244 Domino
1805 1183 1897 1241 di-

168 1278 325 1337 citur
357 1295 372 1334 :
409 1300 434 1326 α
471 1274 868 1347 Quadraginta
900 1279 959 1333 et
997 1272 1145 1330 254
1180 1290 1285 1333 sex
1328 1275 1503 1333 annis
1546 1274 1900 1333 mdilicatum

169 1374 257 1425 est
287 1365 570 1437 templum
609 1365 736 1437 hoc,
768 1372 824 1424 et
863 1371 925 1424 tu
964 1352 1031 1424 iii
1054 1366 1249 1425 triduo
1290 1366 1605 1424 reaediﬁcas
1644 1365 1836 1425 illud?
1868 1386 1896 1419 »

173 1459 356 1526 (Joan.
386 1460 541 1524 VIII.)
574 1454 687 1525 Qui
727 1454 992 1513 videlicet
1037 1470 1323 1513 numerus
1370 1454 1419 1512 si
1458 1470 1559 1527 per
1602 1455 1898 1514 senarium

171 1545 424 1615 ducitur,
456 1561 628 1604 omne
655 1552 902 1620 tempus,
942 1562 1057 1620 quo
1096 1545 1383 1605 Dominus
1428 1546 1492 1603 in
1536 1548 1737 1605 matris
1771 1553 1898 1606 ute-

172 1649 236 1692 ro
282 1634 519 1706 mansit,
563 1634 857 1709 impletur.
910 1634 1053 1693 Nam
1106 1634 1450 1709 quadragies
1495 1637 1686 1693 sexies
1751 1637 1896 1705 seni,

1983 468 2207 534 crescit,
2233 467 2311 525 ita
2356 467 2742 526 nihilominus
2786 475 2840 525 et
2888 470 2947 525 in
2989 469 3306 527 ternarium
3356 472 3698 532 resolvatur.

1984 556 2149 614 Unus
2196 555 2382 626 enim,
2417 562 2472 613 et
2518 557 2652 625 duo,
2684 563 2739 613 et
2778 563 2909 625 tres,
2951 572 3055 614 sex
3094 558 3245 616 ﬁunt
3271 582 3284 615 :
3311 567 3366 617 et
3415 561 3701 635 reciproce

1982 644 2293 703 dimidium
2342 646 2554 702 senarii
2607 653 2718 704 tres
2768 654 2924 716 sunt,
2970 646 3132 704 tertia
3186 663 3315 720 pars
3369 650 3505 722 duo,
3539 659 3703 711 sexta

1983 747 2192 790 unum.
2226 731 2337 801 Qui
2380 732 2648 791 videlicet
2695 749 2976 793 numerus
3018 733 3229 793 idcirco
3276 739 3562 810 perfectus
3608 741 3699 799 di-

1982 823 2152 892 citur,
2183 821 2449 895 quia'sic
2480 839 2557 880 rx
2594 822 2716 882 suis
2755 824 3014 897 partibus
3062 832 3298 884 constat.
3356 826 3481 886 Uno
3532 829 3701 902 plane

1982 911 2074 969 die
2101 911 2347 985 integro,
2388 918 2445 969 et
2471 911 2699 971 duabus
2740 907 3005 971 noctibus
3040 914 3099 971 in
3130 915 3394 988 sepulcro
3417 918 3703 979 Dominus

1977 997 2359 1077 jacuit;quia
2406 1019 2521 1060 una
2562 1006 2654 1061 sui
2699 1004 2952 1078 corporis
3002 1011 3184 1062 morte
3231 1022 3265 1063 a
3313 1006 3540 1067 duabus
3573 1026 3701 1082 nos,

1983 1094 2197 1151 animae
2248 1093 2514 1151 videlicet
2563 1102 2617 1151 et
2653 1093 2909 1166 corporis
2953 1094 3254 1166 mortibus,
3296 1097 3581 1156 liberavit.
3633 1100 3708 1157 Et

1984 1189 2135 1240 recte
2180 1196 2277 1254 per
2313 1181 2466 1239 diem
2508 1197 2662 1240 mors
2698 1182 2933 1240 Domini
2964 1181 3324 1255 designatur,
3356 1203 3473 1260 qua
3504 1204 3608 1248 nos
3634 1188 3709 1246 ad

1986 1271 2177 1330 lucem
2224 1270 2582 1330 reducimur.
2627 1272 2831 1330 Nostra
2869 1280 3064 1331 autem
3118 1290 3271 1335 mors
3317 1284 3561 1352 utraque
3602 1295 3707 1354 per

1986 1367 2235 1428 noctem,
2282 1373 2415 1430 quae
2468 1360 2752 1417 nimirum
2811 1361 2977 1418 nobis
3031 1378 3104 1419 ex
3157 1373 3384 1436 peccato
3438 1367 3706 1427 debetur.

1985 1446 2195 1505 Totum
2226 1452 2420 1504 autem
2446 1448 2552 1505 hoc
2580 1446 2840 1506 triduum
2870 1447 2929 1504 in
2955 1450 3229 1509 humanm
3253 1453 3458 1512 salutis
3481 1470 3711 1528 expen—

1985 1536 2143 1594 ditur
2190 1535 2623 1596 evidentissima
2678 1546 3120 1598 sacramentum.
3172 1542 3317 1599 Nam
3363 1549 3528 1601 sexta
3566 1546 3710 1605 feria

1986 1622 2133 1680 255
2168 1641 2396 1700 passus,
2451 1627 2698 1689 Sabbato
2740 1632 2801 1688 in
2854 1631 3116 1705 sepulcro
3163 1632 3405 1706 quievit,
3447 1633 3542 1691 die
3590 1635 3703 1694 Do-

174 1722 420 1781 ducenli-
442 1723 805 1796 septuaginta
842 1739 946 1781 sex
991 1723 1114 1781 dies
1148 1722 1319 1781 ﬁunt.
1362 1722 1474 1792 Qui
1514 1723 1743 1782 dierum
1784 1739 1962 1800 [ιιι-Β
1988 1715 2203 1775 minico
2235 1718 2573 1775 resurrexit.
2627 1718 2766 1776 Tota
2809 1727 3005 1778 autem
3043 1720 3170 1777 hazc
3204 1719 3325 1776 vita
3354 1719 3519 1779 nobis
3548 1729 3710 1781 sexta

175 1827 374 1870 merus
399 1811 645 1885 complet
669 1826 880 1871 novem
918 1827 1165 1882 menses,
1208 1818 1264 1870 et
1291 1826 1395 1869 sex
1436 1812 1579 1883 dies,
1613 1814 1714 1886 qui
1749 1812 1902 1871 vide-

174 1901 313 1959 licet
372 1906 644 1973 tanquam
704 1901 902 1960 decem
962 1916 1190 1960 menses
1242 1901 1605 1975 parientibus
1664 1903 1912 1961 feminis-

176 1989 562 2062 imputantur.
610 1989 740 2049 Non
790 1989 929 2064 quia
974 2005 1179 2048 omnes
1226 1989 1503 2048 mulieres
1541 1990 1612 2048 ad
1664 2000 1898 2050 sextum

174 2075 334 2135 diem
374 2082 499 2150 post
533 2092 753 2136 nonum
791 2093 1052 2136 mensem
1096 2076 1372 2150 pariturae
1408 2078 1769 2150 perveniant,
1801 2078 1898 2137 sed

178 2164 321 2237 quia
363 2170 440 2222 tot
475 2164 700 2236 diebus,
748 2166 820 2224 ad
859 2173 1089 2240 partum
1138 2164 1412 2238 perducta
1462 2166 1586 2239 ipsa
1633 2168 1901 2239 perfectio

175 2250 469 2312 Dominici
519 2255 772 2327 corporis
827 2253 1181 2329 comperitur
1206 2301 1222 2325 ,
1274 2255 1427 2312 sicut
1490 2270 1524 2313 a
1587 2255 1902 2329 majoribus

180 2341 477 2413 traditur,.
508 2348 564 2400 et
618 2343 791 2401 ﬁrma
844 2343 1183 2403 auctoritate
1241 2343 1515 2402 Ecclesiae
1561 2344 1898 2403 custoditur.

180 2428 394 2490 Octavo
426 2448 680 2506 namque
713 2433 1007 2493 Kalendas
1035 2433 1255 2508 Aprilis
1288 2443 1598 2509 conceptus
1627 2435 1899 2511 creditur,

177 2534 301 2592 quo
338 2526 394 2579 et
426 2537 649 2594 passus.
693 2522 776 2582 Eo
808 2524 1077 2582 videlicet
1116 2522 1211 2581 die
1248 2524 1508 2597 sepultus
1543 2532 1627 2582 est
1667 2524 1731 2583 in
1776 2541 1901 2585 mo-

180 2615 469 2668 numento
505 2626 675 2682 novo,
714 2611 817 2670 ubi
852 2627 959 2670 nec
986 2618 1139 2683 ante,
1170 2628 1276 2671 nec
1313 2621 1439 2686 post
1476 2614 1783 2689 quisquam
1819 2621 1904 2672 est

181 2698 409 2768 tositus
447 2710 830 2774 mortuorum,
862 2718 978 2778 quo
1019 2714 1328 2779 conceptus
1367 2712 1453 2763 est
1485 2705 1547 2763 in
1584 2714 1746 2765 utero
1777 2706 1903 2764 Vir-

178 2788 357 2861 ginis,
391 2790 497 2849 ubi
540 2799 759 2851 constat
804 2794 1034 2852 nullum
1074 2796 1425 2857 seminatum
1464 2797 1644 2856 fuisse
1690 2807 1900 2857 morta-

180 2877 357 2937 lium.
417 2879 600 2940 Natus
647 2890 842 2942 autem
909 2883 1153 2944 traditur
1206 2894 1406 2946 octavo
1463 2887 1750 2946 Kalendas
1801 2889 1900 2948 Ja-

180 2983 447 3029 111131⁵138.

1993 1807 2134 1865 feria
2162 1814 2284 1879 est;
2311 1808 2450 1882 quia
2480 1809 2747 1868 videlicet
2775 1826 3005 1868 crucem
3038 1816 3163 1884 post
3189 1811 3503 1870 Dominum
3539 1812 3709 1886 baju-

1993 1896 2111 1955 lare
2134 1899 2431 1971 jubemur.
2465 1900 2513 1957 A
2566 1899 2660 1957 die
2704 1909 2899 1959 autem
2943 1901 3136 1959 exitus
3184 1901 3363 1958 nostri
3402 1918 3590 1976 usque
3637 1904 3710 1962 ad

1985 1986 2277 2060 judicium
2306 1991 2473 2063 quasi
2498 1990 2813 2049 Sabbatum
2838 1992 3087 2062 ducitur,
3119 1994 3256 2066 quia
3281 1993 3512 2051 interim
3547 1995 3709 2053 beata

1992 2081 2194 2153 requie
2233 2089 2444 2140 sanctae
2484 2083 2700 2139 animae
2748 2083 3148 2154 perfruuntur.
3187 2082 3251 2141 In
3290 2086 3709 2144 resurrectione

1990 2176 2183 2226 autem
2242 2169 2896 2241 corporum‘paschalis
2958 2170 3126 2228 nobis
3186 2171 3373 2229 oritur
3421 2172 3564 2242 dies,
3606 2172 3712 2246 qui

1991 2255 2154 2314 nullo
2188 2257 2305 2315 line
2338 2256 2727 2329 concluditur,
2760 2257 2854 2315 sed
2896 2266 3188 2331 perpetuae
3208 2257 3577 2331 jucunditate
3605 2261 3713 2318 lte-

1993 2346 2134 2405 titim
2162 2348 2425 2407 feriatur.

2066 2438 2137 2496 Ut
2165 2454 2300 2512 ergo
2329 2439 2397 2496 ad
2429 2439 2579 2497 hanc
2620 2439 2982 2498 Dominicam
3024 2457 3127 2515 per
3169 2440 3483 2500 Sabbatum
3516 2441 3712 2500 valea-

1992 2540 2126 2583 mus
2169 2534 2554 2600 congruenter
2600 2526 2898 2599 attingere,
2956 2543 3189 2586 necesse
3236 2535 3339 2599 est,
3400 2544 3504 2587 nos
3554 2545 3715 2589 nunc

1991 2630 2219 2673 crucem
2251 2622 2376 2688 post
2398 2614 2599 2673 Jesum
2628 2614 2973 2688 bajulantes,
3005 2622 3226 2673 sextam
3260 2616 3478 2690 jugiter
3504 2618 3711 2676 feriam

1992 2702 2297 2760 celebrare.
2343 2702 2621 2778 Alioquin
2671 2704 2721 2761 si
2765 2712 3110 2777 praepostero
3150 2705 3352 2763 ordine
3397 2721 3555 2764 nunc
3601 2707 3712 2765 sub

1992 2789 2184 2847 carnis
2212 2790 2337 2862 lege
2371 2789 2633 2847 viventes
2666 2791 2832 2862 quasi
2862 2791 3225 2849 Dominicam
3252 2791 3544 2865 ducimus,
3572 2810 3709 2867 pro-

1991 2877 2085 2936 cul
2114 2877 2294 2936 dubio
2335 2878 2704 2950 postmodum
2742 2894 2858 2937 non
2900 2880 3180 2953 gaudium
3220 2881 3453 2952 gaudio,
3486 2883 3583 2940 sed
3615 2882 3716 2940 tri-

1990 2965 2289 3025 bulatione
2327 2974 2640 3025 mutamus.
2689 2967 2842 3026 Hinc
2884 2974 2970 3026 est
3020 2970 3178 3027 enim
3226 2972 3379 3044 quod
3426 2972 3715 3030 Dominus
3812 3006 3815 3017 ι

254 3058 350 3116 Ab
389 3060 514 3156 ipso
554 3076 690 3135 ergo
721 3064 1114 3137 conceptionis
1150 3064 1243 3123 die
1274 3080 1461 3139 usque
1493 3066 1565 3125 ad
1601 3068 1755 3126 diem
1785 3068 1901 3127 Na-
1926 3096 1970 3156 ρ
1994 3057 2141 3115 Sicut
2170 3056 2551 3156 quadragima
2589 3057 2796 3117 (“chus
2835 3058 2894 3156 ill
2939 3074 3133 3156 ςινθιξξο
3163 3059 3718 3156 Ῡίῖίίῑχῐοῐίάβωαυβ

181 3147 430 3207 tivitatis
470 3144 704 3210 ducenti
756 3155 1120 3228 septuaginta
1175 3170 1279 3213 sex
1330 3155 1700 3227 reperiuntur
1757 3157 1899 3229 dies,

176 3237 286 3311 qui
317 3239 618 3298 senarium
650 3257 966 3301 numerum
994 3243 1338 3317 quadragies
1365 3242 1557 3302 sexies
1586 3245 1902 3303 continent.

179 3323 311 3394 Quo
343 3324 524 3399 igitur
568 3344 814 3387 numero
866 3329 1160 3402 lapideum
1213 3329 1358 3388 illud
1414 3330 1697 3404 templum
1748 3331 1905 3389 anti-

178 3413 389 3486 quitus
442 3422 530 3473 est
581 3416 957 3490 aedificatum,
1013 3418 1214 3477 eodem
1267 3434 1500 3492 quoque
1554 3434 1802 3478 numero
1849 3425 1903 3477 et

180 3505 469 3578 templum
522 3506 811 3567 Dominici
858 3508 1112 3582 corporis
1156 3524 1255 3584 per
1305 3510 1601 3568 senarium
1644 3517 1729 3567 est
1772 3525 1907 3583 per-

176 3594 423 3654 fectum.
465 3596 589 3655 Hac
626 3599 1024 3658 tantummodo
1067 3598 1413 3658 discretione
1456 3607 1701 3671 servata,
1750 3600 1905 3674 quod

173 3683 240 3740 in
264 3685 703 3763 copstructione
737 3686 935 3760 templi
973 3702 1265 3746 annorum
1318 3703 1600 3748 numerus
1646 3691 1906 3763 ponitur,

174 3770 238 3828 in
278 3746 666 3833 aediﬁcatione
697 3790 834 3833 vero
853 3746 1125 3849 ‘corporis
1154 3775 1393 3836 Domini
1438 3746 1668 3837 dierum
1711 3746 1907 3838 calcu-Z

174 3862 274 3918 lus
312 3868 687 3935 supputetur.

248 3953 563 4011 Annorum
611 3954 790 4027 igitur
822 3970 1102 4015 numerus
1141 3955 1339 4029 templi
1379 3955 1543 4015 illius
1585 3956 1816 4031 antiqui
1859 3955 1908 4015 si

171 4056 283 4117 per
322 4041 620 4101 senarium
673 4043 927 4114 ducitur,
973 4059 1174 4103 omnes
1222 4044 1367 4117 dies,
1421 4045 1638 4118 quibus
1696 4045 1913 4104 mansit

172 4133 477 4192 Dominus
527 4134 592 4192 in
642 4134 900 4208 virgineo
947 4144 1149 4195 ventre
1197 4136 1537 4210 completur.
1590 4137 1913 4211 Conjuncto

172 4222 385 4298 itaque
435 4240 698 4294 numero,
726 4242 843 4300 quo
885 4225 1042 4284 Deus
1068 4240 1240 4300 Opera
1284 4242 1391 4285 sua
1440 4226 1592 4295 fecit,
1630 4243 1761 4285 cum
1807 4227 1911 4287 illo

173 4327 302 4385 quo
345 4313 623 4386 templum
662 4321 745 4372 est
782 4314 1103 4385 conditum,
1136 4314 1370 4374 Domini
1404 4331 1615 4389 corpus
1641 4317 1910 4388 eﬂicitur,

172 4407 247 4460 ut
298 4400 473 4459 nobis
519 4402 689 4460 detur
739 4402 1009 4478 intelligi,
1063 4404 1201 4479 quia
1245 4419 1346 4478 per
1393 4405 1539 4463 illud
1587 4404 1911 4463 divinitatis

174 4488 494 4562 templum,
544 4491 698 4566 quod
736 4491 799 4549 in
847 4490 1104 4563 Virginis
1151 4499 1315 4551 utero
1357 4500 1753 4552 constructum
1801 4499 1909 4564 est,

174 4578 472 4637 universa
502 4588 642 4638 sunt
668 4579 773 4638 Dei
803 4594 973 4652 opera
1011 4586 1347 4639 restaurata.
1387 4580 1549 4640 Sicut
1583 4580 1722 4639 dicit
1760 4581 1917 4654 Apo-

176 4664 383 4723 stolus
413 4684 426 4723 :
466 4689 486 4715 -
522 4665 669 4735 Quia
710 4665 1009 4740 proposuit
1045 4668 1201 4726 Deus
1242 4668 1305 4725 in
1336 4667 1763 4742 dispensatione
1793 4668 1914 4741 ple-

177 4752 494 4812 nitudinis
550 4763 871 4828 temporum
927 4754 1252 4813 instaurare
1300 4755 1501 4813 omnia
1551 4755 1613 4812 in
1672 4754 1918 4827 Christo,

175 4858 331 4917 quae
361 4843 422 4901 in
460 4844 641 4915 cmlis,
667 4850 723 4900 et
758 4844 822 4901 in
869 4843 1032 4901 terris
1075 4851 1213 4901 sunt
1248 4844 1308 4901 in
1358 4844 1483 4917 ipso
1526 4846 1752 4916 (Ephes.
1789 4854 1854 4913 ι).
1892 4866 1916 4894 ι

178 4931 314 4993 Sed
362 4932 473 4990 hoc
509 4933 764 5005 corporis
804 4932 1109 5006 templum,
1146 4933 1302 5006 quod
1345 4947 1443 5006 per
1483 4932 1779 4991 senarium
1808 4948 1920 4991 nu-

180 5035 437 5080 merum
481 5019 609 5078 lieri
654 5020 853 5079 divina
889 5019 1252 5094 providentia
1290 5020 1492 5088 voluit,
1541 5022 1727 5080 tribus
1765 5020 1925 5080 horis

179 5108 447 5171 Judaica
495 5109 788 5182 impietate
843 5108 1208 5179 resolutum,
1270 5108 1458 5168 triduo
1517 5111 1922 5182 reaediﬁcavit,

181 5202 361 5260 sicut
398 5197 521 5273 ipse
559 5198 697 5257 dicit
730 5223 742 5256 :
783 5221 810 5249 α
858 5197 1076 5257 Solvite
1110 5197 1390 5270 templum
1420 5198 1546 5270 hoc,
1584 5207 1639 5257 et
1667 5206 1795 5272 post
1822 5198 1926 5255 tri-

1996 3152 2120 3220 post
2144 3147 2623 3205 resurrectionem
2657 3163 2792 3205 cum
2823 3147 3124 3222 discipulis
3160 3148 3297 3219 fuit;
3330 3149 3407 3206 ita
3437 3150 3613 3208 etiam
3647 3149 3718 3208 ab

1994 3235 2117 3307 ipso
2142 3249 2264 3293 suae
2305 3234 2506 3292 mortis
2542 3235 2804 3307 articulo,
2834 3252 3022 3309 usque
3051 3236 3121 3293 ad
3154 3235 3483 3296 diluculum
3516 3253 3718 3295 resur-

1994 3322 2265 3382 rectionis
2293 3322 2674 3395 quadraginta
2712 3325 2883 3382 horas
2922 3323 3142 3382 habuit.
3181 3322 3340 3383 Sicut
3380 3326 3558 3397 igitur
3586 3326 3716 3384 illo-

1996 3427 2128 3471 rum
2166 3412 2395 3470 dierum
2444 3426 2711 3482 numero,
2746 3412 2825 3470 ita
2873 3412 3261 3471 nihilominus
3313 3420 3367 3472 et
3416 3414 3715 3485 horarum,

1996 3515 2142 3572 quas
2169 3498 2450 3567 diximus,
2486 3498 2663 3556 totius
2688 3500 2824 3556 vitae
2851 3506 3063 3557 nostra;
3092 3504 3317 3573 tempus
3341 3500 3715 3573 exprimitur,

2000 3598 2064 3650 ut
2106 3592 2253 3648 sicut
2298 3589 2398 3649 ille
2443 3588 2903 3663 quadragenario
2948 3590 3226 3669 horarum
3278 3605 3520 3650 numero
3562 3606 3717 3649 mor-

2000 3684 2136 3737 tuus
2181 3677 2413 3747 mansit,
2442 3676 2542 3734 ita-
2568 3684 2625 3734 et
2662 3692 2769 3734 nos
2804 3676 2893 3734 illi
2932 3678 3281 3736 commortui
3319 3679 3581 3752 quandiu
3624 3679 3719 3737 hic

1997 3767 2277 3838 vivimus,
2304 3766 2367 3823 in
2403 3766 2595 3824 carnis
2624 3772 2857 3837 semper
2884 3766 3324 3826 mortilicatione
3353 3768 3641 3826 vivamus.

2070 3854 2161 3912 Ad
2214 3854 2615 3927 superandum
2667 3868 2803 3927 ergo
2858 3852 3187 3926 diabolum,
3243 3856 3433 3914 crucis
3490 3857 3724 3931 insigne

2000 3943 2168 4002 nobis
2204 3951 2401 4001 noster
2442 3943 2755 4016 imperator
2797 3941 3097 4015 exhibuit;
3128 3950 3184 4002 et
3223 3961 3300 4002 ne
3348 3946 3518 4004 nobis
3544 3963 3722 4021 grave

2003 4032 2313 4102 videretur,
2359 4032 2519 4104 prius
2560 4031 2683 4106 ipse
2725 4032 2988 4104 gestavit.
3039 4032 3163 4090 Hoc
3215 4034 3466 4107 denique
3519 4036 3721 4094 salutis

2001 4129 2215 4181 nostra;
2249 4121 2615 4195 signaculum
2657 4137 2773 4181 non
2812 4122 3001 4182 solum
3040 4124 3236 4195 sacris,
3266 4125 3388 4183 sive
3425 4128 3728 4186 sacrandis

2003 4211 2180 4270 rebus
2207 4211 2625 4284 imprimimus,
2654 4212 2753 4269 sed
2778 4212 2953 4270 etiam
2983 4213 3296 4285 alimentis,
3329 4214 3452 4273 sive
3490 4215 3727 4289 quibus-

2004 4300 2144 4358 libet
2180 4300 2356 4358 etiam
2393 4300 2568 4359 rebus
2612 4300 2940 4359 domesticis
2975 4301 3361 4373 adhibemus;
3393 4313 3456 4362 ut
3482 4305 3726 4363 eviden-

2010 4398 2092 4448 ter
2118 4395 2404 4465 appareat,
2444 4390 2599 4463 quod
2633 4398 2688 4447 et
2720 4391 2910 4459 homo,
2942 4397 3000 4448 et
3023 4407 3272 4465 quaeque
3302 4394 3559 4452 humano
3590 4401 3732 4453 sunt

2011 4479 2147 4535 usui
2175 4478 2519 4547 necessaria,
2544 4476 2721 4549 hujus
2745 4478 2955 4535 virtute
2980 4478 3131 4550 signi
3160 4494 3191 4534 a
3205 4478 3339 4551 jure
3362 4488 3497 4536 sunt
3522 4479 3733 4540 dmmo-

2008 4581 2153 4625 num
2206 4564 2686 4624 absolutal'Nam
2731 4572 2787 4622 et
2829 4567 2892 4622 in
2935 4565 3060 4638 ipso
3100 4565 3500 4639 Redemptoris
3547 4569 3729 4626 nostri

2007 4654 2289 4728 patibulo,
2323 4662 2478 4713 tanto
2513 4669 2632 4713 non
2665 4654 2960 4726 humanae,
2999 4654 3098 4713 sed
3139 4655 3355 4714 divinae
3384 4657 3524 4714 artis
3564 4658 3729 4716 beata

2010 4762 2157 4804 crux
2212 4745 2417 4804 librata
2473 4752 2559 4805 est
2611 4747 2968 4820 magisterio;
3026 4753 3092 4804 ut
3138 4752 3309 4819 caput
3371 4747 3598 4806 Domini
3656 4747 3727 4805 ad

2011 4838 2311 4911 orientem,
2332 4837 2506 4911 pedes
2528 4836 2599 4895 ad
2623 4836 2997 4908 occidentem,
3021 4836 3260 4894 dextera
3278 4836 3351 4893 ad
3371 4836 3732 4910 aquilonem,

2014 4925 2249 4985 sinistra
2276 4928 2530 4985 tenderet
2559 4927 2632 4985 ad
2658 4928 2992 4997 meridiem;
3019 4935 3307 5001 quatenus
3337 4928 3539 4986 mundi
3566 4928 3733 5001 prin-

2014 5016 2202 5089 cipem
2246 5017 2319 5075 ab
2360 5014 2637 5075 omnibus
2679 5018 2939 5090 undique
2977 5016 3161 5090 plagis
3199 5015 3549 5086 excluderet,
3591 5017 3733 5075 dum

2016 5112 2326 5185 quadriﬁdi
2369 5112 2527 5172 orbis
2573 5111 2803 5170 climata
2840 5127 2941 5185 per
2987 5112 3326 5185 quadratam
3376 5112 3562 5169 crucis
3602 5127 3733 5184 spe-

2017 5200 2167 5259 ciem
2201 5208 2519 5275 occuparet.
2552 5199 2716 5257 Unde
2742 5205 2797 5257 et
2830 5201 2953 5272 ipse
2979 5199 3117 5257 dicit
3150 5218 3164 5256 :
3196 5222 3225 5254 «
3254 5201 3423 5258 Nunc
3445 5199 3736 5271 judicium

182 5293 394 5351 duum
426 5289 791 5349 remdilicabo
828 5289 1000 5348 illud.
1042 5287 1163 5346 Hoc
1193 5295 1409 5361 autem,
1444 5288 1637 5362 inquit
1676 5304 1927 5361 evange—
2020 5295 2106 5348 est
2132 5290 2358 5360 mundi,
2382 5305 2542 5347 nunc
2573 5287 2837 5362 princeps
2862 5288 3041 5362 hujus
3064 5290 3273 5348 mundi
3298 5288 3558 5361 ejicietur
3587 5288 3738 5348 foras

176 5380 339 5439 lista
366 5425 382 5449 ,
435 5378 661 5436 dicebat
717 5378 789 5435 de
835 5376 1048 5450 templo
1102 5376 1354 5451 corporis
1406 5378 1496 5435 sui
1547 5379 1718 5449 (Joan.
1776 5376 1855 5449 ll).
1897 5400 1900 5426 :

2044 5368 2359 5450 Joanﬁxu).
2399 5402 2421 5429 π
2458 5376 2554 5436 Sic
2598 5375 2681 5434 sic
2724 5390 2934 5449 nempe
2977 5377 3170 5437 decuit
3220 5377 3487 5436 omnium
3529 5393 3739 5452 perva-

176 5468 322 5528 Nec
373 5467 616 5539 mirum,
654 5466 702 5524 si
750 5466 904 5541 quod
940 5480 1044 5539 per
1092 5465 1386 5525 senarium
1425 5466 1641 5525 factum
1683 5468 1790 5535 est,
1831 5481 1930 5539 per
2023 5482 2215 5528 sorem
2236 5466 2315 5531 ab,
2336 5465 2609 5527 omnibus
2635 5462 2813 5524 simul
2850 5465 3002 5540 ejici,
3036 5465 3162 5525 talis
3195 5481 3298 5539 pro
3325 5466 3501 5526 totius
3528 5465 3737 5526 mundi

178 5557 532 5620 ternarium
565 5557 639 5615 sit
668 5555 949 5630 solutum,
976 5570 1080 5629 per
1118 5556 1437 5617 ternarium
1466 5571 1697 5632 quoque
1723 5571 1927 5617 rursus
2026 5559 2210 5621 salute
2240 5559 2425 5620 hostia
2451 5556 2651 5618 debuit
2679 5556 2987 5632 immolari,
3019 5573 3155 5632 qua:
3184 5561 3241 5617 et
3272 5573 3376 5632 per
3408 5554 3737 5619 sacramen-
