4064 6208
349 261 455 321 775

965 259 1023 320 s.
1070 259 1288 319 PETRI
1326 258 1650 319 DAMIANI
1689 258 1847 319 orp.
1893 253 2087 317 PARS
2130 250 2271 313 seu
2313 249 2566 311 TOMUS
2607 250 2684 310 II.
2726 281 2794 294 —
2836 248 3260 310 SEBMONES.
3312 210 3331 333 ξ

3769 250 3872 310 776

353 398 477 451 tum
506 374 710 450 cuncta
745 390 1066 464 respiceret,
1097 395 1153 447 et
1183 404 1256 446 ex
1290 389 1501 445 virtute
1537 388 1734 447 omnia
1772 387 2057 447 liberaret.
2085 383 2302 448 Atione
2352 379 2725 456 suspendere,
2765 395 2943 453 quem
2994 378 3209 438 ccelum
3263 385 3319 439 et
3375 385 3523 438 terra
3572 387 3874 454 nequeunt

354 480 525 540 Tunc
559 480 731 553 plane
769 484 892 537 erat
925 493 1071 536 crux
1117 475 1425 535 humiliata
1469 493 1604 535 cum
1642 477 1910 547 Domino,
1939 491 2068 534 ecce

356 570 546 627 veniet
576 568 822 625 exaltata
847 581 978 625 cum
1002 565 1269 624 Domino.

432 658 578 716 Nolo
606 673 708 714 vos
732 656 922 726 lateat,
953 655 1157 713 fratres
1187 655 1323 725 mei,
1351 655 1487 728 quia
1516 655 1579 712 in
1617 653 1901 712 tremendi
1925 667 2066 709 exa-

348 748 523 806 minis
554 745 649 803 die
686 745 849 802 beata
894 759 1041 802 crux
1076 744 1233 802 ulnis
1272 743 1581 801 advehitur
1615 742 1977 815 angelorum,
2008 744 2068 797 et

347 842 480 893 ante
508 831 773 891 omnium
810 832 1044 904 ponitur
1074 847 1173 889 ora
1206 830 1556 889 mortalium.
1595 828 1719 888 Non
1747 845 1889 888 auro
1913 830 2058 903 jam,

347 925 440 983 vel
467 923 717 997 gemmis
754 929 976 991 ornata,
1011 920 1109 979 sed
1140 918 1456 977 radiantior
1490 918 1598 977 erit
1629 918 1768 988 sole,
1800 916 1889 975 vel
1922 916 2059 975 stel-

345 1014 419 1073 lis
448 1030 523 1072 ex
557 1015 767 1072 virtute
795 1012 1013 1071 divina.
1048 1011 1341 1084 Proposita
1369 1018 1518 1067 certe
1551 1016 1689 1068 tunc
1730 1009 1837 1067 erit
1870 1009 1931 1066 in
1959 1023 2054 1066 eo-

346 1118 477 1162 rum
523 1102 790 1177 gloriam,
821 1102 924 1174 qui
963 1117 1089 1159 eam
1130 1099 1438 1172 diligentes
1482 1114 1559 1156 ex
1605 1097 1880 1155 charitate
1908 1111 2062 1156 com-

346 1188 506 1262 plexi
538 1196 696 1256 sunt,
731 1196 786 1246 et
827 1204 859 1245 e
897 1186 1124 1245 diverso
1158 1187 1217 1243 in
1264 1200 1467 1244 eorum
1512 1184 1905 1258 opprobrium,
1956 1185 2059 1259 qui

346 1290 474 1332 eam
537 1282 662 1348 post
719 1274 1161 1347 Redemptorem
1216 1288 1389 1331 suum
1442 1279 1667 1343 portare
1724 1272 2060 1331 noluerunt.

347 1364 516 1436 Nam,
539 1372 604 1423 ut
640 1371 934 1423 taceamus
971 1364 1207 1422 interim
1244 1363 1316 1420 de
1354 1363 1464 1433 his,
1493 1362 1594 1436 qui
1625 1377 1761 1421 eum
1791 1378 2059 1436 pupuge-

346 1460 504 1533 runt,
535 1457 592 1510 et
645 1452 784 1526 quia
837 1450 1105 1525 plangant
1163 1467 1224 1510 se
1283 1465 1455 1524 super
1506 1466 1567 1508 se
1617 1465 1820 1508 omnes
1879 1450 2062 1510 tribus

345 1550 553 1615 terrae,
608 1542 799 1601 omnis
854 1543 912 1599 in
971 1556 1088 1616 quo
1145 1548 1280 1599 tunc
1334 1541 1510 1615 hujus
1563 1540 1851 1599 salutiferi
1906 1540 2061 1615 signi

346 1634 532 1708 ﬁgura
562 1648 677 1691 non
713 1631 990 1698 cernitur,
1018 1630 1179 1690 velut
1208 1638 1520 1688 extraneus
1558 1635 1615 1687 et
1644 1630 1873 1702 ignotus
1910 1629 2061 1687 inter

2152 475 2472 531 sustinere!
2510 472 2555 531 0
2579 486 2729 530 crux
2755 470 2959 544 purior
2989 471 3156 541 vitro,
3184 469 3517 529 rutilantior
3542 485 3705 541 auro,
3736 486 3873 544 quaa

2151 569 2425 640 tanquam
2454 562 2833 623 vernantibus
2862 561 3109 635 gemmis
3134 569 3189 619 et
3218 560 3566 634 margaritis,
3594 560 3873 619 membris

2146 659 2348 712 ornata
2386 669 2447 710 es
2496 650 2843 711 Salvatoris!
2885 652 2929 710 0
2972 666 3121 709 crux
3174 651 3318 710 luna
3372 650 3694 721 micantior,
3751 652 3872 708 sole

2146 742 2520 817 splendidior,
2548 757 2681 814 quae
2725 756 2845 815 prae
2898 740 3086 798 divini
3146 740 3870 814 magnitudineJuminis,

2145 830 2443 890 stellarum
2470 828 2665 902 jubar,
2708 836 2762 887 et
2805 828 3003 887 omnia
3038 826 3170 886 coeli
3216 835 3369 886 astra
3409 827 3718 901 praecedis!
3777 828 3871 887 Tu

2145 920 2265 977 sola
2293 920 2445 977 inter
2475 916 2671 976 omnia
2702 916 2864 991 ligna
2888 916 3170 976 silvarum
3196 915 3375 975 electa
3403 932 3465 974 es
3491 916 3564 974 ad
3594 917 3873 975 humanas

2143 1007 2520 1082 redemptoris
2589 1007 2866 1067 ofﬁcium.
2941 1006 3032 1065 Tu
3084 1007 3313 1081 pondus
3372 1007 3520 1066 illud
3580 1009 3873 1067 sustinere

2142 1097 2425 1164 meruisti,
2477 1097 2647 1170 cujus
2685 1098 2901 1156 virtute
2948 1095 3160 1155 caelum
3213 1096 3487 1166 volvitur,
3539 1103 3685 1156 terra
3734 1112 3870 1155 sus-

2143 1187 2431 1261 penditur,
2464 1192 2521 1244 et
2564 1185 2835 1244 universa
2868 1184 3072 1244 mundi
3121 1184 3392 1243 machina
3434 1199 3734 1259 nunquam
3766 1200 3862 1243 cat

2143 1290 2279 1333 sura
2324 1273 2587 1332 libratur.
2638 1271 2718 1331 Te
2753 1278 2963 1331 tartara
3010 1276 3306 1341 metuunt,
3343 1270 3539 1345 angeli
3586 1287 3873 1331 veneran-

2146 1370 2261 1436 tur,
2293 1371 2349 1421 et
2372 1362 2566 1422 omnis
2588 1376 2785 1421 rerum
2808 1350 3069 1421 creatura
3094 1362 3363 1421 miratur.

2217 1453 2262 1513 0
2295 1470 2428 1513 vere
2476 1452 2689 1511 nobilis
2716 1451 2909 1523 arbor,
2939 1467 3073 1526 qua)
3100 1452 3173 1511 de
3205 1459 3434 1511 terreno
3472 1450 3711 1525 quidem
3745 1464 3873 1508 oes-

2142 1546 2258 1620 pite
2295 1551 2419 1602 orta
2461 1541 2719 1615 procedis
2745 1585 2760 1612 ,
2795 1541 2895 1600 sed
2946 1556 3119 1615 super
3171 1546 3322 1600 astra
3366 1539 3496 1599 coeli
3544 1539 3738 1599 felices
3770 1554 3874 1597 ra-

2142 1648 2269 1692 mos
2305 1630 2626 1706 expandisl
2659 1629 2813 1689 Olim
2858 1630 3098 1705 quidem
3140 1630 3366 1690 fructus
3414 1634 3552 1689 tuus
3578 1630 3875 1705 gehennae

348 1723 640 1811 reprobos,
674 1721 901 1811 justitia
1130 1720 1401 1811 dictante,
1431 1718 1769 1811 repellitur:
1802 1718 1904 1811 qui
1950 1735 2117 1811 au-B
2143 1729 2264 1783 erat
2313 1722 2627 1793 obnoxius,
2675 1728 2815 1781 tunc
2861 1723 3063 1811 cedros
3108 1724 3401 1797 germinas
3460 1723 3755 1811 paradiso;
3811 1729 3873 1779 et

345 1816 462 1868 tem
513 1808 687 1883 hujus
722 1808 907 1866 divini
949 1806 1103 1866 tituli
1146 1808 1516 1882 reperiuntur
1554 1808 1935 1881 impressione
1976 1806 2111 1867 si:
2142 1812 2261 1871 vivi
2289 1827 2365 1870 ex
2401 1818 2456 1869 te
2487 1811 2702 1885 lapides
2743 1810 3053 1883 prodeunt,
3084 1811 3301 1884 quibus
3344 1825 3614 1885 supernae
3646 1809 3871 1869 Hiem-

341 1898 522 1972 gnati,
552 1897 689 1971 quia
727 1896 1125 1971 Redemptoris
1163 1898 1256 1956 sui
1295 1896 1427 1955 facti
1470 1903 1606 1954 sunt
1645 1895 1961 1953 imitatores
1998 1896 2060 1954 in
2141 1900 2321 1959 salem
2379 1899 2625 1958 aedificia
2676 1906 3115 1959 construuntur.
3176 1898 3221 1958 0
3279 1900 3443 1959 beata
3496 1913 3664 1969 crux,
3723 1898 3873 1972 quia

340 2000 534 2058 poena,
574 1992 713 2045 tunc
738 1985 927 2044 eidem
947 1983 1139 2043 Judici
1164 1983 1471 2057 participes
1496 1981 1820 2041 cﬂicientur
1847 1981 1907 2040 in
1935 1982 2060 2056 glo-
2141 2005 2276 2048 cum
2311 1989 2394 2048 sol
2437 1989 2626 2048 radios
2667 1988 3059 2059 absconderet,
3087 2005 3161 2048 ne
3201 1989 3576 2061 sacrilegium
3598 1987 3871 2057 videret;

345 2074 452 2133 ria.
2143 2095 2275 2139 eum
2342 2086 2487 2137 terra
2542 2086 2830 2149 tremeret,
2883 2074 3028 2134 257
3081 2094 3219 2138 cum
3266 2078 3551 2137 elementa
3598 2079 3871 2137 nutantia

411 2161 577 2221 Tunc
619 2162 816 2238 itaque
855 2161 954 2221 fiet
987 2162 1144 2237 quod
1180 2160 1491 2236 Apostolus
1532 2160 1653 2219 ait:
1690 2180 1719 2214 ί(
1742 2158 1889 2229 Ουὶει
1925 2174 2061 2220 Cum
2144 2168 2451 2227 formidine
2478 2167 2854 2242 palpitarent;
2878 2171 2941 2225 tu
2981 2167 3252 2225 morienti
3284 2167 3531 2225 Domino
3558 2165 3872 2224 individua

339 2253 642 2313 tradiderit
684 2270 932 2329 regnum
984 2254 1101 2313 Deo
1135 2253 1307 2325 Patri,
1349 2268 1485 2313 cum
1530 2250 1896 2311 evacuavcrit
1933 2265 2059 2309 om-
2141 2256 2406 2316 meruisti
2456 2271 2647 2316 comes
2702 2257 2987 2325 assistere,
3043 2255 3279 2315 brachia
3342 2255 3548 2314 devota
3606 2254 3871 2314 subster-

338 2359 473 2402 nem
502 2343 911 2418 principatum,
943 2351 997 2403 et
1025 2359 1262 2403 omnem
1293 2349 1652 2416 potestatem,
1681 2346 1737 2398 et
1760 2340 2054 2410 virtutem,
2144 2363 2297 2415 nere,
2335 2353 2392 2405 et
2424 2354 2522 2405 tuo
2554 2347 2794 2421 insuper
2825 2345 2953 2403 miti
2990 2346 3213 2417 gremio
3247 2346 3589 2405 confoveret
3618 2344 3662 2404 0
3702 2345 3871 2403 beata

341 2432 661 2491 saevissima
701 2434 1029 2492 destruetur
1076 2448 1233 2491 mors
1284 2435 1336 2500 (Ι
1383 2434 1503 2489 Cor.
1550 2436 1679 2499 XV).
1714 2454 1740 2477 »
1791 2428 2059 2502 Regnum
2141 2452 2307 2503 crux,
2342 2451 2477 2509 quas
2527 2434 2929 2509 Redemptoris
2977 2435 3180 2494 mundi
3219 2451 3281 2494 es
3308 2433 3584 2493 afﬁxione
3627 2435 3871 2508 conspi—

339 2526 536 2579 autem
583 2520 736 2579 Patri
776 2521 996 2579 tradere
1038 2521 1289 2595 profecto
1340 2518 1489 2576 nihil
1539 2522 1627 2576 est
1667 2515 1849 2587 aliud,
1882 2532 2060 2591 quam
2140 2540 2271 2595 cua,
2311 2531 2368 2582 et
2418 2524 2663 2597 pretioso
2726 2522 3084 2582 immaculati
3132 2523 3288 2594 Agni
3340 2522 3515 2581 rubes
3572 2522 3871 2597 sanguine

339 2608 637 2665 credentes
692 2607 752 2664 in
807 2624 867 2665 se
910 2608 982 2665 ad
1031 2606 1253 2664 divinze
1301 2604 1806 2679 contemplationis
1849 2620 2061 2663 arcana
2140 2614 2484 2686 purpurata!
2519 2611 2609 2670 Tu
2640 2612 2799 2671 salus
2849 2612 3055 2671 mundi
3103 2611 3327 2686 perditi,
3360 2620 3422 2671 tu
3451 2612 3556 2671 lux
3601 2611 3663 2670 in
3705 2619 3871 2670 tene-

339 2698 674 2771 perducere.
722 2694 889 2753 Tunc
934 2696 1255 2769 completur
1292 2696 1392 2755 illa
1434 2696 1726 2754 Zachariae
1765 2696 2057 2770 prophetae
2140 2701 2262 2758 bris
2295 2700 2612 2771 constituti,
2642 2709 2705 2759 tu
2754 2700 3042 2759 medicina
3087 2700 3513 2775 languentium,
3554 2709 3615 2758 tu
3643 2714 3871 2758 conva-

340 2787 491 2844 visio
522 2786 704 2854 (Zach.
753 2789 869 2853 III),
919 2798 1033 2855 qua
1072 2783 1339 2841 Videlicet
1376 2784 1799 2857 contemplatus
1837 2791 1921 2841 est
1963 2784 2085 2861 εἶθ-ῃ
2144 2791 2481 2850 lescentium
2526 2790 2734 2862 virtus,
2767 2798 2830 2851 tu
2876 2791 3335 2865 periclitantibus
3382 2799 3599 2866 portus,
3637 2800 3701 2849 tu
3733 2807 3871 2849 eva-

341 2887 496 2942 θυω,
528 2869 880 2929 εδοθΐάοίεω
925 2884 1204 2943 magnum
1252 2870 1313 2927 in
1358 2869 1590 2928 sordido
1626 2871 1863 2940 habitu;
1896 2871 2064 2929 (16νὶ-
2144 2882 2415 2941 dentibus
2444 2879 2514 2939 de
2545 2882 2709 2939 fauce
2740 2882 2942 2939 mortis
2969 2879 3299 2953 aufugium.
3342 2880 3450 2938 Per
3478 2886 3532 2937 te
3567 2879 3869 2953 peregrini

342 2966 547 3035 ctoque
583 2966 756 3031 atque
791 2957 1083 3031 ίηετθρᾶίο
1122 2957 1369 3028 (Ῑίᾶὺοιοι
1404 2959 1506 3033 (ιιιί
1554 2959 1627 3017 ad
1659 2961 1784 3032 eius
1824 2975 2063 3018 30011εᾶ-
2146 2977 2445 3028 transeunt
2483 2971 2545 3027 in
2573 2969 2934 3041 domesticos,
2969 2978 3024 3028 et
3062 2985 3179 3042 eos,
3208 2970 3313 3043 qui
3358 2969 3583 3029 dudum
3634 2970 3874 3028 fuerant

344 3047 563 3107 tionem
606 3045 812 3117 stabat,
840 3044 1070 3104 sordida
1113 3061 1254 3105 mox
1304 3054 1461 3105 veste
1507 3046 1679 3106 Jesus
1718 3047 1976 3120 exuitur,
2008 3054 2420 3131 etnhospites,
2469 3056 2858 3131 apostolorum
2914 3056 3107 3116 reddis
3160 3073 3285 3117 esse
3334 3059 3619 3117 concives.
3678 3056 3749 3115 In
3820 3065 3871 3115 te

252 3216 263 3223 κ
340 3134 580 3195 honoris
610 3151 676 3194 ac
707 3134 912 3208 gloriae
943 3134 1289 3194 indumento
1317 3135 1577 3195 vestitur.
1605 3136 1825 3211 Corpus
1854 3134 2301 3212 nempeumors
2348 3153 2589 3204 cruenta
2625 3146 2766 3204 dum
2811 3145 3021 3205 occidit
3054 3145 3353 3215 occiditur,
3389 3150 3589 3204 auctor
3633 3151 3692 3203 et
3740 3145 3873 3218 ipse

339 3225 479 3286 Jesu
528 3223 778 3282 Ecclesia
821 3223 1049 3294 dicitur,
1082 3240 1215 3298 qua:
1261 3223 1529 3282 videlicet
1566 3239 1725 3283 nunc
1778 3225 1841 3284 in
1886 3227 2063 3301 hujus
2146 3234 2346 3292 mortis
2391 3233 2807 3306 exstinguitur,
2851 3233 2969 3292 vita
3009 3233 3346 3291 hominibus
3382 3231 3604 3306 perdita
3630 3247 3868 3306 repara-

339 3311 819 3386 peregrinationis
844 3327 1109 3370 aerumna
1147 3312 1313 3386 quasi
1351 3312 1579 3371 sordida
1618 3313 2063 3375 tribulationum
2144 3328 2258 3380 tur.
2293 3321 2383 3380 Tu
2428 3321 2664 3380 armasti
2713 3337 2957 3381 manum
3002 3322 3168 3381 Jahel
3215 3321 3402 3393 clavo,
3433 3336 3550 3395 quo
3599 3320 3872 3379 videlicet

342 3416 409 3460 ac
446 3416 855 3476 pressurarum
898 3406 1057 3460 veste
1104 3402 1371 3460 foedatur.
1417 3400 1528 3460 Sed
1575 3409 1747 3473 tunc,
1791 3402 2063 3463 damnato
2146 3409 2401 3470 Sisaram
2448 3427 2551 3485 per
2604 3419 2831 3485 tempus
2874 3412 3076 3485 capitis
3121 3415 3437 3484 utrumque
3488 3410 3869 3470 transfoderet

341 3497 395 3586 et
430 3490 744 3586 reprobate
783 3489 1044 3586 diabolo,
1091 3496 1301 3586 sancta
1338 3488 1592 3586 Ecclesia
1632 3491 1816 3586 foedis
1862 3500 2059 3586 exuta,
2146 3504 2347 3573 (Judic.
2377 3507 2489 3573 1v),
2516 3510 2572 3561 et
2602 3504 2663 3561 in
2700 3510 2831 3577 typo
2878 3502 3149 3563 Ecclesiae
3189 3503 3485 3563 diabolum
3531 3502 3865 3561 trucidaret.

343 3576 488 3635 stola
514 3577 696 3634 beata:
729 3576 1177 3635 immortalitatis
1208 3576 1495 3649 induitur,
1520 3586 1577 3636 et
1617 3578 1690 3636 de
1729 3582 2060 3654 peregrina-

2214 3610 2234 3652 ι
2264 3594 2510 3652 fundam
2539 3576 2739 3652 David,
2763 3592 3015 3667 implesti
3054 3593 3262 3667 lapide,
3298 3609 3415 3667 quo
3452 3591 3867 3652 Philistbzeum

344 3664 519 3762 ρρηίβ
555 3664 723 3762 Ῑσυοῐιξ
760 3663 833 3762 ίξᾷ
880 3665 1123 3762 [lentam
1168 3666 1383 3762 (Ιιξίθῐίε
1426 3673 1661 3762 tmerth
1694 3669 2055 3730 tmnSfertUI‘.
2141 3681 2371 3741 Goliath
2419 3681 2682 3754 signatus
2730 3680 2791 3739 in
2844 3663 3034 3740 fronte
3082 3663 3362 3755 percutiat
3409 3683 3455 3754 (Ι
3502 3685 3635 3750 Reg.
3692 3681 3864 3752 XVII),

348 3750 509 3811 Sicut
565 3751 630 3810 in
692 3751 1069 3811 dedicationis
1126 3752 1348 3826 psalmo
1423 3755 1726 3828 perspicue
1788 3758 2053 3817 canitur:

2214 3774 2244 3832 ti
2284 3750 2552 3831 videlicet
2586 3772 2865 3846 profanus
2900 3772 2987 3831 tui
3030 3750 3557 3847 signaculum'non
3590 3750 3860 3830 habebat.

348 3864 374 3892 α
400 3840 767 3912 Convertisti,
812 3840 1030 3913 inquit,
1078 3841 1374 3914 planctum
1426 3857 1625 3901 meum
1666 3844 1731 3902 in
1778 3846 2060 3917 gaudium

2232 3861 2400 3919 beata
2447 3840 2616 3931 crux',
2664 3866 2715 3918 te
2760 3840 3219 3934 patriarcharum
3266 3860 3428 3933 fides,
3477 3867 3533 3918 te
3585 3859 3863 3919 vaticinia

342 3929 527 4029 Plit?)
554 3928 884 4029 ορξιδίξὶἀίειί
930 3944 1164 4029 ξᾶοειξω
1212 3945 1431 4029 ment”;
1472 3938 1530 3989 et
1570 3934 2063 4029 PPieCiDXiSttume
2143 3950 2552 4023 prophetarum
2583 3928 2609 4021 ,7
2659 3956 2713 4007 te
2760 3928 2954 4022 judex
3008 3928 3425 4022 apostolorum
3466 3954 3706 4008 senatus
3732 3994 3749 4020 ,
3813 3956 3865 4006 te

342 4018 545 4113 laetitia
586 4020 751 4090 (Ρεαιο
784 4025 983 4113 ξΧΙΧὶο
1014 4018 1154 4113 κ-Πθ
1184 4019 1719 4113 -Ρβρτοὺὶεμᾳιιοριιθ
1752 4029 1887 4081 ἴυΠο
1913 4023 2060 4083 mild
2142 4018 2464 4113 martyrum
2518 4018 2702 4096 victor
2743 4018 3064 4109 exercitus,
3104 4038 3484 4111 omniumque
3528 4018 3863 4096 sanctorum

343 4110 638 4184 impletur,
682 4108 837 4183 quod
883 4124 985 4182 per
1036 4109 1397 4168 Ezechielem
1442 4111 1693 4171 dicitur:
1744 4136 1766 4163 ιι
1797 4113 2062 4173 Transite

343 4216 448 4275 per
472 4199 787 4269 civitatem,
814 4204 869 4256 et
894 4198 1208 4271 percutite;
1234 4215 1355 4258 non
1382 4208 1575 4273 parcat
1611 4203 1817 4262 oculus
1851 4210 2057 4277 vester,

344 4303 421 4346 ne
443 4285 868 4357 misereamini;
897 4300 1098 4345 senem
1125 4291 1182 4344 et
1205 4287 1649 4362 adolescentem,
1675 4298 1732 4350 et
1749 4291 2055 4368 virginem,

344 4374 620 4452 parvulos
657 4383 713 4433 et
748 4376 1024 4436 mulieres
1048 4376 1353 4437 interﬁcite
1381 4394 1569 4454 usque
1601 4382 1675 4440 ad
1710 4383 2059 4444 internecio-

2142 4130 2377 4203 agmina
2427 4136 2800 4200 venerantur,
2856 4130 3173 4204 prtedicant
3221 4137 3278 4187 et
3338 4130 3649 4189 honorantl
3709 4127 3863 4187 Odor

2146 4219 2477 4292 fragrantia:
2522 4225 2640 4277 tuae
2677 4218 2876 4277 omnia
2919 4218 3098 4277 vincit
3140 4225 3414 4289 aromata,
3458 4224 3652 4277 nectar
3694 4224 3859 4276 tuum

2142 4310 2379 4364 cunctas
2444 4305 2874 4379 pigmentorum
2951 4304 3168 4379 species
3220 4312 3276 4363 et
3344 4307 3621 4363 universa
3688 4304 3863 4361 mella

2141 4393 2433 4469 praecedit.
2487 4393 2532 4453 0
2578 4393 2741 4452 beata
2788 4409 2958 4465 crux,
3004 4394 3206 4453 titulus
3252 4394 3475 4468 gloriae,
3506 4393 3738 4467 insigne
3783 4391 3862 4449 vi-

276 4504 283 4509 ·
343 4480 508 4556 “emi
536 4479 771 4556 Omnem
815 4470 1033 4556 ειιιθω,
1065 4481 1237 4556 5‘19?"
1266 4481 1444 4556 quem
1471 4469 1732 4531 Videritis
1766 4472 1953 4546 Thali,
1984 4471 2352 4552 IleDctoriae,
2386 4482 2754 4556 signaculum
2800 4481 3215 4556 redemptionis
3253 4486 3522 4542 aeternas!
3576 4481 3712 4540 Tibi
3759 4482 3860 4539 de-

343 4553 615 4613 occidatis
665 4555 878 4626 (Ezech.
923 4555 1032 4627 IX).
1076 4574 1105 4608 »
1146 4555 1390 4629 Expleta
1423 4557 1619 4632 itaque
1649 4560 1890 4634 judicio,
1922 4579 2057 4623 cum

345 4646 470 4721 ipsa
494 4661 662 4706 cruce
678 4661 882 4705 omnes
894 4646 1039 4721 justi
1066 4645 1247 4707 simul
1270 4649 1670 4723 provehuntur
1687 4652 1761 4711 ad
1788 4668 2052 4727 regnum,

344 4735 516 4810 cujus
543 4734 688 4795 olim
716 4736 839 4794 sive
882 4734 945 4793 in
982 4751 1140 4809 pace,
1168 4736 1291 4796 sive
1327 4738 1391 4796 in
1430 4740 1829 4812 persecutione
1868 4748 2060 4814 pertu-

346 4826 464 4886 lere
505 4826 878 4902 supplicium.
918 4826 989 4885 ln
1031 4827 1133 4886 illa
1166 4829 1345 4902 igitur
1391 4831 1840 4890 immortalitatis
1874 4834 2059 4907 gloria

340 4932 572 4977 crucem
602 4915 1129 4991 splendidissimam
1171 4932 1395 4992 semper
1441 4920 1749 4994 aspiciunt,
1790 4922 2054 4997 signum-

341 5006 745 5084 quevictorite,
763 5020 882 5082 quo
892 5005 1174 5081 redempti
1193 5010 1753 5086 suntmundumque
1767 5011 2051 5087 vicerunt,

342 5098 554 5157 habere
591 5113 653 5157 se
688 5113 813 5173 prae
859 5096 1043 5155 oculis
1088 5096 1463 5158 ineffabiliter
1500 5101 1886 5174 gratulantur.
1916 5103 2054 5163 Pro-

344 5193 539 5257 pterea
597 5190 652 5245 et
707 5183 1021 5244 Salvatoris
1079 5183 1174 5243 sui
1224 5184 1440 5260 jugiter
1493 5186 1693 5248 laudes
1743 5188 2054 5265 alternant,

342 5272 513 5346 eique
571 5289 797 5349 semper
856 5272 1068 5348 gratias
1123 5273 1435 5343 referentes
1487 5276 1552 5336 in
1608 5278 1712 5337 illa
1764 5286 2060 5354 perpetuae

338 5359 722 5433 jucunditatis
743 5361 1076 5421 ammnitate
1096 5362 1432 5436 tripudiant.

415 5447 615 5524 Itaque
641 5455 698 5508 et
725 5465 831 5510 nos
866 5450 931 5509 in
969 5448 1202 5510 laudem
1244 5452 1429 5513 beatas
1468 5456 1656 5517 crucis
1684 5456 1827 5518 libet
1857 5460 2058 5521 excla-

344 5556 504 5601 mare
534 5563 548 5599 :
577 5539 624 5601 0
651 5541 817 5601 beata
842 5557 1012 5616 crux,
1042 5557 1175 5618 quae
1198 5543 1369 5604 illum
1406 5548 1673 5609 meruisti
1699 5566 1851 5613 nova
1878 5552 2055 5615 libra-

2140 4574 2279 4633 bent
2333 4581 2576 4643 terrena,
2629 4573 2783 4648 quod
2837 4573 3079 4644 vivunt;
3121 4573 3376 4633 coelestia
3423 4574 3666 4646 insuper
3702 4570 3860 4645 quod

2137 4666 2209 4725 ad
2267 4682 2391 4726 suae
2449 4663 2793 4738 integritatis
2843 4663 3268 4737 plenitudinem
3330 4663 3592 4723 redeunt.
3645 4662 3759 4721 Per
3808 4670 3861 4719 te

2138 4754 2429 4832 siquidem
2458 4754 2532 4813 ad
2561 4755 2804 4828 patriam
2851 4754 3021 4814 exsul
3062 4756 3237 4814 homo
3283 4755 3616 4825 revertitur,
3644 4760 3702 4811 et
3753 4769 3860 4811 an-

2136 4845 2400 4918 gelorum
2430 4852 2729 4915 numerus,
2748 4844 2850 4918 qui
2876 4843 3203 4904 diminutus
3240 4845 3446 4917 fuerat,
3471 4843 3854 4902 instauratur.

2139 4934 2228 4994 Tu
2257 4935 2415 5005 facis,
2446 4941 2510 4993 ut
2544 4935 2885 4995 daemonum
2930 4937 3102 5007 servi,
3138 4935 3241 4995 Dei
3288 4937 3431 4996 fiant
3467 4951 3569 5010 per
3596 4935 3861 5011 adoptio-

2140 5039 2275 5083 nem
2324 5023 2452 5093 ﬁlii,
2478 5030 2535 5083 et
2581 5024 2723 5083 olim
2772 5023 3064 5096 idolorum
3115 5027 3385 5097 cultores,
3438 5041 3598 5085 nunc
3644 5025 3861 5084 Christi

2140 5114 2257 5171 sint
2293 5112 2641 5172 cohaeredes.
2676 5112 2720 5173 Ο
2759 5128 2906 5173 crux
2949 5113 3219 5188 gloriosa,
3250 5132 3284 5175 o
3309 5131 3456 5175 crux
3492 5114 3857 5187 admiranda,

2138 5203 2234 5262 cui
2285 5204 2460 5269 totius
2508 5203 2667 5265 orbis
2712 5204 2957 5279 imperia
3001 5205 3340 5280 procidunt,
3390 5205 3583 5264 omnis
3639 5211 3862 5280 sceptra

2139 5293 2493 5367 principatus
2537 5293 2839 5366 obediunt,
2880 5302 3339 5370 cunctorumque
3383 5309 3699 5369 regnorum
3724 5295 3862 5369 jura

2139 5381 2477 5442 subduntur
2500 5385 2516 5439 l

2212 5469 2327 5530 Sed
2355 5485 2462 5531 cur.
2494 5485 2603 5533 nos
2645 5472 2860 5545 obrizo,
2893 5471 3019 5532 sive
3062 5472 3417 5535 carbunculo
3459 5470 3739 5533 adbibere
3766 5485 3866 5531 ex-

2141 5560 2428 5622 trinsecus
2475 5566 2817 5622 ornamenta
2884 5561 3331 5636 contendimus,
3386 5562 3623 5639 quibus
3657 5561 3865 5636 utique
