  <div class='ocr_page' id='page_1' title='image "/cluster/home/n/w/nwhite01/storage/ocr_20150623/144/hvd.32044054760046/394.png"; bbox 0 0 4022 6206; ppageno 0'>
   <div class='ocr_carea' id='block_1_1' title="bbox 440 420 2213 486">
    <p class='ocr_par' dir='ltr' id='par_1_1' title="bbox 440 420 2213 486">
     <span class='ocr_line' id='line_1_1' title="bbox 440 420 2213 486; baseline -0.003 0"><span class='ocrx_word' id='word_1_1' title='bbox 440 428 541 486; x_wconf 78' lang='lat'><strong>777</strong></span> <span class='ocrx_word' id='word_1_2' title='bbox 1756 430 1987 486; x_wconf 59' lang='lat' dir='ltr'><strong>Sl-Zlifvlft</strong></span> <span class='ocrx_word' id='word_1_3' title='bbox 2026 420 2213 482; x_wconf 68' lang='lat' dir='ltr'><strong>XLlX.</strong></span> 
     </span>
    </p>
   </div>
   <div class='ocr_carea' id='block_1_2' title="bbox 3601 434 3703 487">
    <p class='ocr_par' dir='ltr' id='par_1_2' title="bbox 3601 434 3703 487">
     <span class='ocr_line' id='line_1_2' title="bbox 3601 434 3703 487; baseline 0.02 -2"><span class='ocrx_word' id='word_1_4' title='bbox 3601 434 3703 487; x_wconf 73' lang='lat'><strong>7&#39;8</strong></span> 
     </span>
    </p>
   </div>
   <div class='ocr_carea' id='block_1_3' title="bbox 434 542 3706 621">
    <p class='ocr_par' dir='ltr' id='par_1_3' title="bbox 434 542 3706 621">
     <span class='ocr_line' id='line_1_3' title="bbox 434 542 3706 621; baseline -0.001 -18"><span class='ocrx_word' id='word_1_5' title='bbox 434 545 697 621; x_wconf 80' lang='lat' dir='ltr'><strong>quidquid</strong></span> <span class='ocrx_word' id='word_1_6' title='bbox 724 548 1031 618; x_wconf 90' lang='lat' dir='ltr'><strong>apponitur,</strong></span> <span class='ocrx_word' id='word_1_7' title='bbox 1065 564 1267 621; x_wconf 86' lang='lat' dir='ltr'><strong>suppar</strong></span> <span class='ocrx_word' id='word_1_8' title='bbox 1291 560 1340 605; x_wconf 80' lang='lat' dir='ltr'><strong>et</strong></span> <span class='ocrx_word' id='word_1_9' title='bbox 1371 549 1677 605; x_wconf 78' lang='lat' dir='ltr'><strong>deeolorius</strong></span> <span class='ocrx_word' id='word_1_10' title='bbox 1710 548 2017 604; x_wconf 78' lang='lat' dir='ltr'><strong>invenitur?</strong></span> <span class='ocrx_word' id='word_1_11' title='bbox 2048 552 2092 608; x_wconf 77' lang='grc' dir='ltr'><strong>Α</strong></span> <span class='ocrx_word' id='word_1_12' title='bbox 2126 544 2309 597; x_wconf 81' lang='lat' dir='ltr'><strong>mutuli</strong></span> <span class='ocrx_word' id='word_1_13' title='bbox 2346 542 2557 597; x_wconf 82' lang='lat' dir='ltr'><strong>latitu.ii</strong></span> <span class='ocrx_word' id='word_1_14' title='bbox 2600 557 2683 597; x_wconf 86' lang='lat' dir='ltr'><strong>cm</strong></span> <span class='ocrx_word' id='word_1_15' title='bbox 2737 544 2941 614; x_wconf 66' lang='lat' dir='ltr'><strong>spargit</strong></span> <span class='ocrx_word' id='word_1_16' title='bbox 2972 543 3218 598; x_wconf 10' lang='lat' dir='ltr'><strong>hominstis</strong></span> <span class='ocrx_word' id='word_1_17' title='bbox 3277 544 3476 613; x_wconf 80' lang='lat' dir='ltr'><strong>eloquii</strong></span> <span class='ocrx_word' id='word_1_18' title='bbox 3525 561 3706 601; x_wconf 77' lang='lat' dir='ltr'><strong>sarra-</strong></span> 
     </span>
    </p>
   </div>
   <div class='ocr_carea' id='block_1_4' title="bbox 434 638 2019 711">
    <p class='ocr_par' dir='ltr' id='par_1_4' title="bbox 434 638 2019 711">
     <span class='ocr_line' id='line_1_4' title="bbox 434 638 2019 711; baseline 0.001 -18"><span class='ocrx_word' id='word_1_19' title='bbox 434 638 551 694; x_wconf 75' lang='lat' dir='ltr'><strong>Non</strong></span> <span class='ocrx_word' id='word_1_20' title='bbox 579 638 759 701; x_wconf 89' lang='lat' dir='ltr'><strong>enim,</strong></span> <span class='ocrx_word' id='word_1_21' title='bbox 787 655 820 693; x_wconf 90' lang='grc' dir='ltr'>ο</span> <span class='ocrx_word' id='word_1_22' title='bbox 869 642 1021 694; x_wconf 83' lang='lat' dir='ltr'><strong>beata</strong></span> <span class='ocrx_word' id='word_1_23' title='bbox 1072 656 1204 695; x_wconf 84' lang='lat' dir='ltr'><strong>crux</strong></span> <span class='ocrx_word' id='word_1_24' title='bbox 1232 643 1248 695; x_wconf 86' lang='lat'>!</span> <span class='ocrx_word' id='word_1_25' title='bbox 1278 642 1531 711; x_wconf 62' lang='lat' dir='ltr'><strong>quaglibet</strong></span> <span class='ocrx_word' id='word_1_26' title='bbox 1570 642 1804 695; x_wconf 85' lang='lat' dir='ltr'><strong>humana</strong></span> <span class='ocrx_word' id='word_1_27' title='bbox 1838 640 2019 711; x_wconf 88' lang='lat' dir='ltr'><strong>lingua</strong></span> 
     </span>
    </p>
   </div>
   <div class='ocr_carea' id='block_1_5' title="bbox 434 729 2020 801">
    <p class='ocr_par' dir='ltr' id='par_1_5' title="bbox 434 729 2020 801">
     <span class='ocr_line' id='line_1_5' title="bbox 434 729 2020 801; baseline 0.003 -19"><span class='ocrx_word' id='word_1_28' title='bbox 434 738 527 783; x_wconf 84' lang='lat' dir='ltr'><strong>tua</strong></span> <span class='ocrx_word' id='word_1_29' title='bbox 576 729 832 799; x_wconf 72' lang='lat' dir='ltr'><strong>prmvalet</strong></span> <span class='ocrx_word' id='word_1_30' title='bbox 877 736 1095 801; x_wconf 65' lang='lat' dir='ltr'><strong>requare</strong></span> <span class='ocrx_word' id='word_1_31' title='bbox 1141 732 1449 801; x_wconf 70' lang='lat' dir='ltr'><strong>praeconia,</strong></span> <span class='ocrx_word' id='word_1_32' title='bbox 1496 730 1548 785; x_wconf 88' lang='lat' dir='ltr'><strong>in</strong></span> <span class='ocrx_word' id='word_1_33' title='bbox 1600 746 1707 800; x_wconf 85' lang='lat' dir='ltr'><strong>qua</strong></span> <span class='ocrx_word' id='word_1_34' title='bbox 1762 730 2020 786; x_wconf 81' lang='lat' dir='ltr'><strong>nimirum</strong></span> 
     </span>
    </p>
   </div>
   <div class='ocr_carea' id='block_1_6' title="bbox 430 819 2020 893">
    <p class='ocr_par' dir='ltr' id='par_1_6' title="bbox 430 819 2020 893">
     <span class='ocr_line' id='line_1_6' title="bbox 430 819 2020 893; baseline 0.003 -20"><span class='ocrx_word' id='word_1_35' title='bbox 430 826 637 873; x_wconf 66' lang='lat' dir='ltr'><strong>acterna</strong></span> <span class='ocrx_word' id='word_1_36' title='bbox 668 819 777 872; x_wconf 84' lang='lat' dir='ltr'><strong>vita</strong></span> <span class='ocrx_word' id='word_1_37' title='bbox 828 820 1119 889; x_wconf 79' lang='lat' dir='ltr'><strong>pependit,</strong></span> <span class='ocrx_word' id='word_1_38' title='bbox 1170 837 1334 892; x_wconf 87' lang='lat' dir='ltr'><strong>quam</strong></span> <span class='ocrx_word' id='word_1_39' title='bbox 1376 821 1525 877; x_wconf 88' lang='lat' dir='ltr'><strong>salus</strong></span> <span class='ocrx_word' id='word_1_40' title='bbox 1572 822 1755 878; x_wconf 82' lang='lat' dir='ltr'><strong>mundi</strong></span> <span class='ocrx_word' id='word_1_41' title='bbox 1799 823 2020 893; x_wconf 83' lang='lat' dir='ltr'><strong>preprio</strong></span> 
     </span>
    </p>
   </div>
   <div class='ocr_carea' id='block_1_7' title="bbox 430 906 2017 984">
    <p class='ocr_par' dir='ltr' id='par_1_7' title="bbox 430 906 2017 984">
     <span class='ocr_line' id='line_1_7' title="bbox 430 906 2017 984; baseline 0.003 -20"><span class='ocrx_word' id='word_1_42' title='bbox 430 922 631 965; x_wconf 79' lang='lat' dir='ltr'><strong>cruore</strong></span> <span class='ocrx_word' id='word_1_43' title='bbox 675 910 937 981; x_wconf 86' lang='lat' dir='ltr'><strong>perfudit,</strong></span> <span class='ocrx_word' id='word_1_44' title='bbox 967 919 1021 966; x_wconf 92' lang='lat' dir='ltr'><strong>et</strong></span> <span class='ocrx_word' id='word_1_45' title='bbox 1061 912 1257 966; x_wconf 91' lang='lat' dir='ltr'><strong>summi</strong></span> <span class='ocrx_word' id='word_1_46' title='bbox 1287 911 1462 967; x_wconf 92' lang='lat' dir='ltr'><strong>Patris</strong></span> <span class='ocrx_word' id='word_1_47' title='bbox 1487 906 1725 967; x_wconf 76' lang='lat' dir='ltr'><strong>Verbum</strong></span> <span class='ocrx_word' id='word_1_48' title='bbox 1757 912 2017 984; x_wconf 71' lang='lat' dir='ltr'><strong>singulari</strong></span> 
     </span>
    </p>
   </div>
   <div class='ocr_carea' id='block_1_8' title="bbox 431 996 2019 1073">
    <p class='ocr_par' dir='ltr' id='par_1_8' title="bbox 431 996 2019 1073">
     <span class='ocr_line' id='line_1_8' title="bbox 431 996 2019 1073; baseline 0.004 -20"><span class='ocrx_word' id='word_1_49' title='bbox 431 996 517 1065; x_wconf 84' lang='lat' dir='ltr'><strong>sui</strong></span> <span class='ocrx_word' id='word_1_50' title='bbox 554 1000 799 1070; x_wconf 80' lang='lat' dir='ltr'><strong>corporis</strong></span> <span class='ocrx_word' id='word_1_51' title='bbox 831 1000 1189 1056; x_wconf 89' lang='lat' dir='ltr'><strong>contubernio</strong></span> <span class='ocrx_word' id='word_1_52' title='bbox 1219 1000 1517 1056; x_wconf 79' lang='lat' dir='ltr'><strong>decoravit.</strong></span> <span class='ocrx_word' id='word_1_53' title='bbox 1548 1000 1708 1057; x_wconf 73' lang='lat' dir='ltr'><strong>Solos</strong></span> <span class='ocrx_word' id='word_1_54' title='bbox 1735 1002 1903 1073; x_wconf 81' lang='lat' dir='ltr'><strong>igitur</strong></span> <span class='ocrx_word' id='word_1_55' title='bbox 1929 1011 2019 1059; x_wconf 83' lang='lat' dir='ltr'><strong>tua</strong></span> 
     </span>
    </p>
   </div>
   <div class='ocr_carea' id='block_1_9' title="bbox 430 1089 2017 1163">
    <p class='ocr_par' dir='ltr' id='par_1_9' title="bbox 430 1089 2017 1163">
     <span class='ocr_line' id='line_1_9' title="bbox 430 1089 2017 1163; baseline 0.005 -23"><span class='ocrx_word' id='word_1_56' title='bbox 430 1089 551 1144; x_wconf 81' lang='lat' dir='ltr'><strong>laus</strong></span> <span class='ocrx_word' id='word_1_57' title='bbox 577 1101 683 1163; x_wconf 85' lang='lat' dir='ltr'><strong>est,</strong></span> <span class='ocrx_word' id='word_1_58' title='bbox 708 1090 799 1160; x_wconf 92' lang='lat' dir='ltr'><strong>qui</strong></span> <span class='ocrx_word' id='word_1_59' title='bbox 834 1091 1085 1161; x_wconf 85' lang='lat' dir='ltr'><strong>pependit</strong></span> <span class='ocrx_word' id='word_1_60' title='bbox 1123 1091 1175 1145; x_wconf 92' lang='lat' dir='ltr'><strong>in</strong></span> <span class='ocrx_word' id='word_1_61' title='bbox 1207 1100 1279 1146; x_wconf 88' lang='lat' dir='ltr'><strong>te.</strong></span> <span class='ocrx_word' id='word_1_62' title='bbox 1310 1090 1389 1146; x_wconf 87' lang='lat' dir='ltr'><strong>Tu</strong></span> <span class='ocrx_word' id='word_1_63' title='bbox 1420 1093 1567 1146; x_wconf 89' lang='lat' dir='ltr'><strong>enim</strong></span> <span class='ocrx_word' id='word_1_64' title='bbox 1595 1092 1853 1162; x_wconf 79' lang='lat' dir='ltr'><strong>decepisti</strong></span> <span class='ocrx_word' id='word_1_65' title='bbox 1881 1109 2017 1148; x_wconf 90' lang='lat' dir='ltr'><strong>nova</strong></span> 
     </span>
    </p>
   </div>
   <div class='ocr_carea' id='block_1_10' title="bbox 432 1180 2015 1253">
    <p class='ocr_par' dir='ltr' id='par_1_10' title="bbox 432 1180 2015 1253">
     <span class='ocr_line' id='line_1_10' title="bbox 432 1180 2015 1253; baseline 0.003 -18"><span class='ocrx_word' id='word_1_66' title='bbox 432 1189 551 1235; x_wconf 72' lang='lat' dir='ltr'><strong>arte</strong></span> <span class='ocrx_word' id='word_1_67' title='bbox 600 1180 899 1247; x_wconf 87' lang='lat' dir='ltr'><strong>diabolum,</strong></span> <span class='ocrx_word' id='word_1_68' title='bbox 947 1190 1005 1235; x_wconf 89' lang='lat' dir='ltr'><strong>et</strong></span> <span class='ocrx_word' id='word_1_69' title='bbox 1056 1181 1333 1235; x_wconf 85' lang='lat' dir='ltr'><strong>reddidisti</strong></span> <span class='ocrx_word' id='word_1_70' title='bbox 1367 1183 1434 1237; x_wconf 89' lang='lat' dir='ltr'><strong>de</strong></span> <span class='ocrx_word' id='word_1_71' title='bbox 1480 1182 1685 1238; x_wconf 80' lang='lat' dir='ltr'><strong>victore</strong></span> <span class='ocrx_word' id='word_1_72' title='bbox 1721 1183 2015 1253; x_wconf 84' lang='lat' dir='ltr'><strong>captivum.</strong></span> 
     </span>
    </p>
   </div>
   <div class='ocr_carea' id='block_1_11' title="bbox 433 1268 2014 1339">
    <p class='ocr_par' dir='ltr' id='par_1_11' title="bbox 433 1268 2014 1339">
     <span class='ocr_line' id='line_1_11' title="bbox 433 1268 2014 1339; baseline 0.003 -16"><span class='ocrx_word' id='word_1_73' title='bbox 433 1270 512 1323; x_wconf 82' lang='lat' dir='ltr'><strong>Tu</strong></span> <span class='ocrx_word' id='word_1_74' title='bbox 549 1268 819 1339; x_wconf 80' lang='lat' dir='ltr'><strong>siquidem</strong></span> <span class='ocrx_word' id='word_1_75' title='bbox 865 1285 1229 1325; x_wconf 89' lang='lat' dir='ltr'><strong>consueveras</strong></span> <span class='ocrx_word' id='word_1_76' title='bbox 1258 1270 1463 1327; x_wconf 84' lang='lat' dir='ltr'><strong>electas</strong></span> <span class='ocrx_word' id='word_1_77' title='bbox 1509 1270 1583 1327; x_wconf 83' lang='lat' dir='ltr'><strong>iiii</strong></span> <span class='ocrx_word' id='word_1_78' title='bbox 1616 1286 1772 1327; x_wconf 80' lang='lat' dir='ltr'><strong>escas</strong></span> <span class='ocrx_word' id='word_1_79' title='bbox 1795 1271 2014 1339; x_wconf 75' lang='lat' dir='ltr'><strong>oli‘erre,</strong></span> 
     </span>
    </p>
   </div>
   <div class='ocr_carea' id='block_1_12' title="bbox 433 1359 2018 1433">
    <p class='ocr_par' dir='ltr' id='par_1_12' title="bbox 433 1359 2018 1433">
     <span class='ocr_line' id='line_1_12' title="bbox 433 1359 2018 1433; baseline 0.003 -18"><span class='ocrx_word' id='word_1_80' title='bbox 433 1370 596 1430; x_wconf 88' lang='lat' dir='ltr'><strong>atque</strong></span> <span class='ocrx_word' id='word_1_81' title='bbox 628 1361 697 1416; x_wconf 86' lang='lat' dir='ltr'><strong>ad</strong></span> <span class='ocrx_word' id='word_1_82' title='bbox 731 1359 849 1430; x_wconf 82' lang='lat' dir='ltr'><strong>ejus</strong></span> <span class='ocrx_word' id='word_1_83' title='bbox 878 1361 1187 1416; x_wconf 82' lang='lat' dir='ltr'><strong>insatiabile</strong></span> <span class='ocrx_word' id='word_1_84' title='bbox 1212 1370 1417 1432; x_wconf 78' lang='lat' dir='ltr'><strong>guttur,</strong></span> <span class='ocrx_word' id='word_1_85' title='bbox 1444 1376 1673 1433; x_wconf 67' lang='lat' dir='ltr'><strong>quaeque</strong></span> <span class='ocrx_word' id='word_1_86' title='bbox 1699 1363 1797 1418; x_wconf 83' lang='lat' dir='ltr'><strong>tibi</strong></span> <span class='ocrx_word' id='word_1_87' title='bbox 1826 1362 2018 1419; x_wconf 82' lang='lat' dir='ltr'><strong>fierent</strong></span> 
     </span>
    </p>
   </div>
   <div class='ocr_carea' id='block_1_13' title="bbox 432 1450 2014 1519">
    <p class='ocr_par' dir='ltr' id='par_1_13' title="bbox 432 1450 2014 1519">
     <span class='ocr_line' id='line_1_13' title="bbox 432 1450 2014 1519; baseline 0.002 -14"><span class='ocrx_word' id='word_1_88' title='bbox 432 1451 667 1509; x_wconf 85' lang='lat' dir='ltr'><strong>obnoxia</strong></span> <span class='ocrx_word' id='word_1_89' title='bbox 690 1493 707 1516; x_wconf 90' lang='lat'><strong>,</strong></span> <span class='ocrx_word' id='word_1_90' title='bbox 754 1451 1050 1507; x_wconf 89' lang='lat' dir='ltr'><strong>destinare.</strong></span> <span class='ocrx_word' id='word_1_91' title='bbox 1090 1450 1394 1507; x_wconf 76' lang='lat' dir='ltr'><strong>Novissime</strong></span> <span class='ocrx_word' id='word_1_92' title='bbox 1422 1462 1602 1507; x_wconf 88' lang='lat' dir='ltr'><strong>autem</strong></span> <span class='ocrx_word' id='word_1_93' title='bbox 1631 1452 1792 1507; x_wconf 89' lang='lat' dir='ltr'><strong>talem</strong></span> <span class='ocrx_word' id='word_1_94' title='bbox 1820 1452 2014 1519; x_wconf 84' lang='lat' dir='ltr'><strong>hianti,</strong></span> 
     </span>
    </p>
   </div>
   <div class='ocr_carea' id='block_1_14' title="bbox 430 1541 2013 1612">
    <p class='ocr_par' dir='ltr' id='par_1_14' title="bbox 430 1541 2013 1612">
     <span class='ocr_line' id='line_1_14' title="bbox 430 1541 2013 1612; baseline 0 -17"><span class='ocrx_word' id='word_1_95' title='bbox 430 1557 496 1597; x_wconf 88' lang='lat' dir='ltr'><strong>ac</strong></span> <span class='ocrx_word' id='word_1_96' title='bbox 523 1541 787 1598; x_wconf 85' lang='lat' dir='ltr'><strong>devorare</strong></span> <span class='ocrx_word' id='word_1_97' title='bbox 815 1541 1055 1612; x_wconf 86' lang='lat' dir='ltr'><strong>cupienti</strong></span> <span class='ocrx_word' id='word_1_98' title='bbox 1083 1543 1289 1607; x_wconf 85' lang='lat' dir='ltr'><strong>cibum,</strong></span> <span class='ocrx_word' id='word_1_99' title='bbox 1314 1556 1348 1597; x_wconf 90' lang='grc' dir='ltr'>ο</span> <span class='ocrx_word' id='word_1_100' title='bbox 1377 1542 1536 1597; x_wconf 86' lang='lat' dir='ltr'><strong>beata</strong></span> <span class='ocrx_word' id='word_1_101' title='bbox 1566 1557 1722 1606; x_wconf 78' lang='lat' dir='ltr'><strong>crux,</strong></span> <span class='ocrx_word' id='word_1_102' title='bbox 1748 1542 2013 1609; x_wconf 85' lang='lat' dir='ltr'><strong>obtulisti,</strong></span> 
     </span>
    </p>
   </div>
   <div class='ocr_carea' id='block_1_15' title="bbox 428 1632 2020 1704">
    <p class='ocr_par' dir='ltr' id='par_1_15' title="bbox 428 1632 2020 1704">
     <span class='ocr_line' id='line_1_15' title="bbox 428 1632 2020 1704; baseline -0.001 -17"><span class='ocrx_word' id='word_1_103' title='bbox 428 1634 519 1704; x_wconf 87' lang='lat' dir='ltr'><strong>qui</strong></span> <span class='ocrx_word' id='word_1_104' title='bbox 552 1642 609 1689; x_wconf 91' lang='lat' dir='ltr'><strong>et</strong></span> <span class='ocrx_word' id='word_1_105' title='bbox 640 1633 823 1690; x_wconf 77' lang='lat' dir='ltr'><strong>fauces</strong></span> <span class='ocrx_word' id='word_1_106' title='bbox 865 1634 981 1702; x_wconf 84' lang='lat' dir='ltr'><strong>ejus</strong></span> <span class='ocrx_word' id='word_1_107' title='bbox 1013 1632 1241 1690; x_wconf 74' lang='lat' dir='ltr'><strong>oceultze</strong></span> <span class='ocrx_word' id='word_1_108' title='bbox 1273 1633 1492 1687; x_wconf 85' lang='lat' dir='ltr'><strong>virtutis</strong></span> <span class='ocrx_word' id='word_1_109' title='bbox 1520 1633 1679 1688; x_wconf 86' lang='lat' dir='ltr'><strong>hamo</strong></span> <span class='ocrx_word' id='word_1_110' title='bbox 1729 1633 2020 1703; x_wconf 80' lang='lat' dir='ltr'><strong>transﬁge—</strong></span> 
     </span>
    </p>
   </div>
   <div class='ocr_carea' id='block_1_16' title="bbox 426 1720 2015 1794">
    <p class='ocr_par' dir='ltr' id='par_1_16' title="bbox 426 1720 2015 1794">
     <span class='ocr_line' id='line_1_16' title="bbox 426 1720 2015 1794; baseline 0 -16"><span class='ocrx_word' id='word_1_111' title='bbox 426 1732 535 1788; x_wconf 89' lang='lat' dir='ltr'><strong>ret,</strong></span> <span class='ocrx_word' id='word_1_112' title='bbox 578 1732 635 1779; x_wconf 90' lang='lat' dir='ltr'><strong>et</strong></span> <span class='ocrx_word' id='word_1_113' title='bbox 677 1736 977 1780; x_wconf 80' lang='lat' dir='ltr'><strong>veternosa:</strong></span> <span class='ocrx_word' id='word_1_114' title='bbox 1021 1720 1240 1779; x_wconf 71' lang='lat' dir='ltr'><strong>malitiae</strong></span> <span class='ocrx_word' id='word_1_115' title='bbox 1283 1732 1526 1780; x_wconf 80' lang='lat' dir='ltr'><strong>ventrem</strong></span> <span class='ocrx_word' id='word_1_116' title='bbox 1558 1722 1645 1779; x_wconf 90' lang='lat' dir='ltr'><strong>his</strong></span> <span class='ocrx_word' id='word_1_117' title='bbox 1670 1724 1761 1794; x_wconf 88' lang='lat' dir='ltr'><strong>qui</strong></span> <span class='ocrx_word' id='word_1_118' title='bbox 1784 1722 1896 1792; x_wconf 87' lang='lat' dir='ltr'><strong>jam</strong></span> <span class='ocrx_word' id='word_1_119' title='bbox 1921 1725 2015 1778; x_wconf 88' lang='lat' dir='ltr'><strong>ab-</strong></span> 
     </span>
    </p>
   </div>
   <div class='ocr_carea' id='block_1_17' title="bbox 426 1810 2009 1886">
    <p class='ocr_par' dir='ltr' id='par_1_17' title="bbox 426 1810 2009 1886">
     <span class='ocr_line' id='line_1_17' title="bbox 426 1810 2009 1886; baseline 0.002 -20"><span class='ocrx_word' id='word_1_120' title='bbox 426 1812 596 1883; x_wconf 88' lang='lat' dir='ltr'><strong>sorpti</strong></span> <span class='ocrx_word' id='word_1_121' title='bbox 620 1812 854 1879; x_wconf 82' lang='lat' dir='ltr'><strong>fuerant,</strong></span> <span class='ocrx_word' id='word_1_122' title='bbox 878 1824 1152 1869; x_wconf 89' lang='lat' dir='ltr'><strong>vacuaret.</strong></span> <span class='ocrx_word' id='word_1_123' title='bbox 1180 1810 1224 1871; x_wconf 92' lang='lat'><strong>0</strong></span> <span class='ocrx_word' id='word_1_124' title='bbox 1250 1829 1381 1870; x_wconf 86' lang='lat' dir='ltr'><strong>crux</strong></span> <span class='ocrx_word' id='word_1_125' title='bbox 1412 1814 1668 1886; x_wconf 87' lang='lat' dir='ltr'><strong>gloriosa,</strong></span> <span class='ocrx_word' id='word_1_126' title='bbox 1686 1829 1808 1884; x_wconf 59' lang='lat' dir='ltr'><strong>qua!</strong></span> <span class='ocrx_word' id='word_1_127' title='bbox 1829 1816 2009 1869; x_wconf 85' lang='lat' dir='ltr'><strong>omnia</strong></span> 
     </span>
    </p>
   </div>
   <div class='ocr_carea' id='block_1_18' title="bbox 2123 642 2384 688">
    <p class='ocr_par' dir='ltr' id='par_1_18' title="bbox 2123 642 2384 688">
     <span class='ocr_line' id='line_1_18' title="bbox 2123 642 2384 688; baseline 0.004 -1"><span class='ocrx_word' id='word_1_128' title='bbox 2123 642 2384 688; x_wconf 88' lang='lat' dir='ltr'><strong>mentum.</strong></span> 
     </span>
    </p>
   </div>
   <div class='ocr_carea' id='block_1_19' title="bbox 2190 724 3706 801">
    <p class='ocr_par' dir='ltr' id='par_1_19' title="bbox 2190 724 3706 801">
     <span class='ocr_line' id='line_1_19' title="bbox 2190 724 3706 801; baseline 0.006 -24"><span class='ocrx_word' id='word_1_129' title='bbox 2190 730 2334 781; x_wconf 79' lang='lat' dir='ltr'><strong>tuter</strong></span> <span class='ocrx_word' id='word_1_130' title='bbox 2375 740 2568 780; x_wconf 68' lang='lat' dir='ltr'><strong>omnes</strong></span> <span class='ocrx_word' id='word_1_131' title='bbox 2598 724 2757 796; x_wconf 84' lang='lat' dir='ltr'><strong>plane</strong></span> <span class='ocrx_word' id='word_1_132' title='bbox 2783 736 3025 793; x_wconf 87' lang='lat' dir='ltr'><strong>sanctos,</strong></span> <span class='ocrx_word' id='word_1_133' title='bbox 3053 732 3143 799; x_wconf 85' lang='lat' dir='ltr'><strong>qui</strong></span> <span class='ocrx_word' id='word_1_134' title='bbox 3181 729 3386 785; x_wconf 68' lang='lat' dir='ltr'><strong>caelesti</strong></span> <span class='ocrx_word' id='word_1_135' title='bbox 3417 727 3600 801; x_wconf 70' lang='lat' dir='ltr'><strong>gloria:</strong></span> <span class='ocrx_word' id='word_1_136' title='bbox 3639 733 3706 786; x_wconf 91' lang='lat' dir='ltr'><strong>de</strong></span> 
     </span>
    </p>
   </div>
   <div class='ocr_carea' id='block_1_20' title="bbox 2120 815 3709 887">
    <p class='ocr_par' dir='ltr' id='par_1_20' title="bbox 2120 815 3709 887">
     <span class='ocr_line' id='line_1_20' title="bbox 2120 815 3709 887; baseline 0.006 -19"><span class='ocrx_word' id='word_1_137' title='bbox 2120 815 2453 886; x_wconf 77' lang='lat' dir='ltr'><strong>triumphato</strong></span> <span class='ocrx_word' id='word_1_138' title='bbox 2479 816 2681 871; x_wconf 82' lang='lat' dir='ltr'><strong>mundo</strong></span> <span class='ocrx_word' id='word_1_139' title='bbox 2710 817 2951 873; x_wconf 66' lang='lat' dir='ltr'><strong>victoriae</strong></span> <span class='ocrx_word' id='word_1_140' title='bbox 2984 818 3168 876; x_wconf 91' lang='lat' dir='ltr'><strong>titulos</strong></span> <span class='ocrx_word' id='word_1_141' title='bbox 3217 819 3536 887; x_wconf 89' lang='lat' dir='ltr'><strong>intulerunt,</strong></span> <span class='ocrx_word' id='word_1_142' title='bbox 3584 823 3709 877; x_wconf 88' lang='lat' dir='ltr'><strong>bea-</strong></span> 
     </span>
    </p>
   </div>
   <div class='ocr_carea' id='block_1_21' title="bbox 2120 906 3701 981">
    <p class='ocr_par' dir='ltr' id='par_1_21' title="bbox 2120 906 3701 981">
     <span class='ocr_line' id='line_1_21' title="bbox 2120 906 3701 981; baseline 0.004 -22"><span class='ocrx_word' id='word_1_143' title='bbox 2120 916 2206 961; x_wconf 91' lang='lat' dir='ltr'><strong>tus</strong></span> <span class='ocrx_word' id='word_1_144' title='bbox 2235 906 2518 962; x_wconf 59' lang='lat' dir='ltr'><strong>Mattbzc&#39;us</strong></span> <span class='ocrx_word' id='word_1_145' title='bbox 2553 909 2684 963; x_wconf 87' lang='lat' dir='ltr'><strong>mihi</strong></span> <span class='ocrx_word' id='word_1_146' title='bbox 2733 909 2947 963; x_wconf 87' lang='lat' dir='ltr'><strong>videtur</strong></span> <span class='ocrx_word' id='word_1_147' title='bbox 2998 908 3224 981; x_wconf 82' lang='lat' dir='ltr'><strong>insignis</strong></span> <span class='ocrx_word' id='word_1_148' title='bbox 3250 951 3265 975; x_wconf 94' lang='lat'><strong>,</strong></span> <span class='ocrx_word' id='word_1_149' title='bbox 3294 922 3453 981; x_wconf 81' lang='lat' dir='ltr'><strong>atque</strong></span> <span class='ocrx_word' id='word_1_150' title='bbox 3479 913 3701 981; x_wconf 86' lang='lat' dir='ltr'><strong>conspi-</strong></span> 
     </span>
    </p>
   </div>
   <div class='ocr_carea' id='block_1_22' title="bbox 2116 998 3709 1077">
    <p class='ocr_par' dir='ltr' id='par_1_22' title="bbox 2116 998 3709 1077">
     <span class='ocr_line' id='line_1_22' title="bbox 2116 998 3709 1077; baseline 0 -20"><span class='ocrx_word' id='word_1_151' title='bbox 2116 1014 2284 1059; x_wconf 77' lang='lat' dir='ltr'><strong>Cuus,</strong></span> <span class='ocrx_word' id='word_1_152' title='bbox 2315 1008 2372 1055; x_wconf 89' lang='lat' dir='ltr'><strong>et</strong></span> <span class='ocrx_word' id='word_1_153' title='bbox 2414 998 2705 1069; x_wconf 80' lang='lat' dir='ltr'><strong>quemdam</strong></span> <span class='ocrx_word' id='word_1_154' title='bbox 2732 1000 2874 1055; x_wconf 89' lang='lat' dir='ltr'><strong>inter</strong></span> <span class='ocrx_word' id='word_1_155' title='bbox 2896 1015 2992 1056; x_wconf 85' lang='lat' dir='ltr'><strong>eos</strong></span> <span class='ocrx_word' id='word_1_156' title='bbox 3020 999 3296 1072; x_wconf 82' lang='lat' dir='ltr'><strong>dignitatis</strong></span> <span class='ocrx_word' id='word_1_157' title='bbox 3319 1003 3566 1077; x_wconf 86' lang='lat' dir='ltr'><strong>obtinere</strong></span> <span class='ocrx_word' id='word_1_158' title='bbox 3598 1002 3709 1073; x_wconf 86' lang='lat' dir='ltr'><strong>pri-</strong></span> 
     </span>
    </p>
   </div>
   <div class='ocr_carea' id='block_1_23' title="bbox 2116 1080 3709 1164">
    <p class='ocr_par' dir='ltr' id='par_1_23' title="bbox 2116 1080 3709 1164">
     <span class='ocr_line' id='line_1_23' title="bbox 2116 1080 3709 1164; baseline 0.002 -21"><span class='ocrx_word' id='word_1_159' title='bbox 2116 1080 2324 1145; x_wconf 86' lang='lat' dir='ltr'><strong>matum</strong></span> <span class='ocrx_word' id='word_1_160' title='bbox 2350 1108 2365 1157; x_wconf 92' lang='lat'><strong>;</strong></span> <span class='ocrx_word' id='word_1_161' title='bbox 2400 1100 2582 1161; x_wconf 91' lang='lat' dir='ltr'><strong>atque,</strong></span> <span class='ocrx_word' id='word_1_162' title='bbox 2612 1099 2671 1144; x_wconf 93' lang='lat' dir='ltr'><strong>ut</strong></span> <span class='ocrx_word' id='word_1_163' title='bbox 2696 1092 2955 1147; x_wconf 86' lang='lat' dir='ltr'><strong>audenter</strong></span> <span class='ocrx_word' id='word_1_164' title='bbox 2978 1092 3178 1157; x_wconf 88' lang='lat' dir='ltr'><strong>dicam,</strong></span> <span class='ocrx_word' id='word_1_165' title='bbox 3211 1108 3370 1147; x_wconf 92' lang='lat' dir='ltr'><strong>nemo</strong></span> <span class='ocrx_word' id='word_1_166' title='bbox 3398 1103 3520 1164; x_wconf 90' lang='lat' dir='ltr'><strong>post</strong></span> <span class='ocrx_word' id='word_1_167' title='bbox 3550 1092 3709 1148; x_wconf 86' lang='lat' dir='ltr'><strong>Chri-</strong></span> 
     </span>
    </p>
   </div>
   <div class='ocr_carea' id='block_1_24' title="bbox 2118 1183 3703 1254">
    <p class='ocr_par' dir='ltr' id='par_1_24' title="bbox 2118 1183 3703 1254">
     <span class='ocr_line' id='line_1_24' title="bbox 2118 1183 3703 1254; baseline 0.003 -20"><span class='ocrx_word' id='word_1_168' title='bbox 2118 1190 2261 1235; x_wconf 83' lang='lat' dir='ltr'><strong>stum</strong></span> <span class='ocrx_word' id='word_1_169' title='bbox 2298 1192 2383 1237; x_wconf 90' lang='lat' dir='ltr'><strong>est</strong></span> <span class='ocrx_word' id='word_1_170' title='bbox 2416 1184 2503 1237; x_wconf 87' lang='lat' dir='ltr'><strong>eui</strong></span> <span class='ocrx_word' id='word_1_171' title='bbox 2532 1184 2703 1254; x_wconf 86' lang='lat' dir='ltr'><strong>magis</strong></span> <span class='ocrx_word' id='word_1_172' title='bbox 2736 1183 2928 1237; x_wconf 83' lang='lat' dir='ltr'><strong>debeat</strong></span> <span class='ocrx_word' id='word_1_173' title='bbox 2954 1193 3143 1238; x_wconf 86' lang='lat' dir='ltr'><strong>sancta</strong></span> <span class='ocrx_word' id='word_1_174' title='bbox 3174 1184 3491 1239; x_wconf 91' lang='lat' dir='ltr'><strong>universalis</strong></span> <span class='ocrx_word' id='word_1_175' title='bbox 3518 1184 3703 1240; x_wconf 79' lang='lat' dir='ltr'><strong>Eccle-</strong></span> 
     </span>
    </p>
   </div>
   <div class='ocr_carea' id='block_1_25' title="bbox 2117 1270 3704 1343">
    <p class='ocr_par' dir='ltr' id='par_1_25' title="bbox 2117 1270 3704 1343">
     <span class='ocr_line' id='line_1_25' title="bbox 2117 1270 3704 1343; baseline 0.001 -17"><span class='ocrx_word' id='word_1_176' title='bbox 2117 1270 2219 1326; x_wconf 87' lang='lat' dir='ltr'><strong>sia.</strong></span> <span class='ocrx_word' id='word_1_177' title='bbox 2248 1270 2381 1328; x_wconf 81' lang='lat' dir='ltr'><strong>Nam</strong></span> <span class='ocrx_word' id='word_1_178' title='bbox 2410 1274 2553 1341; x_wconf 85' lang='lat' dir='ltr'><strong>quod</strong></span> <span class='ocrx_word' id='word_1_179' title='bbox 2578 1274 2811 1329; x_wconf 88' lang='lat' dir='ltr'><strong>mundus</strong></span> <span class='ocrx_word' id='word_1_180' title='bbox 2861 1274 3030 1337; x_wconf 87' lang='lat' dir='ltr'><strong>vivit,</strong></span> <span class='ocrx_word' id='word_1_181' title='bbox 3060 1274 3176 1329; x_wconf 78' lang='lat' dir='ltr'><strong>inec</strong></span> <span class='ocrx_word' id='word_1_182' title='bbox 3223 1283 3309 1329; x_wconf 87' lang='lat' dir='ltr'><strong>cst</strong></span> <span class='ocrx_word' id='word_1_183' title='bbox 3344 1289 3529 1341; x_wconf 88' lang='lat' dir='ltr'><strong>causa,</strong></span> <span class='ocrx_word' id='word_1_184' title='bbox 3577 1274 3704 1343; x_wconf 85' lang='lat' dir='ltr'><strong>quia</strong></span> 
     </span>
    </p>
   </div>
   <div class='ocr_carea' id='block_1_26' title="bbox 2116 1360 3701 1433">
    <p class='ocr_par' dir='ltr' id='par_1_26' title="bbox 2116 1360 3701 1433">
     <span class='ocr_line' id='line_1_26' title="bbox 2116 1360 3701 1433; baseline 0.003 -19"><span class='ocrx_word' id='word_1_185' title='bbox 2116 1360 2206 1415; x_wconf 83' lang='lat' dir='ltr'><strong>lux</strong></span> <span class='ocrx_word' id='word_1_186' title='bbox 2276 1363 2433 1419; x_wconf 90' lang='lat' dir='ltr'><strong>nobis</strong></span> <span class='ocrx_word' id='word_1_187' title='bbox 2481 1363 2791 1433; x_wconf 85' lang='lat' dir='ltr'><strong>evangelica</strong></span> <span class='ocrx_word' id='word_1_188' title='bbox 2836 1364 3163 1420; x_wconf 76' lang='lat' dir='ltr'><strong>curuscavit.</strong></span> <span class='ocrx_word' id='word_1_189' title='bbox 3221 1363 3448 1419; x_wconf 89' lang='lat' dir='ltr'><strong>Constat</strong></span> <span class='ocrx_word' id='word_1_190' title='bbox 3520 1371 3701 1419; x_wconf 88' lang='lat' dir='ltr'><strong>autem</strong></span> 
     </span>
    </p>
   </div>
   <div class='ocr_carea' id='block_1_27' title="bbox 2114 1438 3700 1525">
    <p class='ocr_par' dir='ltr' id='par_1_27' title="bbox 2114 1438 3700 1525">
     <span class='ocr_line' id='line_1_27' title="bbox 2114 1438 3700 1525; baseline 0.004 -22"><span class='ocrx_word' id='word_1_191' title='bbox 2114 1450 2240 1519; x_wconf 88' lang='lat' dir='ltr'><strong>quia</strong></span> <span class='ocrx_word' id='word_1_192' title='bbox 2271 1451 2477 1520; x_wconf 89' lang='lat' dir='ltr'><strong>primus</strong></span> <span class='ocrx_word' id='word_1_193' title='bbox 2496 1452 2737 1507; x_wconf 90' lang='lat' dir='ltr'><strong>omnium</strong></span> <span class='ocrx_word' id='word_1_194' title='bbox 2764 1452 3048 1507; x_wconf 71' lang='lat' dir='ltr'><strong>Mattbzeus</strong></span> <span class='ocrx_word' id='word_1_195' title='bbox 3074 1454 3337 1509; x_wconf 85' lang='lat' dir='ltr'><strong>llebraico</strong></span> <span class='ocrx_word' id='word_1_196' title='bbox 3368 1455 3507 1525; x_wconf 89' lang='lat' dir='ltr'><strong>stylo</strong></span> <span class='ocrx_word' id='word_1_197' title='bbox 3529 1438 3700 1510; x_wconf 70' lang='lat' dir='ltr'><strong>Evan-</strong></span> 
     </span>
    </p>
   </div>
   <div class='ocr_carea' id='block_1_28' title="bbox 2115 1540 3707 1612">
    <p class='ocr_par' dir='ltr' id='par_1_28' title="bbox 2115 1540 3707 1612">
     <span class='ocr_line' id='line_1_28' title="bbox 2115 1540 3707 1612; baseline 0.003 -17"><span class='ocrx_word' id='word_1_198' title='bbox 2115 1540 2311 1611; x_wconf 77' lang='lat' dir='ltr'><strong>geiium</strong></span> <span class='ocrx_word' id='word_1_199' title='bbox 2342 1541 2599 1610; x_wconf 75' lang='lat' dir='ltr'><strong>scripsit;</strong></span> <span class='ocrx_word' id='word_1_200' title='bbox 2656 1543 2843 1612; x_wconf 84' lang='lat' dir='ltr'><strong>sicque</strong></span> <span class='ocrx_word' id='word_1_201' title='bbox 2871 1543 2955 1597; x_wconf 89' lang='lat' dir='ltr'><strong>bis</strong></span> <span class='ocrx_word' id='word_1_202' title='bbox 3002 1543 3094 1611; x_wconf 91' lang='lat' dir='ltr'><strong>qui</strong></span> <span class='ocrx_word' id='word_1_203' title='bbox 3132 1553 3289 1598; x_wconf 87' lang='lat' dir='ltr'><strong>erant</strong></span> <span class='ocrx_word' id='word_1_204' title='bbox 3316 1560 3379 1599; x_wconf 83' lang='lat' dir='ltr'><strong>ex</strong></span> <span class='ocrx_word' id='word_1_205' title='bbox 3419 1545 3707 1600; x_wconf 86' lang='lat' dir='ltr'><strong>circumci-</strong></span> 
     </span>
    </p>
   </div>
   <div class='ocr_carea' id='block_1_29' title="bbox 2114 1630 3704 1703">
    <p class='ocr_par' dir='ltr' id='par_1_29' title="bbox 2114 1630 3704 1703">
     <span class='ocr_line' id='line_1_29' title="bbox 2114 1630 3704 1703; baseline 0.003 -18"><span class='ocrx_word' id='word_1_206' title='bbox 2114 1631 2268 1686; x_wconf 89' lang='lat' dir='ltr'><strong>sione</strong></span> <span class='ocrx_word' id='word_1_207' title='bbox 2296 1630 2545 1689; x_wconf 78' lang='lat' dir='ltr'><strong>ﬁdelibus</strong></span> <span class='ocrx_word' id='word_1_208' title='bbox 2587 1633 2876 1687; x_wconf 63' lang='lat' dir='ltr'><strong>neotericos</strong></span> <span class='ocrx_word' id='word_1_209' title='bbox 2924 1632 3045 1686; x_wconf 86' lang='lat' dir='ltr'><strong>tidci</strong></span> <span class='ocrx_word' id='word_1_210' title='bbox 3097 1633 3365 1702; x_wconf 82' lang='lat' dir='ltr'><strong>quoddam</strong></span> <span class='ocrx_word' id='word_1_211' title='bbox 3390 1633 3543 1702; x_wconf 86' lang='lat' dir='ltr'><strong>quasi</strong></span> <span class='ocrx_word' id='word_1_212' title='bbox 3584 1648 3704 1703; x_wconf 90' lang='lat' dir='ltr'><strong>spc-</strong></span> 
     </span>
    </p>
   </div>
   <div class='ocr_carea' id='block_1_30' title="bbox 2114 1723 3704 1797">
    <p class='ocr_par' dir='ltr' id='par_1_30' title="bbox 2114 1723 3704 1797">
     <span class='ocr_line' id='line_1_30' title="bbox 2114 1723 3704 1797; baseline -0.001 -18"><span class='ocrx_word' id='word_1_213' title='bbox 2114 1725 2294 1780; x_wconf 89' lang='lat' dir='ltr'><strong>culum</strong></span> <span class='ocrx_word' id='word_1_214' title='bbox 2341 1726 2671 1797; x_wconf 87' lang='lat' dir='ltr'><strong>procuravit.</strong></span> <span class='ocrx_word' id='word_1_215' title='bbox 2718 1725 2854 1793; x_wconf 86' lang='lat' dir='ltr'><strong>Quia</strong></span> <span class='ocrx_word' id='word_1_216' title='bbox 2889 1726 3053 1797; x_wconf 80' lang='lat' dir='ltr'><strong>igitur</strong></span> <span class='ocrx_word' id='word_1_217' title='bbox 3084 1724 3151 1779; x_wconf 89' lang='lat' dir='ltr'><strong>ad</strong></span> <span class='ocrx_word' id='word_1_218' title='bbox 3188 1734 3433 1780; x_wconf 88' lang='lat' dir='ltr'><strong>sanctmn</strong></span> <span class='ocrx_word' id='word_1_219' title='bbox 3468 1723 3704 1795; x_wconf 82' lang='lat' dir='ltr'><strong>Evange-</strong></span> 
     </span>
    </p>
   </div>
   <div class='ocr_carea' id='block_1_31' title="bbox 2116 1817 3809 1888">
    <p class='ocr_par' dir='ltr' id='par_1_31' title="bbox 2116 1817 3809 1888">
     <span class='ocr_line' id='line_1_31' title="bbox 2116 1817 3809 1888; baseline 0.001 -18"><span class='ocrx_word' id='word_1_220' title='bbox 2116 1817 2246 1873; x_wconf 89' lang='lat' dir='ltr'><strong>lium</strong></span> <span class='ocrx_word' id='word_1_221' title='bbox 2289 1818 2705 1874; x_wconf 78' lang='lat' dir='ltr'><strong>describendum</strong></span> <span class='ocrx_word' id='word_1_222' title='bbox 2747 1818 2956 1888; x_wconf 88' lang='lat' dir='ltr'><strong>prinms</strong></span> <span class='ocrx_word' id='word_1_223' title='bbox 2988 1817 3089 1872; x_wconf 91' lang='lat' dir='ltr'><strong>iste</strong></span> <span class='ocrx_word' id='word_1_224' title='bbox 3118 1817 3401 1887; x_wconf 89' lang='lat' dir='ltr'><strong>prorupit,</strong></span> <span class='ocrx_word' id='word_1_225' title='bbox 3433 1817 3704 1871; x_wconf 86' lang='lat' dir='ltr'><strong>scribendi</strong></span> <span class='ocrx_word' id='word_1_226' title='bbox 3806 1878 3809 1879; x_wconf 22' lang='grc' dir='ltr'><em>ν</em></span> 
     </span>
    </p>
   </div>
   <div class='ocr_carea' id='block_1_32' title="bbox 423 1898 3703 1980">
    <p class='ocr_par' dir='ltr' id='par_1_32' title="bbox 423 1898 3703 1980">
     <span class='ocr_line' id='line_1_32' title="bbox 423 1898 3703 1980; baseline 0.003 -26"><span class='ocrx_word' id='word_1_227' title='bbox 423 1900 732 1958; x_wconf 83' lang='lat' dir='ltr'><strong>benedicis!</strong></span> <span class='ocrx_word' id='word_1_228' title='bbox 765 1901 809 1959; x_wconf 93' lang='grc' dir='ltr'><strong>Ο</strong></span> <span class='ocrx_word' id='word_1_229' title='bbox 833 1918 965 1958; x_wconf 84' lang='lat' dir='ltr'><strong>crux</strong></span> <span class='ocrx_word' id='word_1_230' title='bbox 997 1905 1307 1970; x_wconf 84' lang='lat' dir='ltr'><strong>benedicta,</strong></span> <span class='ocrx_word' id='word_1_231' title='bbox 1336 1916 1454 1975; x_wconf 72' lang='lat' dir='ltr'><strong>qure</strong></span> <span class='ocrx_word' id='word_1_232' title='bbox 1477 1905 1545 1959; x_wconf 84' lang='lat' dir='ltr'><strong>ab</strong></span> <span class='ocrx_word' id='word_1_233' title='bbox 1569 1904 1820 1959; x_wconf 87' lang='lat' dir='ltr'><strong>onmibus</strong></span> <span class='ocrx_word' id='word_1_234' title='bbox 1847 1904 2010 1962; x_wconf 86' lang='lat' dir='ltr'><strong>bene-</strong></span> <span class='ocrx_word' id='word_1_235' title='bbox 2045 1898 2088 1955; x_wconf 70' lang='lat' dir='ltr'><strong>li</strong></span> <span class='ocrx_word' id='word_1_236' title='bbox 2114 1909 2329 1964; x_wconf 60' lang='lat' dir='ltr'><strong>ceteris</strong></span> <span class='ocrx_word' id='word_1_237' title='bbox 2355 1909 2703 1980; x_wconf 66' lang='lat' dir='ltr'><strong>cvangelistis</strong></span> <span class='ocrx_word' id='word_1_238' title='bbox 2733 1910 2875 1965; x_wconf 85' lang='lat' dir='ltr'><strong>viam</strong></span> <span class='ocrx_word' id='word_1_239' title='bbox 2904 1924 3201 1979; x_wconf 67' lang='lat' dir='ltr'><strong>praet-essm</strong></span> <span class='ocrx_word' id='word_1_240' title='bbox 3228 1908 3464 1979; x_wconf 88' lang='lat' dir='ltr'><strong>aperuit,</strong></span> <span class='ocrx_word' id='word_1_241' title='bbox 3492 1918 3545 1963; x_wconf 86' lang='lat' dir='ltr'><strong>et</strong></span> <span class='ocrx_word' id='word_1_242' title='bbox 3584 1919 3703 1963; x_wconf 90' lang='lat' dir='ltr'><strong>tan-</strong></span> 
     </span>
    </p>
   </div>
   <div class='ocr_carea' id='block_1_33' title="bbox 425 1991 2011 2060">
    <p class='ocr_par' dir='ltr' id='par_1_33' title="bbox 425 1991 2011 2060">
     <span class='ocr_line' id='line_1_33' title="bbox 425 1991 2011 2060; baseline 0.003 -15"><span class='ocrx_word' id='word_1_243' title='bbox 425 1991 663 2049; x_wconf 80' lang='lat' dir='ltr'><strong>diceris!</strong></span> <span class='ocrx_word' id='word_1_244' title='bbox 694 1993 1008 2049; x_wconf 86' lang='lat' dir='ltr'><strong>Benedictio</strong></span> <span class='ocrx_word' id='word_1_245' title='bbox 1055 1994 1199 2049; x_wconf 91' lang='lat' dir='ltr'><strong>enim</strong></span> <span class='ocrx_word' id='word_1_246' title='bbox 1252 2004 1351 2055; x_wconf 76' lang='lat' dir='ltr'><strong>tua</strong></span> <span class='ocrx_word' id='word_1_247' title='bbox 1406 2004 1605 2049; x_wconf 83' lang='lat' dir='ltr'><strong>cuncta</strong></span> <span class='ocrx_word' id='word_1_248' title='bbox 1660 1994 1965 2050; x_wconf 75' lang='lat' dir='ltr'><strong>sanctiﬁcat</strong></span> <span class='ocrx_word' id='word_1_249' title='bbox 1995 2036 2011 2060; x_wconf 93' lang='lat'><strong>,</strong></span> 
     </span>
    </p>
   </div>
   <div class='ocr_carea' id='block_1_34' title="bbox 424 2084 2015 2156">
    <p class='ocr_par' dir='ltr' id='par_1_34' title="bbox 424 2084 2015 2156">
     <span class='ocr_line' id='line_1_34' title="bbox 424 2084 2015 2156; baseline 0.004 -20"><span class='ocrx_word' id='word_1_250' title='bbox 424 2084 779 2155; x_wconf 86' lang='lat' dir='ltr'><strong>omniumque</strong></span> <span class='ocrx_word' id='word_1_251' title='bbox 806 2086 1112 2141; x_wconf 88' lang='lat' dir='ltr'><strong>benedictio</strong></span> <span class='ocrx_word' id='word_1_252' title='bbox 1144 2102 1325 2141; x_wconf 91' lang='lat' dir='ltr'><strong>rerum</strong></span> <span class='ocrx_word' id='word_1_253' title='bbox 1366 2087 1417 2141; x_wconf 92' lang='lat' dir='ltr'><strong>in</strong></span> <span class='ocrx_word' id='word_1_254' title='bbox 1459 2094 1511 2141; x_wconf 87' lang='lat' dir='ltr'><strong>te</strong></span> <span class='ocrx_word' id='word_1_255' title='bbox 1538 2087 1757 2156; x_wconf 88' lang='lat' dir='ltr'><strong>copiosa</strong></span> <span class='ocrx_word' id='word_1_256' title='bbox 1818 2088 2015 2142; x_wconf 86' lang='lat' dir='ltr'><strong>redun-</strong></span> 
     </span>
    </p>
   </div>
   <div class='ocr_carea' id='block_1_35' title="bbox 424 2175 2010 2241">
    <p class='ocr_par' dir='ltr' id='par_1_35' title="bbox 424 2175 2010 2241">
     <span class='ocr_line' id='line_1_35' title="bbox 424 2175 2010 2241; baseline 0.002 -12"><span class='ocrx_word' id='word_1_257' title='bbox 424 2175 539 2229; x_wconf 88' lang='lat' dir='ltr'><strong>dat.</strong></span> <span class='ocrx_word' id='word_1_258' title='bbox 590 2175 637 2233; x_wconf 87' lang='lat' dir='ltr'><strong>O</strong></span> <span class='ocrx_word' id='word_1_259' title='bbox 682 2192 814 2233; x_wconf 84' lang='lat' dir='ltr'><strong>crux</strong></span> <span class='ocrx_word' id='word_1_260' title='bbox 860 2176 1166 2232; x_wconf 84' lang='lat' dir='ltr'><strong>veneranda</strong></span> <span class='ocrx_word' id='word_1_261' title='bbox 1199 2219 1215 2240; x_wconf 96' lang='lat'><strong>,</strong></span> <span class='ocrx_word' id='word_1_262' title='bbox 1244 2193 1277 2233; x_wconf 92' lang='grc' dir='ltr'>ο</span> <span class='ocrx_word' id='word_1_263' title='bbox 1325 2184 1458 2233; x_wconf 84' lang='lat' dir='ltr'><strong>crux</strong></span> <span class='ocrx_word' id='word_1_264' title='bbox 1506 2176 1808 2241; x_wconf 83' lang='lat' dir='ltr'><strong>adoranda,</strong></span> <span class='ocrx_word' id='word_1_265' title='bbox 1839 2177 2010 2232; x_wconf 90' lang='lat' dir='ltr'><strong>forma</strong></span> 
     </span>
    </p>
   </div>
   <div class='ocr_carea' id='block_1_36' title="bbox 424 2266 2014 2337">
    <p class='ocr_par' dir='ltr' id='par_1_36' title="bbox 424 2266 2014 2337">
     <span class='ocr_line' id='line_1_36' title="bbox 424 2266 2014 2337; baseline 0.003 -18"><span class='ocrx_word' id='word_1_266' title='bbox 424 2266 712 2333; x_wconf 88' lang='lat' dir='ltr'><strong>mirabilis,</strong></span> <span class='ocrx_word' id='word_1_267' title='bbox 754 2268 926 2337; x_wconf 81' lang='lat' dir='ltr'><strong>figura</strong></span> <span class='ocrx_word' id='word_1_268' title='bbox 980 2267 1239 2322; x_wconf 89' lang='lat' dir='ltr'><strong>terribilis</strong></span> <span class='ocrx_word' id='word_1_269' title='bbox 1265 2268 1287 2321; x_wconf 68' lang='grc' dir='ltr'><strong>ι’</strong></span> <span class='ocrx_word' id='word_1_270' title='bbox 1326 2266 1479 2323; x_wconf 86' lang='lat' dir='ltr'><strong>Sicut</strong></span> <span class='ocrx_word' id='word_1_271' title='bbox 1510 2268 1655 2322; x_wconf 92' lang='lat' dir='ltr'><strong>enim</strong></span> <span class='ocrx_word' id='word_1_272' title='bbox 1686 2267 1801 2323; x_wconf 87' lang='lat' dir='ltr'><strong>lluit</strong></span> <span class='ocrx_word' id='word_1_273' title='bbox 1827 2283 1955 2323; x_wconf 79' lang='lat' dir='ltr'><strong>cera</strong></span> <span class='ocrx_word' id='word_1_274' title='bbox 1983 2284 2014 2322; x_wconf 85' lang='lat' dir='ltr'><strong>a</strong></span> 
     </span>
    </p>
   </div>
   <div class='ocr_carea' id='block_1_37' title="bbox 422 2356 2014 2430">
    <p class='ocr_par' dir='ltr' id='par_1_37' title="bbox 422 2356 2014 2430">
     <span class='ocr_line' id='line_1_37' title="bbox 422 2356 2014 2430; baseline 0.002 -19"><span class='ocrx_word' id='word_1_275' title='bbox 422 2356 565 2413; x_wconf 83' lang='lat' dir='ltr'><strong>facie</strong></span> <span class='ocrx_word' id='word_1_276' title='bbox 598 2359 759 2429; x_wconf 82' lang='lat' dir='ltr'><strong>ignis,</strong></span> <span class='ocrx_word' id='word_1_277' title='bbox 801 2359 880 2413; x_wconf 92' lang='lat' dir='ltr'><strong>sic</strong></span> <span class='ocrx_word' id='word_1_278' title='bbox 910 2369 1140 2429; x_wconf 91' lang='lat' dir='ltr'><strong>pereunt</strong></span> <span class='ocrx_word' id='word_1_279' title='bbox 1181 2368 1498 2430; x_wconf 82' lang='lat' dir='ltr'><strong>peccatores</strong></span> <span class='ocrx_word' id='word_1_280' title='bbox 1529 2374 1559 2413; x_wconf 90' lang='lat' dir='ltr'><strong>a</strong></span> <span class='ocrx_word' id='word_1_281' title='bbox 1590 2358 1729 2414; x_wconf 88' lang='lat' dir='ltr'><strong>facie</strong></span> <span class='ocrx_word' id='word_1_282' title='bbox 1756 2367 1882 2424; x_wconf 88' lang='lat' dir='ltr'><strong>tua;</strong></span> <span class='ocrx_word' id='word_1_283' title='bbox 1914 2374 2014 2414; x_wconf 89' lang='lat' dir='ltr'><strong>nec</strong></span> 
     </span>
    </p>
   </div>
   <div class='ocr_carea' id='block_1_38' title="bbox 421 2445 2013 2518">
    <p class='ocr_par' dir='ltr' id='par_1_38' title="bbox 421 2445 2013 2518">
     <span class='ocr_line' id='line_1_38' title="bbox 421 2445 2013 2518; baseline 0.001 -18"><span class='ocrx_word' id='word_1_284' title='bbox 421 2446 704 2515; x_wconf 83' lang='lat' dir='ltr'><strong>reperiunt</strong></span> <span class='ocrx_word' id='word_1_285' title='bbox 728 2445 892 2518; x_wconf 76' lang='lat'><strong>258</strong></span> <span class='ocrx_word' id='word_1_286' title='bbox 912 2450 1290 2518; x_wconf 74' lang='lat' dir='ltr'><strong>phantasmata</strong></span> <span class='ocrx_word' id='word_1_287' title='bbox 1315 2447 1646 2513; x_wconf 90' lang='lat' dir='ltr'><strong>remorandi,</strong></span> <span class='ocrx_word' id='word_1_288' title='bbox 1675 2447 1761 2503; x_wconf 89' lang='lat' dir='ltr'><strong>vel</strong></span> <span class='ocrx_word' id='word_1_289' title='bbox 1788 2449 2013 2505; x_wconf 88' lang='lat' dir='ltr'><strong>cedendi</strong></span> 
     </span>
    </p>
   </div>
   <div class='ocr_carea' id='block_1_39' title="bbox 422 2534 2012 2607">
    <p class='ocr_par' dir='ltr' id='par_1_39' title="bbox 422 2534 2012 2607">
     <span class='ocr_line' id='line_1_39' title="bbox 422 2534 2012 2607; baseline 0.003 -19"><span class='ocrx_word' id='word_1_290' title='bbox 422 2534 624 2599; x_wconf 87' lang='lat' dir='ltr'><strong>locum,</strong></span> <span class='ocrx_word' id='word_1_291' title='bbox 669 2536 760 2590; x_wconf 90' lang='lat' dir='ltr'><strong>ubi</strong></span> <span class='ocrx_word' id='word_1_292' title='bbox 818 2548 966 2589; x_wconf 91' lang='lat' dir='ltr'><strong>tuum</strong></span> <span class='ocrx_word' id='word_1_293' title='bbox 1018 2552 1351 2605; x_wconf 83' lang='lat' dir='ltr'><strong>conspexere</strong></span> <span class='ocrx_word' id='word_1_294' title='bbox 1402 2536 1834 2607; x_wconf 86' lang='lat' dir='ltr'><strong>signaculum.0</strong></span> <span class='ocrx_word' id='word_1_295' title='bbox 1876 2554 2012 2593; x_wconf 89' lang='lat' dir='ltr'><strong>crux</strong></span> 
     </span>
    </p>
   </div>
   <div class='ocr_carea' id='block_1_40' title="bbox 425 2626 2014 2692">
    <p class='ocr_par' dir='ltr' id='par_1_40' title="bbox 425 2626 2014 2692">
     <span class='ocr_line' id='line_1_40' title="bbox 425 2626 2014 2692; baseline 0.002 -13"><span class='ocrx_word' id='word_1_296' title='bbox 425 2627 680 2681; x_wconf 87' lang='lat' dir='ltr'><strong>amabilis</strong></span> <span class='ocrx_word' id='word_1_297' title='bbox 706 2636 762 2683; x_wconf 91' lang='lat' dir='ltr'><strong>et</strong></span> <span class='ocrx_word' id='word_1_298' title='bbox 792 2626 1008 2692; x_wconf 86' lang='lat' dir='ltr'><strong>dilecta,</strong></span> <span class='ocrx_word' id='word_1_299' title='bbox 1034 2628 1215 2683; x_wconf 87' lang='lat' dir='ltr'><strong>suavis</strong></span> <span class='ocrx_word' id='word_1_300' title='bbox 1239 2627 1492 2681; x_wconf 89' lang='lat' dir='ltr'><strong>nimirum</strong></span> <span class='ocrx_word' id='word_1_301' title='bbox 1520 2634 1575 2682; x_wconf 90' lang='lat' dir='ltr'><strong>et</strong></span> <span class='ocrx_word' id='word_1_302' title='bbox 1597 2626 1825 2692; x_wconf 84' lang='lat' dir='ltr'><strong>decora;</strong></span> <span class='ocrx_word' id='word_1_303' title='bbox 1858 2636 2014 2682; x_wconf 87' lang='lat' dir='ltr'><strong>amo-</strong></span> 
     </span>
    </p>
   </div>
   <div class='ocr_carea' id='block_1_41' title="bbox 423 2714 2019 2786">
    <p class='ocr_par' dir='ltr' id='par_1_41' title="bbox 423 2714 2019 2786">
     <span class='ocr_line' id='line_1_41' title="bbox 423 2714 2019 2786; baseline 0.001 -16"><span class='ocrx_word' id='word_1_304' title='bbox 423 2718 502 2771; x_wconf 89' lang='lat' dir='ltr'><strong>ris</strong></span> <span class='ocrx_word' id='word_1_305' title='bbox 534 2717 609 2770; x_wconf 92' lang='lat' dir='ltr'><strong>tui</strong></span> <span class='ocrx_word' id='word_1_306' title='bbox 641 2714 853 2770; x_wconf 83' lang='lat' dir='ltr'><strong>ﬂamma</strong></span> <span class='ocrx_word' id='word_1_307' title='bbox 884 2731 1049 2773; x_wconf 84' lang='lat' dir='ltr'><strong>omne</strong></span> <span class='ocrx_word' id='word_1_308' title='bbox 1070 2732 1167 2771; x_wconf 92' lang='lat' dir='ltr'><strong>cor</strong></span> <span class='ocrx_word' id='word_1_309' title='bbox 1190 2714 1381 2772; x_wconf 83' lang='lat' dir='ltr'><strong>sanum</strong></span> <span class='ocrx_word' id='word_1_310' title='bbox 1408 2716 1633 2786; x_wconf 84' lang='lat' dir='ltr'><strong>sapiens</strong></span> <span class='ocrx_word' id='word_1_311' title='bbox 1656 2726 1873 2782; x_wconf 66' lang='lat' dir='ltr'><strong>aestuat,</strong></span> <span class='ocrx_word' id='word_1_312' title='bbox 1904 2723 2019 2772; x_wconf 66' lang='lat' dir='ltr'><strong>tua:</strong></span> 
     </span>
    </p>
   </div>
   <div class='ocr_carea' id='block_1_42' title="bbox 422 2806 2009 2879">
    <p class='ocr_par' dir='ltr' id='par_1_42' title="bbox 422 2806 2009 2879">
     <span class='ocr_line' id='line_1_42' title="bbox 422 2806 2009 2879; baseline 0.001 -17"><span class='ocrx_word' id='word_1_313' title='bbox 422 2806 709 2863; x_wconf 85' lang='lat' dir='ltr'><strong>cbaritatis</strong></span> <span class='ocrx_word' id='word_1_314' title='bbox 754 2809 878 2878; x_wconf 83' lang='lat' dir='ltr'><strong>igne</strong></span> <span class='ocrx_word' id='word_1_315' title='bbox 924 2818 1213 2879; x_wconf 76' lang='lat' dir='ltr'><strong>poStquam</strong></span> <span class='ocrx_word' id='word_1_316' title='bbox 1252 2820 1409 2863; x_wconf 88' lang='lat' dir='ltr'><strong>mens</strong></span> <span class='ocrx_word' id='word_1_317' title='bbox 1454 2806 1631 2864; x_wconf 78' lang='lat' dir='ltr'><strong>ﬁdelis</strong></span> <span class='ocrx_word' id='word_1_318' title='bbox 1655 2808 2009 2875; x_wconf 82' lang='lat' dir='ltr'><strong>accenditur,</strong></span> 
     </span>
    </p>
   </div>
   <div class='ocr_carea' id='block_1_43' title="bbox 422 2898 2016 2955">
    <p class='ocr_par' dir='ltr' id='par_1_43' title="bbox 422 2898 2016 2955">
     <span class='ocr_line' id='line_1_43' title="bbox 422 2898 2016 2955; baseline 0.001 -1"><span class='ocrx_word' id='word_1_319' title='bbox 422 2903 491 2955; x_wconf 87' lang='lat' dir='ltr'><strong>ad</strong></span> <span class='ocrx_word' id='word_1_320' title='bbox 526 2915 766 2955; x_wconf 89' lang='lat' dir='ltr'><strong>amorem</strong></span> <span class='ocrx_word' id='word_1_321' title='bbox 818 2918 941 2955; x_wconf 86' lang='lat' dir='ltr'><strong>mox</strong></span> <span class='ocrx_word' id='word_1_322' title='bbox 974 2900 1277 2955; x_wconf 79' lang='lat' dir='ltr'><strong>ctelestium</strong></span> <span class='ocrx_word' id='word_1_323' title='bbox 1330 2898 1770 2955; x_wconf 81' lang='lat' dir='ltr'><strong>inenarrabiliter</strong></span> <span class='ocrx_word' id='word_1_324' title='bbox 1802 2899 2016 2955; x_wconf 80' lang='lat' dir='ltr'><strong>inflant-</strong></span> 
     </span>
    </p>
   </div>
   <div class='ocr_carea' id='block_1_44' title="bbox 422 2988 2012 3063">
    <p class='ocr_par' dir='ltr' id='par_1_44' title="bbox 422 2988 2012 3063">
     <span class='ocr_line' id='line_1_44' title="bbox 422 2988 2012 3063; baseline 0.002 -18"><span class='ocrx_word' id='word_1_325' title='bbox 422 3002 624 3045; x_wconf 87' lang='lat' dir='ltr'><strong>matnr.</strong></span> <span class='ocrx_word' id='word_1_326' title='bbox 653 2990 786 3059; x_wconf 87' lang='lat' dir='ltr'><strong>Quis</strong></span> <span class='ocrx_word' id='word_1_327' title='bbox 820 2992 1002 3063; x_wconf 86' lang='lat' dir='ltr'><strong>igitur,</strong></span> <span class='ocrx_word' id='word_1_328' title='bbox 1031 3007 1064 3047; x_wconf 95' lang='lat' dir='ltr'><strong>o</strong></span> <span class='ocrx_word' id='word_1_329' title='bbox 1092 2992 1247 3046; x_wconf 91' lang='lat' dir='ltr'><strong>beata</strong></span> <span class='ocrx_word' id='word_1_330' title='bbox 1278 2988 1445 3046; x_wconf 79' lang='lat' dir='ltr'><strong>crux!</strong></span> <span class='ocrx_word' id='word_1_331' title='bbox 1472 2992 1649 3063; x_wconf 84' lang='lat' dir='ltr'><strong>dignis</strong></span> <span class='ocrx_word' id='word_1_332' title='bbox 1680 2999 1734 3047; x_wconf 89' lang='lat' dir='ltr'><strong>te</strong></span> <span class='ocrx_word' id='word_1_333' title='bbox 1762 2990 2012 3048; x_wconf 78' lang='lat' dir='ltr'><strong>laudibus</strong></span> 
     </span>
    </p>
   </div>
   <div class='ocr_carea' id='block_1_45' title="bbox 423 3076 2013 3153">
    <p class='ocr_par' dir='ltr' id='par_1_45' title="bbox 423 3076 2013 3153">
     <span class='ocr_line' id='line_1_45' title="bbox 423 3076 2013 3153; baseline -0.001 -16"><span class='ocrx_word' id='word_1_334' title='bbox 423 3082 638 3148; x_wconf 74' lang='lat' dir='ltr'><strong>etferat,</strong></span> <span class='ocrx_word' id='word_1_335' title='bbox 662 3082 713 3137; x_wconf 91' lang='lat' dir='ltr'><strong>in</strong></span> <span class='ocrx_word' id='word_1_336' title='bbox 736 3098 841 3153; x_wconf 91' lang='lat' dir='ltr'><strong>qua</strong></span> <span class='ocrx_word' id='word_1_337' title='bbox 869 3080 1329 3139; x_wconf 87' lang='lat' dir='ltr'><strong>videlicctauctor</strong></span> <span class='ocrx_word' id='word_1_338' title='bbox 1355 3076 1479 3137; x_wconf 65' lang='lat' dir='ltr'><strong>ﬁta:</strong></span> <span class='ocrx_word' id='word_1_339' title='bbox 1508 3081 1750 3136; x_wconf 89' lang='lat' dir='ltr'><strong>moriens</strong></span> <span class='ocrx_word' id='word_1_340' title='bbox 1778 3088 2013 3136; x_wconf 85' lang='lat' dir='ltr'><strong>mortem</strong></span> 
     </span>
    </p>
   </div>
   <div class='ocr_carea' id='block_1_46' title="bbox 422 3168 2008 3241">
    <p class='ocr_par' dir='ltr' id='par_1_46' title="bbox 422 3168 2008 3241">
     <span class='ocr_line' id='line_1_46' title="bbox 422 3168 2008 3241; baseline -0.001 -16"><span class='ocrx_word' id='word_1_341' title='bbox 422 3171 700 3241; x_wconf 90' lang='lat' dir='ltr'><strong>perdidit,</strong></span> <span class='ocrx_word' id='word_1_342' title='bbox 733 3172 1013 3241; x_wconf 88' lang='lat' dir='ltr'><strong>ipsamque</strong></span> <span class='ocrx_word' id='word_1_343' title='bbox 1056 3170 1360 3241; x_wconf 85' lang='lat' dir='ltr'><strong>deglutiens</strong></span> <span class='ocrx_word' id='word_1_344' title='bbox 1392 3178 1635 3225; x_wconf 91' lang='lat' dir='ltr'><strong>mortuos</strong></span> <span class='ocrx_word' id='word_1_345' title='bbox 1664 3184 1771 3224; x_wconf 89' lang='lat' dir='ltr'><strong>nos</strong></span> <span class='ocrx_word' id='word_1_346' title='bbox 1808 3168 1875 3223; x_wconf 88' lang='lat' dir='ltr'><strong>ad</strong></span> <span class='ocrx_word' id='word_1_347' title='bbox 1908 3168 2008 3223; x_wconf 73' lang='grc' dir='ltr'><strong>ἰηιο</strong></span> 
     </span>
    </p>
   </div>
   <div class='ocr_carea' id='block_1_47' title="bbox 423 3243 2082 3332">
    <p class='ocr_par' dir='ltr' id='par_1_47' title="bbox 423 3243 2082 3332">
     <span class='ocr_line' id='line_1_47' title="bbox 423 3243 2082 3332; baseline -0.001 -18"><span class='ocrx_word' id='word_1_348' title='bbox 423 3260 775 3316; x_wconf 83' lang='lat' dir='ltr'><strong>mortalitatis</strong></span> <span class='ocrx_word' id='word_1_349' title='bbox 818 3276 930 3315; x_wconf 66' lang='lat' dir='ltr'><strong>sure</strong></span> <span class='ocrx_word' id='word_1_350' title='bbox 956 3260 1183 3332; x_wconf 84' lang='lat' dir='ltr'><strong>gloriam</strong></span> <span class='ocrx_word' id='word_1_351' title='bbox 1217 3260 1540 3316; x_wconf 82' lang='lat' dir='ltr'><strong>suscitavit?</strong></span> <span class='ocrx_word' id='word_1_352' title='bbox 1563 3258 1729 3315; x_wconf 88' lang='lat' dir='ltr'><strong>Salva</strong></span> <span class='ocrx_word' id='word_1_353' title='bbox 1756 3300 1772 3327; x_wconf 89' lang='lat'><strong>,</strong></span> <span class='ocrx_word' id='word_1_354' title='bbox 1799 3272 2006 3331; x_wconf 67' lang='lat' dir='ltr'><strong>quaeso,</strong></span> <span class='ocrx_word' id='word_1_355' title='bbox 2038 3243 2082 3306; x_wconf 67' lang='grc' dir='ltr'><strong>(ἶ</strong></span> 
     </span>
    </p>
   </div>
   <div class='ocr_carea' id='block_1_48' title="bbox 422 3350 2008 3424">
    <p class='ocr_par' dir='ltr' id='par_1_48' title="bbox 422 3350 2008 3424">
     <span class='ocr_line' id='line_1_48' title="bbox 422 3350 2008 3424; baseline -0.001 -17"><span class='ocrx_word' id='word_1_356' title='bbox 422 3352 651 3408; x_wconf 85' lang='lat' dir='ltr'><strong>benedic</strong></span> <span class='ocrx_word' id='word_1_357' title='bbox 707 3361 764 3408; x_wconf 92' lang='lat' dir='ltr'><strong>et</strong></span> <span class='ocrx_word' id='word_1_358' title='bbox 809 3362 1029 3424; x_wconf 89' lang='lat' dir='ltr'><strong>protege</strong></span> <span class='ocrx_word' id='word_1_359' title='bbox 1053 3393 1068 3418; x_wconf 94' lang='lat'><strong>,</strong></span> <span class='ocrx_word' id='word_1_360' title='bbox 1111 3366 1145 3406; x_wconf 90' lang='grc' dir='ltr'><strong>ο</strong></span> <span class='ocrx_word' id='word_1_361' title='bbox 1183 3352 1353 3423; x_wconf 89' lang='lat' dir='ltr'><strong>figura</strong></span> <span class='ocrx_word' id='word_1_362' title='bbox 1390 3352 1672 3407; x_wconf 87' lang='lat' dir='ltr'><strong>benedicta</strong></span> <span class='ocrx_word' id='word_1_363' title='bbox 1696 3392 1711 3415; x_wconf 92' lang='lat'><strong>,</strong></span> <span class='ocrx_word' id='word_1_364' title='bbox 1752 3350 2008 3422; x_wconf 78' lang='lat' dir='ltr'><strong>p0pulu‘m</strong></span> 
     </span>
    </p>
   </div>
   <div class='ocr_carea' id='block_1_49' title="bbox 422 3440 2006 3511">
    <p class='ocr_par' dir='ltr' id='par_1_49' title="bbox 422 3440 2006 3511">
     <span class='ocr_line' id='line_1_49' title="bbox 422 3440 2006 3511; baseline -0.001 -17"><span class='ocrx_word' id='word_1_365' title='bbox 422 3442 740 3511; x_wconf 88' lang='lat' dir='ltr'><strong>supplicem,</strong></span> <span class='ocrx_word' id='word_1_366' title='bbox 783 3443 836 3496; x_wconf 89' lang='lat' dir='ltr'><strong>iu</strong></span> <span class='ocrx_word' id='word_1_367' title='bbox 885 3442 989 3496; x_wconf 89' lang='lat' dir='ltr'><strong>tuis</strong></span> <span class='ocrx_word' id='word_1_368' title='bbox 1035 3441 1198 3496; x_wconf 81' lang='lat' dir='ltr'><strong>hodie</strong></span> <span class='ocrx_word' id='word_1_369' title='bbox 1227 3441 1476 3495; x_wconf 84' lang='lat' dir='ltr'><strong>laudibus</strong></span> <span class='ocrx_word' id='word_1_370' title='bbox 1504 3440 1869 3495; x_wconf 89' lang='lat' dir='ltr'><strong>communiter</strong></span> <span class='ocrx_word' id='word_1_371' title='bbox 1912 3456 2006 3495; x_wconf 86' lang='lat' dir='ltr'><strong>ex-</strong></span> 
     </span>
    </p>
   </div>
   <div class='ocr_carea' id='block_1_50' title="bbox 422 3528 2011 3601">
    <p class='ocr_par' dir='ltr' id='par_1_50' title="bbox 422 3528 2011 3601">
     <span class='ocr_line' id='line_1_50' title="bbox 422 3528 2011 3601; baseline -0.001 -15"><span class='ocrx_word' id='word_1_372' title='bbox 422 3532 749 3598; x_wconf 77' lang='lat' dir='ltr'><strong>Sttltantem;</strong></span> <span class='ocrx_word' id='word_1_373' title='bbox 782 3530 949 3601; x_wconf 92' lang='lat' dir='ltr'><strong>utqui</strong></span> <span class='ocrx_word' id='word_1_374' title='bbox 981 3540 1031 3587; x_wconf 93' lang='lat' dir='ltr'><strong>te</strong></span> <span class='ocrx_word' id='word_1_375' title='bbox 1062 3540 1259 3586; x_wconf 76' lang='lat' dir='ltr'><strong>nostrze</strong></span> <span class='ocrx_word' id='word_1_376' title='bbox 1287 3530 1675 3601; x_wconf 84' lang='lat' dir='ltr'><strong>redemptionis</strong></span> <span class='ocrx_word' id='word_1_377' title='bbox 1696 3528 1813 3585; x_wconf 75' lang='lat' dir='ltr'><strong>ﬁeri</strong></span> <span class='ocrx_word' id='word_1_378' title='bbox 1843 3529 2011 3584; x_wconf 91' lang='lat' dir='ltr'><strong>voluit</strong></span> 
     </span>
    </p>
   </div>
   <div class='ocr_carea' id='block_1_51' title="bbox 423 3618 2009 3693">
    <p class='ocr_par' dir='ltr' id='par_1_51' title="bbox 423 3618 2009 3693">
     <span class='ocr_line' id='line_1_51' title="bbox 423 3618 2009 3693; baseline -0.001 -18"><span class='ocrx_word' id='word_1_379' title='bbox 423 3622 845 3677; x_wconf 86' lang='lat' dir='ltr'><strong>instrumentum</strong></span> <span class='ocrx_word' id='word_1_380' title='bbox 876 3664 890 3686; x_wconf 93' lang='lat'><strong>,</strong></span> <span class='ocrx_word' id='word_1_381' title='bbox 927 3638 1021 3693; x_wconf 90' lang='lat' dir='ltr'><strong>per</strong></span> <span class='ocrx_word' id='word_1_382' title='bbox 1069 3630 1121 3675; x_wconf 92' lang='lat' dir='ltr'><strong>te</strong></span> <span class='ocrx_word' id='word_1_383' title='bbox 1156 3636 1371 3691; x_wconf 89' lang='lat' dir='ltr'><strong>quoque</strong></span> <span class='ocrx_word' id='word_1_384' title='bbox 1403 3622 1471 3674; x_wconf 90' lang='lat' dir='ltr'><strong>ad</strong></span> <span class='ocrx_word' id='word_1_385' title='bbox 1518 3634 1630 3674; x_wconf 69' lang='lat' dir='ltr'><strong>sua)</strong></span> <span class='ocrx_word' id='word_1_386' title='bbox 1681 3618 1866 3689; x_wconf 77' lang='lat' dir='ltr'><strong>gloriae</strong></span> <span class='ocrx_word' id='word_1_387' title='bbox 1909 3634 2009 3674; x_wconf 91' lang='lat' dir='ltr'><strong>nos</strong></span> 
     </span>
    </p>
   </div>
   <div class='ocr_carea' id='block_1_52' title="bbox 421 3712 2009 3783">
    <p class='ocr_par' dir='ltr' id='par_1_52' title="bbox 421 3712 2009 3783">
     <span class='ocr_line' id='line_1_52' title="bbox 421 3712 2009 3783; baseline -0.002 -16"><span class='ocrx_word' id='word_1_388' title='bbox 421 3714 675 3783; x_wconf 85' lang='lat' dir='ltr'><strong>dignetur</strong></span> <span class='ocrx_word' id='word_1_389' title='bbox 702 3712 996 3768; x_wconf 87' lang='lat' dir='ltr'><strong>transferre</strong></span> <span class='ocrx_word' id='word_1_390' title='bbox 1035 3714 1409 3768; x_wconf 82' lang='lat' dir='ltr'><strong>consortium:</strong></span> <span class='ocrx_word' id='word_1_391' title='bbox 1441 3720 1499 3767; x_wconf 91' lang='lat' dir='ltr'><strong>et</strong></span> <span class='ocrx_word' id='word_1_392' title='bbox 1542 3724 1680 3779; x_wconf 84' lang='lat' dir='ltr'><strong>quos</strong></span> <span class='ocrx_word' id='word_1_393' title='bbox 1723 3725 1820 3781; x_wconf 86' lang='lat' dir='ltr'><strong>per</strong></span> <span class='ocrx_word' id='word_1_394' title='bbox 1860 3721 1917 3766; x_wconf 87' lang='lat' dir='ltr'><strong>te</strong></span> <span class='ocrx_word' id='word_1_395' title='bbox 1942 3712 2009 3765; x_wconf 89' lang='lat' dir='ltr'><strong>de</strong></span> 
     </span>
    </p>
   </div>
   <div class='ocr_carea' id='block_1_53' title="bbox 423 3801 2005 3875">
    <p class='ocr_par' dir='ltr' id='par_1_53' title="bbox 423 3801 2005 3875">
     <span class='ocr_line' id='line_1_53' title="bbox 423 3801 2005 3875; baseline -0.002 -17"><span class='ocrx_word' id='word_1_396' title='bbox 423 3804 701 3860; x_wconf 86' lang='lat' dir='ltr'><strong>servitutis</strong></span> <span class='ocrx_word' id='word_1_397' title='bbox 727 3804 929 3875; x_wconf 87' lang='lat' dir='ltr'><strong>eripuit</strong></span> <span class='ocrx_word' id='word_1_398' title='bbox 952 3804 1167 3857; x_wconf 72' lang='lat' dir='ltr'><strong>vinculo</strong></span> <span class='ocrx_word' id='word_1_399' title='bbox 1189 3844 1203 3867; x_wconf 94' lang='lat'><strong>,</strong></span> <span class='ocrx_word' id='word_1_400' title='bbox 1245 3818 1342 3873; x_wconf 88' lang='lat' dir='ltr'><strong>per</strong></span> <span class='ocrx_word' id='word_1_401' title='bbox 1371 3811 1422 3857; x_wconf 93' lang='lat' dir='ltr'><strong>te</strong></span> <span class='ocrx_word' id='word_1_402' title='bbox 1465 3803 1631 3856; x_wconf 83' lang='lat' dir='ltr'><strong>etiam</strong></span> <span class='ocrx_word' id='word_1_403' title='bbox 1657 3843 1671 3863; x_wconf 94' lang='lat'><strong>,</strong></span> <span class='ocrx_word' id='word_1_404' title='bbox 1698 3801 1853 3870; x_wconf 80' lang='lat' dir='ltr'><strong>juxta</strong></span> <span class='ocrx_word' id='word_1_405' title='bbox 1878 3817 2005 3869; x_wconf 82' lang='lat' dir='ltr'><strong>pro-</strong></span> 
     </span>
    </p>
   </div>
   <div class='ocr_carea' id='block_1_54' title="bbox 424 3892 2004 3960">
    <p class='ocr_par' dir='ltr' id='par_1_54' title="bbox 424 3892 2004 3960">
     <span class='ocr_line' id='line_1_54' title="bbox 424 3892 2004 3960; baseline -0.004 -11"><span class='ocrx_word' id='word_1_406' title='bbox 424 3895 738 3950; x_wconf 86' lang='lat' dir='ltr'><strong>missionem</strong></span> <span class='ocrx_word' id='word_1_407' title='bbox 770 3904 1015 3949; x_wconf 88' lang='lat' dir='ltr'><strong>sanctam</strong></span> <span class='ocrx_word' id='word_1_408' title='bbox 1041 3937 1056 3960; x_wconf 91' lang='lat'><strong>,</strong></span> <span class='ocrx_word' id='word_1_409' title='bbox 1087 3895 1386 3950; x_wconf 84' lang='lat' dir='ltr'><strong>constituat</strong></span> <span class='ocrx_word' id='word_1_410' title='bbox 1435 3894 1678 3947; x_wconf 73' lang='lat' dir='ltr'><strong>luet-edes</strong></span> <span class='ocrx_word' id='word_1_411' title='bbox 1730 3892 1782 3945; x_wconf 90' lang='lat' dir='ltr'><strong>in</strong></span> <span class='ocrx_word' id='word_1_412' title='bbox 1820 3905 2004 3960; x_wconf 84' lang='lat' dir='ltr'><strong>regno.</strong></span> 
     </span>
    </p>
   </div>
   <div class='ocr_carea' id='block_1_55' title="bbox 424 3981 2007 4053">
    <p class='ocr_par' dir='ltr' id='par_1_55' title="bbox 424 3981 2007 4053">
     <span class='ocr_line' id='line_1_55' title="bbox 424 3981 2007 4053; baseline -0.005 -14"><span class='ocrx_word' id='word_1_413' title='bbox 424 3983 589 4039; x_wconf 81' lang='lat' dir='ltr'><strong>Salus</strong></span> <span class='ocrx_word' id='word_1_414' title='bbox 616 3984 690 4037; x_wconf 91' lang='lat' dir='ltr'><strong>illi</strong></span> <span class='ocrx_word' id='word_1_415' title='bbox 719 3992 775 4037; x_wconf 86' lang='lat' dir='ltr'><strong>et</strong></span> <span class='ocrx_word' id='word_1_416' title='bbox 802 3985 1100 4053; x_wconf 85' lang='lat' dir='ltr'><strong>gratiarum</strong></span> <span class='ocrx_word' id='word_1_417' title='bbox 1143 3982 1309 4045; x_wconf 87' lang='lat' dir='ltr'><strong>actio,</strong></span> <span class='ocrx_word' id='word_1_418' title='bbox 1340 3982 1477 4045; x_wconf 82' lang='lat' dir='ltr'><strong>laus,</strong></span> <span class='ocrx_word' id='word_1_419' title='bbox 1512 3982 1706 4045; x_wconf 84' lang='lat' dir='ltr'><strong>honor,</strong></span> <span class='ocrx_word' id='word_1_420' title='bbox 1751 3981 1924 4035; x_wconf 87' lang='lat' dir='ltr'><strong>virtus</strong></span> <span class='ocrx_word' id='word_1_421' title='bbox 1952 3988 2007 4032; x_wconf 79' lang='lat' dir='ltr'><strong>et</strong></span> 
     </span>
    </p>
   </div>
   <div class='ocr_carea' id='block_1_56' title="bbox 424 4072 2003 4145">
    <p class='ocr_par' dir='ltr' id='par_1_56' title="bbox 424 4072 2003 4145">
     <span class='ocr_line' id='line_1_56' title="bbox 424 4072 2003 4145; baseline -0.004 -14"><span class='ocrx_word' id='word_1_422' title='bbox 424 4076 733 4145; x_wconf 86' lang='lat' dir='ltr'><strong>imperium.</strong></span> <span class='ocrx_word' id='word_1_423' title='bbox 766 4091 889 4130; x_wconf 90' lang='lat' dir='ltr'><strong>cum</strong></span> <span class='ocrx_word' id='word_1_424' title='bbox 928 4073 1087 4130; x_wconf 87' lang='lat' dir='ltr'><strong>Patre</strong></span> <span class='ocrx_word' id='word_1_425' title='bbox 1136 4084 1190 4129; x_wconf 88' lang='lat' dir='ltr'><strong>et</strong></span> <span class='ocrx_word' id='word_1_426' title='bbox 1238 4073 1444 4144; x_wconf 82' lang='lat' dir='ltr'><strong>Spiritu</strong></span> <span class='ocrx_word' id='word_1_427' title='bbox 1476 4083 1669 4128; x_wconf 86' lang='lat' dir='ltr'><strong>sancto</strong></span> <span class='ocrx_word' id='word_1_428' title='bbox 1692 4087 1789 4142; x_wconf 91' lang='lat' dir='ltr'><strong>per</strong></span> <span class='ocrx_word' id='word_1_429' title='bbox 1824 4072 2003 4127; x_wconf 82' lang='lat' dir='ltr'><strong>omnia</strong></span> 
     </span>
    </p>
   </div>
   <div class='ocr_carea' id='block_1_57' title="bbox 420 4166 1213 4222">
    <p class='ocr_par' dir='ltr' id='par_1_57' title="bbox 420 4166 1213 4222">
     <span class='ocr_line' id='line_1_57' title="bbox 420 4166 1213 4222; baseline -0.006 0"><span class='ocrx_word' id='word_1_430' title='bbox 420 4166 621 4222; x_wconf 68' lang='lat' dir='ltr'><strong>Baecula</strong></span> <span class='ocrx_word' id='word_1_431' title='bbox 646 4166 986 4221; x_wconf 65' lang='lat' dir='ltr'><strong>stimulorum.</strong></span> <span class='ocrx_word' id='word_1_432' title='bbox 1024 4167 1213 4218; x_wconf 80' lang='lat' dir='ltr'><strong>Amen.</strong></span> 
     </span>
    </p>
   </div>
   <div class='ocr_carea' id='block_1_58' title="bbox 984 4270 1443 4331">
    <p class='ocr_par' dir='ltr' id='par_1_58' title="bbox 984 4270 1443 4331">
     <span class='ocr_line' id='line_1_58' title="bbox 984 4270 1443 4331; baseline -0.009 -1"><span class='ocrx_word' id='word_1_433' title='bbox 984 4275 1221 4331; x_wconf 51' lang='lat' dir='ltr'><strong>SERMO’</strong></span> <span class='ocrx_word' id='word_1_434' title='bbox 1259 4273 1369 4328; x_wconf 74' lang='lat' dir='ltr'><strong>XLI</strong></span> <span class='ocrx_word' id='word_1_435' title='bbox 1382 4270 1443 4327; x_wconf 77' lang='grc' dir='ltr'><strong>Χ.</strong></span> 
     </span>
    </p>
   </div>
   <div class='ocr_carea' id='block_1_59' title="bbox 461 4373 1963 4424">
    <p class='ocr_par' dir='ltr' id='par_1_59' title="bbox 461 4373 1963 4424">
     <span class='ocr_line' id='line_1_59' title="bbox 461 4373 1963 4424; baseline -0.007 -1"><span class='ocrx_word' id='word_1_436' title='bbox 461 4386 499 4423; x_wconf 85' lang='grc'><strong>1.</strong></span> <span class='ocrx_word' id='word_1_437' title='bbox 534 4384 601 4424; x_wconf 72' lang='lat' dir='ltr'><strong>DE</strong></span> <span class='ocrx_word' id='word_1_438' title='bbox 643 4384 845 4423; x_wconf 60' lang='grc' dir='ltr'><strong>θηεῖτο</strong></span> <span class='ocrx_word' id='word_1_439' title='bbox 883 4381 1154 4421; x_wconf 66' lang='grc' dir='ltr'><strong>ΙΑΤΤΙΙΛΕΟ</strong></span> <span class='ocrx_word' id='word_1_440' title='bbox 1184 4380 1456 4419; x_wconf 73' lang='lat' dir='ltr'><strong>APOSTOLO</strong></span> <span class='ocrx_word' id='word_1_441' title='bbox 1487 4378 1557 4416; x_wconf 81' lang='grc' dir='ltr'><strong>ΕΤ</strong></span> <span class='ocrx_word' id='word_1_442' title='bbox 1584 4373 1963 4415; x_wconf 63' lang='lat' dir='ltr'><strong>EVANGEMSTA.</strong></span> 
     </span>
    </p>
   </div>
   <div class='ocr_carea' id='block_1_60' title="bbox 1050 4441 1381 4506">
    <p class='ocr_par' dir='ltr' id='par_1_60' title="bbox 1050 4441 1381 4506">
     <span class='ocr_line' id='line_1_60' title="bbox 1050 4441 1381 4506; baseline -0.012 -17"><span class='ocrx_word' id='word_1_443' title='bbox 1050 4441 1163 4506; x_wconf 71' lang='lat' dir='ltr'><strong>(XXI</strong></span> <span class='ocrx_word' id='word_1_444' title='bbox 1204 4441 1381 4504; x_wconf 68' lang='lat' dir='ltr'><strong>serv.)</strong></span> 
     </span>
    </p>
   </div>
   <div class='ocr_carea' id='block_1_61' title="bbox 496 4525 2005 4591">
    <p class='ocr_par' dir='ltr' id='par_1_61' title="bbox 496 4525 2005 4591">
     <span class='ocr_line' id='line_1_61' title="bbox 496 4525 2005 4591; baseline -0.007 -2"><span class='ocrx_word' id='word_1_445' title='bbox 496 4532 867 4589; x_wconf 86' lang='lat' dir='ltr'><strong>Solemnitatis</strong></span> <span class='ocrx_word' id='word_1_446' title='bbox 887 4529 1160 4586; x_wconf 68' lang='lat' dir='ltr'><strong>hodiernae</strong></span> <span class='ocrx_word' id='word_1_447' title='bbox 1183 4529 1385 4591; x_wconf 54' lang='lat' dir='ltr'><strong>lautitia,</strong></span> <span class='ocrx_word' id='word_1_448' title='bbox 1410 4525 1772 4590; x_wconf 89' lang='lat' dir='ltr'><strong>dilectissimi,</strong></span> <span class='ocrx_word' id='word_1_449' title='bbox 1786 4538 2005 4579; x_wconf 87' lang='lat' dir='ltr'><strong>omnem</strong></span> 
     </span>
    </p>
   </div>
   <div class='ocr_carea' id='block_1_62' title="bbox 2115 1997 3702 2068">
    <p class='ocr_par' dir='ltr' id='par_1_62' title="bbox 2115 1997 3702 2068">
     <span class='ocr_line' id='line_1_62' title="bbox 2115 1997 3702 2068; baseline 0.001 -17"><span class='ocrx_word' id='word_1_450' title='bbox 2115 2012 2275 2068; x_wconf 86' lang='lat' dir='ltr'><strong>quam</strong></span> <span class='ocrx_word' id='word_1_451' title='bbox 2300 1998 2407 2053; x_wconf 85' lang='lat' dir='ltr'><strong>dux</strong></span> <span class='ocrx_word' id='word_1_452' title='bbox 2433 1998 2685 2054; x_wconf 78' lang='lat' dir='ltr'><strong>vexillum</strong></span> <span class='ocrx_word' id='word_1_453' title='bbox 2716 1998 3070 2068; x_wconf 86' lang='lat' dir='ltr'><strong>sequentibus</strong></span> <span class='ocrx_word' id='word_1_454' title='bbox 3091 1997 3349 2067; x_wconf 76' lang='lat' dir='ltr'><strong>przetulit,</strong></span> <span class='ocrx_word' id='word_1_455' title='bbox 3376 2013 3581 2066; x_wconf 87' lang='lat' dir='ltr'><strong>suoque</strong></span> <span class='ocrx_word' id='word_1_456' title='bbox 3606 2013 3702 2052; x_wconf 79' lang='lat' dir='ltr'><strong>eos</strong></span> 
     </span>
    </p>
   </div>
   <div class='ocr_carea' id='block_1_63' title="bbox 2113 2086 3707 2157">
    <p class='ocr_par' dir='ltr' id='par_1_63' title="bbox 2113 2086 3707 2157">
     <span class='ocr_line' id='line_1_63' title="bbox 2113 2086 3707 2157; baseline 0.001 -14"><span class='ocrx_word' id='word_1_457' title='bbox 2113 2088 2389 2157; x_wconf 74' lang='lat' dir='ltr'><strong>exemplo,</strong></span> <span class='ocrx_word' id='word_1_458' title='bbox 2424 2097 2488 2143; x_wconf 87' lang='lat' dir='ltr'><strong>ut</strong></span> <span class='ocrx_word' id='word_1_459' title='bbox 2512 2088 2842 2154; x_wconf 86' lang='lat' dir='ltr'><strong>scriberent,</strong></span> <span class='ocrx_word' id='word_1_460' title='bbox 2879 2087 3149 2142; x_wconf 89' lang='lat' dir='ltr'><strong>incitavit.</strong></span> <span class='ocrx_word' id='word_1_461' title='bbox 3183 2086 3261 2141; x_wconf 91' lang='lat' dir='ltr'><strong>Illi</strong></span> <span class='ocrx_word' id='word_1_462' title='bbox 3291 2100 3421 2156; x_wconf 89' lang='lat' dir='ltr'><strong>ergo</strong></span> <span class='ocrx_word' id='word_1_463' title='bbox 3447 2086 3707 2144; x_wconf 83' lang='lat' dir='ltr'><strong>debemus</strong></span> 
     </span>
    </p>
   </div>
   <div class='ocr_carea' id='block_1_64' title="bbox 2114 2177 3704 2251">
    <p class='ocr_par' dir='ltr' id='par_1_64' title="bbox 2114 2177 3704 2251">
     <span class='ocr_line' id='line_1_64' title="bbox 2114 2177 3704 2251; baseline -0.001 -17"><span class='ocrx_word' id='word_1_464' title='bbox 2114 2177 2470 2251; x_wconf 81' lang='lat' dir='ltr'><strong>Evangellum</strong></span> <span class='ocrx_word' id='word_1_465' title='bbox 2499 2221 2515 2245; x_wconf 93' lang='lat'><strong>,</strong></span> <span class='ocrx_word' id='word_1_466' title='bbox 2546 2192 2708 2250; x_wconf 84' lang='lat' dir='ltr'><strong>quem</strong></span> <span class='ocrx_word' id='word_1_467' title='bbox 2753 2179 3081 2248; x_wconf 61' lang='lat' dir='ltr'><strong>evangelicae</strong></span> <span class='ocrx_word' id='word_1_468' title='bbox 3130 2178 3462 2233; x_wconf 87' lang='lat' dir='ltr'><strong>narrationis</strong></span> <span class='ocrx_word' id='word_1_469' title='bbox 3488 2188 3704 2233; x_wconf 88' lang='lat' dir='ltr'><strong>constat</strong></span> 
     </span>
    </p>
   </div>
   <div class='ocr_carea' id='block_1_65' title="bbox 2115 2268 3701 2342">
    <p class='ocr_par' dir='ltr' id='par_1_65' title="bbox 2115 2268 3701 2342">
     <span class='ocr_line' id='line_1_65' title="bbox 2115 2268 3701 2342; baseline -0.002 -17"><span class='ocrx_word' id='word_1_470' title='bbox 2115 2270 2371 2326; x_wconf 78' lang='lat' dir='ltr'><strong>intulisse</strong></span> <span class='ocrx_word' id='word_1_471' title='bbox 2391 2271 2750 2342; x_wconf 86' lang='lat' dir='ltr'><strong>principium;</strong></span> <span class='ocrx_word' id='word_1_472' title='bbox 2788 2279 2845 2325; x_wconf 92' lang='lat' dir='ltr'><strong>et</strong></span> <span class='ocrx_word' id='word_1_473' title='bbox 2869 2285 3030 2340; x_wconf 85' lang='lat' dir='ltr'><strong>quem</strong></span> <span class='ocrx_word' id='word_1_474' title='bbox 3074 2268 3285 2325; x_wconf 72' lang='lat' dir='ltr'><strong>caeteris</strong></span> <span class='ocrx_word' id='word_1_475' title='bbox 3316 2269 3564 2325; x_wconf 89' lang='lat' dir='ltr'><strong>novimus</strong></span> <span class='ocrx_word' id='word_1_476' title='bbox 3590 2270 3701 2339; x_wconf 87' lang='lat' dir='ltr'><strong>pri-</strong></span> 
     </span>
    </p>
   </div>
   <div class='ocr_carea' id='block_1_66' title="bbox 2116 2357 3699 2431">
    <p class='ocr_par' dir='ltr' id='par_1_66' title="bbox 2116 2357 3699 2431">
     <span class='ocr_line' id='line_1_66' title="bbox 2116 2357 3699 2431; baseline 0 -17"><span class='ocrx_word' id='word_1_477' title='bbox 2116 2374 2284 2425; x_wconf 84' lang='lat' dir='ltr'><strong>mum,</strong></span> <span class='ocrx_word' id='word_1_478' title='bbox 2316 2375 2425 2415; x_wconf 81' lang='lat' dir='ltr'><strong>nou</strong></span> <span class='ocrx_word' id='word_1_479' title='bbox 2457 2360 2788 2431; x_wconf 81' lang='lat' dir='ltr'><strong>atnbigimus</strong></span> <span class='ocrx_word' id='word_1_480' title='bbox 2819 2361 2960 2417; x_wconf 91' lang='lat' dir='ltr'><strong>inter</strong></span> <span class='ocrx_word' id='word_1_481' title='bbox 2984 2375 3082 2415; x_wconf 88' lang='lat' dir='ltr'><strong>eos</strong></span> <span class='ocrx_word' id='word_1_482' title='bbox 3109 2357 3387 2427; x_wconf 78' lang='lat' dir='ltr'><strong>cuiusdam</strong></span> <span class='ocrx_word' id='word_1_483' title='bbox 3435 2359 3699 2431; x_wconf 85' lang='lat' dir='ltr'><strong>privilegii</strong></span> 
     </span>
    </p>
   </div>
   <div class='ocr_carea' id='block_1_67' title="bbox 2115 2450 3702 2521">
    <p class='ocr_par' dir='ltr' id='par_1_67' title="bbox 2115 2450 3702 2521">
     <span class='ocr_line' id='line_1_67' title="bbox 2115 2450 3702 2521; baseline 0.001 -17"><span class='ocrx_word' id='word_1_484' title='bbox 2115 2460 2303 2506; x_wconf 87' lang='lat' dir='ltr'><strong>tenere</strong></span> <span class='ocrx_word' id='word_1_485' title='bbox 2323 2450 2638 2521; x_wconf 85' lang='lat' dir='ltr'><strong>primatum.</strong></span> <span class='ocrx_word' id='word_1_486' title='bbox 2667 2450 3050 2521; x_wconf 76' lang='lat' dir='ltr'><strong>Unusquisth</strong></span> <span class='ocrx_word' id='word_1_487' title='bbox 3071 2450 3327 2505; x_wconf 87' lang='lat' dir='ltr'><strong>nimirum</strong></span> <span class='ocrx_word' id='word_1_488' title='bbox 3351 2450 3513 2505; x_wconf 89' lang='lat' dir='ltr'><strong>trium</strong></span> <span class='ocrx_word' id='word_1_489' title='bbox 3540 2466 3702 2507; x_wconf 87' lang='lat' dir='ltr'><strong>evan-</strong></span> 
     </span>
    </p>
   </div>
   <div class='ocr_carea' id='block_1_68' title="bbox 2114 2538 3691 2612">
    <p class='ocr_par' dir='ltr' id='par_1_68' title="bbox 2114 2538 3691 2612">
     <span class='ocr_line' id='line_1_68' title="bbox 2114 2538 3691 2612; baseline 0.003 -19"><span class='ocrx_word' id='word_1_490' title='bbox 2114 2538 2430 2610; x_wconf 83' lang='lat' dir='ltr'><strong>gelistarum</strong></span> <span class='ocrx_word' id='word_1_491' title='bbox 2457 2541 2623 2612; x_wconf 72' lang='lat'><strong>259</strong></span> <span class='ocrx_word' id='word_1_492' title='bbox 2647 2540 2789 2597; x_wconf 88' lang='lat' dir='ltr'><strong>beati</strong></span> <span class='ocrx_word' id='word_1_493' title='bbox 2840 2539 3079 2595; x_wconf 76' lang='lat' dir='ltr'><strong>Mattbtei</strong></span> <span class='ocrx_word' id='word_1_494' title='bbox 3128 2540 3323 2596; x_wconf 91' lang='lat' dir='ltr'><strong>librum</strong></span> <span class='ocrx_word' id='word_1_495' title='bbox 3352 2581 3367 2604; x_wconf 97' lang='lat'><strong>,</strong></span> <span class='ocrx_word' id='word_1_496' title='bbox 3401 2550 3691 2611; x_wconf 84' lang='lat' dir='ltr'><strong>antequam</strong></span> 
     </span>
    </p>
   </div>
   <div class='ocr_carea' id='block_1_69' title="bbox 2113 2629 3700 2703">
    <p class='ocr_par' dir='ltr' id='par_1_69' title="bbox 2113 2629 3700 2703">
     <span class='ocr_line' id='line_1_69' title="bbox 2113 2629 3700 2703; baseline 0.001 -17"><span class='ocrx_word' id='word_1_497' title='bbox 2113 2644 2272 2686; x_wconf 84' lang='lat' dir='ltr'><strong>suum</strong></span> <span class='ocrx_word' id='word_1_498' title='bbox 2305 2631 2600 2703; x_wconf 85' lang='lat' dir='ltr'><strong>inciperet,</strong></span> <span class='ocrx_word' id='word_1_499' title='bbox 2627 2633 2813 2697; x_wconf 87' lang='lat' dir='ltr'><strong>novit;</strong></span> <span class='ocrx_word' id='word_1_500' title='bbox 2845 2642 2901 2687; x_wconf 88' lang='lat' dir='ltr'><strong>et</strong></span> <span class='ocrx_word' id='word_1_501' title='bbox 2928 2630 3071 2685; x_wconf 87' lang='lat' dir='ltr'><strong>sicut</strong></span> <span class='ocrx_word' id='word_1_502' title='bbox 3101 2629 3204 2685; x_wconf 89' lang='lat' dir='ltr'><strong>sibi</strong></span> <span class='ocrx_word' id='word_1_503' title='bbox 3235 2630 3495 2685; x_wconf 87' lang='lat' dir='ltr'><strong>divinitus</strong></span> <span class='ocrx_word' id='word_1_504' title='bbox 3530 2632 3700 2702; x_wconf 89' lang='lat' dir='ltr'><strong>inspi-</strong></span> 
     </span>
    </p>
   </div>
   <div class='ocr_carea' id='block_1_70' title="bbox 2117 2722 3701 2793">
    <p class='ocr_par' dir='ltr' id='par_1_70' title="bbox 2117 2722 3701 2793">
     <span class='ocr_line' id='line_1_70' title="bbox 2117 2722 3701 2793; baseline 0.003 -18"><span class='ocrx_word' id='word_1_505' title='bbox 2117 2730 2293 2776; x_wconf 77' lang='lat' dir='ltr'><strong>ratam</strong></span> <span class='ocrx_word' id='word_1_506' title='bbox 2321 2731 2425 2788; x_wconf 86' lang='lat' dir='ltr'><strong>est,</strong></span> <span class='ocrx_word' id='word_1_507' title='bbox 2454 2737 2561 2777; x_wconf 85' lang='lat' dir='ltr'><strong>non</strong></span> <span class='ocrx_word' id='word_1_508' title='bbox 2586 2722 2913 2793; x_wconf 79' lang='lat' dir='ltr'><strong>superﬂuam</strong></span> <span class='ocrx_word' id='word_1_509' title='bbox 2956 2722 3398 2791; x_wconf 89' lang='lat' dir='ltr'><strong>cooperationem</strong></span> <span class='ocrx_word' id='word_1_510' title='bbox 3430 2724 3515 2777; x_wconf 90' lang='lat' dir='ltr'><strong>sui</strong></span> <span class='ocrx_word' id='word_1_511' title='bbox 3550 2723 3701 2781; x_wconf 84' lang='lat' dir='ltr'><strong>labo—</strong></span> 
     </span>
    </p>
   </div>
   <div class='ocr_carea' id='block_1_71' title="bbox 2113 2808 3705 2881">
    <p class='ocr_par' dir='ltr' id='par_1_71' title="bbox 2113 2808 3705 2881">
     <span class='ocr_line' id='line_1_71' title="bbox 2113 2808 3705 2881; baseline 0.003 -18"><span class='ocrx_word' id='word_1_512' title='bbox 2113 2811 2190 2864; x_wconf 81' lang='lat' dir='ltr'><strong>ris</strong></span> <span class='ocrx_word' id='word_1_513' title='bbox 2215 2808 2480 2878; x_wconf 75' lang='lat' dir='ltr'><strong>adiunxit.</strong></span> <span class='ocrx_word' id='word_1_514' title='bbox 2515 2809 2714 2867; x_wconf 85' lang='lat' dir='ltr'><strong>Eorum</strong></span> <span class='ocrx_word' id='word_1_515' title='bbox 2749 2812 2949 2881; x_wconf 89' lang='lat' dir='ltr'><strong>quippe</strong></span> <span class='ocrx_word' id='word_1_516' title='bbox 2995 2811 3173 2866; x_wconf 86' lang='lat' dir='ltr'><strong>fuerat</strong></span> <span class='ocrx_word' id='word_1_517' title='bbox 3217 2827 3524 2881; x_wconf 59' lang='lat' dir='ltr'><strong>praeparare</strong></span> <span class='ocrx_word' id='word_1_518' title='bbox 3575 2812 3705 2867; x_wconf 80' lang='lat' dir='ltr'><strong>lide-</strong></span> 
     </span>
    </p>
   </div>
   <div class='ocr_carea' id='block_1_72' title="bbox 2113 2899 3705 2968">
    <p class='ocr_par' dir='ltr' id='par_1_72' title="bbox 2113 2899 3705 2968">
     <span class='ocr_line' id='line_1_72' title="bbox 2113 2899 3705 2968; baseline 0.002 -15"><span class='ocrx_word' id='word_1_519' title='bbox 2113 2899 2239 2955; x_wconf 84' lang='lat' dir='ltr'><strong>liter</strong></span> <span class='ocrx_word' id='word_1_520' title='bbox 2265 2899 2481 2955; x_wconf 74' lang='lat' dir='ltr'><strong>animos</strong></span> <span class='ocrx_word' id='word_1_521' title='bbox 2524 2900 2591 2955; x_wconf 88' lang='lat' dir='ltr'><strong>ad</strong></span> <span class='ocrx_word' id='word_1_522' title='bbox 2639 2901 3025 2966; x_wconf 84' lang='lat' dir='ltr'><strong>scribendum;</strong></span> <span class='ocrx_word' id='word_1_523' title='bbox 3065 2900 3159 2956; x_wconf 86' lang='lat' dir='ltr'><strong>Dei</strong></span> <span class='ocrx_word' id='word_1_524' title='bbox 3189 2910 3370 2954; x_wconf 86' lang='lat' dir='ltr'><strong>autem</strong></span> <span class='ocrx_word' id='word_1_525' title='bbox 3395 2910 3512 2955; x_wconf 86' lang='lat' dir='ltr'><strong>erat</strong></span> <span class='ocrx_word' id='word_1_526' title='bbox 3543 2901 3597 2955; x_wconf 92' lang='lat' dir='ltr'><strong>in</strong></span> <span class='ocrx_word' id='word_1_527' title='bbox 3629 2901 3705 2968; x_wconf 78' lang='lat' dir='ltr'><strong>id,</strong></span> 
     </span>
    </p>
   </div>
   <div class='ocr_carea' id='block_1_73' title="bbox 2114 2992 3063 3063">
    <p class='ocr_par' dir='ltr' id='par_1_73' title="bbox 2114 2992 3063 3063">
     <span class='ocr_line' id='line_1_73' title="bbox 2114 2992 3063 3063; baseline 0 -16"><span class='ocrx_word' id='word_1_528' title='bbox 2114 2993 2258 3062; x_wconf 81' lang='lat' dir='ltr'><strong>quod</strong></span> <span class='ocrx_word' id='word_1_529' title='bbox 2280 2992 2464 3055; x_wconf 88' lang='lat' dir='ltr'><strong>vellet,</strong></span> <span class='ocrx_word' id='word_1_530' title='bbox 2490 2992 2727 3062; x_wconf 76' lang='lat' dir='ltr'><strong>dirigere</strong></span> <span class='ocrx_word' id='word_1_531' title='bbox 2757 2992 2979 3063; x_wconf 85' lang='lat' dir='ltr'><strong>stylum.</strong></span> <span class='ocrx_word' id='word_1_532' title='bbox 3058 3004 3063 3015; x_wconf 86' lang='grc'><strong>·</strong></span> 
     </span>
    </p>
   </div>
   <div class='ocr_carea' id='block_1_74' title="bbox 2184 3080 3698 3153">
    <p class='ocr_par' dir='ltr' id='par_1_74' title="bbox 2184 3080 3698 3153">
     <span class='ocr_line' id='line_1_74' title="bbox 2184 3080 3698 3153; baseline -0.001 -17"><span class='ocrx_word' id='word_1_533' title='bbox 2184 3082 2368 3149; x_wconf 87' lang='lat' dir='ltr'><strong>Plane,</strong></span> <span class='ocrx_word' id='word_1_534' title='bbox 2396 3083 2532 3137; x_wconf 86' lang='lat' dir='ltr'><strong>sicut</strong></span> <span class='ocrx_word' id='word_1_535' title='bbox 2563 3082 2773 3153; x_wconf 76' lang='lat' dir='ltr'><strong>Moyses</strong></span> <span class='ocrx_word' id='word_1_536' title='bbox 2793 3092 2848 3138; x_wconf 91' lang='lat' dir='ltr'><strong>et</strong></span> <span class='ocrx_word' id='word_1_537' title='bbox 2864 3083 3143 3152; x_wconf 77' lang='lat' dir='ltr'><strong>prophetis</strong></span> <span class='ocrx_word' id='word_1_538' title='bbox 3170 3096 3274 3135; x_wconf 90' lang='lat' dir='ltr'><strong>non</strong></span> <span class='ocrx_word' id='word_1_539' title='bbox 3301 3080 3532 3135; x_wconf 84' lang='lat' dir='ltr'><strong>absurde</strong></span> <span class='ocrx_word' id='word_1_540' title='bbox 3558 3096 3698 3149; x_wconf 64' lang='lat' dir='ltr'><strong>prte-</strong></span> 
     </span>
    </p>
   </div>
   <div class='ocr_carea' id='block_1_75' title="bbox 2114 3170 3704 3244">
    <p class='ocr_par' dir='ltr' id='par_1_75' title="bbox 2114 3170 3704 3244">
     <span class='ocr_line' id='line_1_75' title="bbox 2114 3170 3704 3244; baseline -0.001 -17"><span class='ocrx_word' id='word_1_541' title='bbox 2114 3173 2367 3244; x_wconf 83' lang='lat' dir='ltr'><strong>ponitur,</strong></span> <span class='ocrx_word' id='word_1_542' title='bbox 2416 3182 2473 3227; x_wconf 90' lang='lat' dir='ltr'><strong>et</strong></span> <span class='ocrx_word' id='word_1_543' title='bbox 2515 3173 2768 3227; x_wconf 86' lang='lat' dir='ltr'><strong>omnibus</strong></span> <span class='ocrx_word' id='word_1_544' title='bbox 2793 3174 3105 3243; x_wconf 83' lang='lat' dir='ltr'><strong>quicunque</strong></span> <span class='ocrx_word' id='word_1_545' title='bbox 3132 3172 3466 3241; x_wconf 83' lang='lat' dir='ltr'><strong>scripserunt</strong></span> <span class='ocrx_word' id='word_1_546' title='bbox 3495 3170 3704 3241; x_wconf 88' lang='lat' dir='ltr'><strong>aliquid</strong></span> 
     </span>
    </p>
   </div>
   <div class='ocr_carea' id='block_1_76' title="bbox 2115 3258 3702 3328">
    <p class='ocr_par' dir='ltr' id='par_1_76' title="bbox 2115 3258 3702 3328">
     <span class='ocr_line' id='line_1_76' title="bbox 2115 3258 3702 3328; baseline -0.003 -10"><span class='ocrx_word' id='word_1_547' title='bbox 2115 3265 2170 3318; x_wconf 87' lang='lat' dir='ltr'><strong>in</strong></span> <span class='ocrx_word' id='word_1_548' title='bbox 2220 3258 2402 3318; x_wconf 73' lang='lat' dir='ltr'><strong>Veteri</strong></span> <span class='ocrx_word' id='word_1_549' title='bbox 2436 3261 2816 3327; x_wconf 84' lang='lat' dir='ltr'><strong>Testametuo;</strong></span> <span class='ocrx_word' id='word_1_550' title='bbox 2869 3262 2941 3315; x_wconf 89' lang='lat' dir='ltr'><strong>ita</strong></span> <span class='ocrx_word' id='word_1_551' title='bbox 2986 3262 3176 3315; x_wconf 82' lang='lat' dir='ltr'><strong>beatus</strong></span> <span class='ocrx_word' id='word_1_552' title='bbox 3205 3258 3532 3328; x_wconf 81' lang='lat' dir='ltr'><strong>evangelista</strong></span> <span class='ocrx_word' id='word_1_553' title='bbox 3564 3259 3702 3314; x_wconf 78' lang='lat' dir='ltr'><strong>Mat-</strong></span> 
     </span>
    </p>
   </div>
   <div class='ocr_carea' id='block_1_77' title="bbox 2116 3351 3706 3422">
    <p class='ocr_par' dir='ltr' id='par_1_77' title="bbox 2116 3351 3706 3422">
     <span class='ocr_line' id='line_1_77' title="bbox 2116 3351 3706 3422; baseline -0.003 -13"><span class='ocrx_word' id='word_1_554' title='bbox 2116 3355 2291 3409; x_wconf 70' lang='lat' dir='ltr'><strong>tbteus</strong></span> <span class='ocrx_word' id='word_1_555' title='bbox 2318 3368 2509 3408; x_wconf 85' lang='lat' dir='ltr'><strong>omnes</strong></span> <span class='ocrx_word' id='word_1_556' title='bbox 2531 3352 2654 3420; x_wconf 86' lang='lat' dir='ltr'><strong>jure</strong></span> <span class='ocrx_word' id='word_1_557' title='bbox 2685 3352 2963 3422; x_wconf 65' lang='lat' dir='ltr'><strong>praecellit,</strong></span> <span class='ocrx_word' id='word_1_558' title='bbox 2987 3352 3077 3420; x_wconf 91' lang='lat' dir='ltr'><strong>qui</strong></span> <span class='ocrx_word' id='word_1_559' title='bbox 3111 3351 3393 3420; x_wconf 85' lang='lat' dir='ltr'><strong>scripsisse</strong></span> <span class='ocrx_word' id='word_1_560' title='bbox 3424 3352 3706 3420; x_wconf 84' lang='lat' dir='ltr'><strong>reperiun-</strong></span> 
     </span>
    </p>
   </div>
   <div class='ocr_carea' id='block_1_78' title="bbox 2117 3440 3704 3500">
    <p class='ocr_par' dir='ltr' id='par_1_78' title="bbox 2117 3440 3704 3500">
     <span class='ocr_line' id='line_1_78' title="bbox 2117 3440 3704 3500; baseline -0.004 0"><span class='ocrx_word' id='word_1_561' title='bbox 2117 3455 2206 3500; x_wconf 88' lang='lat' dir='ltr'><strong>tur</strong></span> <span class='ocrx_word' id='word_1_562' title='bbox 2238 3445 2290 3500; x_wconf 88' lang='lat' dir='ltr'><strong>in</strong></span> <span class='ocrx_word' id='word_1_563' title='bbox 2326 3442 2499 3497; x_wconf 85' lang='lat' dir='ltr'><strong>Novo.</strong></span> <span class='ocrx_word' id='word_1_564' title='bbox 2532 3444 2689 3497; x_wconf 81' lang='lat' dir='ltr'><strong>Sicut</strong></span> <span class='ocrx_word' id='word_1_565' title='bbox 2714 3441 2864 3497; x_wconf 85' lang='lat' dir='ltr'><strong>enim</strong></span> <span class='ocrx_word' id='word_1_566' title='bbox 2915 3441 3003 3495; x_wconf 88' lang='lat' dir='ltr'><strong>ille</strong></span> <span class='ocrx_word' id='word_1_567' title='bbox 3045 3440 3322 3494; x_wconf 84' lang='lat' dir='ltr'><strong>nascentis</strong></span> <span class='ocrx_word' id='word_1_568' title='bbox 3349 3441 3533 3494; x_wconf 89' lang='lat' dir='ltr'><strong>mundi</strong></span> <span class='ocrx_word' id='word_1_569' title='bbox 3568 3443 3704 3496; x_wconf 83' lang='lat' dir='ltr'><strong>texit</strong></span> 
     </span>
    </p>
   </div>
   <div class='ocr_carea' id='block_1_79' title="bbox 2114 3530 3701 3608">
    <p class='ocr_par' dir='ltr' id='par_1_79' title="bbox 2114 3530 3701 3608">
     <span class='ocr_line' id='line_1_79' title="bbox 2114 3530 3701 3608; baseline -0.006 -12"><span class='ocrx_word' id='word_1_570' title='bbox 2114 3540 2417 3608; x_wconf 74' lang='lat' dir='ltr'><strong>originem,</strong></span> <span class='ocrx_word' id='word_1_571' title='bbox 2465 3538 2543 3594; x_wconf 87' lang='lat' dir='ltr'><strong>sic</strong></span> <span class='ocrx_word' id='word_1_572' title='bbox 2594 3537 2737 3601; x_wconf 89' lang='lat' dir='ltr'><strong>iste,</strong></span> <span class='ocrx_word' id='word_1_573' title='bbox 2794 3544 3052 3603; x_wconf 86' lang='lat' dir='ltr'><strong>tanquam</strong></span> <span class='ocrx_word' id='word_1_574' title='bbox 3117 3531 3377 3602; x_wconf 86' lang='lat' dir='ltr'><strong>spiritalis</strong></span> <span class='ocrx_word' id='word_1_575' title='bbox 3422 3530 3701 3600; x_wconf 84' lang='lat' dir='ltr'><strong>cujusdam</strong></span> 
     </span>
    </p>
   </div>
   <div class='ocr_carea' id='block_1_80' title="bbox 2111 3623 3700 3696">
    <p class='ocr_par' dir='ltr' id='par_1_80' title="bbox 2111 3623 3700 3696">
     <span class='ocr_line' id='line_1_80' title="bbox 2111 3623 3700 3696; baseline -0.006 -7"><span class='ocrx_word' id='word_1_576' title='bbox 2111 3632 2320 3696; x_wconf 86' lang='lat' dir='ltr'><strong>mundi,</strong></span> <span class='ocrx_word' id='word_1_577' title='bbox 2344 3632 2613 3688; x_wconf 81' lang='lat' dir='ltr'><strong>orientem</strong></span> <span class='ocrx_word' id='word_1_578' title='bbox 2631 3628 2887 3686; x_wconf 86' lang='lat' dir='ltr'><strong>describit</strong></span> <span class='ocrx_word' id='word_1_579' title='bbox 2915 3624 3173 3681; x_wconf 73' lang='lat' dir='ltr'><strong>Ecclesia:</strong></span> <span class='ocrx_word' id='word_1_580' title='bbox 3196 3623 3508 3679; x_wconf 81' lang='lat' dir='ltr'><strong>novitatem.</strong></span> <span class='ocrx_word' id='word_1_581' title='bbox 3526 3623 3700 3688; x_wconf 85' lang='lat' dir='ltr'><strong>Unde,</strong></span> 
     </span>
    </p>
   </div>
   <div class='ocr_carea' id='block_1_81' title="bbox 2115 3713 3707 3790">
    <p class='ocr_par' dir='ltr' id='par_1_81' title="bbox 2115 3713 3707 3790">
     <span class='ocr_line' id='line_1_81' title="bbox 2115 3713 3707 3790; baseline -0.004 -16"><span class='ocrx_word' id='word_1_582' title='bbox 2115 3721 2323 3790; x_wconf 88' lang='lat' dir='ltr'><strong>Spiritu</strong></span> <span class='ocrx_word' id='word_1_583' title='bbox 2353 3728 2550 3774; x_wconf 86' lang='lat' dir='ltr'><strong>sancto</strong></span> <span class='ocrx_word' id='word_1_584' title='bbox 2578 3717 2849 3772; x_wconf 85' lang='lat' dir='ltr'><strong>calamum</strong></span> <span class='ocrx_word' id='word_1_585' title='bbox 2892 3721 3232 3784; x_wconf 87' lang='lat' dir='ltr'><strong>temperante</strong></span> <span class='ocrx_word' id='word_1_586' title='bbox 3257 3754 3273 3777; x_wconf 96' lang='lat'><strong>,</strong></span> <span class='ocrx_word' id='word_1_587' title='bbox 3306 3713 3580 3781; x_wconf 89' lang='lat' dir='ltr'><strong>provisum</strong></span> <span class='ocrx_word' id='word_1_588' title='bbox 3622 3722 3707 3769; x_wconf 88' lang='lat' dir='ltr'><strong>est</strong></span> 
     </span>
    </p>
   </div>
   <div class='ocr_carea' id='block_1_82' title="bbox 2112 3796 3702 3872">
    <p class='ocr_par' dir='ltr' id='par_1_82' title="bbox 2112 3796 3702 3872">
     <span class='ocr_line' id='line_1_82' title="bbox 2112 3796 3702 3872; baseline -0.003 -15"><span class='ocrx_word' id='word_1_589' title='bbox 2112 3814 2171 3858; x_wconf 87' lang='lat' dir='ltr'><strong>ut</strong></span> <span class='ocrx_word' id='word_1_590' title='bbox 2200 3812 2429 3872; x_wconf 87' lang='lat' dir='ltr'><strong>uterque</strong></span> <span class='ocrx_word' id='word_1_591' title='bbox 2455 3817 2562 3856; x_wconf 90' lang='lat' dir='ltr'><strong>non</strong></span> <span class='ocrx_word' id='word_1_592' title='bbox 2588 3802 2882 3865; x_wconf 87' lang='lat' dir='ltr'><strong>diversum,</strong></span> <span class='ocrx_word' id='word_1_593' title='bbox 2928 3800 3021 3854; x_wconf 88' lang='lat' dir='ltr'><strong>sed</strong></span> <span class='ocrx_word' id='word_1_594' title='bbox 3077 3812 3245 3851; x_wconf 90' lang='lat' dir='ltr'><strong>unum</strong></span> <span class='ocrx_word' id='word_1_595' title='bbox 3293 3796 3543 3866; x_wconf 87' lang='lat' dir='ltr'><strong>idemque</strong></span> <span class='ocrx_word' id='word_1_596' title='bbox 3588 3799 3702 3853; x_wconf 83' lang='lat' dir='ltr'><strong>suis</strong></span> 
     </span>
    </p>
   </div>
   <div class='ocr_carea' id='block_1_83' title="bbox 2112 3886 3702 3964">
    <p class='ocr_par' dir='ltr' id='par_1_83' title="bbox 2112 3886 3702 3964">
     <span class='ocr_line' id='line_1_83' title="bbox 2112 3886 3702 3964; baseline -0.005 -16"><span class='ocrx_word' id='word_1_597' title='bbox 2112 3896 2267 3949; x_wconf 76' lang='lat' dir='ltr'><strong>libris</strong></span> <span class='ocrx_word' id='word_1_598' title='bbox 2287 3893 2641 3964; x_wconf 67' lang='lat' dir='ltr'><strong>praemitteret</strong></span> <span class='ocrx_word' id='word_1_599' title='bbox 2686 3891 2898 3946; x_wconf 88' lang='lat' dir='ltr'><strong>initium</strong></span> <span class='ocrx_word' id='word_1_600' title='bbox 2926 3928 2943 3953; x_wconf 85' lang='lat'><strong>,</strong></span> <span class='ocrx_word' id='word_1_601' title='bbox 2971 3890 3194 3944; x_wconf 86' lang='lat' dir='ltr'><strong>dicens:</strong></span> <span class='ocrx_word' id='word_1_602' title='bbox 3232 3906 3250 3938; x_wconf 90' lang='grc' dir='ltr'><strong>ι</strong></span> <span class='ocrx_word' id='word_1_603' title='bbox 3283 3886 3445 3941; x_wconf 88' lang='lat' dir='ltr'><strong>Liber</strong></span> <span class='ocrx_word' id='word_1_604' title='bbox 3472 3902 3702 3957; x_wconf 86' lang='lat' dir='ltr'><strong>genera-</strong></span> 
     </span>
    </p>
   </div>
   <div class='ocr_carea' id='block_1_84' title="bbox 2112 3976 3698 4054">
    <p class='ocr_par' dir='ltr' id='par_1_84' title="bbox 2112 3976 3698 4054">
     <span class='ocr_line' id='line_1_84' title="bbox 2112 3976 3698 4054; baseline -0.004 -16"><span class='ocrx_word' id='word_1_605' title='bbox 2112 3982 2511 4054; x_wconf 65' lang='lat' dir='ltr'><strong>tionistuauh.</strong></span> <span class='ocrx_word' id='word_1_606' title='bbox 2528 3985 2589 4053; x_wconf 87' lang='lat' dir='ltr'><strong>I).</strong></span> <span class='ocrx_word' id='word_1_607' title='bbox 2615 4001 2635 4036; x_wconf 73' lang='grc' dir='ltr'><strong>ι</strong></span> <span class='ocrx_word' id='word_1_608' title='bbox 2655 3981 2760 4037; x_wconf 88' lang='lat' dir='ltr'><strong>Sed</strong></span> <span class='ocrx_word' id='word_1_609' title='bbox 2777 3980 2865 4035; x_wconf 88' lang='lat' dir='ltr'><strong>illa</strong></span> <span class='ocrx_word' id='word_1_610' title='bbox 2879 3978 3156 4050; x_wconf 88' lang='lat' dir='ltr'><strong>generatio</strong></span> <span class='ocrx_word' id='word_1_611' title='bbox 3184 3977 3322 4032; x_wconf 86' lang='lat' dir='ltr'><strong>filios</strong></span> <span class='ocrx_word' id='word_1_612' title='bbox 3339 3976 3564 4046; x_wconf 85' lang='lat' dir='ltr'><strong>protulit</strong></span> <span class='ocrx_word' id='word_1_613' title='bbox 3584 3976 3698 4040; x_wconf 71' lang='lat' dir='ltr'><strong>iraa,</strong></span> 
     </span>
    </p>
   </div>
   <div class='ocr_carea' id='block_1_85' title="bbox 2109 4070 3700 4146">
    <p class='ocr_par' dir='ltr' id='par_1_85' title="bbox 2109 4070 3700 4146">
     <span class='ocr_line' id='line_1_85' title="bbox 2109 4070 3700 4146; baseline -0.004 -16"><span class='ocrx_word' id='word_1_614' title='bbox 2109 4076 2212 4130; x_wconf 84' lang='lat' dir='ltr'><strong>ista</strong></span> <span class='ocrx_word' id='word_1_615' title='bbox 2237 4075 2378 4130; x_wconf 89' lang='lat' dir='ltr'><strong>filios</strong></span> <span class='ocrx_word' id='word_1_616' title='bbox 2396 4076 2629 4145; x_wconf 79' lang='lat' dir='ltr'><strong>parturit</strong></span> <span class='ocrx_word' id='word_1_617' title='bbox 2647 4074 2854 4146; x_wconf 72' lang='lat' dir='ltr'><strong>gratiae.</strong></span> <span class='ocrx_word' id='word_1_618' title='bbox 2880 4073 2972 4126; x_wconf 89' lang='lat' dir='ltr'><strong>Illa</strong></span> <span class='ocrx_word' id='word_1_619' title='bbox 2997 4071 3279 4142; x_wconf 84' lang='lat' dir='ltr'><strong>generatio</strong></span> <span class='ocrx_word' id='word_1_620' title='bbox 3294 4070 3482 4125; x_wconf 86' lang='lat' dir='ltr'><strong>sortita</strong></span> <span class='ocrx_word' id='word_1_621' title='bbox 3503 4080 3588 4125; x_wconf 89' lang='lat' dir='ltr'><strong>est</strong></span> <span class='ocrx_word' id='word_1_622' title='bbox 3608 4086 3700 4141; x_wconf 88' lang='lat' dir='ltr'><strong>pa-</strong></span> 
     </span>
    </p>
   </div>
   <div class='ocr_carea' id='block_1_86' title="bbox 2108 4160 3698 4232">
    <p class='ocr_par' dir='ltr' id='par_1_86' title="bbox 2108 4160 3698 4232">
     <span class='ocr_line' id='line_1_86' title="bbox 2108 4160 3698 4232; baseline -0.004 -13"><span class='ocrx_word' id='word_1_623' title='bbox 2108 4166 2541 4228; x_wconf 63' lang='lat' dir='ltr'><strong>ratlisumterraz,</strong></span> <span class='ocrx_word' id='word_1_624' title='bbox 2557 4162 3043 4232; x_wconf 81' lang='lat' dir='ltr'><strong>fertiliumquidetn</strong></span> <span class='ocrx_word' id='word_1_625' title='bbox 3065 4162 3318 4216; x_wconf 85' lang='lat' dir='ltr'><strong>arborum</strong></span> <span class='ocrx_word' id='word_1_626' title='bbox 3340 4168 3388 4214; x_wconf 87' lang='lat' dir='ltr'><strong>et</strong></span> <span class='ocrx_word' id='word_1_627' title='bbox 3410 4160 3575 4215; x_wconf 79' lang='lat' dir='ltr'><strong>herba</strong></span> <span class='ocrx_word' id='word_1_628' title='bbox 3586 4177 3698 4214; x_wconf 92' lang='lat' dir='ltr'><strong>rum</strong></span> 
     </span>
    </p>
   </div>
   <div class='ocr_carea' id='block_1_87' title="bbox 2107 4250 3701 4321">
    <p class='ocr_par' dir='ltr' id='par_1_87' title="bbox 2107 4250 3701 4321">
     <span class='ocr_line' id='line_1_87' title="bbox 2107 4250 3701 4321; baseline -0.004 -10"><span class='ocrx_word' id='word_1_629' title='bbox 2107 4256 2304 4311; x_wconf 79' lang='lat' dir='ltr'><strong>decore</strong></span> <span class='ocrx_word' id='word_1_630' title='bbox 2340 4264 2688 4320; x_wconf 82' lang='lat' dir='ltr'><strong>ventantem;</strong></span> <span class='ocrx_word' id='word_1_631' title='bbox 2714 4253 2811 4309; x_wconf 88' lang='lat' dir='ltr'><strong>scd</strong></span> <span class='ocrx_word' id='word_1_632' title='bbox 2832 4254 2933 4307; x_wconf 89' lang='lat' dir='ltr'><strong>ista</strong></span> <span class='ocrx_word' id='word_1_633' title='bbox 2954 4250 3231 4307; x_wconf 77' lang='lat' dir='ltr'><strong>ctelestem</strong></span> <span class='ocrx_word' id='word_1_634' title='bbox 3255 4261 3453 4306; x_wconf 72' lang='lat' dir='ltr'><strong>meruit</strong></span> <span class='ocrx_word' id='word_1_635' title='bbox 3484 4251 3701 4321; x_wconf 85' lang='lat' dir='ltr'><strong>paradi-</strong></span> 
     </span>
    </p>
   </div>
   <div class='ocr_carea' id='block_1_88' title="bbox 2106 4338 3692 4415">
    <p class='ocr_par' dir='ltr' id='par_1_88' title="bbox 2106 4338 3692 4415">
     <span class='ocr_line' id='line_1_88' title="bbox 2106 4338 3692 4415; baseline -0.003 -16"><span class='ocrx_word' id='word_1_636' title='bbox 2106 4362 2256 4411; x_wconf 87' lang='lat' dir='ltr'><strong>sum,</strong></span> <span class='ocrx_word' id='word_1_637' title='bbox 2280 4345 2781 4415; x_wconf 78' lang='lat' dir='ltr'><strong>incomparabilium</strong></span> <span class='ocrx_word' id='word_1_638' title='bbox 2818 4342 3132 4398; x_wconf 86' lang='lat' dir='ltr'><strong>deliciarum</strong></span> <span class='ocrx_word' id='word_1_639' title='bbox 3160 4340 3330 4409; x_wconf 86' lang='lat' dir='ltr'><strong>copiis</strong></span> <span class='ocrx_word' id='word_1_640' title='bbox 3366 4338 3692 4395; x_wconf 81' lang='lat' dir='ltr'><strong>affluentem.</strong></span> 
     </span>
    </p>
   </div>
   <div class='ocr_carea' id='block_1_89' title="bbox 2106 4428 3674 4512">
    <p class='ocr_par' dir='ltr' id='par_1_89' title="bbox 2106 4428 3674 4512">
     <span class='ocr_line' id='line_1_89' title="bbox 2106 4428 3674 4512; baseline -0.007 -21"><span class='ocrx_word' id='word_1_641' title='bbox 2106 4436 2185 4491; x_wconf 76' lang='lat' dir='ltr'><strong>Ex</strong></span> <span class='ocrx_word' id='word_1_642' title='bbox 2216 4436 2306 4491; x_wconf 89' lang='lat' dir='ltr'><strong>illo</strong></span> <span class='ocrx_word' id='word_1_643' title='bbox 2334 4446 2512 4491; x_wconf 88' lang='lat' dir='ltr'><strong>tamen</strong></span> <span class='ocrx_word' id='word_1_644' title='bbox 2532 4434 2801 4512; x_wconf 77' lang='lat' dir='ltr'><strong>paradiso</strong></span> <span class='ocrx_word' id='word_1_645' title='bbox 2834 4433 3041 4502; x_wconf 89' lang='lat' dir='ltr'><strong>primus</strong></span> <span class='ocrx_word' id='word_1_646' title='bbox 3067 4430 3230 4484; x_wconf 84' lang='lat' dir='ltr'><strong>homo</strong></span> <span class='ocrx_word' id='word_1_647' title='bbox 3256 4444 3353 4498; x_wconf 91' lang='lat' dir='ltr'><strong>per</strong></span> <span class='ocrx_word' id='word_1_648' title='bbox 3380 4428 3581 4498; x_wconf 88' lang='lat' dir='ltr'><strong>lignum</strong></span> <span class='ocrx_word' id='word_1_649' title='bbox 3604 4443 3674 4498; x_wconf 74' lang='lat' dir='ltr'><strong>ps</strong></span> 
     </span>
    </p>
   </div>
   <div class='ocr_carea' id='block_1_90' title="bbox 2108 4519 3701 4595">
    <p class='ocr_par' dir='ltr' id='par_1_90' title="bbox 2108 4519 3701 4595">
     <span class='ocr_line' id='line_1_90' title="bbox 2108 4519 3701 4595; baseline -0.008 -12"><span class='ocrx_word' id='word_1_650' title='bbox 2108 4527 2409 4583; x_wconf 77' lang='lat' dir='ltr'><strong>steritatent</strong></span> <span class='ocrx_word' id='word_1_651' title='bbox 2445 4527 2528 4581; x_wconf 82' lang='lat' dir='ltr'><strong>sui</strong></span> <span class='ocrx_word' id='word_1_652' title='bbox 2572 4524 2797 4595; x_wconf 21' lang='lat' dir='ltr'><strong>generis.</strong></span> <span class='ocrx_word' id='word_1_653' title='bbox 2827 4521 3073 4593; x_wconf 83' lang='lat' dir='ltr'><strong>expulit,</strong></span> <span class='ocrx_word' id='word_1_654' title='bbox 3107 4519 3375 4575; x_wconf 88' lang='lat' dir='ltr'><strong>secundus</strong></span> <span class='ocrx_word' id='word_1_655' title='bbox 3409 4519 3569 4572; x_wconf 88' lang='lat' dir='ltr'><strong>bomo</strong></span> <span class='ocrx_word' id='word_1_656' title='bbox 3599 4531 3701 4587; x_wconf 84' lang='lat' dir='ltr'><strong>per</strong></span> 
     </span>
    </p>
   </div>
   <div class='ocr_carea' id='block_1_91' title="bbox 424 4590 3691 4697">
    <p class='ocr_par' dir='ltr' id='par_1_91' title="bbox 424 4590 3691 4697">
     <span class='ocr_line' id='line_1_91' title="bbox 424 4590 3691 4697; baseline -0.006 -16"><span class='ocrx_word' id='word_1_657' title='bbox 424 4625 818 4697; x_wconf 84' lang='lat' dir='ltr'><strong>desperationis</strong></span> <span class='ocrx_word' id='word_1_658' title='bbox 844 4622 1089 4678; x_wconf 91' lang='lat' dir='ltr'><strong>aculeum</strong></span> <span class='ocrx_word' id='word_1_659' title='bbox 1114 4621 1178 4676; x_wconf 90' lang='lat' dir='ltr'><strong>de</strong></span> <span class='ocrx_word' id='word_1_660' title='bbox 1215 4590 1415 4676; x_wconf 83' lang='lat' dir='ltr'><strong>nostris</strong></span> <span class='ocrx_word' id='word_1_661' title='bbox 1441 4617 1712 4673; x_wconf 84' lang='lat' dir='ltr'><strong>mentibus</strong></span> <span class='ocrx_word' id='word_1_662' title='bbox 1740 4626 2001 4687; x_wconf 86' lang='lat' dir='ltr'><strong>amputat,</strong></span> <span class='ocrx_word' id='word_1_663' title='bbox 2033 4590 2084 4649; x_wconf 75' lang='lat' dir='ltr'><strong>D</strong></span> <span class='ocrx_word' id='word_1_664' title='bbox 2114 4634 2330 4675; x_wconf 87' lang='lat' dir='ltr'><strong>erucem</strong></span> <span class='ocrx_word' id='word_1_665' title='bbox 2361 4590 2673 4673; x_wconf 66' lang='lat' dir='ltr'><strong>celestibus</strong></span> <span class='ocrx_word' id='word_1_666' title='bbox 2712 4629 2813 4670; x_wconf 85' lang='lat' dir='ltr'><strong>nos</strong></span> <span class='ocrx_word' id='word_1_667' title='bbox 2842 4590 3059 4684; x_wconf 75' lang='lat' dir='ltr'><strong>pascuis</strong></span> <span class='ocrx_word' id='word_1_668' title='bbox 3090 4608 3404 4664; x_wconf 75' lang='lat' dir='ltr'><strong>introduxit.</strong></span> <span class='ocrx_word' id='word_1_669' title='bbox 3437 4607 3530 4663; x_wconf 86' lang='lat' dir='ltr'><strong>Ille</strong></span> <span class='ocrx_word' id='word_1_670' title='bbox 3562 4609 3691 4662; x_wconf 89' lang='lat' dir='ltr'><strong>dum</strong></span> 
     </span>
    </p>
   </div>
   <div class='ocr_carea' id='block_1_92' title="bbox 424 4709 2007 4789">
    <p class='ocr_par' dir='ltr' id='par_1_92' title="bbox 424 4709 2007 4789">
     <span class='ocr_line' id='line_1_92' title="bbox 424 4709 2007 4789; baseline -0.006 -18"><span class='ocrx_word' id='word_1_671' title='bbox 424 4718 492 4771; x_wconf 92' lang='lat' dir='ltr'><strong>ad</strong></span> <span class='ocrx_word' id='word_1_672' title='bbox 519 4716 954 4789; x_wconf 61' lang='lat' dir='ltr'><strong>praesumendum</strong></span> <span class='ocrx_word' id='word_1_673' title='bbox 980 4715 1048 4769; x_wconf 83' lang='lat' dir='ltr'><strong>de</strong></span> <span class='ocrx_word' id='word_1_674' title='bbox 1092 4712 1272 4769; x_wconf 86' lang='lat' dir='ltr'><strong>divina</strong></span> <span class='ocrx_word' id='word_1_675' title='bbox 1305 4709 1681 4781; x_wconf 66' lang='lat' dir='ltr'><strong>misericordia</strong></span> <span class='ocrx_word' id='word_1_676' title='bbox 1717 4709 2007 4764; x_wconf 86' lang='lat' dir='ltr'><strong>titubantia</strong></span> 
     </span>
    </p>
   </div>
   <div class='ocr_carea' id='block_1_93' title="bbox 425 4794 2009 4876">
    <p class='ocr_par' dir='ltr' id='par_1_93' title="bbox 425 4794 2009 4876">
     <span class='ocr_line' id='line_1_93' title="bbox 425 4794 2009 4876; baseline -0.008 -10"><span class='ocrx_word' id='word_1_677' title='bbox 425 4808 591 4866; x_wconf 77' lang='lat' dir='ltr'><strong>corda</strong></span> <span class='ocrx_word' id='word_1_678' title='bbox 610 4809 918 4871; x_wconf 88' lang='lat' dir='ltr'><strong>confirmat,</strong></span> <span class='ocrx_word' id='word_1_679' title='bbox 947 4817 1109 4876; x_wconf 88' lang='lat' dir='ltr'><strong>atque</strong></span> <span class='ocrx_word' id='word_1_680' title='bbox 1134 4814 1192 4859; x_wconf 93' lang='lat' dir='ltr'><strong>ut</strong></span> <span class='ocrx_word' id='word_1_681' title='bbox 1211 4804 1470 4859; x_wconf 86' lang='lat' dir='ltr'><strong>adeamus</strong></span> <span class='ocrx_word' id='word_1_682' title='bbox 1492 4817 1614 4857; x_wconf 90' lang='lat' dir='ltr'><strong>cum</strong></span> <span class='ocrx_word' id='word_1_683' title='bbox 1640 4794 1832 4856; x_wconf 85' lang='lat' dir='ltr'><strong>fiducia</strong></span> <span class='ocrx_word' id='word_1_684' title='bbox 1859 4801 2009 4855; x_wconf 87' lang='lat' dir='ltr'><strong>thro-</strong></span> 
     </span>
    </p>
   </div>
   <div class='ocr_carea' id='block_1_94' title="bbox 429 4892 2011 4970">
    <p class='ocr_par' dir='ltr' id='par_1_94' title="bbox 429 4892 2011 4970">
     <span class='ocr_line' id='line_1_94' title="bbox 429 4892 2011 4970; baseline -0.004 -16"><span class='ocrx_word' id='word_1_685' title='bbox 429 4916 556 4955; x_wconf 90' lang='lat' dir='ltr'><strong>num</strong></span> <span class='ocrx_word' id='word_1_686' title='bbox 606 4900 817 4970; x_wconf 67' lang='lat' dir='ltr'><strong>gratiae,</strong></span> <span class='ocrx_word' id='word_1_687' title='bbox 872 4899 1013 4953; x_wconf 87' lang='lat' dir='ltr'><strong>sicut</strong></span> <span class='ocrx_word' id='word_1_688' title='bbox 1068 4905 1125 4952; x_wconf 91' lang='lat' dir='ltr'><strong>et</strong></span> <span class='ocrx_word' id='word_1_689' title='bbox 1176 4896 1467 4967; x_wconf 84' lang='lat' dir='ltr'><strong>Apostolus</strong></span> <span class='ocrx_word' id='word_1_690' title='bbox 1517 4896 1787 4956; x_wconf 88' lang='lat' dir='ltr'><strong>hortatur,</strong></span> <span class='ocrx_word' id='word_1_691' title='bbox 1817 4892 2011 4948; x_wconf 89' lang='lat' dir='ltr'><strong>invitat</strong></span> 
     </span>
    </p>
   </div>
   <div class='ocr_carea' id='block_1_95' title="bbox 429 4980 2007 5061">
    <p class='ocr_par' dir='ltr' id='par_1_95' title="bbox 429 4980 2007 5061">
     <span class='ocr_line' id='line_1_95' title="bbox 429 4980 2007 5061; baseline -0.004 -17"><span class='ocrx_word' id='word_1_692' title='bbox 429 4990 612 5057; x_wconf 71' lang='lat' dir='ltr'><strong>(Hebr.</strong></span> <span class='ocrx_word' id='word_1_693' title='bbox 649 4990 746 5061; x_wconf 87' lang='lat' dir='ltr'><strong>tv).</strong></span> <span class='ocrx_word' id='word_1_694' title='bbox 782 4990 914 5057; x_wconf 85' lang='lat' dir='ltr'><strong>Quis</strong></span> <span class='ocrx_word' id='word_1_695' title='bbox 941 4988 1085 5043; x_wconf 90' lang='lat' dir='ltr'><strong>enim</strong></span> <span class='ocrx_word' id='word_1_696' title='bbox 1110 4988 1335 5041; x_wconf 88' lang='lat' dir='ltr'><strong>audiens</strong></span> <span class='ocrx_word' id='word_1_697' title='bbox 1362 4985 1704 5057; x_wconf 88' lang='lat' dir='ltr'><strong>publicanum</strong></span> <span class='ocrx_word' id='word_1_698' title='bbox 1727 4998 1757 5037; x_wconf 91' lang='lat' dir='ltr'><strong>a</strong></span> <span class='ocrx_word' id='word_1_699' title='bbox 1780 4980 2007 5038; x_wconf 85' lang='lat' dir='ltr'><strong>Domino</strong></span> 
     </span>
    </p>
   </div>
   <div class='ocr_carea' id='block_1_96' title="bbox 429 5075 2010 5148">
    <p class='ocr_par' dir='ltr' id='par_1_96' title="bbox 429 5075 2010 5148">
     <span class='ocr_line' id='line_1_96' title="bbox 429 5075 2010 5148; baseline -0.005 -10"><span class='ocrx_word' id='word_1_700' title='bbox 429 5099 536 5138; x_wconf 87' lang='lat' dir='ltr'><strong>non</strong></span> <span class='ocrx_word' id='word_1_701' title='bbox 574 5082 735 5138; x_wconf 85' lang='lat' dir='ltr'><strong>modo</strong></span> <span class='ocrx_word' id='word_1_702' title='bbox 766 5083 819 5135; x_wconf 92' lang='lat' dir='ltr'><strong>in</strong></span> <span class='ocrx_word' id='word_1_703' title='bbox 869 5080 1175 5147; x_wconf 84' lang='lat' dir='ltr'><strong>clientelam</strong></span> <span class='ocrx_word' id='word_1_704' title='bbox 1213 5078 1566 5148; x_wconf 88' lang='lat' dir='ltr'><strong>discipulatus</strong></span> <span class='ocrx_word' id='word_1_705' title='bbox 1610 5076 1866 5141; x_wconf 88' lang='lat' dir='ltr'><strong>electum,</strong></span> <span class='ocrx_word' id='word_1_706' title='bbox 1913 5075 2010 5131; x_wconf 86' lang='lat' dir='ltr'><strong>scd</strong></span> 
     </span>
    </p>
   </div>
   <div class='ocr_carea' id='block_1_97' title="bbox 427 5167 2009 5243">
    <p class='ocr_par' dir='ltr' id='par_1_97' title="bbox 427 5167 2009 5243">
     <span class='ocr_line' id='line_1_97' title="bbox 427 5167 2009 5243; baseline -0.003 -15"><span class='ocrx_word' id='word_1_707' title='bbox 427 5185 483 5228; x_wconf 83' lang='lat' dir='ltr'><strong>et</strong></span> <span class='ocrx_word' id='word_1_708' title='bbox 506 5184 729 5230; x_wconf 84' lang='lat' dir='ltr'><strong>senatus</strong></span> <span class='ocrx_word' id='word_1_709' title='bbox 750 5174 970 5243; x_wconf 88' lang='lat' dir='ltr'><strong>insuper</strong></span> <span class='ocrx_word' id='word_1_710' title='bbox 992 5172 1270 5242; x_wconf 87' lang='lat' dir='ltr'><strong>apostolici</strong></span> <span class='ocrx_word' id='word_1_711' title='bbox 1313 5170 1689 5226; x_wconf 87' lang='lat' dir='ltr'><strong>conscendisse</strong></span> <span class='ocrx_word' id='word_1_712' title='bbox 1714 5167 2009 5239; x_wconf 88' lang='lat' dir='ltr'><strong>fastigium,</strong></span> 
     </span>
    </p>
   </div>
   <div class='ocr_carea' id='block_1_98' title="bbox 430 5261 2009 5334">
    <p class='ocr_par' dir='ltr' id='par_1_98' title="bbox 430 5261 2009 5334">
     <span class='ocr_line' id='line_1_98' title="bbox 430 5261 2009 5334; baseline -0.005 -15"><span class='ocrx_word' id='word_1_713' title='bbox 430 5280 539 5321; x_wconf 89' lang='lat' dir='ltr'><strong>non</strong></span> <span class='ocrx_word' id='word_1_714' title='bbox 589 5264 837 5334; x_wconf 89' lang='lat' dir='ltr'><strong>protinus</strong></span> <span class='ocrx_word' id='word_1_715' title='bbox 866 5263 1136 5319; x_wconf 89' lang='lat' dir='ltr'><strong>animetur</strong></span> <span class='ocrx_word' id='word_1_716' title='bbox 1186 5262 1253 5316; x_wconf 89' lang='lat' dir='ltr'><strong>ad</strong></span> <span class='ocrx_word' id='word_1_717' title='bbox 1303 5261 1739 5328; x_wconf 90' lang='lat' dir='ltr'><strong>consequendam</strong></span> <span class='ocrx_word' id='word_1_718' title='bbox 1788 5274 2009 5313; x_wconf 87' lang='lat' dir='ltr'><strong>suorum</strong></span> 
     </span>
    </p>
   </div>
   <div class='ocr_carea' id='block_1_99' title="bbox 428 5351 2013 5423">
    <p class='ocr_par' dir='ltr' id='par_1_99' title="bbox 428 5351 2013 5423">
     <span class='ocr_line' id='line_1_99' title="bbox 428 5351 2013 5423; baseline -0.003 -14"><span class='ocrx_word' id='word_1_719' title='bbox 428 5355 649 5421; x_wconf 80' lang='lat' dir='ltr'><strong>veniam</strong></span> <span class='ocrx_word' id='word_1_720' title='bbox 673 5356 1055 5423; x_wconf 74' lang='lat' dir='ltr'><strong>peccatorum?</strong></span> <span class='ocrx_word' id='word_1_721' title='bbox 1089 5354 1163 5409; x_wconf 88' lang='lat' dir='ltr'><strong>De</strong></span> <span class='ocrx_word' id='word_1_722' title='bbox 1194 5351 1391 5408; x_wconf 88' lang='lat' dir='ltr'><strong>teionio</strong></span> <span class='ocrx_word' id='word_1_723' title='bbox 1433 5352 1630 5421; x_wconf 89' lang='lat' dir='ltr'><strong>quippe</strong></span> <span class='ocrx_word' id='word_1_724' title='bbox 1675 5351 2013 5406; x_wconf 73' lang='lat' dir='ltr'><strong>cumulandze</strong></span> 
     </span>
    </p>
   </div>
   <div class='ocr_carea' id='block_1_100' title="bbox 427 5441 2013 5517">
    <p class='ocr_par' dir='ltr' id='par_1_100' title="bbox 427 5441 2013 5517">
     <span class='ocr_line' id='line_1_100' title="bbox 427 5441 2013 5517; baseline -0.003 -16"><span class='ocrx_word' id='word_1_725' title='bbox 427 5447 674 5517; x_wconf 68' lang='lat' dir='ltr'><strong>pecuniae</strong></span> <span class='ocrx_word' id='word_1_726' title='bbox 710 5448 762 5501; x_wconf 84' lang='lat' dir='ltr'><strong>in</strong></span> <span class='ocrx_word' id='word_1_727' title='bbox 786 5448 1122 5501; x_wconf 89' lang='lat' dir='ltr'><strong>cathedram</strong></span> <span class='ocrx_word' id='word_1_728' title='bbox 1172 5443 1495 5499; x_wconf 90' lang='lat' dir='ltr'><strong>transfertur</strong></span> <span class='ocrx_word' id='word_1_729' title='bbox 1523 5442 1797 5507; x_wconf 66' lang='lat' dir='ltr'><strong>Ecclesiae,</strong></span> <span class='ocrx_word' id='word_1_730' title='bbox 1836 5453 1887 5498; x_wconf 91' lang='lat' dir='ltr'><strong>et</strong></span> <span class='ocrx_word' id='word_1_731' title='bbox 1919 5441 2013 5513; x_wconf 86' lang='lat' dir='ltr'><strong>qui</strong></span> 
     </span>
    </p>
   </div>
   <div class='ocr_carea' id='block_1_101' title="bbox 430 5534 2013 5611">
    <p class='ocr_par' dir='ltr' id='par_1_101' title="bbox 430 5534 2013 5611">
     <span class='ocr_line' id='line_1_101' title="bbox 430 5534 2013 5611; baseline -0.003 -20"><span class='ocrx_word' id='word_1_732' title='bbox 430 5540 584 5611; x_wconf 85' lang='lat' dir='ltr'><strong>prius</strong></span> <span class='ocrx_word' id='word_1_733' title='bbox 610 5538 859 5609; x_wconf 78' lang='lat' dir='ltr'><strong>exigendi</strong></span> <span class='ocrx_word' id='word_1_734' title='bbox 898 5538 1177 5608; x_wconf 85' lang='lat' dir='ltr'><strong>vectigalis</strong></span> <span class='ocrx_word' id='word_1_735' title='bbox 1215 5535 1539 5607; x_wconf 89' lang='lat' dir='ltr'><strong>fungebatur</strong></span> <span class='ocrx_word' id='word_1_736' title='bbox 1565 5534 1740 5589; x_wconf 81' lang='lat' dir='ltr'><strong>oiiicio</strong></span> <span class='ocrx_word' id='word_1_737' title='bbox 1764 5576 1779 5599; x_wconf 94' lang='lat'><strong>,</strong></span> <span class='ocrx_word' id='word_1_738' title='bbox 1810 5535 2013 5590; x_wconf 87' lang='lat' dir='ltr'><strong>consti-</strong></span> 
     </span>
    </p>
   </div>
   <div class='ocr_carea' id='block_1_102' title="bbox 433 5622 2015 5700">
    <p class='ocr_par' dir='ltr' id='par_1_102' title="bbox 433 5622 2015 5700">
     <span class='ocr_line' id='line_1_102' title="bbox 433 5622 2015 5700; baseline 0.001 -18"><span class='ocrx_word' id='word_1_739' title='bbox 433 5637 583 5684; x_wconf 80' lang='lat' dir='ltr'><strong>tutus</strong></span> <span class='ocrx_word' id='word_1_740' title='bbox 619 5639 703 5684; x_wconf 86' lang='lat' dir='ltr'><strong>est</strong></span> <span class='ocrx_word' id='word_1_741' title='bbox 730 5629 851 5684; x_wconf 83' lang='lat' dir='ltr'><strong>ﬁdei</strong></span> <span class='ocrx_word' id='word_1_742' title='bbox 880 5669 895 5695; x_wconf 92' lang='lat'><strong>,</strong></span> <span class='ocrx_word' id='word_1_743' title='bbox 925 5622 1351 5700; x_wconf 84' lang='lat' dir='ltr'><strong>divitiarumque</strong></span> <span class='ocrx_word' id='word_1_744' title='bbox 1370 5627 1669 5683; x_wconf 68' lang='lat' dir='ltr'><strong>caiestium</strong></span> <span class='ocrx_word' id='word_1_745' title='bbox 1701 5627 2015 5683; x_wconf 85' lang='lat' dir='ltr'><strong>ministrare</strong></span> 
     </span>
    </p>
   </div>
   <div class='ocr_carea' id='block_1_103' title="bbox 434 5716 2013 5791">
    <p class='ocr_par' dir='ltr' id='par_1_103' title="bbox 434 5716 2013 5791">
     <span class='ocr_line' id='line_1_103' title="bbox 434 5716 2013 5791; baseline -0.001 -20"><span class='ocrx_word' id='word_1_746' title='bbox 434 5721 719 5774; x_wconf 70' lang='lat' dir='ltr'><strong>thesaurus</strong></span> <span class='ocrx_word' id='word_1_747' title='bbox 738 5718 971 5790; x_wconf 84' lang='lat' dir='ltr'><strong>(Luc.v;</strong></span> <span class='ocrx_word' id='word_1_748' title='bbox 998 5718 1166 5773; x_wconf 70' lang='lat' dir='ltr'><strong>Marc.</strong></span> <span class='ocrx_word' id='word_1_749' title='bbox 1195 5718 1255 5791; x_wconf 87' lang='grc' dir='ltr'><strong>ιι)</strong></span> <span class='ocrx_word' id='word_1_750' title='bbox 1283 5738 1295 5772; x_wconf 92' lang='lat'><strong>:</strong></span> <span class='ocrx_word' id='word_1_751' title='bbox 1319 5718 1516 5789; x_wconf 90' lang='lat' dir='ltr'><strong>quippe</strong></span> <span class='ocrx_word' id='word_1_752' title='bbox 1540 5725 1667 5773; x_wconf 90' lang='lat' dir='ltr'><strong>tunc</strong></span> <span class='ocrx_word' id='word_1_753' title='bbox 1688 5717 1858 5786; x_wconf 92' lang='lat' dir='ltr'><strong>turpis</strong></span> <span class='ocrx_word' id='word_1_754' title='bbox 1880 5716 2013 5770; x_wconf 91' lang='lat' dir='ltr'><strong>lucri</strong></span> 
     </span>
    </p>
   </div>
   <div class='ocr_carea' id='block_1_104' title="bbox 434 5809 2014 5879">
    <p class='ocr_par' dir='ltr' id='par_1_104' title="bbox 434 5809 2014 5879">
     <span class='ocr_line' id='line_1_104' title="bbox 434 5809 2014 5879; baseline 0.001 -20"><span class='ocrx_word' id='word_1_755' title='bbox 434 5818 641 5878; x_wconf 77' lang='lat' dir='ltr'><strong>qttzcstu</strong></span> <span class='ocrx_word' id='word_1_756' title='bbox 668 5852 683 5877; x_wconf 91' lang='lat'><strong>,</strong></span> <span class='ocrx_word' id='word_1_757' title='bbox 738 5810 1018 5879; x_wconf 89' lang='lat' dir='ltr'><strong>satagebat</strong></span> <span class='ocrx_word' id='word_1_758' title='bbox 1060 5810 1285 5879; x_wconf 90' lang='lat' dir='ltr'><strong>implere</strong></span> <span class='ocrx_word' id='word_1_759' title='bbox 1322 5809 1654 5879; x_wconf 87' lang='lat' dir='ltr'><strong>marsupium</strong></span> <span class='ocrx_word' id='word_1_760' title='bbox 1682 5848 1698 5874; x_wconf 91' lang='lat'><strong>,</strong></span> <span class='ocrx_word' id='word_1_761' title='bbox 1736 5823 1881 5863; x_wconf 89' lang='lat' dir='ltr'><strong>nunc</strong></span> <span class='ocrx_word' id='word_1_762' title='bbox 1916 5821 2014 5877; x_wconf 87' lang='lat' dir='ltr'><strong>per</strong></span> 
     </span>
    </p>
   </div>
   <div class='ocr_carea' id='block_1_105' title="bbox 750 5903 1343 5966">
    <p class='ocr_par' dir='ltr' id='par_1_105' title="bbox 750 5903 1343 5966">
     <span class='ocr_line' id='line_1_105' title="bbox 750 5903 1343 5966; baseline -0.008 0"><span class='ocrx_word' id='word_1_763' title='bbox 750 5906 1029 5966; x_wconf 72' lang='grc' dir='ltr'><strong>ΡΑΤιιοι..</strong></span> <span class='ocrx_word' id='word_1_764' title='bbox 1070 5903 1343 5965; x_wconf 78' lang='lat' dir='ltr'><strong>CXLIV.</strong></span> 
     </span>
    </p>
   </div>
   <div class='ocr_carea' id='block_1_106' title="bbox 2117 4699 3698 4773">
    <p class='ocr_par' dir='ltr' id='par_1_106' title="bbox 2117 4699 3698 4773">
     <span class='ocr_line' id='line_1_106' title="bbox 2117 4699 3698 4773; baseline -0.007 -8"><span class='ocrx_word' id='word_1_765' title='bbox 2117 4720 2306 4765; x_wconf 81' lang='lat' dir='ltr'><strong>narrat</strong></span> <span class='ocrx_word' id='word_1_766' title='bbox 2336 4710 2500 4763; x_wconf 87' lang='lat' dir='ltr'><strong>Deum</strong></span> <span class='ocrx_word' id='word_1_767' title='bbox 2526 4708 2748 4769; x_wconf 77' lang='lat' dir='ltr'><strong>dixisse,</strong></span> <span class='ocrx_word' id='word_1_768' title='bbox 2769 4705 2892 4760; x_wconf 80' lang='lat' dir='ltr'><strong>Fiat</strong></span> <span class='ocrx_word' id='word_1_769' title='bbox 2915 4706 3004 4759; x_wconf 81' lang='lat' dir='ltr'><strong>lux</strong></span> <span class='ocrx_word' id='word_1_770' title='bbox 3028 4701 3184 4773; x_wconf 76' lang='lat' dir='ltr'><strong>(Gen.</strong></span> <span class='ocrx_word' id='word_1_771' title='bbox 3208 4706 3271 4770; x_wconf 80' lang='grc' dir='ltr'><strong>ι),</strong></span> <span class='ocrx_word' id='word_1_772' title='bbox 3298 4699 3534 4757; x_wconf 88' lang='lat' dir='ltr'><strong>ostendit</strong></span> <span class='ocrx_word' id='word_1_773' title='bbox 3563 4714 3698 4755; x_wconf 88' lang='lat' dir='ltr'><strong>eon-</strong></span> 
     </span>
    </p>
   </div>
   <div class='ocr_carea' id='block_1_107' title="bbox 2115 4790 3698 4863">
    <p class='ocr_par' dir='ltr' id='par_1_107' title="bbox 2115 4790 3698 4863">
     <span class='ocr_line' id='line_1_107' title="bbox 2115 4790 3698 4863; baseline -0.006 -8"><span class='ocrx_word' id='word_1_774' title='bbox 2115 4800 2285 4855; x_wconf 83' lang='lat' dir='ltr'><strong>ditam</strong></span> <span class='ocrx_word' id='word_1_775' title='bbox 2315 4800 2522 4863; x_wconf 73' lang='lat' dir='ltr'><strong>lucem;</strong></span> <span class='ocrx_word' id='word_1_776' title='bbox 2553 4798 2655 4853; x_wconf 88' lang='lat' dir='ltr'><strong>iste</strong></span> <span class='ocrx_word' id='word_1_777' title='bbox 2674 4796 2948 4852; x_wconf 84' lang='lat' dir='ltr'><strong>Christum</strong></span> <span class='ocrx_word' id='word_1_778' title='bbox 2968 4792 3036 4849; x_wconf 90' lang='lat' dir='ltr'><strong>de</strong></span> <span class='ocrx_word' id='word_1_779' title='bbox 3056 4790 3278 4863; x_wconf 77' lang='lat' dir='ltr'><strong>Virgine</strong></span> <span class='ocrx_word' id='word_1_780' title='bbox 3307 4800 3493 4845; x_wconf 87' lang='lat' dir='ltr'><strong>natum</strong></span> <span class='ocrx_word' id='word_1_781' title='bbox 3516 4790 3698 4862; x_wconf 85' lang='lat' dir='ltr'><strong>perbl-</strong></span> 
     </span>
    </p>
   </div>
   <div class='ocr_carea' id='block_1_108' title="bbox 2114 4874 3696 4959">
    <p class='ocr_par' dir='ltr' id='par_1_108' title="bbox 2114 4874 3696 4959">
     <span class='ocr_line' id='line_1_108' title="bbox 2114 4874 3696 4959; baseline -0.008 -11"><span class='ocrx_word' id='word_1_782' title='bbox 2114 4893 2252 4949; x_wconf 88' lang='lat' dir='ltr'><strong>bens</strong></span> <span class='ocrx_word' id='word_1_783' title='bbox 2276 4931 2292 4959; x_wconf 92' lang='lat'><strong>,</strong></span> <span class='ocrx_word' id='word_1_784' title='bbox 2323 4899 2571 4947; x_wconf 81' lang='lat' dir='ltr'><strong>exortum</strong></span> <span class='ocrx_word' id='word_1_785' title='bbox 2616 4888 2754 4945; x_wconf 83' lang='lat' dir='ltr'><strong>lucis</strong></span> <span class='ocrx_word' id='word_1_786' title='bbox 2800 4886 3037 4941; x_wconf 87' lang='lat' dir='ltr'><strong>insinuat</strong></span> <span class='ocrx_word' id='word_1_787' title='bbox 3086 4882 3454 4938; x_wconf 85' lang='lat' dir='ltr'><strong>Conditorem.</strong></span> <span class='ocrx_word' id='word_1_788' title='bbox 3485 4874 3696 4951; x_wconf 81' lang='lat' dir='ltr'><strong>Moyses</strong></span> 
     </span>
    </p>
   </div>
   <div class='ocr_carea' id='block_1_109' title="bbox 2115 4980 3694 5055">
    <p class='ocr_par' dir='ltr' id='par_1_109' title="bbox 2115 4980 3694 5055">
     <span class='ocr_line' id='line_1_109' title="bbox 2115 4980 3694 5055; baseline -0.009 -16"><span class='ocrx_word' id='word_1_789' title='bbox 2115 4985 2300 5055; x_wconf 84' lang='lat' dir='ltr'><strong>itaque</strong></span> <span class='ocrx_word' id='word_1_790' title='bbox 2346 4990 2585 5038; x_wconf 82' lang='lat' dir='ltr'><strong>veterem</strong></span> <span class='ocrx_word' id='word_1_791' title='bbox 2617 4980 2789 5036; x_wconf 78' lang='lat' dir='ltr'><strong>Adam</strong></span> <span class='ocrx_word' id='word_1_792' title='bbox 2819 5018 2836 5043; x_wconf 91' lang='lat'><strong>,</strong></span> <span class='ocrx_word' id='word_1_793' title='bbox 2883 4985 3046 5047; x_wconf 88' lang='lat' dir='ltr'><strong>atque</strong></span> <span class='ocrx_word' id='word_1_794' title='bbox 3102 4982 3376 5028; x_wconf 90' lang='lat' dir='ltr'><strong>terrenum</strong></span> <span class='ocrx_word' id='word_1_795' title='bbox 3405 5012 3421 5037; x_wconf 91' lang='lat'><strong>,</strong></span> <span class='ocrx_word' id='word_1_796' title='bbox 3457 4980 3694 5025; x_wconf 84' lang='lat' dir='ltr'><strong>veterem</strong></span> 
     </span>
    </p>
   </div>
   <div class='ocr_carea' id='block_1_110' title="bbox 2115 5060 3696 5141">
    <p class='ocr_par' dir='ltr' id='par_1_110' title="bbox 2115 5060 3696 5141">
     <span class='ocr_line' id='line_1_110' title="bbox 2115 5060 3696 5141; baseline -0.009 -9"><span class='ocrx_word' id='word_1_797' title='bbox 2115 5074 2371 5132; x_wconf 79' lang='lat' dir='ltr'><strong>numdum</strong></span> <span class='ocrx_word' id='word_1_798' title='bbox 2405 5114 2421 5140; x_wconf 91' lang='lat'><strong>,</strong></span> <span class='ocrx_word' id='word_1_799' title='bbox 2464 5083 2619 5129; x_wconf 86' lang='lat' dir='ltr'><strong>vetus</strong></span> <span class='ocrx_word' id='word_1_800' title='bbox 2666 5071 2862 5141; x_wconf 83' lang='lat' dir='ltr'><strong>digerit</strong></span> <span class='ocrx_word' id='word_1_801' title='bbox 2914 5068 3323 5123; x_wconf 89' lang='lat' dir='ltr'><strong>Testamentum</strong></span> <span class='ocrx_word' id='word_1_802' title='bbox 3361 5079 3377 5119; x_wconf 85' lang='lat'><strong>:</strong></span> <span class='ocrx_word' id='word_1_803' title='bbox 3414 5060 3696 5117; x_wconf 62' lang='lat' dir='ltr'><strong>Mattheus</strong></span> 
     </span>
    </p>
   </div>
   <div class='ocr_carea' id='block_1_111' title="bbox 2112 5153 3695 5235">
    <p class='ocr_par' dir='ltr' id='par_1_111' title="bbox 2112 5153 3695 5235">
     <span class='ocr_line' id='line_1_111' title="bbox 2112 5153 3695 5235; baseline -0.009 -15"><span class='ocrx_word' id='word_1_804' title='bbox 2112 5176 2290 5222; x_wconf 88' lang='lat' dir='ltr'><strong>autem</strong></span> <span class='ocrx_word' id='word_1_805' title='bbox 2318 5182 2418 5235; x_wconf 89' lang='lat' dir='ltr'><strong>pro</strong></span> <span class='ocrx_word' id='word_1_806' title='bbox 2462 5163 2736 5219; x_wconf 83' lang='lat' dir='ltr'><strong>veteribus</strong></span> <span class='ocrx_word' id='word_1_807' title='bbox 2760 5175 2895 5216; x_wconf 80' lang='lat' dir='ltr'><strong>nova</strong></span> <span class='ocrx_word' id='word_1_808' title='bbox 2916 5198 2933 5224; x_wconf 88' lang='lat'><strong>,</strong></span> <span class='ocrx_word' id='word_1_809' title='bbox 2958 5173 3058 5228; x_wconf 92' lang='lat' dir='ltr'><strong>pro</strong></span> <span class='ocrx_word' id='word_1_810' title='bbox 3087 5155 3320 5211; x_wconf 87' lang='lat' dir='ltr'><strong>terrenis</strong></span> <span class='ocrx_word' id='word_1_811' title='bbox 3356 5153 3471 5208; x_wconf 89' lang='lat' dir='ltr'><strong>sive</strong></span> <span class='ocrx_word' id='word_1_812' title='bbox 3499 5166 3695 5207; x_wconf 80' lang='lat' dir='ltr'><strong>carna-</strong></span> 
     </span>
    </p>
   </div>
   <div class='ocr_carea' id='block_1_112' title="bbox 2112 5244 3687 5327">
    <p class='ocr_par' dir='ltr' id='par_1_112' title="bbox 2112 5244 3687 5327">
     <span class='ocr_line' id='line_1_112' title="bbox 2112 5244 3687 5327; baseline -0.012 -14"><span class='ocrx_word' id='word_1_813' title='bbox 2112 5259 2253 5314; x_wconf 83' lang='lat' dir='ltr'><strong>libus</strong></span> <span class='ocrx_word' id='word_1_814' title='bbox 2272 5255 2598 5327; x_wconf 80' lang='lat' dir='ltr'><strong>spirituaiia,</strong></span> <span class='ocrx_word' id='word_1_815' title='bbox 2614 5269 2712 5325; x_wconf 91' lang='lat' dir='ltr'><strong>pro</strong></span> <span class='ocrx_word' id='word_1_816' title='bbox 2736 5248 3119 5320; x_wconf 87' lang='lat' dir='ltr'><strong>temporalibus</strong></span> <span class='ocrx_word' id='word_1_817' title='bbox 3139 5244 3435 5301; x_wconf 90' lang='lat' dir='ltr'><strong>introducit</strong></span> <span class='ocrx_word' id='word_1_818' title='bbox 3465 5252 3687 5298; x_wconf 51' lang='lat' dir='ltr'><strong>aeterna.</strong></span> 
     </span>
    </p>
   </div>
   <div class='ocr_carea' id='block_1_113' title="bbox 2114 5330 3781 5417">
    <p class='ocr_par' dir='ltr' id='par_1_113' title="bbox 2114 5330 3781 5417">
     <span class='ocr_line' id='line_1_113' title="bbox 2114 5330 3781 5417; baseline -0.01 -12"><span class='ocrx_word' id='word_1_819' title='bbox 2114 5351 2221 5406; x_wconf 85' lang='lat' dir='ltr'><strong>Pro</strong></span> <span class='ocrx_word' id='word_1_820' title='bbox 2244 5349 2419 5404; x_wconf 79' lang='lat' dir='ltr'><strong>Adam</strong></span> <span class='ocrx_word' id='word_1_821' title='bbox 2439 5347 2706 5417; x_wconf 73' lang='lat' dir='ltr'><strong>siquidem</strong></span> <span class='ocrx_word' id='word_1_822' title='bbox 2726 5344 3029 5407; x_wconf 80' lang='lat' dir='ltr'><strong>Christum,</strong></span> <span class='ocrx_word' id='word_1_823' title='bbox 3058 5355 3154 5411; x_wconf 90' lang='lat' dir='ltr'><strong>pro</strong></span> <span class='ocrx_word' id='word_1_824' title='bbox 3183 5338 3301 5409; x_wconf 85' lang='lat' dir='ltr'><strong>lege</strong></span> <span class='ocrx_word' id='word_1_825' title='bbox 3329 5336 3499 5391; x_wconf 89' lang='lat' dir='ltr'><strong>veteri</strong></span> <span class='ocrx_word' id='word_1_826' title='bbox 3524 5334 3697 5391; x_wconf 82' lang='lat' dir='ltr'><strong>Evan-</strong></span> <span class='ocrx_word' id='word_1_827' title='bbox 3770 5330 3781 5343; x_wconf 83' lang='lat'>&#39;</span> 
     </span>
    </p>
   </div>
   <div class='ocr_carea' id='block_1_114' title="bbox 2116 5430 3695 5514">
    <p class='ocr_par' dir='ltr' id='par_1_114' title="bbox 2116 5430 3695 5514">
     <span class='ocr_line' id='line_1_114' title="bbox 2116 5430 3695 5514; baseline -0.011 -15"><span class='ocrx_word' id='word_1_828' title='bbox 2116 5444 2347 5514; x_wconf 79' lang='lat' dir='ltr'><strong>gelium,</strong></span> <span class='ocrx_word' id='word_1_829' title='bbox 2378 5456 2478 5513; x_wconf 86' lang='lat' dir='ltr'><strong>pro</strong></span> <span class='ocrx_word' id='word_1_830' title='bbox 2514 5440 2715 5495; x_wconf 89' lang='lat' dir='ltr'><strong>mundo</strong></span> <span class='ocrx_word' id='word_1_831' title='bbox 2760 5436 2845 5492; x_wconf 89' lang='lat' dir='ltr'><strong>vel</strong></span> <span class='ocrx_word' id='word_1_832' title='bbox 2890 5446 3034 5491; x_wconf 88' lang='lat' dir='ltr'><strong>terra</strong></span> <span class='ocrx_word' id='word_1_833' title='bbox 3079 5431 3262 5490; x_wconf 83' lang='lat' dir='ltr'><strong>herbis</strong></span> <span class='ocrx_word' id='word_1_834' title='bbox 3302 5430 3695 5498; x_wconf 87' lang='lat' dir='ltr'><strong>arboribusque</strong></span> 
     </span>
    </p>
   </div>
   <div class='ocr_carea' id='block_1_115' title="bbox 2114 5517 3693 5587">
    <p class='ocr_par' dir='ltr' id='par_1_115' title="bbox 2114 5517 3693 5587">
     <span class='ocr_line' id='line_1_115' title="bbox 2114 5517 3693 5587; baseline -0.011 0"><span class='ocrx_word' id='word_1_835' title='bbox 2114 5534 2340 5587; x_wconf 75' lang='lat' dir='ltr'><strong>ﬂorente</strong></span> <span class='ocrx_word' id='word_1_836' title='bbox 2368 5534 2615 5585; x_wconf 82' lang='lat' dir='ltr'><strong>sanctam</strong></span> <span class='ocrx_word' id='word_1_837' title='bbox 2644 5527 2907 5583; x_wconf 87' lang='lat' dir='ltr'><strong>describit</strong></span> <span class='ocrx_word' id='word_1_838' title='bbox 2932 5524 3256 5586; x_wconf 82' lang='lat' dir='ltr'><strong>Ecclesiam,</strong></span> <span class='ocrx_word' id='word_1_839' title='bbox 3287 5520 3501 5575; x_wconf 88' lang='lat' dir='ltr'><strong>diversa</strong></span> <span class='ocrx_word' id='word_1_840' title='bbox 3534 5517 3693 5587; x_wconf 85' lang='lat' dir='ltr'><strong>spiri-</strong></span> 
     </span>
    </p>
   </div>
   <div class='ocr_carea' id='block_1_116' title="bbox 2116 5610 3697 5688">
    <p class='ocr_par' dir='ltr' id='par_1_116' title="bbox 2116 5610 3697 5688">
     <span class='ocr_line' id='line_1_116' title="bbox 2116 5610 3697 5688; baseline -0.013 -8"><span class='ocrx_word' id='word_1_841' title='bbox 2116 5625 2341 5680; x_wconf 91' lang='lat' dir='ltr'><strong>tualium</strong></span> <span class='ocrx_word' id='word_1_842' title='bbox 2372 5622 2645 5678; x_wconf 83' lang='lat' dir='ltr'><strong>fructuum</strong></span> <span class='ocrx_word' id='word_1_843' title='bbox 2683 5618 2937 5675; x_wconf 86' lang='lat' dir='ltr'><strong>victualia</strong></span> <span class='ocrx_word' id='word_1_844' title='bbox 2974 5615 3388 5688; x_wconf 86' lang='lat' dir='ltr'><strong>germinantem.</strong></span> <span class='ocrx_word' id='word_1_845' title='bbox 3424 5629 3443 5662; x_wconf 86' lang='grc' dir='ltr'><strong>ι</strong></span> <span class='ocrx_word' id='word_1_846' title='bbox 3479 5610 3697 5664; x_wconf 83' lang='lat' dir='ltr'><strong>Primus</strong></span> 
     </span>
    </p>
   </div>
   <div class='ocr_carea' id='block_1_117' title="bbox 2116 5706 3696 5781">
    <p class='ocr_par' dir='ltr' id='par_1_117' title="bbox 2116 5706 3696 5781">
     <span class='ocr_line' id='line_1_117' title="bbox 2116 5706 3696 5781; baseline -0.013 -10"><span class='ocrx_word' id='word_1_847' title='bbox 2116 5717 2261 5771; x_wconf 89' lang='lat' dir='ltr'><strong>enim</strong></span> <span class='ocrx_word' id='word_1_848' title='bbox 2293 5716 2476 5780; x_wconf 85' lang='lat' dir='ltr'><strong>homo,</strong></span> <span class='ocrx_word' id='word_1_849' title='bbox 2518 5712 2660 5768; x_wconf 91' lang='lat' dir='ltr'><strong>sicut</strong></span> <span class='ocrx_word' id='word_1_850' title='bbox 2685 5710 2976 5781; x_wconf 80' lang='lat' dir='ltr'><strong>Apostolus</strong></span> <span class='ocrx_word' id='word_1_851' title='bbox 3008 5709 3123 5774; x_wconf 86' lang='lat' dir='ltr'><strong>ait,</strong></span> <span class='ocrx_word' id='word_1_852' title='bbox 3154 5706 3395 5761; x_wconf 67' lang='lat' dir='ltr'><strong>daterra</strong></span> <span class='ocrx_word' id='word_1_853' title='bbox 3426 5712 3696 5769; x_wconf 85' lang='lat' dir='ltr'><strong>terrenus,</strong></span> 
     </span>
    </p>
   </div>
   <div class='ocr_carea' id='block_1_118' title="bbox 2116 5784 3696 5947">
    <p class='ocr_par' dir='ltr' id='par_1_118' title="bbox 2116 5784 3696 5947">
     <span class='ocr_line' id='line_1_118' title="bbox 2116 5784 3696 5947; baseline -0.015 -85"><span class='ocrx_word' id='word_1_854' title='bbox 2116 5806 2387 5863; x_wconf 87' lang='lat' dir='ltr'><strong>secundus</strong></span> <span class='ocrx_word' id='word_1_855' title='bbox 2433 5804 2502 5860; x_wconf 87' lang='lat' dir='ltr'><strong>de</strong></span> <span class='ocrx_word' id='word_1_856' title='bbox 2544 5802 2684 5859; x_wconf 78' lang='lat' dir='ltr'><strong>ctelo</strong></span> <span class='ocrx_word' id='word_1_857' title='bbox 2729 5800 2968 5859; x_wconf 66' lang='lat' dir='ltr'><strong>molestis</strong></span> <span class='ocrx_word' id='word_1_858' title='bbox 3022 5798 3073 5856; x_wconf 87' lang='grc'><em>(1</em></span> <span class='ocrx_word' id='word_1_859' title='bbox 3114 5790 3274 5947; x_wconf 56' lang='grc' dir='ltr'><strong>ϐότέ</strong></span> <span class='ocrx_word' id='word_1_860' title='bbox 3291 5792 3416 5862; x_wconf 84' lang='lat' dir='ltr'><strong>xv);</strong></span> <span class='ocrx_word' id='word_1_861' title='bbox 3450 5809 3469 5843; x_wconf 71' lang='grc' dir='ltr'><strong>ι</strong></span> <span class='ocrx_word' id='word_1_862' title='bbox 3520 5784 3696 5857; x_wconf 81' lang='lat' dir='ltr'><strong>qualis</strong></span> 
     </span>
     <span class='ocr_line' id='line_1_119' title="bbox 3277 5889 3313 5946; baseline 0 0"><span class='ocrx_word' id='word_1_863' title='bbox 3277 5889 3313 5946; x_wconf 80' lang='lat'><strong>5</strong></span> 
     </span>
    </p>
   </div>
   <div class='ocr_carea' id='block_1_119' title="bbox 3277 5889 3313 5946">
    <p class='ocr_par' dir='ltr' id='par_1_119' title="bbox 3277 5889 3313 5946">
     <span class='ocr_line' id='line_1_120' title="bbox 3277 5889 3313 5946; baseline 0 0"><span class='ocrx_word' id='word_1_864' title='bbox 3277 5889 3313 5946; x_wconf 80' lang='lat'><strong>5</strong></span> 
     </span>
    </p>
   </div>
  </div>
